{"index": {"_index":"chary","_id":"1152116"}}
	{"id":1152116,"type":"buy","buyer":"charityball","seller":"crypto133","symbol":"CHARY","quantity":"145.000","price":"0.01899000","timestamp":1623990132,"volume":"2.75355000","buyTxId":"d134c3c70e7d3905f37699870a6a88f78ffa585b","sellTxId":"b8a27e41396e46eab489ffc80a97ad50776d432d"}
{"index": {"_index":"chary","_id":"1152734"}}
	{"id":1152734,"type":"buy","buyer":"achimmertens","seller":"crypto133","symbol":"CHARY","quantity":"274.534","price":"0.01899000","timestamp":1624011180,"volume":"5.21340066","buyTxId":"f2dab5cd5e0e1ea5928c67177166257c7e0e23e3","sellTxId":"b8a27e41396e46eab489ffc80a97ad50776d432d"}
{"index": {"_index":"chary","_id":"1152735"}}
	{"id":1152735,"type":"buy","buyer":"achimmertens","seller":"hive09","symbol":"CHARY","quantity":"378.213","price":"0.01899000","timestamp":1624011180,"volume":"7.18226487","buyTxId":"f2dab5cd5e0e1ea5928c67177166257c7e0e23e3","sellTxId":"6320b4875263c3b8829835e138e6a0d792a3aa2e"}
{"index": {"_index":"chary","_id":"1152736"}}
	{"id":1152736,"type":"buy","buyer":"achimmertens","seller":"crypto133","symbol":"CHARY","quantity":"145.983","price":"0.01900000","timestamp":1624011180,"volume":"2.77367700","buyTxId":"f2dab5cd5e0e1ea5928c67177166257c7e0e23e3","sellTxId":"3d8872201f6c8c23df62e810b5dbeded0c84957a"}
{"index": {"_index":"chary","_id":"1152737"}}
	{"id":1152737,"type":"buy","buyer":"achimmertens","seller":"hivehold","symbol":"CHARY","quantity":"194.034","price":"0.01900000","timestamp":1624011180,"volume":"3.68664600","buyTxId":"f2dab5cd5e0e1ea5928c67177166257c7e0e23e3","sellTxId":"55b15bb41aedac17f7cbbe268c360e35d6d29f8e"}
{"index": {"_index":"chary","_id":"1152738"}}
	{"id":1152738,"type":"buy","buyer":"achimmertens","seller":"crypto133","symbol":"CHARY","quantity":"190.222","price":"0.01900000","timestamp":1624011180,"volume":"3.61421800","buyTxId":"f2dab5cd5e0e1ea5928c67177166257c7e0e23e3","sellTxId":"08ee3f56e0670a3d0f6979bfb1be9a97aa8e4533"}
{"index": {"_index":"chary","_id":"1152739"}}
	{"id":1152739,"type":"buy","buyer":"achimmertens","seller":"crypto133","symbol":"CHARY","quantity":"189.854","price":"0.01903000","timestamp":1624011180,"volume":"3.61292162","buyTxId":"f2dab5cd5e0e1ea5928c67177166257c7e0e23e3","sellTxId":"5df82f53757397e4d8ac5cc7b85f73ec770b4185"}
{"index": {"_index":"chary","_id":"1152740"}}
	{"id":1152740,"type":"buy","buyer":"achimmertens","seller":"hive09","symbol":"CHARY","quantity":"197.342","price":"0.01903000","timestamp":1624011180,"volume":"3.75541826","buyTxId":"f2dab5cd5e0e1ea5928c67177166257c7e0e23e3","sellTxId":"77b95eceedf8e8f6f50bd79607e5787ae82b5cf5"}
{"index": {"_index":"chary","_id":"1152741"}}
	{"id":1152741,"type":"buy","buyer":"achimmertens","seller":"bilalhive","symbol":"CHARY","quantity":"175.613","price":"0.01903000","timestamp":1624011180,"volume":"3.34191539","buyTxId":"f2dab5cd5e0e1ea5928c67177166257c7e0e23e3","sellTxId":"af06ce991cca481fb3bc4b7a98048c7afd1cbf79"}
{"index": {"_index":"chary","_id":"1152742"}}
	{"id":1152742,"type":"buy","buyer":"achimmertens","seller":"hive09","symbol":"CHARY","quantity":"189.918","price":"0.01904000","timestamp":1624011180,"volume":"3.61603872","buyTxId":"f2dab5cd5e0e1ea5928c67177166257c7e0e23e3","sellTxId":"4cf09aa00138055dcb3d6a3d1e1e685ca4f2a5f6"}
{"index": {"_index":"chary","_id":"1152743"}}
	{"id":1152743,"type":"buy","buyer":"achimmertens","seller":"hivehold","symbol":"CHARY","quantity":"182.934","price":"0.01908000","timestamp":1624011180,"volume":"3.49038072","buyTxId":"f2dab5cd5e0e1ea5928c67177166257c7e0e23e3","sellTxId":"06b239e795c5161fa76b33d99a8f03b5f96b7116"}
{"index": {"_index":"chary","_id":"1152744"}}
	{"id":1152744,"type":"buy","buyer":"achimmertens","seller":"hivehold","symbol":"CHARY","quantity":"177.497","price":"0.01910000","timestamp":1624011180,"volume":"3.39019270","buyTxId":"f2dab5cd5e0e1ea5928c67177166257c7e0e23e3","sellTxId":"562f33d85539003aecd2c0fe17805069a02acd9c"}
{"index": {"_index":"chary","_id":"1152745"}}
	{"id":1152745,"type":"buy","buyer":"achimmertens","seller":"crypto133","symbol":"CHARY","quantity":"199.623","price":"0.01920000","timestamp":1624011180,"volume":"3.83276160","buyTxId":"f2dab5cd5e0e1ea5928c67177166257c7e0e23e3","sellTxId":"6bd2c726315a379a2e237f416237a3161ec7db5f"}
{"index": {"_index":"chary","_id":"1152746"}}
	{"id":1152746,"type":"buy","buyer":"achimmertens","seller":"crypto133","symbol":"CHARY","quantity":"201.254","price":"0.01960000","timestamp":1624011180,"volume":"3.94457840","buyTxId":"f2dab5cd5e0e1ea5928c67177166257c7e0e23e3","sellTxId":"8a6c7172ed7f4f2fdcdc456e1970898f140ff735"}
{"index": {"_index":"chary","_id":"1152747"}}
	{"id":1152747,"type":"buy","buyer":"achimmertens","seller":"crypto133","symbol":"CHARY","quantity":"187.781","price":"0.01999000","timestamp":1624011180,"volume":"3.75374219","buyTxId":"f2dab5cd5e0e1ea5928c67177166257c7e0e23e3","sellTxId":"0484bec4d12db3873759f67c74836c419b9c4bbb"}
{"index": {"_index":"chary","_id":"1152748"}}
	{"id":1152748,"type":"buy","buyer":"achimmertens","seller":"hive09","symbol":"CHARY","quantity":"115.198","price":"0.01999000","timestamp":1624011180,"volume":"2.30280802","buyTxId":"f2dab5cd5e0e1ea5928c67177166257c7e0e23e3","sellTxId":"fb991a4d4ccb0faad0193c3715b004f2ee47ceb7"}
{"index": {"_index":"chary","_id":"1152781"}}
	{"id":1152781,"type":"sell","buyer":"achimmertens","seller":"hivehold","symbol":"CHARY","quantity":"161.782","price":"0.01500000","timestamp":1624012359,"volume":"2.42673000","buyTxId":"0cfe6905d990ff3b80d0b7316d7008cd2a2a06d8","sellTxId":"bcc5cf12b6589f69a1eaedcf2872ff4f449e6009"}
{"index": {"_index":"chary","_id":"1152855"}}
	{"id":1152855,"type":"sell","buyer":"achimmertens","seller":"crypto133","symbol":"CHARY","quantity":"1238.218","price":"0.01500000","timestamp":1624015554,"volume":"18.57327000","buyTxId":"0cfe6905d990ff3b80d0b7316d7008cd2a2a06d8","sellTxId":"c5b2c08640b279dcc76aa91b75c851d32fedf199"}
