{"index": {"_index":"sim","_id":"3875851"}}=	{"id":3875851,"type":"sell","buyer":"pi-trader","seller":"lifeskills-tv","symbol":"SIM","quantity":"676.000","price":"0.00040500","timestamp":1657424055,"volume":"0.27378000","buyTxId":"70a330bf50c5ec23def4ed191d2128ec01c4f64c-1","sellTxId":"cb957cd06e01663ebf61922c6fb93292e1751a72"}
{"index": {"_index":"sim","_id":"3875899"}}=	{"id":3875899,"type":"sell","buyer":"pi-trader","seller":"taitux","symbol":"SIM","quantity":"1054.000","price":"0.00040500","timestamp":1657424916,"volume":"0.42687000","buyTxId":"cb1473ac0af8b9432f6078c4b7b7cfe7e6a3f9d8-3","sellTxId":"ecf0b4b462b350a77fbe56437bcb544cac43db28"}
{"index": {"_index":"sim","_id":"3876118"}}=	{"id":3876118,"type":"buy","buyer":"libert","seller":"nftmart.fees","symbol":"SIM","quantity":"551.000","price":"0.00041299","timestamp":1657427544,"volume":"0.22755749","buyTxId":"e766e5441f9c1dbe27e59fde2510b0b4b59f796a","sellTxId":"792d832dd3cba6a2b79a17a80333ac56ae603c6f-0"}
{"index": {"_index":"sim","_id":"3876119"}}=	{"id":3876119,"type":"buy","buyer":"libert","seller":"desyfit","symbol":"SIM","quantity":"8.000","price":"0.00041300","timestamp":1657427544,"volume":"0.00330400","buyTxId":"e766e5441f9c1dbe27e59fde2510b0b4b59f796a","sellTxId":"7f8466bf1f23d08aa89b122375e3387c364676c8"}
{"index": {"_index":"sim","_id":"3876120"}}=	{"id":3876120,"type":"buy","buyer":"libert","seller":"dhedge-drips","symbol":"SIM","quantity":"52.999","price":"0.00041409","timestamp":1657427544,"volume":"0.02194636","buyTxId":"e766e5441f9c1dbe27e59fde2510b0b4b59f796a","sellTxId":"8a1e2e32028de0b1637cd05ec1936dba9dbea69f"}
{"index": {"_index":"sim","_id":"3876121"}}=	{"id":3876121,"type":"buy","buyer":"libert","seller":"medaymane","symbol":"SIM","quantity":"1221.700","price":"0.00041560","timestamp":1657427544,"volume":"0.50773852","buyTxId":"e766e5441f9c1dbe27e59fde2510b0b4b59f796a","sellTxId":"32100ab30d458732891b4e113d5445feea55c66a"}
{"index": {"_index":"sim","_id":"3876122"}}=	{"id":3876122,"type":"buy","buyer":"libert","seller":"dhedge-drips","symbol":"SIM","quantity":"0.001","price":"0.00042168","timestamp":1657427544,"volume":"0.00000042","buyTxId":"e766e5441f9c1dbe27e59fde2510b0b4b59f796a","sellTxId":"ae137c3ff7194df0e5673af36bb98d7b77eb7574"}
{"index": {"_index":"sim","_id":"3876123"}}=	{"id":3876123,"type":"buy","buyer":"libert","seller":"medaymane","symbol":"SIM","quantity":"2534.249","price":"0.00042200","timestamp":1657427544,"volume":"1.06945321","buyTxId":"e766e5441f9c1dbe27e59fde2510b0b4b59f796a","sellTxId":"6b0aae63760533fe4546527a8446c9d1e5a8581d"}
{"index": {"_index":"sim","_id":"3876349"}}=	{"id":3876349,"type":"buy","buyer":"forsakensushi","seller":"pi-trader","symbol":"SIM","quantity":"50000.000","price":"0.00042195","timestamp":1657430022,"volume":"21.09750000","buyTxId":"419d732cc434c6b64f2dddea9268766981a81bb5","sellTxId":"914d91e724985dcc2eebe29850f3c58b0b57cd81-4"}
{"index": {"_index":"sim","_id":"3876350"}}=	{"id":3876350,"type":"buy","buyer":"forsakensushi","seller":"nftmart.fees","symbol":"SIM","quantity":"479.000","price":"0.00042196","timestamp":1657430022,"volume":"0.20211884","buyTxId":"419d732cc434c6b64f2dddea9268766981a81bb5","sellTxId":"45ad603a23d769c00abe21be3c06115e8b29bbbf-0"}
{"index": {"_index":"sim","_id":"3876351"}}=	{"id":3876351,"type":"buy","buyer":"forsakensushi","seller":"medaymane","symbol":"SIM","quantity":"33975.359","price":"0.00042200","timestamp":1657430022,"volume":"14.33760150","buyTxId":"419d732cc434c6b64f2dddea9268766981a81bb5","sellTxId":"6b0aae63760533fe4546527a8446c9d1e5a8581d"}
{"index": {"_index":"sim","_id":"3876352"}}=	{"id":3876352,"type":"buy","buyer":"forsakensushi","seller":"desyfit","symbol":"SIM","quantity":"145545.641","price":"0.00042280","timestamp":1657430022,"volume":"61.53669701","buyTxId":"419d732cc434c6b64f2dddea9268766981a81bb5","sellTxId":"1d818352b84a241473b67a79e223640e19e0fe35"}
{"index": {"_index":"sim","_id":"3876364"}}=	{"id":3876364,"type":"sell","buyer":"forsakensushi","seller":"dustindivitto","symbol":"SIM","quantity":"63472.000","price":"0.00041000","timestamp":1657430127,"volume":"26.02352000","buyTxId":"6e6ff9ba27a75a41032ca73f2c330a8ac837ef9d","sellTxId":"0b8f9300f999a650dda707c4127a0a25d6c34386"}
{"index": {"_index":"sim","_id":"3876446"}}=	{"id":3876446,"type":"buy","buyer":"openwide","seller":"pi-trader","symbol":"SIM","quantity":"4267.234","price":"0.00042277","timestamp":1657431624,"volume":"1.80405852","buyTxId":"0d5475362a5f99a77a91860bfa41575d0887781f","sellTxId":"a0615d38a2f2831f435a4caaba45ed48b6eb4e34-5"}
{"index": {"_index":"sim","_id":"3876489"}}=	{"id":3876489,"type":"buy","buyer":"forsakensushi","seller":"pi-trader","symbol":"SIM","quantity":"50000.000","price":"0.00042275","timestamp":1657432308,"volume":"21.13750000","buyTxId":"d5702ed42c3221cd7ba7e0e0037a47b279130d44","sellTxId":"285dd8aef60a5a2693df6771aa010e4b0ac873ec-1"}
{"index": {"_index":"sim","_id":"3876490"}}=	{"id":3876490,"type":"buy","buyer":"forsakensushi","seller":"nftmart.fees","symbol":"SIM","quantity":"417.000","price":"0.00042276","timestamp":1657432308,"volume":"0.17629092","buyTxId":"d5702ed42c3221cd7ba7e0e0037a47b279130d44","sellTxId":"823ab4cdf979ed2a402bbd760143f553fac95e29-0"}
{"index": {"_index":"sim","_id":"3876491"}}=	{"id":3876491,"type":"buy","buyer":"forsakensushi","seller":"desyfit","symbol":"SIM","quantity":"4454.359","price":"0.00042280","timestamp":1657432308,"volume":"1.88330299","buyTxId":"d5702ed42c3221cd7ba7e0e0037a47b279130d44","sellTxId":"1d818352b84a241473b67a79e223640e19e0fe35"}
{"index": {"_index":"sim","_id":"3876492"}}=	{"id":3876492,"type":"buy","buyer":"forsakensushi","seller":"dhedge-drips","symbol":"SIM","quantity":"0.001","price":"0.00042399","timestamp":1657432308,"volume":"0.00000042","buyTxId":"d5702ed42c3221cd7ba7e0e0037a47b279130d44","sellTxId":"99934738b817174a3c6b01de9debac5a607597c0"}
{"index": {"_index":"sim","_id":"3876493"}}=	{"id":3876493,"type":"buy","buyer":"forsakensushi","seller":"jelly-cz","symbol":"SIM","quantity":"99256.640","price":"0.00042400","timestamp":1657432308,"volume":"42.08481536","buyTxId":"d5702ed42c3221cd7ba7e0e0037a47b279130d44","sellTxId":"MM-P-18992788-65985767-3-32-0"}
{"index": {"_index":"sim","_id":"3876599"}}=	{"id":3876599,"type":"buy","buyer":"assassyn","seller":"pi-trader","symbol":"SIM","quantity":"13500.000","price":"0.00042395","timestamp":1657434684,"volume":"5.72332500","buyTxId":"3c1be29a3e583c96bdcfc2b921c760813f7d6755","sellTxId":"2bf3a9a45442fbf88fa7c0152b0adcd4c3bfeecc-6"}
{"index": {"_index":"sim","_id":"3876605"}}=	{"id":3876605,"type":"buy","buyer":"ana-maria","seller":"pi-trader","symbol":"SIM","quantity":"18296.434","price":"0.00042395","timestamp":1657434918,"volume":"7.75677319","buyTxId":"84496ffc6f7a5e66d54ad6845347cc135f368bc7","sellTxId":"fc3e4bc5ea557ad3c83f8287740e1f56cb116100-6"}
{"index": {"_index":"sim","_id":"3876687"}}=	{"id":3876687,"type":"sell","buyer":"pi-trader","seller":"gsauce1989","symbol":"SIM","quantity":"1969.222","price":"0.00039211","timestamp":1657436526,"volume":"0.77215164","buyTxId":"f90b6de71c5b3ace5f6859e321cea0d236a2920e-2","sellTxId":"3c00c2108657c8d0e49082771c0d10c1ccd35da7"}
{"index": {"_index":"sim","_id":"3876691"}}=	{"id":3876691,"type":"sell","buyer":"pi-trader","seller":"bearbear613","symbol":"SIM","quantity":"3077.000","price":"0.00039211","timestamp":1657436553,"volume":"1.20652247","buyTxId":"2ede2d4e42d4bfed34279f0a68475ea5799dada7-3","sellTxId":"bbe49ffed3cc0aa612437e04f169d30ddea03873"}
{"index": {"_index":"sim","_id":"3876749"}}=	{"id":3876749,"type":"sell","buyer":"pi-trader","seller":"itharagaian","symbol":"SIM","quantity":"1.100","price":"0.00039211","timestamp":1657437255,"volume":"0.00043132","buyTxId":"217834643b9e2d244af4d6565c8081045f720089-3","sellTxId":"b622ab9a64a3243be8bb233be49c1972610e0ddb"}
{"index": {"_index":"sim","_id":"3876845"}}=	{"id":3876845,"type":"sell","buyer":"pi-trader","seller":"hive-143869","symbol":"SIM","quantity":"0.100","price":"0.00039211","timestamp":1657438443,"volume":"0.00003921","buyTxId":"434631495fe115f93ad17f2edee956ca0cd3558c-2","sellTxId":"935bd3b3fd5714f2c56a1cb4f57e13b5c0624bbc"}
{"index": {"_index":"sim","_id":"3876906"}}=	{"id":3876906,"type":"sell","buyer":"pi-trader","seller":"entraide.rewards","symbol":"SIM","quantity":"0.100","price":"0.00039211","timestamp":1657439103,"volume":"0.00003921","buyTxId":"be39a47f5a3883f2bd17d6d78d3e7dd06f4a7a66-1","sellTxId":"ebe69e2e434ee306621ce5614bb7e0a2954e5704"}
{"index": {"_index":"sim","_id":"3877266"}}=	{"id":3877266,"type":"sell","buyer":"pi-trader","seller":"theshaki","symbol":"SIM","quantity":"216.882","price":"0.00039211","timestamp":1657444260,"volume":"0.08504160","buyTxId":"f9084d8a4448bdb2686d9646997cb48b9b56a14f-1","sellTxId":"243ce9fe61ec4b953d35c81a8bece95dc94c8077"}
{"index": {"_index":"sim","_id":"3877306"}}=	{"id":3877306,"type":"sell","buyer":"pi-trader","seller":"bhoa","symbol":"SIM","quantity":"2731.01","price":"0.00039211","timestamp":1657445202,"volume":"1.07085633","buyTxId":"1b03f70164a52024667996b33cf8c28c84777346-4","sellTxId":"a357543e13aacfdd1b9e20b5bba3f1addafd56a3"}
{"index": {"_index":"sim","_id":"3877354"}}=	{"id":3877354,"type":"sell","buyer":"pi-trader","seller":"wanli","symbol":"SIM","quantity":"612.000","price":"0.00039211","timestamp":1657446195,"volume":"0.23997132","buyTxId":"a087df5da32cc74957c26443d8c45907b9c1c748-5","sellTxId":"8d38ec6b479c85efde84c3a04f74765013a7e4fd"}
{"index": {"_index":"sim","_id":"3877541"}}=	{"id":3877541,"type":"sell","buyer":"pi-trader","seller":"sanayumamantayo","symbol":"SIM","quantity":"132.122","price":"0.00039211","timestamp":1657449105,"volume":"0.05180636","buyTxId":"33efe76e5c4e3561c35bd97b7325e69dbf438272-3","sellTxId":"d85673e1cb554a979db105971c856baa3e78ce2e"}
{"index": {"_index":"sim","_id":"3877764"}}=	{"id":3877764,"type":"sell","buyer":"pi-trader","seller":"balte","symbol":"SIM","quantity":"12500.000","price":"0.00039211","timestamp":1657452060,"volume":"4.90137500","buyTxId":"8533f11d1b96a5fd21daeba8bf038c574a08a8f4-2","sellTxId":"c2b4dcc8f636bc57c027b6ec4cc4e2abb0a6cad1"}
{"index": {"_index":"sim","_id":"3877797"}}=	{"id":3877797,"type":"sell","buyer":"pi-trader","seller":"bitandi","symbol":"SIM","quantity":"927.231","price":"0.00039211","timestamp":1657452468,"volume":"0.36357655","buyTxId":"67136fe044fd78c86ee3302abf8ca08b57812ca2-3","sellTxId":"ba4063ed72304bb2975999c6592c3156a6deea81"}
{"index": {"_index":"sim","_id":"3877808"}}=	{"id":3877808,"type":"buy","buyer":"egistar","seller":"pi-trader","symbol":"SIM","quantity":"448.695","price":"0.00042345","timestamp":1657452579,"volume":"0.19","buyTxId":"92261fe32bef0d6e50068f7746eca5d5fba43b43","sellTxId":"3399d3f3c48d22809944941cb89417403e3e60bc-7"}
{"index": {"_index":"sim","_id":"3877852"}}=	{"id":3877852,"type":"buy","buyer":"rinxrinxrinx","seller":"pi-trader","symbol":"SIM","quantity":"5779.666","price":"0.00042345","timestamp":1657453359,"volume":"2.44739957","buyTxId":"ab8e5e02f26fcc3c0b1be5a1f18d0e73aaf5f586","sellTxId":"95e3a1f7dd91c117eb17d6d194cb88b45e8c2e62-4"}
{"index": {"_index":"sim","_id":"3877914"}}=	{"id":3877914,"type":"sell","buyer":"pi-trader","seller":"cursephantom","symbol":"SIM","quantity":"1.013","price":"0.00039211","timestamp":1657453977,"volume":"0.00039721","buyTxId":"c50de83361a34d23c52e94595d55c18e2ced718e-4","sellTxId":"ffc70a1bf4c932dc7c05e5c494ae733369c0dd8f"}
{"index": {"_index":"sim","_id":"3878502"}}=	{"id":3878502,"type":"buy","buyer":"cryptogillone","seller":"pi-trader","symbol":"SIM","quantity":"423.101","price":"0.00042325","timestamp":1657460382,"volume":"0.1790775","buyTxId":"fbd6a5d0b9334b7235dcdedae936859091ead3d5","sellTxId":"e1a8c5e05f2855ff8e5d32a9f19e07c8debe4dc3-3"}
{"index": {"_index":"sim","_id":"3878825"}}=	{"id":3878825,"type":"buy","buyer":"stiant","seller":"pi-trader","symbol":"SIM","quantity":"10000.000","price":"0.00042319","timestamp":1657463904,"volume":"4.23190000","buyTxId":"bbb95f7a5c9ffd9d86bb230bbd9cb74d7a6e9da2","sellTxId":"39e07db2012b5549f999d60d004ae0044a28b420-1"}
{"index": {"_index":"sim","_id":"3879172"}}=	{"id":3879172,"type":"sell","buyer":"pi-trader","seller":"agreste","symbol":"SIM","quantity":"5.893","price":"0.00039211","timestamp":1657466880,"volume":"0.00231070","buyTxId":"24fea0a54d68bb8c5a9eb6d4080a0b6b46252860-6","sellTxId":"c4f118c855d5dbf77f9e08f320db7fd150807d07"}
{"index": {"_index":"sim","_id":"3879182"}}=	{"id":3879182,"type":"sell","buyer":"pi-trader","seller":"absoluthenne","symbol":"SIM","quantity":"400.000","price":"0.00039212","timestamp":1657466970,"volume":"0.15684800","buyTxId":"7b40a1070f130cc512a0bef74cb7516af1080afb-1","sellTxId":"fb6c564b86404336ba0c8d4638570a216308ed3a"}
{"index": {"_index":"sim","_id":"3879261"}}=	{"id":3879261,"type":"buy","buyer":"bhattg","seller":"pi-trader","symbol":"SIM","quantity":"20000.000","price":"0.00042305","timestamp":1657467699,"volume":"8.46100000","buyTxId":"b6ca73b68c271c6d7d20fd36424b7be6a03646d1","sellTxId":"d2eab669db85dd2475f31c79df26948883f9d34f-5"}
{"index": {"_index":"sim","_id":"3879275"}}=	{"id":3879275,"type":"sell","buyer":"pi-trader","seller":"rishi556","symbol":"SIM","quantity":"97.974","price":"0.00039212","timestamp":1657467795,"volume":"0.03841756","buyTxId":"6f3d0b5476435d2f10557bff1f21aa2b533ef4a0-3","sellTxId":"dce68c954d23692a823ae94a80613dd2eb2b1ea8"}
{"index": {"_index":"sim","_id":"3879296"}}=	{"id":3879296,"type":"buy","buyer":"bhattg","seller":"pi-trader","symbol":"SIM","quantity":"15000.000","price":"0.00042305","timestamp":1657468041,"volume":"6.34575000","buyTxId":"0475d27d4f18482998780bd62778ff039d31025a","sellTxId":"d42efcce94b7951fea646b783ded4fcceff0e2f1-2"}
{"index": {"_index":"sim","_id":"3879432"}}=	{"id":3879432,"type":"sell","buyer":"pi-trader","seller":"dswap","symbol":"SIM","quantity":"63640","price":"0.00039501","timestamp":1657469628,"volume":"25.13843640","buyTxId":"7a05762fc84948fc7fdda77bfbf83a87cea46838-3","sellTxId":"73b8174ea8ef89dcb10345bb9d7c951bf902eac1"}
{"index": {"_index":"sim","_id":"3879748"}}=	{"id":3879748,"type":"sell","buyer":"pi-trader","seller":"automaton","symbol":"SIM","quantity":"1800.000","price":"0.00039501","timestamp":1657471683,"volume":"0.71101800","buyTxId":"e95b8f769feb1f63bf522aa86160c6b69d7b8947-3","sellTxId":"d3c2b2782e7a67d4112cda679c17032cc5275868"}
{"index": {"_index":"sim","_id":"3879750"}}=	{"id":3879750,"type":"buy","buyer":"bhattg","seller":"pi-trader","symbol":"SIM","quantity":"30000.000","price":"0.00042297","timestamp":1657471689,"volume":"12.68910000","buyTxId":"c68b7416786b061e1a636a3258ced25fa4765f7a","sellTxId":"734e916ad7ea45254504d5a8534693877112ee16-1"}
{"index": {"_index":"sim","_id":"3879756"}}=	{"id":3879756,"type":"sell","buyer":"pi-trader","seller":"alchemystones","symbol":"SIM","quantity":"2.129","price":"0.00039501","timestamp":1657471773,"volume":"0.00084098","buyTxId":"b33fd94a9b1fd3cf86b3819321175894f8e5b856-2","sellTxId":"04825a9967923f4e8122a6aaea5eb0f0a57a6090"}
{"index": {"_index":"sim","_id":"3879794"}}=	{"id":3879794,"type":"buy","buyer":"rinxrinxrinx","seller":"pi-trader","symbol":"SIM","quantity":"4083.304","price":"0.00042297","timestamp":1657472175,"volume":"1.72711509","buyTxId":"963ae7e53950c6b06d06ba08cbd816c1b91cdb11","sellTxId":"b33fd94a9b1fd3cf86b3819321175894f8e5b856-6"}
{"index": {"_index":"sim","_id":"3879966"}}=	{"id":3879966,"type":"sell","buyer":"pi-trader","seller":"hive-189742","symbol":"SIM","quantity":"1.519","price":"0.00039501","timestamp":1657474377,"volume":"0.00060002","buyTxId":"7051e3b77c4c6ccf18f43a5ddeb3af522541bb95-1","sellTxId":"7fda4dc8c999177c91573e96a5a53ae73d64f10e"}
{"index": {"_index":"sim","_id":"3880233"}}=	{"id":3880233,"type":"sell","buyer":"pi-trader","seller":"florian-glechner","symbol":"SIM","quantity":"81.014","price":"0.00039501","timestamp":1657477200,"volume":"0.03200134","buyTxId":"40b5bae998eb674b3c33f5306e5f7fbc62419490-5","sellTxId":"b5e028c71dd6207a9643d02c7da0b67309b40a05"}
{"index": {"_index":"sim","_id":"3880248"}}=	{"id":3880248,"type":"buy","buyer":"bhattg","seller":"nftmart.fees","symbol":"SIM","quantity":"367.000","price":"0.00042199","timestamp":1657477413,"volume":"0.15487033","buyTxId":"5f51b6f533d39dc958722257de58e2dc3f1df732","sellTxId":"593a2378173f11ec8926065071681d63b78424de-0"}
{"index": {"_index":"sim","_id":"3880250"}}=	{"id":3880250,"type":"sell","buyer":"bhattg","seller":"svirus","symbol":"SIM","quantity":"11434.510","price":"0.00042199","timestamp":1657477416,"volume":"4.82524887","buyTxId":"5f51b6f533d39dc958722257de58e2dc3f1df732","sellTxId":"dfeba27a0a819c4f0d9270edcf3558cb3b2e2dc3-1"}
{"index": {"_index":"sim","_id":"3880267"}}=	{"id":3880267,"type":"buy","buyer":"automaton","seller":"onlydoge","symbol":"SIM","quantity":"16786.588","price":"0.00042200","timestamp":1657477551,"volume":"7.08394014","buyTxId":"b10598af9041e45364922f0202b497683e4bee69","sellTxId":"d2327959625790df68796dce546b271a493934a6"}
{"index": {"_index":"sim","_id":"3880281"}}=	{"id":3880281,"type":"buy","buyer":"automaton","seller":"pi-trader","symbol":"SIM","quantity":"26000.000","price":"0.00042349","timestamp":1657477647,"volume":"11.01074000","buyTxId":"070831e1b636c8fa6f239166131df7ed09c108af","sellTxId":"fe6ad79ac90be1665ad340e555408f138b7e4531"}
{"index": {"_index":"sim","_id":"3880284"}}=	{"id":3880284,"type":"buy","buyer":"bhattg","seller":"pi-trader","symbol":"SIM","quantity":"23519.899","price":"0.00042347","timestamp":1657477677,"volume":"9.95997163","buyTxId":"df11baebf1ccec6ddf50d3242b09a239fd3ccb1d","sellTxId":"88ed09c4c668fcc40c4b541789bdd1ebfa1ebec6-2"}
{"index": {"_index":"sim","_id":"3880319"}}=	{"id":3880319,"type":"buy","buyer":"bhattg","seller":"pi-trader","symbol":"SIM","quantity":"35281.213","price":"0.00042347","timestamp":1657478391,"volume":"14.94053527","buyTxId":"1b2bd0b47295aa8c72fad1665ea0158dac6af2d3","sellTxId":"1f570e069fbaf9685f6124651c79d955c026e591-4"}
{"index": {"_index":"sim","_id":"3880334"}}=	{"id":3880334,"type":"buy","buyer":"bhattg","seller":"pi-trader","symbol":"SIM","quantity":"23520.438","price":"0.00042347","timestamp":1657478544,"volume":"9.96019988","buyTxId":"b7f9291a9160bb76691225d314dce1bcd94d9fe4","sellTxId":"77142adf54bd39b1e9588b1eb830197ac7fd0da1-4"}
{"index": {"_index":"sim","_id":"3880343"}}=	{"id":3880343,"type":"sell","buyer":"bhattg","seller":"dhedge-drips","symbol":"SIM","quantity":"0.003","price":"0.00042199","timestamp":1657478718,"volume":"0.00000127","buyTxId":"5f51b6f533d39dc958722257de58e2dc3f1df732","sellTxId":"0b5690fc66e55d22bcb5f21ae9f42bdc3378d140"}
{"index": {"_index":"sim","_id":"3880436"}}=	{"id":3880436,"type":"sell","buyer":"pi-trader","seller":"bearbear613","symbol":"SIM","quantity":"1650.000","price":"0.00039513","timestamp":1657479801,"volume":"0.65196450","buyTxId":"730b441c35ba138ffb8d2843cf984b7a3842672e-1","sellTxId":"3ab8bce7feaca2ba9addde018cc9428c5427d550"}
{"index": {"_index":"sim","_id":"3881085"}}=	{"id":3881085,"type":"buy","buyer":"ana-maria","seller":"nftmart.fees","symbol":"SIM","quantity":"319.000","price":"0.00042198","timestamp":1657484523,"volume":"0.13461162","buyTxId":"68c8d4e18684ffb0d1bc227727e1c123b3bc42da","sellTxId":"0001441d0a95f8dc394f5e2a1d8069ef15b33d75-0"}
{"index": {"_index":"sim","_id":"3881086"}}=	{"id":3881086,"type":"buy","buyer":"ana-maria","seller":"dhedge-drips","symbol":"SIM","quantity":"39.996","price":"0.00042199","timestamp":1657484553,"volume":"0.01687791","buyTxId":"2913169be6f702dffc36a635bcf6d3ea82f1bf30","sellTxId":"0b5690fc66e55d22bcb5f21ae9f42bdc3378d140"}
{"index": {"_index":"sim","_id":"3881087"}}=	{"id":3881087,"type":"buy","buyer":"ana-maria","seller":"dhedge-drips","symbol":"SIM","quantity":"39.999","price":"0.00042347","timestamp":1657484607,"volume":"0.01693838","buyTxId":"7408d6d1903c243f4cac3e418061958aaee5580a","sellTxId":"3608e4f713c76b528e20dc43d98c58796ed8b8d6"}
{"index": {"_index":"sim","_id":"3881090"}}=	{"id":3881090,"type":"buy","buyer":"ana-maria","seller":"pi-trader","symbol":"SIM","quantity":"1015.005","price":"0.00042348","timestamp":1657484637,"volume":"0.42983432","buyTxId":"92df4b29318772db1d80c593633515af740c7ef5","sellTxId":"243f48f03f08952bf55555e202b8332a888643d8"}
{"index": {"_index":"sim","_id":"3881104"}}=	{"id":3881104,"type":"buy","buyer":"assassyn","seller":"pi-trader","symbol":"SIM","quantity":"2500.000","price":"0.00042348","timestamp":1657484796,"volume":"1.05870000","buyTxId":"b4ebdbfecc990c9f113118e8a2abb0085cf9b2aa","sellTxId":"bf51ef9b0a8dfe701802229e185a9147a655d8b8-5"}
{"index": {"_index":"sim","_id":"3881130"}}=	{"id":3881130,"type":"sell","buyer":"pi-trader","seller":"poliwalt10","symbol":"SIM","quantity":"3119.000","price":"0.00039518","timestamp":1657485054,"volume":"1.23256642","buyTxId":"5fe8d82caae963d03a4c7f676fa0e89fbe74c933-1","sellTxId":"660c6dc2363e2443c5d1cf36d634ca509766b97a"}
{"index": {"_index":"sim","_id":"3881231"}}=	{"id":3881231,"type":"sell","buyer":"pi-trader","seller":"nftmart.fees","symbol":"SIM","quantity":"1861.950","price":"0.00039531","timestamp":1657486206,"volume":"0.73604745","buyTxId":"68955e19fe3029c4d5e4d18e2d1b3bc80e42b630-1","sellTxId":"6d0a2f64903948ce2aaade0bf2eb04c710ed7307"}
{"index": {"_index":"sim","_id":"3881334"}}=	{"id":3881334,"type":"buy","buyer":"cryptogillone","seller":"nftmart.fees","symbol":"SIM","quantity":"36.000","price":"0.00042343","timestamp":1657487652,"volume":"0.01524348","buyTxId":"4f9fac93fdff9c9450f9e6280010fd8774d47e24","sellTxId":"bb1bdd5cd914715cf3d2e988f7dcb476d129fb7b-0"}
{"index": {"_index":"sim","_id":"3881335"}}=	{"id":3881335,"type":"buy","buyer":"cryptogillone","seller":"pi-trader","symbol":"SIM","quantity":"401.306","price":"0.00042348","timestamp":1657487652,"volume":"0.16994529","buyTxId":"4f9fac93fdff9c9450f9e6280010fd8774d47e24","sellTxId":"d60e9fcda5edf09a75b287afef46b2880768d7e3-1"}
{"index": {"_index":"sim","_id":"3881416"}}=	{"id":3881416,"type":"buy","buyer":"konvik","seller":"forsakensushi","symbol":"SIM","quantity":"75000.000","price":"0.00041000","timestamp":1657488807,"volume":"30.75000000","buyTxId":"db95f0b0eb16734d638e8b2c596ecf6c9db14a0d-0","sellTxId":"3c60a0ae5e50d4caf24786424c673ed1f103a32a"}
{"index": {"_index":"sim","_id":"3881419"}}=	{"id":3881419,"type":"buy","buyer":"svirus","seller":"forsakensushi","symbol":"SIM","quantity":"78617.040","price":"0.00041001","timestamp":1657488873,"volume":"32.23377257","buyTxId":"f86039cd79c18d6abfd72cae5520f86c7189c943-0","sellTxId":"706aa2c7957d9740bf051b82e0c34480ec3fec3c"}
{"index": {"_index":"sim","_id":"3881420"}}=	{"id":3881420,"type":"buy","buyer":"konvik","seller":"forsakensushi","symbol":"SIM","quantity":"0.001","price":"0.00041001","timestamp":1657488873,"volume":"0.00000041","buyTxId":"105dd697812e74236d8b0aea0e75dae56045737c-0","sellTxId":"706aa2c7957d9740bf051b82e0c34480ec3fec3c"}
{"index": {"_index":"sim","_id":"3881591"}}=	{"id":3881591,"type":"buy","buyer":"elevator09","seller":"nftmart.fees","symbol":"SIM","quantity":"31.000","price":"0.00042347","timestamp":1657491549,"volume":"0.01312757","buyTxId":"680d4c41ebe964753e718fbb78eb540171d18bd1","sellTxId":"d8d19649d3f47d0bf0daafc175d65371fc57f661-0"}
{"index": {"_index":"sim","_id":"3881592"}}=	{"id":3881592,"type":"buy","buyer":"elevator09","seller":"pi-trader","symbol":"SIM","quantity":"50000.000","price":"0.00042348","timestamp":1657491549,"volume":"21.17400000","buyTxId":"680d4c41ebe964753e718fbb78eb540171d18bd1","sellTxId":"ff2de66cdbf764a5beccc37ee0a1c0f37bca79f1-4"}
{"index": {"_index":"sim","_id":"3881593"}}=	{"id":3881593,"type":"buy","buyer":"elevator09","seller":"nastyforce","symbol":"SIM","quantity":"4159.438","price":"0.00042349","timestamp":1657491549,"volume":"1.76148040","buyTxId":"680d4c41ebe964753e718fbb78eb540171d18bd1","sellTxId":"fab5038168489b67af11256bf020797c0e975bad"}
{"index": {"_index":"sim","_id":"3881594"}}=	{"id":3881594,"type":"buy","buyer":"elevator09","seller":"medaymane","symbol":"SIM","quantity":"12304.500","price":"0.00042350","timestamp":1657491549,"volume":"5.21095575","buyTxId":"680d4c41ebe964753e718fbb78eb540171d18bd1","sellTxId":"b76fc71a53b5775dc629a1445607f3ab77069a7b"}
{"index": {"_index":"sim","_id":"3881595"}}=	{"id":3881595,"type":"buy","buyer":"elevator09","seller":"dhedge-drips","symbol":"SIM","quantity":"29.999","price":"0.00044543","timestamp":1657491549,"volume":"0.01336245","buyTxId":"680d4c41ebe964753e718fbb78eb540171d18bd1","sellTxId":"353e2498a80d53b45eb8e84cd06ff9af6f076ebe"}
{"index": {"_index":"sim","_id":"3881596"}}=	{"id":3881596,"type":"buy","buyer":"elevator09","seller":"onestrong","symbol":"SIM","quantity":"13642.000","price":"0.00045025","timestamp":1657491549,"volume":"6.14231050","buyTxId":"680d4c41ebe964753e718fbb78eb540171d18bd1","sellTxId":"c08917b0d9883f36369e35107f92e0bbf59c3dbf"}
{"index": {"_index":"sim","_id":"3881597"}}=	{"id":3881597,"type":"buy","buyer":"elevator09","seller":"dhedge-drips","symbol":"SIM","quantity":"12.999","price":"0.00049979","timestamp":1657491549,"volume":"0.00649677","buyTxId":"680d4c41ebe964753e718fbb78eb540171d18bd1","sellTxId":"dc66a919b764660642331a5b9f8ef38e56d3fc37"}
{"index": {"_index":"sim","_id":"3881598"}}=	{"id":3881598,"type":"buy","buyer":"elevator09","seller":"medaymane","symbol":"SIM","quantity":"91184.800","price":"0.00049979","timestamp":1657491549,"volume":"45.57325119","buyTxId":"680d4c41ebe964753e718fbb78eb540171d18bd1","sellTxId":"f610902ee99db6f603cc09abc058983007d26b3a"}
{"index": {"_index":"sim","_id":"3881599"}}=	{"id":3881599,"type":"buy","buyer":"elevator09","seller":"snorebear","symbol":"SIM","quantity":"747.200","price":"0.00050000","timestamp":1657491549,"volume":"0.37360000","buyTxId":"680d4c41ebe964753e718fbb78eb540171d18bd1","sellTxId":"e731c37813488976cc4be6a8e80a5ec022745ace"}
{"index": {"_index":"sim","_id":"3881600"}}=	{"id":3881600,"type":"buy","buyer":"elevator09","seller":"cryptonoinvest","symbol":"SIM","quantity":"24054.000","price":"0.00050000","timestamp":1657491549,"volume":"12.02700000","buyTxId":"680d4c41ebe964753e718fbb78eb540171d18bd1","sellTxId":"d4fc6ff6336aabaca116481892b43289b0202724"}
{"index": {"_index":"sim","_id":"3881601"}}=	{"id":3881601,"type":"buy","buyer":"elevator09","seller":"boycharlieplays","symbol":"SIM","quantity":"71330.249","price":"0.00050100","timestamp":1657491549,"volume":"35.73645475","buyTxId":"680d4c41ebe964753e718fbb78eb540171d18bd1","sellTxId":"a313db028666c2b1fe8c376cea334e6598ece515"}
{"index": {"_index":"sim","_id":"3881603"}}=	{"id":3881603,"type":"sell","buyer":"elevator09","seller":"konvik","symbol":"SIM","quantity":"132503.815","price":"0.00050100","timestamp":1657491552,"volume":"66.38441132","buyTxId":"680d4c41ebe964753e718fbb78eb540171d18bd1","sellTxId":"495a593f4869f89f74ff704e357e790c6edb0be3-1"}
{"index": {"_index":"sim","_id":"3881661"}}=	{"id":3881661,"type":"sell","buyer":"pi-trader","seller":"gamsam","symbol":"SIM","quantity":"15714","price":"0.00039534","timestamp":1657492653,"volume":"6.21237276","buyTxId":"8849ce6f88e189f2be30ec1a867633b52d2b561c-1","sellTxId":"922321c57bfdfaead2444891076f84f9f50a8ad6"}
{"index": {"_index":"sim","_id":"3881673"}}=	{"id":3881673,"type":"buy","buyer":"floki-skarsgaard","seller":"nftmart.fees","symbol":"SIM","quantity":"27.000","price":"0.00049998","timestamp":1657492869,"volume":"0.01349946","buyTxId":"d471840d5baf38c254a44827937e90afd16e12af","sellTxId":"1f983f4c74b2fdfbb2ccf23c73ec958cc8722f21-0"}
{"index": {"_index":"sim","_id":"3881674"}}=	{"id":3881674,"type":"buy","buyer":"floki-skarsgaard","seller":"pi-trader","symbol":"SIM","quantity":"49973.000","price":"0.00049999","timestamp":1657492869,"volume":"24.98600027","buyTxId":"d471840d5baf38c254a44827937e90afd16e12af","sellTxId":"71e43c60bf4cb0c5ddbdfd578c2945fbd642f4b5-2"}
{"index": {"_index":"sim","_id":"3881718"}}=	{"id":3881718,"type":"sell","buyer":"pi-trader","seller":"elevator09","symbol":"SIM","quantity":"272.489","price":"0.00039534","timestamp":1657493310,"volume":"0.10772580","buyTxId":"502ca34c69f7c64a8e76736c6bc35db1004c4427-3","sellTxId":"1b3769c64e2f22f37b7b59174331f9cf745310d6"}
{"index": {"_index":"sim","_id":"3881986"}}=	{"id":3881986,"type":"sell","buyer":"pi-trader","seller":"nftmart.fees","symbol":"SIM","quantity":"1652.900","price":"0.00039541","timestamp":1657496637,"volume":"0.65357319","buyTxId":"9c2450db554c559ce295df1d63ff5f8f74ac322e-1","sellTxId":"0c3cb3afc43e5084fb5fa53f265245aa5a023026"}
{"index": {"_index":"sim","_id":"3882020"}}=	{"id":3882020,"type":"sell","buyer":"pi-trader","seller":"nftmart.fees","symbol":"SIM","quantity":"247.000","price":"0.00039541","timestamp":1657496949,"volume":"0.09766627","buyTxId":"491dd3924b699dbde916dc835c410141d7e90a17-3","sellTxId":"f9f5949b5e84c24ebfd4d19e11e7aec605de8ca7"}
{"index": {"_index":"sim","_id":"3882300"}}=	{"id":3882300,"type":"buy","buyer":"bhattg","seller":"pi-trader","symbol":"SIM","quantity":"18472.826","price":"0.00048999","timestamp":1657499868,"volume":"9.05150001","buyTxId":"a3c719d7704f830b7c18d1730022f15b80027685","sellTxId":"a23b28e45f300c1fcfb7c666911104ee6d55d885-3"}
{"index": {"_index":"sim","_id":"3882346"}}=	{"id":3882346,"type":"sell","buyer":"pi-trader","seller":"dhedge-drips","symbol":"SIM","quantity":"0.001","price":"0.00039541","timestamp":1657500315,"volume":"0.00000040","buyTxId":"72373581374922ce09c6a8f54e0dc42e7acfab08-3","sellTxId":"5ebdb3278206b1f5139472f27b8f3c19490e02c2"}
{"index": {"_index":"sim","_id":"3882413"}}=	{"id":3882413,"type":"sell","buyer":"pi-trader","seller":"valor2s","symbol":"SIM","quantity":"623.572","price":"0.00039543","timestamp":1657500993,"volume":"0.24657908","buyTxId":"b81a1bd6b3d59614fa39263569e1ada25a13f6f9-1","sellTxId":"07e224011b786246b6f25291d5f579492b47c6c2"}
{"index": {"_index":"sim","_id":"3882433"}}=	{"id":3882433,"type":"sell","buyer":"pi-trader","seller":"desro","symbol":"SIM","quantity":"1017.500","price":"0.00039543","timestamp":1657501230,"volume":"0.40235003","buyTxId":"62bea574b3ef655b3e27ed307932d10532999999-3","sellTxId":"f1f82c33d49a1c476f59b113773179e2448cdb78"}
{"index": {"_index":"sim","_id":"3882496"}}=	{"id":3882496,"type":"buy","buyer":"queenstarr","seller":"pi-trader","symbol":"SIM","quantity":"5000.000","price":"0.00048999","timestamp":1657502469,"volume":"2.44995000","buyTxId":"dea5b0964ffb400facec1116a86acd2cd941ac2c","sellTxId":"c9e2e4612fad8e80f1e5ee822087d2b983fc2417-4"}
{"index": {"_index":"sim","_id":"3882674"}}=	{"id":3882674,"type":"sell","buyer":"pi-trader","seller":"dustindivitto","symbol":"SIM","quantity":"32216.000","price":"0.00039551","timestamp":1657504608,"volume":"12.74175016","buyTxId":"bb61ba147759ae576dfe882330d3c32a44d49d4c-1","sellTxId":"2c38fa66d184180c519d10bf4b14c0478ba66be2"}
{"index": {"_index":"sim","_id":"3882903"}}=	{"id":3882903,"type":"sell","buyer":"pi-trader","seller":"dswap","symbol":"SIM","quantity":"2000","price":"0.00039551","timestamp":1657507074,"volume":"0.79102000","buyTxId":"9bb97ebb6e29fa7ef89eae953d90f76163f9ca03-3","sellTxId":"5a66a357feeec780f575d1839af8161f85fd2651"}
