{"index": {"_index":"sim","_id":"5582049"}}=	{"id":5582049,"type":"buy","buyer":"evernoticethat","seller":"all.coin.hive","symbol":"SIM","quantity":"45000.000","price":"0.00036099","timestamp":1677562974,"volume":"16.24455000","buyTxId":"cee4b13c5b4727ba0923944a916c74c6cc27a481","sellTxId":"8a8ad8478b54c834f86745f53a99c77e25e7f34e-3"}
{"index": {"_index":"sim","_id":"5582097"}}=	{"id":5582097,"type":"sell","buyer":"mcbot","seller":"nftmart.fees","symbol":"SIM","quantity":"4.250","price":"0.00030006","timestamp":1677563664,"volume":"0.00127526","buyTxId":"527531234ca9516b51c205d7710f5a008b050c74-1","sellTxId":"95be4d51899fcc0708e56602cdc87cd03c5a2335"}
{"index": {"_index":"sim","_id":"5582195"}}=	{"id":5582195,"type":"sell","buyer":"mcbot","seller":"justinparke","symbol":"SIM","quantity":"16278.001","price":"0.00030006","timestamp":1677565404,"volume":"4.88437698","buyTxId":"f973ccbb4a6e63ac473dc8d3566a3f6a1696650c-1","sellTxId":"47db7607efefde67882b1cb73c018c9e482ace18"}
{"index": {"_index":"sim","_id":"5582516"}}=	{"id":5582516,"type":"buy","buyer":"assassyn","seller":"all.coin.hive","symbol":"SIM","quantity":"1500.000","price":"0.00036087","timestamp":1677569997,"volume":"0.54130500","buyTxId":"0c72ec91ed92ae23db01c147880d65c04ff7438a","sellTxId":"0546d05773426852ef2d5923a69c2763447b11e4-2"}
{"index": {"_index":"sim","_id":"5582706"}}=	{"id":5582706,"type":"sell","buyer":"mcbot","seller":"misshugo","symbol":"SIM","quantity":"0.001","price":"0.00030006","timestamp":1677573453,"volume":"0.00000030","buyTxId":"3f4928760c1305bb69765030425e3502e9c9bb36-1","sellTxId":"cc6a44794940f5f5c252ef1015fb3250df20b8a6"}
{"index": {"_index":"sim","_id":"5583062"}}=	{"id":5583062,"type":"sell","buyer":"mcbot","seller":"themarkymark","symbol":"SIM","quantity":"28.253","price":"0.00030006","timestamp":1677579903,"volume":"0.00847760","buyTxId":"b0094c8e4b7ab5f1caeb2ef03464aaa610ba664b-1","sellTxId":"ab9da7928c0090cb26cc882bca9c61d3cf35afd4"}
{"index": {"_index":"sim","_id":"5585121"}}=	{"id":5585121,"type":"buy","buyer":"elricmoonslayer","seller":"god0","symbol":"SIM","quantity":"1494.753","price":"0.00035972","timestamp":1677603021,"volume":"0.53769255","buyTxId":"02d5336da2a61342ff3715e6201fa30152c0baa0","sellTxId":"63ee862534897e0292d646ec8599caf2883b1723"}
{"index": {"_index":"sim","_id":"5585122"}}=	{"id":5585122,"type":"buy","buyer":"elricmoonslayer","seller":"all.coin.hive","symbol":"SIM","quantity":"5.247","price":"0.00035982","timestamp":1677603021,"volume":"0.00188798","buyTxId":"02d5336da2a61342ff3715e6201fa30152c0baa0","sellTxId":"a397f5335646172dfe046d83eb3d643d351cf145-4"}
{"index": {"_index":"sim","_id":"5585466"}}=	{"id":5585466,"type":"sell","buyer":"mcbot","seller":"ironshield","symbol":"SIM","quantity":"309.695","price":"0.00030101","timestamp":1677607578,"volume":"0.09322129","buyTxId":"a1484cb0f88332ee3a21235631c8360dae5de1b5-1","sellTxId":"3e5b351449a83e453bcc9985efaa10ebec193cdc"}
{"index": {"_index":"sim","_id":"5585536"}}=	{"id":5585536,"type":"sell","buyer":"mcbot","seller":"archon-drips","symbol":"SIM","quantity":"10.707","price":"0.00030101","timestamp":1677608715,"volume":"0.00322291","buyTxId":"6f552b5d04d5a6d3dd0c27abecb0415d0f13ae53-1","sellTxId":"5f01287d31c2fdf0a27f2232f8de3168510e1fbd"}
{"index": {"_index":"sim","_id":"5585987"}}=	{"id":5585987,"type":"sell","buyer":"mcbot","seller":"elevator09","symbol":"SIM","quantity":"3310.594","price":"0.00030156","timestamp":1677611862,"volume":"0.99834273","buyTxId":"469a6f25f136735945496ab7e41a9250ab2f8f8e-1","sellTxId":"84d75abc2afb6466f5b802bac93a7446babf5cb2"}
{"index": {"_index":"sim","_id":"5586323"}}=	{"id":5586323,"type":"sell","buyer":"mcbot","seller":"cursephantom","symbol":"SIM","quantity":"0.002","price":"0.00030206","timestamp":1677616506,"volume":"0.00000060","buyTxId":"9781ffc64105c12cb86300e2a2f79a5e6b6b3352-1","sellTxId":"f20ee4d53f1a8c83a401855ab773582c96dba1ca-5"}
{"index": {"_index":"sim","_id":"5586715"}}=	{"id":5586715,"type":"buy","buyer":"dragokazo","seller":"jelly-cz","symbol":"SIM","quantity":"9.403","price":"0.00035819","timestamp":1677620388,"volume":"0.00336806","buyTxId":"003a28d3a649e3a857b3035f3e3ce99d99539ddf","sellTxId":"MM-P-25713126-72711342-3-30-0"}
{"index": {"_index":"sim","_id":"5586716"}}=	{"id":5586716,"type":"buy","buyer":"dragokazo","seller":"archon-drips","symbol":"SIM","quantity":"10.707","price":"0.00035825","timestamp":1677620388,"volume":"0.00383578","buyTxId":"003a28d3a649e3a857b3035f3e3ce99d99539ddf","sellTxId":"6356fb9d878d069a09e455ebcdea153b5893363a"}
{"index": {"_index":"sim","_id":"5586717"}}=	{"id":5586717,"type":"buy","buyer":"dragokazo","seller":"all.coin.hive","symbol":"SIM","quantity":"654.654","price":"0.00035958","timestamp":1677620388,"volume":"0.23540049","buyTxId":"003a28d3a649e3a857b3035f3e3ce99d99539ddf","sellTxId":"d5f004a5be35c50e963299e4c4355533491f00cc-2"}
{"index": {"_index":"sim","_id":"5586946"}}=	{"id":5586946,"type":"sell","buyer":"mcbot","seller":"loganhate","symbol":"SIM","quantity":"10.000","price":"0.00032406","timestamp":1677622230,"volume":"0.00324060","buyTxId":"a9d1b4bc818fe850b721ab20338de613586dcf51-1","sellTxId":"8c8e09bc61afa67457006920b142ab97ed1371de"}
{"index": {"_index":"sim","_id":"5586947"}}=	{"id":5586947,"type":"sell","buyer":"mcbot","seller":"ironshield","symbol":"SIM","quantity":"729.001","price":"0.00032406","timestamp":1677622353,"volume":"0.23624006","buyTxId":"75a794e690542578400e4127cad91e14070c912b-1","sellTxId":"01e646f087beae6d2f5171e14db4cd40c9552d43"}
{"index": {"_index":"sim","_id":"5587037"}}=	{"id":5587037,"type":"sell","buyer":"mcbot","seller":"hivecurious","symbol":"SIM","quantity":"0.677","price":"0.00032417","timestamp":1677623187,"volume":"0.00021946","buyTxId":"c8338fd49e730baefebb32904b0da2780e599aac-1","sellTxId":"220cc5e7532d171bc7154a20332d350e40ea31a4"}
{"index": {"_index":"sim","_id":"5587057"}}=	{"id":5587057,"type":"sell","buyer":"mcbot","seller":"kalam","symbol":"SIM","quantity":"20000.000","price":"0.00032417","timestamp":1677623400,"volume":"6.48340000","buyTxId":"4ec9cabbe647f10c181843a68918d638307be275-1","sellTxId":"1de2cc090ae90987334cea4c7280630a8971ec2b"}
{"index": {"_index":"sim","_id":"5587058"}}=	{"id":5587058,"type":"sell","buyer":"god0","seller":"kalam","symbol":"SIM","quantity":"729.001","price":"0.00032416","timestamp":1677623400,"volume":"0.23631296","buyTxId":"0d579adb6cd9674b76e37acc644834ab2f593aaf-0","sellTxId":"1de2cc090ae90987334cea4c7280630a8971ec2b"}
{"index": {"_index":"sim","_id":"5587059"}}=	{"id":5587059,"type":"sell","buyer":"all.coin.hive","seller":"kalam","symbol":"SIM","quantity":"52494.289","price":"0.00032405","timestamp":1677623400,"volume":"17.01077435","buyTxId":"4a6117891139b4e896a966d4e55c108863353828-0","sellTxId":"1de2cc090ae90987334cea4c7280630a8971ec2b"}
{"index": {"_index":"sim","_id":"5587060"}}=	{"id":5587060,"type":"sell","buyer":"maryjane.main","seller":"kalam","symbol":"SIM","quantity":"36075.148","price":"0.00032400","timestamp":1677623400,"volume":"11.68834795","buyTxId":"6c41f030bbe3be5e244328aceccfd465cd106f34","sellTxId":"1de2cc090ae90987334cea4c7280630a8971ec2b"}
{"index": {"_index":"sim","_id":"5587061"}}=	{"id":5587061,"type":"buy","buyer":"konvik","seller":"kalam","symbol":"SIM","quantity":"233312.712","price":"0.00030697","timestamp":1677623400,"volume":"71.62000320","buyTxId":"5bd46df08c17d38ca666ad3f9cb197be79b062c6-0","sellTxId":"1de2cc090ae90987334cea4c7280630a8971ec2b"}
{"index": {"_index":"sim","_id":"5587067"}}=	{"id":5587067,"type":"sell","buyer":"mcbot","seller":"kalam","symbol":"SIM","quantity":"20000.000","price":"0.00030708","timestamp":1677623520,"volume":"6.14160000","buyTxId":"47dc525eae99a308d193a5013ae5a140903642fe","sellTxId":"4a52c67a00becca6adb198ff3291644efbfc0293"}
{"index": {"_index":"sim","_id":"5587068"}}=	{"id":5587068,"type":"sell","buyer":"god0","seller":"kalam","symbol":"SIM","quantity":"70533.100","price":"0.00030707","timestamp":1677623520,"volume":"21.65859902","buyTxId":"c592076e9ab1c38e495bec9f2b11d45c40f01038-0","sellTxId":"4a52c67a00becca6adb198ff3291644efbfc0293"}
{"index": {"_index":"sim","_id":"5587182"}}=	{"id":5587182,"type":"sell","buyer":"mcbot","seller":"elricmoonslayer","symbol":"SIM","quantity":"1500.000","price":"0.00030718","timestamp":1677624729,"volume":"0.46077000","buyTxId":"18710767183b9ab1566e0ee8f150ea5c30dd9fed","sellTxId":"447cf4d61656a57af17c18c7fa37fbd1882e6cb1"}
{"index": {"_index":"sim","_id":"5587960"}}=	{"id":5587960,"type":"sell","buyer":"god0","seller":"desro","symbol":"SIM","quantity":"6000.000","price":"0.00030840","timestamp":1677634545,"volume":"1.85040000","buyTxId":"0f4c1c6e94128e267160178aa3de9b0fb490c543-0","sellTxId":"b7c45bf2a2f0f544ed107fb82f80b10fade20a15"}
{"index": {"_index":"sim","_id":"5588000"}}=	{"id":5588000,"type":"sell","buyer":"mcbot","seller":"desro","symbol":"SIM","quantity":"14575.626","price":"0.00030841","timestamp":1677635034,"volume":"4.49526881","buyTxId":"135e06b2220c453aef7503319d251279605fe38e-1","sellTxId":"26c7c027e8384fe003c141a8d934ff205aad6b28"}
{"index": {"_index":"sim","_id":"5588008"}}=	{"id":5588008,"type":"buy","buyer":"desro","seller":"nftmart.fees","symbol":"SIM","quantity":"80.000","price":"0.00035938","timestamp":1677635103,"volume":"0.02875040","buyTxId":"b4925f0a327acb96311c8e7332f16affbdaddbc6","sellTxId":"84329eeeb472caa79924d113349dc3ae4fdc7f1b-0"}
{"index": {"_index":"sim","_id":"5588458"}}=	{"id":5588458,"type":"sell","buyer":"mcbot","seller":"rishi556","symbol":"SIM","quantity":"9.148","price":"0.00030830","timestamp":1677640518,"volume":"0.00282033","buyTxId":"06d6a1df350135e83d3e525a5ed9989318468af8-1","sellTxId":"23b03ff9174d8f2f793afce33ba0d49d4754f46e"}
{"index": {"_index":"sim","_id":"5588459"}}=	{"id":5588459,"type":"sell","buyer":"mcbot","seller":"nftmart.fees","symbol":"SIM","quantity":"547.400","price":"0.00030830","timestamp":1677640530,"volume":"0.16876342","buyTxId":"06d6a1df350135e83d3e525a5ed9989318468af8-1","sellTxId":"907db8ca86314a86713893317fda0abbe59febeb"}
{"index": {"_index":"sim","_id":"5588760"}}=	{"id":5588760,"type":"buy","buyer":"metzli","seller":"nftmart.fees","symbol":"SIM","quantity":"8.000","price":"0.00034497","timestamp":1677645357,"volume":"0.00275976","buyTxId":"18b73fa4bdd72bdb730ffabdccd2ecdc5686d3d3","sellTxId":"0b0c165088b6c39d217f5560fd8151e9a80a4965-0"}
{"index": {"_index":"sim","_id":"5588761"}}=	{"id":5588761,"type":"buy","buyer":"metzli","seller":"eshr92","symbol":"SIM","quantity":"202.000","price":"0.00034500","timestamp":1677645357,"volume":"0.06969000","buyTxId":"18b73fa4bdd72bdb730ffabdccd2ecdc5686d3d3","sellTxId":"ecfda3b7e2769b611d48a896aa5059aeb43822c3"}
{"index": {"_index":"sim","_id":"5588818"}}=	{"id":5588818,"type":"sell","buyer":"mcbot","seller":"themarkymark","symbol":"SIM","quantity":"28.158","price":"0.00030830","timestamp":1677646620,"volume":"0.00868111","buyTxId":"0f2702ce163e49572de1e64dcbf32f8932c1f0fb-1","sellTxId":"7bd95ba2958cdc04fad40bea91714205ec49e8e5"}
