{"index": {"_index":"sim","_id":"2533117"}}
	{"id":2533117,"type":"sell","buyer":"pi-trader","seller":"brofi-market","symbol":"SIM","quantity":"0.001","price":"0.00066001","timestamp":1642047114,"volume":"0.00000066","buyTxId":"39aeaec94351ce7315e4204c20ad5d8d2421eebd-2","sellTxId":"8c54751dc58642f15ad35b469104448b1076a426"}
{"index": {"_index":"sim","_id":"2533181"}}
	{"id":2533181,"type":"sell","buyer":"pi-trader","seller":"kasaisoul","symbol":"SIM","quantity":"0.073","price":"0.00066001","timestamp":1642047756,"volume":"0.00004818","buyTxId":"3c9ae1efd9d32a61d27966f1120147f6fbd61231-3","sellTxId":"7187156ec7277fe1aa976445aef25c2641afa6a7"}
{"index": {"_index":"sim","_id":"2533190"}}
	{"id":2533190,"type":"sell","buyer":"pi-trader","seller":"panconcajeta","symbol":"SIM","quantity":"0.690","price":"0.00066001","timestamp":1642047885,"volume":"0.00045541","buyTxId":"942fa12fa04fb3c68c73b94fb5437084f0b395f8-4","sellTxId":"f383a5975c175a805c511d089f633c13de52cb77"}
{"index": {"_index":"sim","_id":"2533282"}}
	{"id":2533282,"type":"sell","buyer":"pi-trader","seller":"dswap","symbol":"SIM","quantity":"3676.502","price":"0.00066001","timestamp":1642048584,"volume":"2.42652809","buyTxId":"f833edcb7c7b1eb40b9d515435f3888db1d6bbe8-1","sellTxId":"d476333792ec8f29d0a8f2dbf54b535574893959"}
{"index": {"_index":"sim","_id":"2533541"}}
	{"id":2533541,"type":"sell","buyer":"pi-trader","seller":"minerthreat","symbol":"SIM","quantity":"1303.000","price":"0.00066001","timestamp":1642050648,"volume":"0.85999303","buyTxId":"e8ffc41559fee31a70266ae6f6d524e4075209b6-3","sellTxId":"82d62eb612f182d5b43821d5d65fbbb87ed4737c"}
{"index": {"_index":"sim","_id":"2533593"}}
	{"id":2533593,"type":"sell","buyer":"pi-trader","seller":"linco","symbol":"SIM","quantity":"886.000","price":"0.00066001","timestamp":1642051494,"volume":"0.58476886","buyTxId":"b265360870b0df4d7c6f43577d57fd308b31c37d-3","sellTxId":"e35ceddb62c1b14de096251edaa27dba69df0798"}
{"index": {"_index":"sim","_id":"2533709"}}
	{"id":2533709,"type":"sell","buyer":"pi-trader","seller":"paragism","symbol":"SIM","quantity":"3315.651","price":"0.00066001","timestamp":1642053039,"volume":"2.18836282","buyTxId":"ca774bab0f6aab34d8935dd326910853fb7e4acd-1","sellTxId":"59796eeb454b085d448172084448944b6156cb80"}
{"index": {"_index":"sim","_id":"2533835"}}
	{"id":2533835,"type":"sell","buyer":"pi-trader","seller":"quantumg","symbol":"SIM","quantity":"221.500","price":"0.00066001","timestamp":1642055121,"volume":"0.14619222","buyTxId":"c4484a8528c9ffdb46065cc568f135465c8a1317-3","sellTxId":"d348c97abedf0c8bdfb923f0e27671ac8251591d"}
{"index": {"_index":"sim","_id":"2534113"}}
	{"id":2534113,"type":"sell","buyer":"pi-trader","seller":"braaiboy","symbol":"SIM","quantity":"5840.520","price":"0.00066001","timestamp":1642059657,"volume":"3.85480161","buyTxId":"661f30da51c63596eec91c53a03fd11494a853e4-3","sellTxId":"e1f39e4a8eed22ae6581d4fe584ef6f4b9dfee84"}
{"index": {"_index":"sim","_id":"2534322"}}
	{"id":2534322,"type":"sell","buyer":"pi-trader","seller":"anderssinho","symbol":"SIM","quantity":"1.088","price":"0.00066001","timestamp":1642062231,"volume":"0.00071809","buyTxId":"fbaf0d48cadf910671b6dcb79b5644d3c2c55790-3","sellTxId":"fd9fe4f8e23dfb05dbf03885979517960eabde16"}
{"index": {"_index":"sim","_id":"2534822"}}
	{"id":2534822,"type":"buy","buyer":"orionspeakgaming","seller":"pi-trader","symbol":"SIM","quantity":"28700.000","price":"0.00068999","timestamp":1642068756,"volume":"19.80271300","buyTxId":"24906aedf23a08a9ef9591214983c8dfdadedbc9","sellTxId":"2cfac686e4bbd82b7209f7d72ab016ecb5148f1b-3"}
{"index": {"_index":"sim","_id":"2534862"}}
	{"id":2534862,"type":"sell","buyer":"pi-trader","seller":"travelgirl","symbol":"SIM","quantity":"6360.000","price":"0.00066001","timestamp":1642069353,"volume":"4.19766360","buyTxId":"4feb5769bc4cf9c53b90c486a5260fd7b313454c-1","sellTxId":"f40ee3ae530d2d2c82771dec4101aaa3f55e2143"}
{"index": {"_index":"sim","_id":"2534964"}}
	{"id":2534964,"type":"buy","buyer":"mushanov","seller":"pi-trader","symbol":"SIM","quantity":"20000.000","price":"0.00068999","timestamp":1642071165,"volume":"13.79980000","buyTxId":"ab002402192689806ec642f5e201752bbfc6b38b","sellTxId":"94c24c6bc839ae1abbc93fee6bfbb4998f4bfe46-2"}
{"index": {"_index":"sim","_id":"2535104"}}
	{"id":2535104,"type":"sell","buyer":"pi-trader","seller":"fiberfrau","symbol":"SIM","quantity":"6.237","price":"0.00066001","timestamp":1642072449,"volume":"0.00411648","buyTxId":"253e117da4a00109aec4ed16cdfa99853ffb46a6-3","sellTxId":"27c9dbefdc8570c07a6cfabcd6d6d0d2efdc7d45"}
{"index": {"_index":"sim","_id":"2535250"}}
	{"id":2535250,"type":"sell","buyer":"pi-trader","seller":"farm1","symbol":"SIM","quantity":"19900.000","price":"0.00066001","timestamp":1642073178,"volume":"13.13419900","buyTxId":"91be1ef601a9a98fd0a8de8545916faeca201200-2","sellTxId":"bcc15c880155798b83f51edf9ae63f3786f4b831"}
{"index": {"_index":"sim","_id":"2535316"}}
	{"id":2535316,"type":"sell","buyer":"pi-trader","seller":"nrg","symbol":"SIM","quantity":"4980.000","price":"0.00066001","timestamp":1642073706,"volume":"3.28684980","buyTxId":"d436843720cc67ba8c414856f9d51f2a482085fc-3","sellTxId":"c225148b150ce363203f562be25dc5c62f8b865e-3"}
{"index": {"_index":"sim","_id":"2535457"}}
	{"id":2535457,"type":"sell","buyer":"alexisgr1993","seller":"brofi-market","symbol":"SIM","quantity":"0.004","price":"0.00066000","timestamp":1642075803,"volume":"0.00000264","buyTxId":"4023bcaece6d207fe2b673746671da25ed2634c6","sellTxId":"07d4b24b6b71c24750a0e6d23b35c58b4abbb176"}
{"index": {"_index":"sim","_id":"2535486"}}
	{"id":2535486,"type":"sell","buyer":"alexisgr1993","seller":"andy4475","symbol":"SIM","quantity":"47.589","price":"0.00066000","timestamp":1642076100,"volume":"0.03140874","buyTxId":"4023bcaece6d207fe2b673746671da25ed2634c6","sellTxId":"64c319ab544376607d258af8f30d2b3a8efaea94"}
{"index": {"_index":"sim","_id":"2535601"}}
	{"id":2535601,"type":"buy","buyer":"nobutsd1974","seller":"pi-trader","symbol":"SIM","quantity":"7246.481","price":"0.00068999","timestamp":1642077417,"volume":"5","buyTxId":"563856b132427ab4e40fbf9076a6df14a37ec754","sellTxId":"155df63920eea5978274bb53d541a08bb24bba89-2"}
{"index": {"_index":"sim","_id":"2535618"}}
	{"id":2535618,"type":"buy","buyer":"thatgermandude","seller":"pi-trader","symbol":"SIM","quantity":"5000.000","price":"0.00068998","timestamp":1642077660,"volume":"3.44990000","buyTxId":"0fad1b7ff5c91da60a05967c389d1923d275776e","sellTxId":"57a06ad8c49fe57af576e14bfc95c9bb9101f7d3-10"}
{"index": {"_index":"sim","_id":"2535714"}}
	{"id":2535714,"type":"buy","buyer":"konvik","seller":"pi-trader","symbol":"SIM","quantity":"50000.000","price":"0.00068998","timestamp":1642079286,"volume":"34.49900000","buyTxId":"d663bf9a0d76f1f7b1dc1518e67fcbcb4b9c0e34-0","sellTxId":"ca8ce3a566074a5980e77da75660d18e11be0a36-6"}
{"index": {"_index":"sim","_id":"2535715"}}
	{"id":2535715,"type":"buy","buyer":"konvik","seller":"brofi-market","symbol":"SIM","quantity":"0.004","price":"0.00068999","timestamp":1642079286,"volume":"0.00000276","buyTxId":"d663bf9a0d76f1f7b1dc1518e67fcbcb4b9c0e34-0","sellTxId":"3ee77375b3e8fa7b5f7700a338c92956dc709fc3"}
{"index": {"_index":"sim","_id":"2535716"}}
	{"id":2535716,"type":"buy","buyer":"konvik","seller":"desyfit","symbol":"SIM","quantity":"100000.000","price":"0.00069000","timestamp":1642079286,"volume":"69.00000000","buyTxId":"d663bf9a0d76f1f7b1dc1518e67fcbcb4b9c0e34-0","sellTxId":"70389b99d4b04e5c7bebbf7531679d3362d1f154"}
{"index": {"_index":"sim","_id":"2535717"}}
	{"id":2535717,"type":"buy","buyer":"konvik","seller":"onealfa","symbol":"SIM","quantity":"32216.000","price":"0.00069897","timestamp":1642079286,"volume":"22.51801752","buyTxId":"d663bf9a0d76f1f7b1dc1518e67fcbcb4b9c0e34-0","sellTxId":"0bb17d1410235f43768066490ced472d70e41a56"}
{"index": {"_index":"sim","_id":"2535718"}}
	{"id":2535718,"type":"buy","buyer":"konvik","seller":"axeman","symbol":"SIM","quantity":"2940.000","price":"0.00069900","timestamp":1642079286,"volume":"2.05506000","buyTxId":"d663bf9a0d76f1f7b1dc1518e67fcbcb4b9c0e34-0","sellTxId":"f324f3bdc73aff2f8fd7d32655bae43ab23ab106"}
{"index": {"_index":"sim","_id":"2535719"}}
	{"id":2535719,"type":"buy","buyer":"konvik","seller":"brofi-market","symbol":"SIM","quantity":"0.001","price":"0.00069999","timestamp":1642079286,"volume":"0.00000070","buyTxId":"d663bf9a0d76f1f7b1dc1518e67fcbcb4b9c0e34-0","sellTxId":"f1810408fa20d9fec897e0a9f45a1afa9e19b73a"}
{"index": {"_index":"sim","_id":"2535720"}}
	{"id":2535720,"type":"buy","buyer":"konvik","seller":"themarkymark","symbol":"SIM","quantity":"632.823","price":"0.00070000","timestamp":1642079286,"volume":"0.44297610","buyTxId":"d663bf9a0d76f1f7b1dc1518e67fcbcb4b9c0e34-0","sellTxId":"c660b7888599d4e39f92911a9dd0ba26ab693486"}
{"index": {"_index":"sim","_id":"2536085"}}
	{"id":2536085,"type":"sell","buyer":"pi-trader","seller":"lifeskills-tv","symbol":"SIM","quantity":"5071.588","price":"0.00066101","timestamp":1642083561,"volume":"3.35237038","buyTxId":"d2ffe6c4ff65a360e6c7f75e25ec2d1938d105c8-1","sellTxId":"f4fb63fbbd9ea011ccfd508e28e2eadb1dc0877c"}
{"index": {"_index":"sim","_id":"2536505"}}
	{"id":2536505,"type":"sell","buyer":"pi-trader","seller":"aliveprojects","symbol":"SIM","quantity":"60.956","price":"0.00066101","timestamp":1642088655,"volume":"0.04029253","buyTxId":"85c79385636a90f33013732faa5b69243197efb2-3","sellTxId":"ecec678c82c977420d89cf1342b6faa800f47a65"}
{"index": {"_index":"sim","_id":"2536670"}}
	{"id":2536670,"type":"sell","buyer":"pi-trader","seller":"brofi-market","symbol":"SIM","quantity":"0.001","price":"0.00066101","timestamp":1642090629,"volume":"0.00000066","buyTxId":"5386f9661c67d96da14333bd5c1b94ae72b9da80-2","sellTxId":"5d7f571a344a2e957f97821c895bee8686e5a40c"}
{"index": {"_index":"sim","_id":"2536761"}}
	{"id":2536761,"type":"buy","buyer":"barterrick","seller":"themarkymark","symbol":"SIM","quantity":"1.000","price":"0.00070000","timestamp":1642091448,"volume":"0.00070000","buyTxId":"bbf67d6efc624b0e848b97f9d401bfd6eba4dbe5","sellTxId":"c660b7888599d4e39f92911a9dd0ba26ab693486"}
{"index": {"_index":"sim","_id":"2536917"}}
	{"id":2536917,"type":"sell","buyer":"pi-trader","seller":"otherbrandt","symbol":"SIM","quantity":"100000.000","price":"0.00066101","timestamp":1642092663,"volume":"66.10100000","buyTxId":"bcec9e9ad648e66cb63321541da6ec6312e26f7e-1","sellTxId":"07f50ea8912541502f362a7856766687610b2c47"}
{"index": {"_index":"sim","_id":"2536918"}}
	{"id":2536918,"type":"sell","buyer":"tdctunes","seller":"otherbrandt","symbol":"SIM","quantity":"2477.000","price":"0.00066100","timestamp":1642092663,"volume":"1.63729700","buyTxId":"4434cff911b02766b5905ebfdc0add2c42f503b3","sellTxId":"07f50ea8912541502f362a7856766687610b2c47"}
{"index": {"_index":"sim","_id":"2537205"}}
	{"id":2537205,"type":"sell","buyer":"pi-trader","seller":"anosys","symbol":"SIM","quantity":"20.002","price":"0.00066101","timestamp":1642094997,"volume":"0.01322152","buyTxId":"29a800825ff4d8875baa0169c4c675b492c38a29-2","sellTxId":"eda4fa693430c50ae1378b71bfcc17de28955165"}
{"index": {"_index":"sim","_id":"2537334"}}
	{"id":2537334,"type":"buy","buyer":"mengao","seller":"themarkymark","symbol":"SIM","quantity":"1100.000","price":"0.00070000","timestamp":1642096188,"volume":"0.77000000","buyTxId":"83b3a1621fca31db393e61999d85c59ea6317b33","sellTxId":"c660b7888599d4e39f92911a9dd0ba26ab693486"}
{"index": {"_index":"sim","_id":"2537370"}}
	{"id":2537370,"type":"sell","buyer":"pi-trader","seller":"mango-juice","symbol":"SIM","quantity":"2103.033","price":"0.00066103","timestamp":1642096629,"volume":"1.39016790","buyTxId":"aa6980be898374bd35b39fc990a2d2af12d0c0d9-3","sellTxId":"3bbc6dc17a45a306564a1d26c9ad93d423249be2"}
{"index": {"_index":"sim","_id":"2537492"}}
	{"id":2537492,"type":"sell","buyer":"pi-trader","seller":"lisamgentile1961","symbol":"SIM","quantity":"93.827","price":"0.00066103","timestamp":1642097817,"volume":"0.06202246","buyTxId":"fbfc66b70dd07d215733653770bab762848be650-3","sellTxId":"b67ba208b58b4acf3a0ed3b5c826e4faaa6f4d5f"}
{"index": {"_index":"sim","_id":"2537567"}}
	{"id":2537567,"type":"buy","buyer":"jjprac","seller":"themarkymark","symbol":"SIM","quantity":"4400.000","price":"0.00070000","timestamp":1642098450,"volume":"3.08000000","buyTxId":"783f3cbd5c505f6c934740beab9c505735cf1964","sellTxId":"c660b7888599d4e39f92911a9dd0ba26ab693486"}
{"index": {"_index":"sim","_id":"2537580"}}
	{"id":2537580,"type":"sell","buyer":"pi-trader","seller":"alexvan","symbol":"SIM","quantity":"10000.000","price":"0.00066103","timestamp":1642098657,"volume":"6.61030000","buyTxId":"e4178fa2a0b9df97de00fffd30bc8d7a399acbaa-1","sellTxId":"a25f4f8507073aa59d7c36bbc241cf52a104a69a"}
{"index": {"_index":"sim","_id":"2537622"}}
	{"id":2537622,"type":"sell","buyer":"pi-trader","seller":"petlore","symbol":"SIM","quantity":"553.143","price":"0.00066103","timestamp":1642099134,"volume":"0.36564412","buyTxId":"d97ccda9d186ef20cb26d2bb6579d88d9d14a2ec-3","sellTxId":"08a53e9a50147cc69ccc050f8233b810dacb23ee"}
{"index": {"_index":"sim","_id":"2537733"}}
	{"id":2537733,"type":"sell","buyer":"pi-trader","seller":"taitux","symbol":"SIM","quantity":"12737.500","price":"0.00066103","timestamp":1642100268,"volume":"8.41986963","buyTxId":"e5d0f352f8e4a2845bd369d2c2d684dcb72b0d94-5","sellTxId":"7129404129363bcf5eba0b19c47885d1188fa411"}
{"index": {"_index":"sim","_id":"2537896"}}
	{"id":2537896,"type":"sell","buyer":"pi-trader","seller":"epilatero","symbol":"SIM","quantity":"1585","price":"0.00066103","timestamp":1642101420,"volume":"1.04773255","buyTxId":"4d6796fd1a7fedaa3d1359bcda7d3609ed76df69-3","sellTxId":"95c8c794fb87e4d9f4dedb4e99aaca535eda0ade"}
{"index": {"_index":"sim","_id":"2538159"}}
	{"id":2538159,"type":"sell","buyer":"pi-trader","seller":"medaymane","symbol":"SIM","quantity":"3584.000","price":"0.00066103","timestamp":1642104681,"volume":"2.36913152","buyTxId":"5e851ed1f35ccdf7c3d0039461383d0c3d4eb524-3","sellTxId":"9a88b51970ece0e37525ba6867f870e003187809"}
{"index": {"_index":"sim","_id":"2538166"}}
	{"id":2538166,"type":"sell","buyer":"pi-trader","seller":"piotr42","symbol":"SIM","quantity":"367.000","price":"0.00066103","timestamp":1642104795,"volume":"0.24259801","buyTxId":"1c08b0d3b7b704bf1b4c75dd69979ae5fc8fd8ac-5","sellTxId":"d99fd149f08a68fce6d3dbff3d1739c53e66dfb4"}
{"index": {"_index":"sim","_id":"2538195"}}
	{"id":2538195,"type":"buy","buyer":"notak1","seller":"medaymane","symbol":"SIM","quantity":"2000.400","price":"0.00068103","timestamp":1642105302,"volume":"1.36233241","buyTxId":"cd7224533d7acde6683d92bdeabb8e62b59cfbe4","sellTxId":"9b6a9b178505409704750d929e728fc358493244"}
{"index": {"_index":"sim","_id":"2538201"}}
	{"id":2538201,"type":"sell","buyer":"pi-trader","seller":"medaymane","symbol":"SIM","quantity":"806.000","price":"0.00066103","timestamp":1642105338,"volume":"0.53279018","buyTxId":"b8aca81addc401627ead63cdff95d80b1ff501be-3","sellTxId":"7124a5d81e403a8bbe6b67ad5de326c824d82ebd"}
{"index": {"_index":"sim","_id":"2538203"}}
	{"id":2538203,"type":"sell","buyer":"pi-trader","seller":"vincentnijman","symbol":"SIM","quantity":"1620.000","price":"0.00066103","timestamp":1642105356,"volume":"1.07086860","buyTxId":"b8aca81addc401627ead63cdff95d80b1ff501be-3","sellTxId":"b545aa81a88bafdfcbe352aa8d81b763f4909fbd"}
{"index": {"_index":"sim","_id":"2538243"}}
	{"id":2538243,"type":"buy","buyer":"notak1","seller":"medaymane","symbol":"SIM","quantity":"3000.000","price":"0.00069103","timestamp":1642106040,"volume":"2.07309000","buyTxId":"56f4db74eec8ead8be51e27304db57d9958c253c","sellTxId":"8f7b01934509db0d82a9891a23036ee38f7d2087"}
{"index": {"_index":"sim","_id":"2538278"}}
	{"id":2538278,"type":"sell","buyer":"pi-trader","seller":"balte","symbol":"SIM","quantity":"19000.000","price":"0.00066103","timestamp":1642106706,"volume":"12.55957000","buyTxId":"68532901c752f7ac93812ee99e1f48a7b542b28b-3","sellTxId":"b5a268800b5c9d916dcacfb10a179bd229f23dea"}
{"index": {"_index":"sim","_id":"2538310"}}
	{"id":2538310,"type":"sell","buyer":"pi-trader","seller":"industriouslv2","symbol":"SIM","quantity":"3781.000","price":"0.00066109","timestamp":1642107315,"volume":"2.49958129","buyTxId":"964999aff5c03a2428b466b487717222a3184c91-1","sellTxId":"7615ba77fe4bcf7c2cbb49741b25f989c3e45955"}
{"index": {"_index":"sim","_id":"2538319"}}
	{"id":2538319,"type":"buy","buyer":"notak1","seller":"daveks","symbol":"SIM","quantity":"14800.000","price":"0.00069000","timestamp":1642107492,"volume":"10.21200000","buyTxId":"5ac9dacb5f3edcdfae260a364870d31e22dbde38","sellTxId":"d24d064f9aa7aea29b0c67d423d56eec09ff2115"}
{"index": {"_index":"sim","_id":"2538462"}}
	{"id":2538462,"type":"buy","buyer":"automaton","seller":"pi-trader","symbol":"SIM","quantity":"500.000","price":"0.00069999","timestamp":1642109370,"volume":"0.34999500","buyTxId":"ebb05be42060f8457b0e552a8e2e4c8fa4c48b70","sellTxId":"8c96fa55b1d7000f206e3c7f32bcaee89b740c4b"}
{"index": {"_index":"sim","_id":"2538590"}}
	{"id":2538590,"type":"sell","buyer":"pi-trader","seller":"steem-hodler","symbol":"SIM","quantity":"31100.000","price":"0.00066503","timestamp":1642111239,"volume":"20.68243300","buyTxId":"2036638239be1a9f31e1051c3132eafe7d0832a1-1","sellTxId":"307dd4e0b690e0e6baab4a7b85aea35da8561982"}
{"index": {"_index":"sim","_id":"2538645"}}
	{"id":2538645,"type":"sell","buyer":"pi-trader","seller":"retrodroid","symbol":"SIM","quantity":"7.862","price":"0.00066503","timestamp":1642112046,"volume":"0.00522847","buyTxId":"5709453fa8efcf8ada36875970776c3441e52658-3","sellTxId":"e7e159a847c6ceb67691048acae54f17a9eee948"}
{"index": {"_index":"sim","_id":"2538695"}}
	{"id":2538695,"type":"sell","buyer":"pi-trader","seller":"thatcryptodave","symbol":"SIM","quantity":"1927.222","price":"0.00066503","timestamp":1642112856,"volume":"1.28166045","buyTxId":"ecc1d2b320a15bd6804890c4371ea861c34e97fa-1","sellTxId":"fa590073c3842875999a994b7cce7f09d418d137"}
{"index": {"_index":"sim","_id":"2538705"}}
	{"id":2538705,"type":"sell","buyer":"pi-trader","seller":"thahodler","symbol":"SIM","quantity":"1385.710","price":"0.00066503","timestamp":1642113009,"volume":"0.92153872","buyTxId":"7e23693a22dfde8503f069e884fb9f0e380ceeca-3","sellTxId":"d2681f95b7b958bdd844d6ea922c70925739d101"}
{"index": {"_index":"sim","_id":"2538734"}}
	{"id":2538734,"type":"sell","buyer":"pi-trader","seller":"gamsam","symbol":"SIM","quantity":"100000.000","price":"0.00066503","timestamp":1642113594,"volume":"66.50300000","buyTxId":"793d22979da055d0407dbacf75285a32c2c1d08d-3","sellTxId":"e5817c7eb84a4f2574be51875f81ae1bf84431c4"}
{"index": {"_index":"sim","_id":"2538735"}}
	{"id":2538735,"type":"sell","buyer":"princekham","seller":"gamsam","symbol":"SIM","quantity":"21294.000","price":"0.00066502","timestamp":1642113594,"volume":"14.16093588","buyTxId":"5480bcc0a2ba89eec6dd7110edc04bb1a2887ac3","sellTxId":"e5817c7eb84a4f2574be51875f81ae1bf84431c4"}
{"index": {"_index":"sim","_id":"2538807"}}
	{"id":2538807,"type":"sell","buyer":"pi-trader","seller":"marfonso","symbol":"SIM","quantity":"973.348","price":"0.00066503","timestamp":1642113990,"volume":"0.64730562","buyTxId":"0a3c0449cd5cc3f9adee07214278eb9b2c4adbe8-2","sellTxId":"08e96dc900fe286fee9b564a5d7a82d596c340c1"}
{"index": {"_index":"sim","_id":"2538916"}}
	{"id":2538916,"type":"sell","buyer":"pi-trader","seller":"elevator09","symbol":"SIM","quantity":"11626.000","price":"0.00066503","timestamp":1642115292,"volume":"7.73163878","buyTxId":"2f206d55955894ac46c7727a9f91cb4908642f5d-3","sellTxId":"6a15e495a866749f382a34f632a6c8bde8f5dd3e"}
{"index": {"_index":"sim","_id":"2538929"}}
	{"id":2538929,"type":"sell","buyer":"scotty297","seller":"svirus","symbol":"SIM","quantity":"8700.000","price":"0.00069000","timestamp":1642115463,"volume":"6.00300000","buyTxId":"50d6dc601737862e041809b8790b687ef0df7656","sellTxId":"264ca573d23dc938aec90dbf5db1efc2d2b190f2-1"}
{"index": {"_index":"sim","_id":"2538931"}}
	{"id":2538931,"type":"sell","buyer":"pi-trader","seller":"elevator09","symbol":"SIM","quantity":"426.818","price":"0.00066503","timestamp":1642115487,"volume":"0.28384677","buyTxId":"5a5f8f268d294f5ee60f7d48e00f2ab910857d52-4","sellTxId":"d0a6917cb58d75e035cb65c2a880eb3130e414d7"}
{"index": {"_index":"sim","_id":"2539030"}}
	{"id":2539030,"type":"sell","buyer":"pi-trader","seller":"onestrong","symbol":"SIM","quantity":"201.000","price":"0.00066503","timestamp":1642116888,"volume":"0.13367103","buyTxId":"5be835695915d4c7881a7fa421a659d1bfb80120-3","sellTxId":"96d82af82c92ccac1e50c0c42e82fcf0c6ab28bf"}
{"index": {"_index":"sim","_id":"2539054"}}
	{"id":2539054,"type":"sell","buyer":"pi-trader","seller":"boycharliefamily","symbol":"SIM","quantity":"6410.146","price":"0.00066503","timestamp":1642117029,"volume":"4.26293939","buyTxId":"159c9e9eb1f411ab6b2f1ea18e6df036de544c51-5","sellTxId":"8cffd15f120a02de29dc38fa23eadff7b80e0a41"}
{"index": {"_index":"sim","_id":"2539113"}}
	{"id":2539113,"type":"buy","buyer":"notak1","seller":"maddogmike","symbol":"SIM","quantity":"290.264","price":"0.00067000","timestamp":1642117398,"volume":"0.19447688","buyTxId":"01b152237da04d6dc2f7123d7acf949abb86d52a","sellTxId":"5a354ac8f654fad809945b599cb3153f31c10fd6"}
{"index": {"_index":"sim","_id":"2539333"}}
	{"id":2539333,"type":"buy","buyer":"princekham","seller":"brofi-market","symbol":"SIM","quantity":"0.004","price":"0.00066503","timestamp":1642119381,"volume":"0.00000266","buyTxId":"b9a74f31afa0fa8e8225fde2e016ccb0b4c7dcd0","sellTxId":"3f4ef92a864458d6a3b5a5fb17b8402d8169f00e"}
{"index": {"_index":"sim","_id":"2539659"}}
	{"id":2539659,"type":"sell","buyer":"pi-trader","seller":"ericburgoyne","symbol":"SIM","quantity":"61.858","price":"0.00066501","timestamp":1642124895,"volume":"0.04113619","buyTxId":"9fa5dd3cc9e2fa8691884cb08adaf3c032d22de6-1","sellTxId":"d2c0195094e637a550714e81acd2b8dcadf10167"}
{"index": {"_index":"sim","_id":"2539732"}}
	{"id":2539732,"type":"sell","buyer":"pi-trader","seller":"fiberfrau","symbol":"SIM","quantity":"5.796","price":"0.00066501","timestamp":1642126209,"volume":"0.00385440","buyTxId":"c2f2429d2dd460c33b2bd993c7bfcd8b55cfa853-2","sellTxId":"c36cd213bb17b3c84da2a805231dee073b456432"}
{"index": {"_index":"sim","_id":"2539836"}}
	{"id":2539836,"type":"sell","buyer":"pi-trader","seller":"apoloo1","symbol":"SIM","quantity":"0.078","price":"0.00066501","timestamp":1642127553,"volume":"0.00005187","buyTxId":"e64e0d01c35be0d6580ac21562028a4da72fc480-1","sellTxId":"ed8407e80dc5999647614880a872aff1b6632bf0"}
{"index": {"_index":"sim","_id":"2539894"}}
	{"id":2539894,"type":"sell","buyer":"pi-trader","seller":"andy4475","symbol":"SIM","quantity":"47.453","price":"0.00066501","timestamp":1642127943,"volume":"0.03155672","buyTxId":"a0f1c1eeea3d1b90f6df5d64a2b7a8dfec62947f-4","sellTxId":"245b28b81ce82224d34c927172fe386a16c40219"}
{"index": {"_index":"sim","_id":"2539970"}}
	{"id":2539970,"type":"buy","buyer":"princekham","seller":"elianaicgomes","symbol":"SIM","quantity":"400.000","price":"0.00067000","timestamp":1642128714,"volume":"0.26800000","buyTxId":"f37370c0844d1448fe491de52e211363f4ff22e3","sellTxId":"97cc0110ff0bcb7715cc83d46430cee8f22ba28d"}
{"index": {"_index":"sim","_id":"2539984"}}
	{"id":2539984,"type":"sell","buyer":"pi-trader","seller":"kasaisoul","symbol":"SIM","quantity":"0.072","price":"0.00066601","timestamp":1642128972,"volume":"0.00004795","buyTxId":"f720817abdb7ceadf42be945a6ae77dbcd7cf482-2","sellTxId":"993f04a711200f4e099a449b2efd41e9813b8fb8"}
{"index": {"_index":"sim","_id":"2540003"}}
	{"id":2540003,"type":"buy","buyer":"notak1","seller":"elianaicgomes","symbol":"SIM","quantity":"547.099","price":"0.00067000","timestamp":1642129089,"volume":"0.36655633","buyTxId":"a0554267a172a7437c1b4411aa4998d6d809da58","sellTxId":"97cc0110ff0bcb7715cc83d46430cee8f22ba28d"}
{"index": {"_index":"sim","_id":"2540055"}}
	{"id":2540055,"type":"buy","buyer":"notak1","seller":"salexa5","symbol":"SIM","quantity":"500.000","price":"0.00067000","timestamp":1642129824,"volume":"0.33500000","buyTxId":"7adb862eaa6b3d642c0977c9158ae4a33cb4524b","sellTxId":"6fbdc520075e39b7aa631d4515fe3b97f2f29d41"}
{"index": {"_index":"sim","_id":"2540091"}}
	{"id":2540091,"type":"buy","buyer":"dkid14","seller":"brofi-market","symbol":"SIM","quantity":"0.004","price":"0.00069999","timestamp":1642130001,"volume":"0.00000280","buyTxId":"03ca984654ff1ce6de27d9ce0a0b6825316403df","sellTxId":"1d95c99d1deede973c25bdcf693376b4868e0014"}
{"index": {"_index":"sim","_id":"2540092"}}
	{"id":2540092,"type":"buy","buyer":"dkid14","seller":"pi-trader","symbol":"SIM","quantity":"5213.126","price":"0.00069999","timestamp":1642130001,"volume":"3.64913607","buyTxId":"03ca984654ff1ce6de27d9ce0a0b6825316403df","sellTxId":"4acd6c57ddd15b7801029b178513b35519b49b3a"}
{"index": {"_index":"sim","_id":"2540150"}}
	{"id":2540150,"type":"sell","buyer":"pi-trader","seller":"earaya","symbol":"SIM","quantity":"9550.000","price":"0.00066601","timestamp":1642130490,"volume":"6.36039550","buyTxId":"6f78841363593d9b3689385214b4701ae7a05940-1","sellTxId":"7c6163a6ffd6d107d24db514854413d09592a338"}
{"index": {"_index":"sim","_id":"2540175"}}
	{"id":2540175,"type":"sell","buyer":"pi-trader","seller":"thatcryptodave","symbol":"SIM","quantity":"504.031","price":"0.00066601","timestamp":1642130937,"volume":"0.33568969","buyTxId":"aa8eba5b881e55f1985b0c0de0f32bfd32602fca-3","sellTxId":"6b47b0affb43b17e41bddc8d2485a2f057ed0cdf"}
{"index": {"_index":"sim","_id":"2540312"}}
	{"id":2540312,"type":"sell","buyer":"pi-trader","seller":"davethegreat","symbol":"SIM","quantity":"800.000","price":"0.00066701","timestamp":1642132110,"volume":"0.53360800","buyTxId":"f335aadcff1f4c7f3239aa7443ae29b5f6f64d7c-1","sellTxId":"f11466f50f6c1ba521c9f65979844179b0268e2d"}
