{"index": {"_index":"sim","_id":"1405306"}}
	{"id":1405306,"type":"sell","buyer":"pi-trader","seller":"theguruasia","symbol":"SIM","quantity":"413.924","price":"0.00184001","timestamp":1629688095,"volume":"0.76162430","buyTxId":"610b6eafb53c2b00bd1397dd0814fe48741f64f0-1","sellTxId":"d6d1fa457c9f34da765f4112e771822caaa74e48"}
{"index": {"_index":"sim","_id":"1405343"}}
	{"id":1405343,"type":"sell","buyer":"pi-trader","seller":"thesimguru","symbol":"SIM","quantity":"2994.600","price":"0.00184001","timestamp":1629688701,"volume":"5.51009395","buyTxId":"e956bb958953ad7bd333b63d4d366def16d4cc62-1","sellTxId":"1f499f24d4f2661c3797eb3b8d85ddae88cc48af"}
{"index": {"_index":"sim","_id":"1405400"}}
	{"id":1405400,"type":"sell","buyer":"pi-trader","seller":"winebank","symbol":"SIM","quantity":"1889.000","price":"0.00184001","timestamp":1629689016,"volume":"3.47577889","buyTxId":"46db27f78da77b3b53dd81e9cfd58b6fa4f941c4-1","sellTxId":"7c36d24206d97c72fea9685d486edba709324d07"}
{"index": {"_index":"sim","_id":"1405466"}}
	{"id":1405466,"type":"buy","buyer":"konvik","seller":"mastergerund","symbol":"SIM","quantity":"80462.000","price":"0.00191000","timestamp":1629689463,"volume":"153.68242000","buyTxId":"e049450322cf84d83625eaf36cb67dd00a94ac09-0","sellTxId":"90b06e89a57e9a60a6b89c768b8240afa36317fa"}
{"index": {"_index":"sim","_id":"1405493"}}
	{"id":1405493,"type":"sell","buyer":"pi-trader","seller":"minnowspower","symbol":"SIM","quantity":"271.242","price":"0.00185001","timestamp":1629689787,"volume":"0.50180041","buyTxId":"f4810360578c57854ebdbc1906020e97b09b341b-1","sellTxId":"e49c0ff95fb5675c7ec17ee7d190f98e9483841f"}
{"index": {"_index":"sim","_id":"1405501"}}
	{"id":1405501,"type":"sell","buyer":"pi-trader","seller":"trendotoken","symbol":"SIM","quantity":"214.944","price":"0.00185001","timestamp":1629689931,"volume":"0.39764855","buyTxId":"c06db4648df5f6e65800db31e112c0c59f6cb893-1","sellTxId":"b92b095b8c4dac820a760b4dc9ab87df791bdd50"}
{"index": {"_index":"sim","_id":"1405521"}}
	{"id":1405521,"type":"sell","buyer":"pi-trader","seller":"goldcoin","symbol":"SIM","quantity":"52.460","price":"0.00185001","timestamp":1629690123,"volume":"0.09705152","buyTxId":"dd0eae5bea6c3e552ee929b41a23ed9ed5ad5476-1","sellTxId":"e856618ba39fe1b62acc1d10adb832148da2d903"}
{"index": {"_index":"sim","_id":"1405570"}}
	{"id":1405570,"type":"sell","buyer":"pi-trader","seller":"asimo","symbol":"SIM","quantity":"447.159","price":"0.00185001","timestamp":1629690732,"volume":"0.82724862","buyTxId":"fcd9be792b361751e9465ff3fcf5a2a6a60c0ae6-1","sellTxId":"a4d5caa2b0baf4b2cc17ba931a85ec7806fbda65"}
{"index": {"_index":"sim","_id":"1405689"}}
	{"id":1405689,"type":"sell","buyer":"pi-trader","seller":"manoldonchev","symbol":"SIM","quantity":"15000.000","price":"0.00185001","timestamp":1629691914,"volume":"27.75015000","buyTxId":"7d355397dc24ab6c2520527b3cd85c30501c63a8-1","sellTxId":"9afe10581fc2b77dad5d31ae2e1fe8752b615e6c"}
{"index": {"_index":"sim","_id":"1405691"}}
	{"id":1405691,"type":"sell","buyer":"mastergerund","seller":"jywahaha","symbol":"SIM","quantity":"69287.000","price":"0.00185000","timestamp":1629691941,"volume":"128.18095000","buyTxId":"1a44227a48f2ba2e26602c48ff8edda024b1893a","sellTxId":"c0b1a12922c6316dc9a5692a8c9c235d9d67fa25"}
{"index": {"_index":"sim","_id":"1405723"}}
	{"id":1405723,"type":"sell","buyer":"pi-trader","seller":"brofi-market","symbol":"SIM","quantity":"149.047","price":"0.00185001","timestamp":1629692214,"volume":"0.27573844","buyTxId":"25893fef444b895439e8eac951a2ebe075e0f0c4","sellTxId":"ebadbc9840d41f4599db09fb5ce58562c4463096"}
{"index": {"_index":"sim","_id":"1405738"}}
	{"id":1405738,"type":"sell","buyer":"pi-trader","seller":"megalithic","symbol":"SIM","quantity":"15000.000","price":"0.00185001","timestamp":1629692325,"volume":"27.75015000","buyTxId":"335e65d4a17eed90246620cbaac63111c5d4d4ff-1","sellTxId":"dbcd97bc91e6a1688de7872d14b14c3df111a35c"}
{"index": {"_index":"sim","_id":"1405739"}}
	{"id":1405739,"type":"sell","buyer":"mastergerund","seller":"megalithic","symbol":"SIM","quantity":"7865.000","price":"0.00185000","timestamp":1629692325,"volume":"14.55025000","buyTxId":"1a44227a48f2ba2e26602c48ff8edda024b1893a","sellTxId":"dbcd97bc91e6a1688de7872d14b14c3df111a35c"}
{"index": {"_index":"sim","_id":"1405750"}}
	{"id":1405750,"type":"sell","buyer":"pi-trader","seller":"trumpman","symbol":"SIM","quantity":"2659.457","price":"0.00185001","timestamp":1629692490,"volume":"4.92002204","buyTxId":"67bdc1826eac6e5299f72af70c5ccdd6b0c42af1","sellTxId":"b8d5085c4a39b8a0745ab0a22a1e3b19510f3d8e"}
{"index": {"_index":"sim","_id":"1405795"}}
	{"id":1405795,"type":"buy","buyer":"finguru","seller":"nftmart.fees","symbol":"SIM","quantity":"121.000","price":"0.00191997","timestamp":1629693066,"volume":"0.23231637","buyTxId":"9f691b2d5db865494d41e9867e0d4d08109c3c5c","sellTxId":"3dcf582d47145deda38096d2f7dd8410e8443d51-0"}
{"index": {"_index":"sim","_id":"1405796"}}
	{"id":1405796,"type":"buy","buyer":"finguru","seller":"brofi-market","symbol":"SIM","quantity":"149.047","price":"0.00191998","timestamp":1629693066,"volume":"0.28616726","buyTxId":"9f691b2d5db865494d41e9867e0d4d08109c3c5c","sellTxId":"6fabc5260cb7c83a66740ac922604e60f9b94784"}
{"index": {"_index":"sim","_id":"1405797"}}
	{"id":1405797,"type":"buy","buyer":"finguru","seller":"minerthreat","symbol":"SIM","quantity":"2026.882","price":"0.00192000","timestamp":1629693066,"volume":"3.89161437","buyTxId":"9f691b2d5db865494d41e9867e0d4d08109c3c5c","sellTxId":"8421f9106411f056491ed77e3a7ec8301825671d"}
{"index": {"_index":"sim","_id":"1405802"}}
	{"id":1405802,"type":"sell","buyer":"pi-trader","seller":"jywahaha","symbol":"SIM","quantity":"15000.000","price":"0.00185001","timestamp":1629693171,"volume":"27.75015000","buyTxId":"576c4eb6aa8b65874e728c063a338846e5a937a5-1","sellTxId":"47d64098aaf277ac07679d2db182063ca22526c2"}
{"index": {"_index":"sim","_id":"1405803"}}
	{"id":1405803,"type":"sell","buyer":"mastergerund","seller":"jywahaha","symbol":"SIM","quantity":"17442.000","price":"0.00185000","timestamp":1629693171,"volume":"32.26770000","buyTxId":"1a44227a48f2ba2e26602c48ff8edda024b1893a","sellTxId":"47d64098aaf277ac07679d2db182063ca22526c2"}
{"index": {"_index":"sim","_id":"1405811"}}
	{"id":1405811,"type":"buy","buyer":"konvik","seller":"jywahaha","symbol":"SIM","quantity":"694.000","price":"0.00185000","timestamp":1629693312,"volume":"1.28390000","buyTxId":"65debd8abb877410cdb18a4e19e47d915c922453-0","sellTxId":"47d64098aaf277ac07679d2db182063ca22526c2"}
{"index": {"_index":"sim","_id":"1405812"}}
	{"id":1405812,"type":"buy","buyer":"konvik","seller":"blue.rabbit","symbol":"SIM","quantity":"13317.327","price":"0.00188000","timestamp":1629693312,"volume":"25.03657476","buyTxId":"65debd8abb877410cdb18a4e19e47d915c922453-0","sellTxId":"98b30792fb18b08542260e24ba31cc234055aed6"}
{"index": {"_index":"sim","_id":"1405837"}}
	{"id":1405837,"type":"buy","buyer":"juanvegetarian","seller":"nftmart.fees","symbol":"SIM","quantity":"121.000","price":"0.00187999","timestamp":1629693606,"volume":"0.22747879","buyTxId":"daddf743973f997c88308931e537222b9c9f9cbf","sellTxId":"f033e07f6e65b5e0fec7f8dadb68171a0b4a2670-0"}
{"index": {"_index":"sim","_id":"1405838"}}
	{"id":1405838,"type":"buy","buyer":"juanvegetarian","seller":"blue.rabbit","symbol":"SIM","quantity":"16.000","price":"0.00188000","timestamp":1629693606,"volume":"0.03008000","buyTxId":"daddf743973f997c88308931e537222b9c9f9cbf","sellTxId":"98b30792fb18b08542260e24ba31cc234055aed6"}
{"index": {"_index":"sim","_id":"1405951"}}
	{"id":1405951,"type":"buy","buyer":"thegoliath","seller":"nftmart.fees","symbol":"SIM","quantity":"106.000","price":"0.00187999","timestamp":1629695502,"volume":"0.19927894","buyTxId":"6b08c4fd8dfaeadef90d16f9dd68622de9dc6dcd","sellTxId":"1ad846d207ada396bf1615ad561cc1e46612f749-0"}
{"index": {"_index":"sim","_id":"1405952"}}
	{"id":1405952,"type":"buy","buyer":"thegoliath","seller":"blue.rabbit","symbol":"SIM","quantity":"677.860","price":"0.00188000","timestamp":1629695502,"volume":"1.27437680","buyTxId":"6b08c4fd8dfaeadef90d16f9dd68622de9dc6dcd","sellTxId":"98b30792fb18b08542260e24ba31cc234055aed6"}
{"index": {"_index":"sim","_id":"1405953"}}
	{"id":1405953,"type":"buy","buyer":"thegoliath","seller":"minerthreat","symbol":"SIM","quantity":"398.118","price":"0.00192000","timestamp":1629695502,"volume":"0.76438656","buyTxId":"6b08c4fd8dfaeadef90d16f9dd68622de9dc6dcd","sellTxId":"8421f9106411f056491ed77e3a7ec8301825671d"}
{"index": {"_index":"sim","_id":"1405954"}}
	{"id":1405954,"type":"buy","buyer":"thegoliath","seller":"looftee","symbol":"SIM","quantity":"15818.022","price":"0.00192500","timestamp":1629695502,"volume":"30.44969235","buyTxId":"6b08c4fd8dfaeadef90d16f9dd68622de9dc6dcd","sellTxId":"75f9b360c0f34958898e7ddbdf75d506a7d29641"}
{"index": {"_index":"sim","_id":"1405999"}}
	{"id":1405999,"type":"sell","buyer":"joshh71390","seller":"sallhiddles","symbol":"SIM","quantity":"2000.000","price":"0.00184000","timestamp":1629696072,"volume":"3.68000000","buyTxId":"cbfedf47f310d8583cbb937c56eaf49e774b1fc3","sellTxId":"49a80f1329ad7f9e78035bd77b1be477212332a0"}
{"index": {"_index":"sim","_id":"1406003"}}
	{"id":1406003,"type":"sell","buyer":"joshh71390","seller":"sallhiddles","symbol":"SIM","quantity":"5000.000","price":"0.00182000","timestamp":1629696171,"volume":"9.10000000","buyTxId":"403174d0adcf6d3d9c0a7e59bc8f0fbface12682","sellTxId":"3a768a165fb7f5f114677c90e2ac787cb4413641"}
{"index": {"_index":"sim","_id":"1406004"}}
	{"id":1406004,"type":"sell","buyer":"sbi-tokens","seller":"sallhiddles","symbol":"SIM","quantity":"22060.115","price":"0.00180000","timestamp":1629696171,"volume":"39.70820700","buyTxId":"c9abf9af508855db43bb5189ccc61de20ac8262d","sellTxId":"3a768a165fb7f5f114677c90e2ac787cb4413641"}
{"index": {"_index":"sim","_id":"1406022"}}
	{"id":1406022,"type":"buy","buyer":"finguru","seller":"nftmart.fees","symbol":"SIM","quantity":"92.000","price":"0.00189999","timestamp":1629696516,"volume":"0.17479908","buyTxId":"2e8b9cbc4838e8acab4bd77bdd0faa8dd698ab0d","sellTxId":"5c8985c8f3fb005332da16d9fdac9d665c90d45b-0"}
{"index": {"_index":"sim","_id":"1406023"}}
	{"id":1406023,"type":"buy","buyer":"finguru","seller":"jywahaha","symbol":"SIM","quantity":"1055.791","price":"0.00190000","timestamp":1629696516,"volume":"2.00600414","buyTxId":"2e8b9cbc4838e8acab4bd77bdd0faa8dd698ab0d","sellTxId":"a23ef39a2e5bc729b50fb244b37eedc82b6c9869"}
{"index": {"_index":"sim","_id":"1406054"}}
	{"id":1406054,"type":"sell","buyer":"pi-trader","seller":"fantasycrypto","symbol":"SIM","quantity":"15000.000","price":"0.00180001","timestamp":1629697302,"volume":"27.00015000","buyTxId":"c5651a0d2d4c4729e0bbe4c4f22c6699cdfe2a71","sellTxId":"7d6d1e4842604092e5bc88971ef6a4e855f03330"}
{"index": {"_index":"sim","_id":"1406055"}}
	{"id":1406055,"type":"sell","buyer":"sbi-tokens","seller":"fantasycrypto","symbol":"SIM","quantity":"23672.099","price":"0.00180000","timestamp":1629697302,"volume":"42.60977820","buyTxId":"c9abf9af508855db43bb5189ccc61de20ac8262d","sellTxId":"7d6d1e4842604092e5bc88971ef6a4e855f03330"}
{"index": {"_index":"sim","_id":"1406064"}}
	{"id":1406064,"type":"sell","buyer":"pi-trader","seller":"justinparke","symbol":"SIM","quantity":"12361.929","price":"0.00180001","timestamp":1629697335,"volume":"22.25159582","buyTxId":"5c282530c64d93135e3548ca630a7effa1fb7b0c","sellTxId":"b8b7b96bb30e7431bd5f5bdaeb5fb28f72fc8c6d"}
{"index": {"_index":"sim","_id":"1406072"}}
	{"id":1406072,"type":"buy","buyer":"thegoliath","seller":"nftmart.fees","symbol":"SIM","quantity":"80.000","price":"0.00189999","timestamp":1629697455,"volume":"0.15199920","buyTxId":"6db2b3320332cac1fe62a812c57fef67e7bdf212","sellTxId":"9783000c6fb6a5a916d0de19f4296f275425a84c-0"}
{"index": {"_index":"sim","_id":"1406073"}}
	{"id":1406073,"type":"buy","buyer":"thegoliath","seller":"jywahaha","symbol":"SIM","quantity":"22920.000","price":"0.00190000","timestamp":1629697455,"volume":"43.54800000","buyTxId":"6db2b3320332cac1fe62a812c57fef67e7bdf212","sellTxId":"a23ef39a2e5bc729b50fb244b37eedc82b6c9869"}
{"index": {"_index":"sim","_id":"1406098"}}
	{"id":1406098,"type":"sell","buyer":"pi-trader","seller":"ash","symbol":"SIM","quantity":"2695.593","price":"0.00180001","timestamp":1629697740,"volume":"4.85209436","buyTxId":"eb061c2c4197165bda0a93aa8c6a02439b5631d3-1","sellTxId":"9204c9f0f389fa2e81fb9e3e562eb7a8eecdb4ae"}
{"index": {"_index":"sim","_id":"1406125"}}
	{"id":1406125,"type":"sell","buyer":"pi-trader","seller":"manoldonchev","symbol":"SIM","quantity":"4429.000","price":"0.00180001","timestamp":1629697935,"volume":"7.97224429","buyTxId":"c1dd5bc6a957e4cc421e36357e8e56999329acca-1","sellTxId":"39e33646e9743db6137a6124b22d770c22c3a999"}
{"index": {"_index":"sim","_id":"1406187"}}
	{"id":1406187,"type":"sell","buyer":"pi-trader","seller":"bambukah","symbol":"SIM","quantity":"5000.000","price":"0.00180001","timestamp":1629698664,"volume":"9.00005000","buyTxId":"6aff1627b2f1a605a52e6a2e73ad092dd65bcd1d-1","sellTxId":"07b0ae3fa73779f7bf1dcd718b59c657b762a4d5"}
{"index": {"_index":"sim","_id":"1406246"}}
	{"id":1406246,"type":"sell","buyer":"pi-trader","seller":"gamsam","symbol":"SIM","quantity":"15000.000","price":"0.00180001","timestamp":1629699420,"volume":"27.00015000","buyTxId":"a18ab629cf9f3f7e81bc947e41f645959293eb17-1","sellTxId":"654123644ecd4d26da26fceac11633328f33b86a"}
{"index": {"_index":"sim","_id":"1406247"}}
	{"id":1406247,"type":"sell","buyer":"sbi-tokens","seller":"gamsam","symbol":"SIM","quantity":"11894.000","price":"0.00180000","timestamp":1629699420,"volume":"21.40920000","buyTxId":"c9abf9af508855db43bb5189ccc61de20ac8262d","sellTxId":"654123644ecd4d26da26fceac11633328f33b86a"}
{"index": {"_index":"sim","_id":"1406341"}}
	{"id":1406341,"type":"sell","buyer":"pi-trader","seller":"dhedge-drips","symbol":"SIM","quantity":"13.973","price":"0.00180003","timestamp":1629701118,"volume":"0.02515182","buyTxId":"4905006280e9ba96a1eb9cc4c93a85bd68a8fe1e-1","sellTxId":"2ea0d3ea9a35a214481f8c1cc5db606d3b9d9317"}
{"index": {"_index":"sim","_id":"1406416"}}
	{"id":1406416,"type":"sell","buyer":"pi-trader","seller":"pinkfloyd878","symbol":"SIM","quantity":"1750.000","price":"0.00180003","timestamp":1629702156,"volume":"3.15005250","buyTxId":"87af9514dfb556542df93947f1dd382524750ead-1","sellTxId":"4996e70381804f6c856fa41f0e9f50c0f6291095"}
{"index": {"_index":"sim","_id":"1406591"}}
	{"id":1406591,"type":"sell","buyer":"pi-trader","seller":"ayhamyou","symbol":"SIM","quantity":"4790.000","price":"0.00180003","timestamp":1629705138,"volume":"8.62214370","buyTxId":"92a7632438343b3c780418658b6562ee93f389d7-1","sellTxId":"f004935e2883128ae8dbb51224a2141212224263"}
{"index": {"_index":"sim","_id":"1406685"}}
	{"id":1406685,"type":"sell","buyer":"pi-trader","seller":"marvinix","symbol":"SIM","quantity":"339","price":"0.00180003","timestamp":1629706347,"volume":"0.61021017","buyTxId":"dc40e7651fa116da02371c88eb67afff9deeb7a5-1","sellTxId":"8737d8ba51591ec57b1b19acda3881ad50764714"}
{"index": {"_index":"sim","_id":"1406703"}}
	{"id":1406703,"type":"sell","buyer":"pi-trader","seller":"siphon","symbol":"SIM","quantity":"136.645","price":"0.00180003","timestamp":1629706605,"volume":"0.24596510","buyTxId":"fd2c28c63b4b4dfeeb1f812168f272cd48e7d54a-1","sellTxId":"61ee70c5af500caabe2df8e4d98dc7a7a93cdebf"}
{"index": {"_index":"sim","_id":"1406769"}}
	{"id":1406769,"type":"buy","buyer":"eythorphoto","seller":"nftmart.fees","symbol":"SIM","quantity":"61.000","price":"0.00188986","timestamp":1629707889,"volume":"0.11528146","buyTxId":"c155e4bec8a82fcce73375d021bb132aa80fe011","sellTxId":"0631040cee488adc4a98e02d7fd11fdd36f24a56-0"}
{"index": {"_index":"sim","_id":"1406770"}}
	{"id":1406770,"type":"buy","buyer":"eythorphoto","seller":"axeman","symbol":"SIM","quantity":"9100.000","price":"0.00188990","timestamp":1629707889,"volume":"17.19809000","buyTxId":"c155e4bec8a82fcce73375d021bb132aa80fe011","sellTxId":"9954486d91f13ea0184696b2e4dd9eab26c93315"}
{"index": {"_index":"sim","_id":"1406823"}}
	{"id":1406823,"type":"sell","buyer":"pi-trader","seller":"lightcaptured","symbol":"SIM","quantity":"1143.692","price":"0.00180003","timestamp":1629709173,"volume":"2.05867991","buyTxId":"422b56c05d9c995cc24c93653defe8dec1b90dfe-1","sellTxId":"41c4ef2a420c71c602444ddfa07e1f42e3cdb84e"}
{"index": {"_index":"sim","_id":"1406918"}}
	{"id":1406918,"type":"buy","buyer":"emergehealthier","seller":"nftmart.fees","symbol":"SIM","quantity":"61.000","price":"0.00188998","timestamp":1629710625,"volume":"0.11528878","buyTxId":"afa8e3c4e94a68e69e7aebc7157827c0445c1b38","sellTxId":"136099b1fa03dd01fc656edcf4aca2aa8135bff5-0"}
{"index": {"_index":"sim","_id":"1406921"}}
	{"id":1406921,"type":"buy","buyer":"emergehealthier","seller":"dhedge-drips","symbol":"SIM","quantity":"13.973","price":"0.00188999","timestamp":1629710679,"volume":"0.02640883","buyTxId":"eb344cff6a496b1468dea099bc2436b020cd66da","sellTxId":"b0ea376a819559ecf865376d41dd9ef9ae06909c"}
{"index": {"_index":"sim","_id":"1406934"}}
	{"id":1406934,"type":"buy","buyer":"emergehealthier","seller":"braaiboy","symbol":"SIM","quantity":"300.000","price":"0.00189000","timestamp":1629710742,"volume":"0.56700000","buyTxId":"4fb2073c412283a690edfc001c031042e34db247","sellTxId":"4bcbbf75425c3c41fee4c5ec04ca55c65ee658e5"}
{"index": {"_index":"sim","_id":"1406982"}}
	{"id":1406982,"type":"buy","buyer":"eythorphoto","seller":"braaiboy","symbol":"SIM","quantity":"1998.384","price":"0.00189000","timestamp":1629711411,"volume":"3.77694576","buyTxId":"bdd4a3e09d5071cd8a4f2d7c289cadd5633b9e29","sellTxId":"4bcbbf75425c3c41fee4c5ec04ca55c65ee658e5"}
{"index": {"_index":"sim","_id":"1406983"}}
	{"id":1406983,"type":"buy","buyer":"eythorphoto","seller":"kaseldz","symbol":"SIM","quantity":"1933.000","price":"0.00189000","timestamp":1629711411,"volume":"3.65337000","buyTxId":"bdd4a3e09d5071cd8a4f2d7c289cadd5633b9e29","sellTxId":"9a95679a45bc24223e2bac161511bcac9e1b3931"}
{"index": {"_index":"sim","_id":"1406984"}}
	{"id":1406984,"type":"buy","buyer":"eythorphoto","seller":"ardrow","symbol":"SIM","quantity":"10849.030","price":"0.00189000","timestamp":1629711411,"volume":"20.50466670","buyTxId":"bdd4a3e09d5071cd8a4f2d7c289cadd5633b9e29","sellTxId":"ca7edb0b7b61ad50974be953651fff47f7238978"}
{"index": {"_index":"sim","_id":"1406985"}}
	{"id":1406985,"type":"sell","buyer":"eythorphoto","seller":"konvik","symbol":"SIM","quantity":"10209.468","price":"0.00189000","timestamp":1629711414,"volume":"19.29589452","buyTxId":"bdd4a3e09d5071cd8a4f2d7c289cadd5633b9e29","sellTxId":"f031ad95e1d830dda0300dbc5160505ba2609e58-1"}
{"index": {"_index":"sim","_id":"1407004"}}
	{"id":1407004,"type":"buy","buyer":"eythorphoto","seller":"master-lamps","symbol":"SIM","quantity":"134.907","price":"0.00189998","timestamp":1629711516,"volume":"0.25632060","buyTxId":"e1a81f58e988d44786988514592610b29d9e658a","sellTxId":"f77666e4612bf19cd991406adef858d8bedd9188"}
{"index": {"_index":"sim","_id":"1407005"}}
	{"id":1407005,"type":"buy","buyer":"eythorphoto","seller":"jywahaha","symbol":"SIM","quantity":"714.709","price":"0.00190000","timestamp":1629711516,"volume":"1.35794710","buyTxId":"e1a81f58e988d44786988514592610b29d9e658a","sellTxId":"a23ef39a2e5bc729b50fb244b37eedc82b6c9869"}
{"index": {"_index":"sim","_id":"1407006"}}
	{"id":1407006,"type":"buy","buyer":"eythorphoto","seller":"algotraderx","symbol":"SIM","quantity":"51.000","price":"0.00190000","timestamp":1629711516,"volume":"0.09690000","buyTxId":"e1a81f58e988d44786988514592610b29d9e658a","sellTxId":"b6cd3c475d6d83a67fcf6cba5aa632d41f1f86f2"}
{"index": {"_index":"sim","_id":"1407007"}}
	{"id":1407007,"type":"buy","buyer":"eythorphoto","seller":"looftee","symbol":"SIM","quantity":"812.978","price":"0.00192500","timestamp":1629711516,"volume":"1.56498265","buyTxId":"e1a81f58e988d44786988514592610b29d9e658a","sellTxId":"75f9b360c0f34958898e7ddbdf75d506a7d29641"}
{"index": {"_index":"sim","_id":"1407059"}}
	{"id":1407059,"type":"sell","buyer":"eythorphoto","seller":"hive.miner","symbol":"SIM","quantity":"49.000","price":"0.00193000","timestamp":1629712008,"volume":"0.09457000","buyTxId":"e1a81f58e988d44786988514592610b29d9e658a","sellTxId":"2c141f5481037cc9ccd0825f3e205cad7604c0f6"}
{"index": {"_index":"sim","_id":"1407060"}}
	{"id":1407060,"type":"buy","buyer":"kael08","seller":"nftmart.fees","symbol":"SIM","quantity":"54.000","price":"0.00194999","timestamp":1629712017,"volume":"0.10529946","buyTxId":"eca401e6f91150ec5dd2000f9fbfb84ad53321bb","sellTxId":"35b8aa69c344a0af13109588396dee304db25730-0"}
{"index": {"_index":"sim","_id":"1407061"}}
	{"id":1407061,"type":"sell","buyer":"kael08","seller":"konvik","symbol":"SIM","quantity":"1073.186","price":"0.00194999","timestamp":1629712020,"volume":"2.09270197","buyTxId":"eca401e6f91150ec5dd2000f9fbfb84ad53321bb","sellTxId":"c45c16a489fccee3826f5703798f67c0e700e7b8-1"}
{"index": {"_index":"sim","_id":"1407062"}}
	{"id":1407062,"type":"sell","buyer":"eythorphoto","seller":"konvik","symbol":"SIM","quantity":"63.093","price":"0.00193000","timestamp":1629712020,"volume":"0.12176949","buyTxId":"e1a81f58e988d44786988514592610b29d9e658a","sellTxId":"c45c16a489fccee3826f5703798f67c0e700e7b8-1"}
{"index": {"_index":"sim","_id":"1407070"}}
	{"id":1407070,"type":"sell","buyer":"eythorphoto","seller":"anosys","symbol":"SIM","quantity":"106.017","price":"0.00193000","timestamp":1629712173,"volume":"0.20461281","buyTxId":"e1a81f58e988d44786988514592610b29d9e658a","sellTxId":"fb382c64e7bbff8172af0cd05dcdbedecb98ebb0"}
{"index": {"_index":"sim","_id":"1407127"}}
	{"id":1407127,"type":"sell","buyer":"eythorphoto","seller":"libertycrypto27","symbol":"SIM","quantity":"968.296","price":"0.00193000","timestamp":1629713034,"volume":"1.86881128","buyTxId":"e1a81f58e988d44786988514592610b29d9e658a","sellTxId":"a93e2d0a973e570bca4801bd679b6122a50a119b"}
{"index": {"_index":"sim","_id":"1407220"}}
	{"id":1407220,"type":"sell","buyer":"eythorphoto","seller":"tamaralovelace","symbol":"SIM","quantity":"10.118","price":"0.00189000","timestamp":1629714501,"volume":"0.01912302","buyTxId":"bdd4a3e09d5071cd8a4f2d7c289cadd5633b9e29","sellTxId":"d436eaea3951d6b7a85ae3e62788844f65c6ab90"}
{"index": {"_index":"sim","_id":"1407353"}}
	{"id":1407353,"type":"buy","buyer":"damus-nostra","seller":"nftmart.fees","symbol":"SIM","quantity":"290.000","price":"0.00188998","timestamp":1629717357,"volume":"0.54809420","buyTxId":"245589ab20617bdc7fcad21c174b6ba8c4481378","sellTxId":"1d57d5fee6340644056ccec7f46d8edd8fecc54a-0"}
{"index": {"_index":"sim","_id":"1407354"}}
	{"id":1407354,"type":"sell","buyer":"damus-nostra","seller":"konvik","symbol":"SIM","quantity":"4360.678","price":"0.00188998","timestamp":1629717360,"volume":"8.24159421","buyTxId":"245589ab20617bdc7fcad21c174b6ba8c4481378","sellTxId":"4207d67e743beca46368e17ab3f4d869b3654017-1"}
{"index": {"_index":"sim","_id":"1407359"}}
	{"id":1407359,"type":"sell","buyer":"damus-nostra","seller":"theoriginal86","symbol":"SIM","quantity":"4.322","price":"0.00188998","timestamp":1629717675,"volume":"0.00816849","buyTxId":"245589ab20617bdc7fcad21c174b6ba8c4481378","sellTxId":"4fe974a689cef3c49ecd3acf4ec894c171b60f73"}
{"index": {"_index":"sim","_id":"1407361"}}
	{"id":1407361,"type":"sell","buyer":"master-lamps","seller":"andy4475","symbol":"SIM","quantity":"69.748","price":"0.00180002","timestamp":1629717687,"volume":"0.12554779","buyTxId":"f3788cfefbccd00d735ff9dae80357d5a15ea504","sellTxId":"05d3cd7fab91267930889504e41696f95d19d6b6"}
{"index": {"_index":"sim","_id":"1407393"}}
	{"id":1407393,"type":"sell","buyer":"pi-trader","seller":"theoriginal86","symbol":"SIM","quantity":"3050.000","price":"0.00180003","timestamp":1629718239,"volume":"5.49009150","buyTxId":"ff9942854af627b95b6b7fde93c08d1e23bf4856","sellTxId":"2d72d07e0b3c9ce1d0911bfd2437a63f0d242051"}
{"index": {"_index":"sim","_id":"1407419"}}
	{"id":1407419,"type":"buy","buyer":"misuli","seller":"nftmart.fees","symbol":"SIM","quantity":"341.000","price":"0.00188999","timestamp":1629718683,"volume":"0.64448659","buyTxId":"b21f160ce5fb5d093a23bcf5d2bbf2e9b6bec20b","sellTxId":"e64c540ad140f33cad65dc1581959c8859414245-0"}
{"index": {"_index":"sim","_id":"1407420"}}
	{"id":1407420,"type":"buy","buyer":"misuli","seller":"tamaralovelace","symbol":"SIM","quantity":"843.172","price":"0.00189000","timestamp":1629718683,"volume":"1.59359508","buyTxId":"b21f160ce5fb5d093a23bcf5d2bbf2e9b6bec20b","sellTxId":"d436eaea3951d6b7a85ae3e62788844f65c6ab90"}
{"index": {"_index":"sim","_id":"1407421"}}
	{"id":1407421,"type":"sell","buyer":"misuli","seller":"konvik","symbol":"SIM","quantity":"18797.200","price":"0.00189000","timestamp":1629718686,"volume":"35.52670800","buyTxId":"b21f160ce5fb5d093a23bcf5d2bbf2e9b6bec20b","sellTxId":"4e0a2162a4752521406a7803bccc6fa142456f14-1"}
{"index": {"_index":"sim","_id":"1407427"}}
	{"id":1407427,"type":"sell","buyer":"misuli","seller":"thegoliath","symbol":"SIM","quantity":"18.628","price":"0.00189000","timestamp":1629718848,"volume":"0.03520692","buyTxId":"b21f160ce5fb5d093a23bcf5d2bbf2e9b6bec20b","sellTxId":"995f876daee3bbc528b30132ca26d0b93096f667"}
{"index": {"_index":"sim","_id":"1407428"}}
	{"id":1407428,"type":"sell","buyer":"master-lamps","seller":"thegoliath","symbol":"SIM","quantity":"15.252","price":"0.00180002","timestamp":1629718848,"volume":"0.02745391","buyTxId":"f3788cfefbccd00d735ff9dae80357d5a15ea504","sellTxId":"995f876daee3bbc528b30132ca26d0b93096f667"}
{"index": {"_index":"sim","_id":"1407429"}}
	{"id":1407429,"type":"sell","buyer":"sbi-tokens","seller":"thegoliath","symbol":"SIM","quantity":"39595.786","price":"0.00180000","timestamp":1629718848,"volume":"71.27241480","buyTxId":"c9abf9af508855db43bb5189ccc61de20ac8262d","sellTxId":"995f876daee3bbc528b30132ca26d0b93096f667"}
{"index": {"_index":"sim","_id":"1407430"}}
	{"id":1407430,"type":"sell","buyer":"joshh71390","seller":"thegoliath","symbol":"SIM","quantity":"2000.000","price":"0.00179000","timestamp":1629718848,"volume":"3.58000000","buyTxId":"5f4533ced7b2e73b6e043d8fa7f0030fd6e949e2","sellTxId":"995f876daee3bbc528b30132ca26d0b93096f667"}
{"index": {"_index":"sim","_id":"1407431"}}
	{"id":1407431,"type":"sell","buyer":"gerber","seller":"thegoliath","symbol":"SIM","quantity":"11290.862","price":"0.00177000","timestamp":1629718848,"volume":"19.98482574","buyTxId":"ac13637e81da45d80305e32aab84b42259d8310d","sellTxId":"995f876daee3bbc528b30132ca26d0b93096f667"}
{"index": {"_index":"sim","_id":"1407459"}}
	{"id":1407459,"type":"sell","buyer":"pi-trader","seller":"taitux","symbol":"SIM","quantity":"80.000","price":"0.00177001","timestamp":1629719151,"volume":"0.14160080","buyTxId":"684b6a6e096f4ca3596aad8d6a5abeca62a160a1","sellTxId":"c360d81e05a28648eaf2878542c799c7cd6b22a1"}
{"index": {"_index":"sim","_id":"1407499"}}
	{"id":1407499,"type":"buy","buyer":"danewilliams","seller":"nftmart.fees","symbol":"SIM","quantity":"258.000","price":"0.00192998","timestamp":1629720027,"volume":"0.49793484","buyTxId":"bf0b2ff1d19d71ce294005e79d2c52890fde595f","sellTxId":"a4d8cb32c7b8bf9d904ff40ace21f48aaa1327cb-0"}
{"index": {"_index":"sim","_id":"1407500"}}
	{"id":1407500,"type":"buy","buyer":"danewilliams","seller":"libertycrypto27","symbol":"SIM","quantity":"31.704","price":"0.00193000","timestamp":1629720027,"volume":"0.06118872","buyTxId":"bf0b2ff1d19d71ce294005e79d2c52890fde595f","sellTxId":"a93e2d0a973e570bca4801bd679b6122a50a119b"}
{"index": {"_index":"sim","_id":"1407501"}}
	{"id":1407501,"type":"buy","buyer":"danewilliams","seller":"tussar11","symbol":"SIM","quantity":"6283.000","price":"0.00195000","timestamp":1629720027,"volume":"12.25185000","buyTxId":"bf0b2ff1d19d71ce294005e79d2c52890fde595f","sellTxId":"990d4d0c42266f87ababe1b3ab114789b6c34cd4"}
{"index": {"_index":"sim","_id":"1407502"}}
	{"id":1407502,"type":"buy","buyer":"danewilliams","seller":"joshh71390","symbol":"SIM","quantity":"3000.000","price":"0.00197000","timestamp":1629720027,"volume":"5.91000000","buyTxId":"bf0b2ff1d19d71ce294005e79d2c52890fde595f","sellTxId":"06285b85f00068d6dee6dda487ea7bba558244a9"}
{"index": {"_index":"sim","_id":"1407503"}}
	{"id":1407503,"type":"buy","buyer":"danewilliams","seller":"medaymane","symbol":"SIM","quantity":"437.000","price":"0.00197898","timestamp":1629720027,"volume":"0.86481426","buyTxId":"bf0b2ff1d19d71ce294005e79d2c52890fde595f","sellTxId":"39556b89db62c2066cfadc799f92093ac85267e4"}
{"index": {"_index":"sim","_id":"1407504"}}
	{"id":1407504,"type":"buy","buyer":"danewilliams","seller":"jelly-cz","symbol":"SIM","quantity":"16990.296","price":"0.00198407","timestamp":1629720027,"volume":"33.70993658","buyTxId":"bf0b2ff1d19d71ce294005e79d2c52890fde595f","sellTxId":"MM-P-9800093-56783426-3-34-0"}
{"index": {"_index":"sim","_id":"1407540"}}
	{"id":1407540,"type":"sell","buyer":"pi-trader","seller":"brofi-market","symbol":"SIM","quantity":"0.002","price":"0.00180001","timestamp":1629720681,"volume":"0.00000360","buyTxId":"c170d344eb0bb24ddd6a97a289e78413af59d752-1","sellTxId":"8eb8f145f64b5937bb8ad72f25be8ebc4d63d935"}
{"index": {"_index":"sim","_id":"1407551"}}
	{"id":1407551,"type":"sell","buyer":"pi-trader","seller":"flauwy","symbol":"SIM","quantity":"9046.000","price":"0.00180001","timestamp":1629720753,"volume":"16.28289046","buyTxId":"711483fcd2bf2c9b2bca42453e16974a8996e49f-1","sellTxId":"cb028ec70accea51623954657fc2d615dd6efd01"}
{"index": {"_index":"sim","_id":"1407556"}}
	{"id":1407556,"type":"buy","buyer":"nastyforce","seller":"solovey6o2","symbol":"SIM","quantity":"1870.000","price":"0.00198400","timestamp":1629720837,"volume":"3.71008000","buyTxId":"9f0c6df1ee09633499bcea7028123d6ca7c1aecd","sellTxId":"3bc063053d65f468440a0f0d4c42d59b02b6c316"}
{"index": {"_index":"sim","_id":"1407609"}}
	{"id":1407609,"type":"buy","buyer":"ilpobre","seller":"solovey6o2","symbol":"SIM","quantity":"3311.190","price":"0.00198388","timestamp":1629721932,"volume":"6.56900362","buyTxId":"f0b200016b1ed68b60859b24fc04ba954192d758","sellTxId":"cac5ff47a19b9f1d5ff97e568b155f7d4961dd73"}
{"index": {"_index":"sim","_id":"1407626"}}
	{"id":1407626,"type":"sell","buyer":"pi-trader","seller":"liaminit1","symbol":"SIM","quantity":"167.002","price":"0.00180001","timestamp":1629722337,"volume":"0.30060527","buyTxId":"0845c0e4033d128f30a66ed391a1d3635f0e0eeb-1","sellTxId":"aad190f5e157e3ee6065c6b8d81e47525053dc2d"}
{"index": {"_index":"sim","_id":"1407650"}}
	{"id":1407650,"type":"sell","buyer":"pi-trader","seller":"dhedge-drips","symbol":"SIM","quantity":"0.001","price":"0.00180001","timestamp":1629722724,"volume":"0.00000180","buyTxId":"5c6f7a681ef088d937725b6c54815641b651a38c-1","sellTxId":"43908719039a3523454ab7367d67ace670f49fef"}
{"index": {"_index":"sim","_id":"1407676"}}
	{"id":1407676,"type":"sell","buyer":"pi-trader","seller":"hirohurl","symbol":"SIM","quantity":"42.987","price":"0.00180001","timestamp":1629723129,"volume":"0.07737703","buyTxId":"b78921482d6e359bc15a28df9f524e697873e7f7-1","sellTxId":"5855c77f0421460b16058fc4c195aae859ed3c72"}
{"index": {"_index":"sim","_id":"1408032"}}
	{"id":1408032,"type":"sell","buyer":"pi-trader","seller":"epilatero","symbol":"SIM","quantity":"1380","price":"0.00180001","timestamp":1629726744,"volume":"2.48401380","buyTxId":"01b43863f348c88beb08bcced59124b15f4fb3c4-1","sellTxId":"46a2cd6f9b9afa2dcbfd2c17c7a821ba51be02c2"}
{"index": {"_index":"sim","_id":"1408108"}}
	{"id":1408108,"type":"sell","buyer":"pi-trader","seller":"steemstreems","symbol":"SIM","quantity":"7077.002","price":"0.00180011","timestamp":1629727821,"volume":"12.73938207","buyTxId":"b3d7fa43b369a9f8c8a27f9b227f657e0fd2fa49-1","sellTxId":"c93accd032ad72328762fe35993582871552d0a0"}
{"index": {"_index":"sim","_id":"1408228"}}
	{"id":1408228,"type":"sell","buyer":"joshh71390","seller":"jacques0829","symbol":"SIM","quantity":"1000.000","price":"0.00183000","timestamp":1629730434,"volume":"1.83000000","buyTxId":"c53832c8b34ba8e9379d2a0efc3b0e3dfa75b29f","sellTxId":"705d37e1bf21cd8c275cb77e09f6621c91918d8b"}
{"index": {"_index":"sim","_id":"1408229"}}
	{"id":1408229,"type":"sell","buyer":"joshh71390","seller":"jacques0829","symbol":"SIM","quantity":"1000.000","price":"0.00181000","timestamp":1629730434,"volume":"1.81000000","buyTxId":"a24ef80181bebdf91a2cdddf981ccc9b45a92a8e","sellTxId":"705d37e1bf21cd8c275cb77e09f6621c91918d8b"}
{"index": {"_index":"sim","_id":"1408230"}}
	{"id":1408230,"type":"sell","buyer":"lulu-the-fizzgig","seller":"jacques0829","symbol":"SIM","quantity":"817.210","price":"0.00180010","timestamp":1629730434,"volume":"1.47105972","buyTxId":"8fcf455a6c7d8b5ced4940144449a5c158f1e52d","sellTxId":"705d37e1bf21cd8c275cb77e09f6621c91918d8b"}
{"index": {"_index":"sim","_id":"1408231"}}
	{"id":1408231,"type":"sell","buyer":"eythorphoto","seller":"jacques0829","symbol":"SIM","quantity":"936.390","price":"0.00180000","timestamp":1629730434,"volume":"1.68550200","buyTxId":"8302d9814724cd35b7f642b559cd1823e22eaa8a","sellTxId":"705d37e1bf21cd8c275cb77e09f6621c91918d8b"}
{"index": {"_index":"sim","_id":"1408247"}}
	{"id":1408247,"type":"sell","buyer":"pi-trader","seller":"votebetting","symbol":"SIM","quantity":"76.221","price":"0.00180001","timestamp":1629730803,"volume":"0.13719856","buyTxId":"fcff0fab508b496d51bb4bcf768586c26ca2fe74","sellTxId":"8703378812cee0caaabaf32ae24f731eb9a97704"}
{"index": {"_index":"sim","_id":"1408380"}}
	{"id":1408380,"type":"buy","buyer":"johngotti","seller":"nftmart.fees","symbol":"SIM","quantity":"20.000","price":"0.00189996","timestamp":1629732552,"volume":"0.03799920","buyTxId":"69ec4534ae0c4d0319b772fcf505bebd628fbaf3","sellTxId":"400e1fffc61c326f95f4ada97ac639fc1468536c-0"}
{"index": {"_index":"sim","_id":"1408382"}}
	{"id":1408382,"type":"buy","buyer":"joshh71390","seller":"nftmart.fees","symbol":"SIM","quantity":"209.000","price":"0.00189996","timestamp":1629732621,"volume":"0.39709164","buyTxId":"94205a8e1eaeb92e2aec327deda2ae359f3e7864","sellTxId":"400e1fffc61c326f95f4ada97ac639fc1468536c-0"}
{"index": {"_index":"sim","_id":"1408383"}}
	{"id":1408383,"type":"buy","buyer":"joshh71390","seller":"master-lamps","symbol":"SIM","quantity":"21.959","price":"0.00189998","timestamp":1629732621,"volume":"0.04172166","buyTxId":"94205a8e1eaeb92e2aec327deda2ae359f3e7864","sellTxId":"660ba9e065b03b120efc36662745b9b36588d7b8"}
{"index": {"_index":"sim","_id":"1408384"}}
	{"id":1408384,"type":"buy","buyer":"joshh71390","seller":"vincentnijman","symbol":"SIM","quantity":"1769.041","price":"0.00190000","timestamp":1629732621,"volume":"3.36117790","buyTxId":"94205a8e1eaeb92e2aec327deda2ae359f3e7864","sellTxId":"1c738ebde0ff23c80474bf0bf1cb893608dc9c7e"}
{"index": {"_index":"sim","_id":"1408403"}}
	{"id":1408403,"type":"sell","buyer":"pi-trader","seller":"heikki1337","symbol":"SIM","quantity":"15000.000","price":"0.00180001","timestamp":1629732885,"volume":"27.00015000","buyTxId":"080e4e02ad8eb6320db27497e5613bc786a43368-1","sellTxId":"b13f6b701052b5226b701acc77be4c6d7c9848d7"}
{"index": {"_index":"sim","_id":"1408404"}}
	{"id":1408404,"type":"buy","buyer":"konvik","seller":"heikki1337","symbol":"SIM","quantity":"44804.402","price":"0.00180001","timestamp":1629732888,"volume":"80.64837164","buyTxId":"c91e4d2d49e96fb22d11ceae7579c985e315f10e-0","sellTxId":"b13f6b701052b5226b701acc77be4c6d7c9848d7"}
{"index": {"_index":"sim","_id":"1408413"}}
	{"id":1408413,"type":"sell","buyer":"pi-trader","seller":"frugal-fun","symbol":"SIM","quantity":"15000.000","price":"0.00180001","timestamp":1629733047,"volume":"27.00015000","buyTxId":"9b081f54c566524826faff69d1796eaa819f10e0","sellTxId":"b8c0fe0dce8207c7529aab8ab999085a1133bd8d"}
{"index": {"_index":"sim","_id":"1408414"}}
	{"id":1408414,"type":"sell","buyer":"eythorphoto","seller":"frugal-fun","symbol":"SIM","quantity":"70000.000","price":"0.00180000","timestamp":1629733047,"volume":"126.00000000","buyTxId":"8302d9814724cd35b7f642b559cd1823e22eaa8a","sellTxId":"b8c0fe0dce8207c7529aab8ab999085a1133bd8d"}
{"index": {"_index":"sim","_id":"1408418"}}
	{"id":1408418,"type":"sell","buyer":"eythorphoto","seller":"m2nnari","symbol":"SIM","quantity":"192.610","price":"0.00180000","timestamp":1629733134,"volume":"0.34669800","buyTxId":"8302d9814724cd35b7f642b559cd1823e22eaa8a","sellTxId":"1d2e08a13ff50f1d9f28db013ebed1f2a15c0c36"}
{"index": {"_index":"sim","_id":"1408419"}}
	{"id":1408419,"type":"buy","buyer":"konvik","seller":"nftmart.fees","symbol":"SIM","quantity":"233.000","price":"0.00179999","timestamp":1629733206,"volume":"0.41939767","buyTxId":"3682081a426bdb6d40fd27f217bde7cc045c3cd9-0","sellTxId":"ce66e6d759973b65ee3429f4b6411c1c08a58ab6-0"}
{"index": {"_index":"sim","_id":"1408420"}}
	{"id":1408420,"type":"buy","buyer":"konvik","seller":"m2nnari","symbol":"SIM","quantity":"1202.404","price":"0.00180000","timestamp":1629733206,"volume":"2.16432720","buyTxId":"3682081a426bdb6d40fd27f217bde7cc045c3cd9-0","sellTxId":"1d2e08a13ff50f1d9f28db013ebed1f2a15c0c36"}
{"index": {"_index":"sim","_id":"1408503"}}
	{"id":1408503,"type":"sell","buyer":"pi-trader","seller":"interpretation","symbol":"SIM","quantity":"74.440","price":"0.00177001","timestamp":1629734361,"volume":"0.13175954","buyTxId":"2565393c86b0f63a3bfba5b36b1ac54de59994e0-1","sellTxId":"99993f224c69e7ea12a3277ad908bdba876b0817"}
{"index": {"_index":"sim","_id":"1408811"}}
	{"id":1408811,"type":"buy","buyer":"senstless","seller":"nftmart.fees","symbol":"SIM","quantity":"180.000","price":"0.00179997","timestamp":1629737340,"volume":"0.32399460","buyTxId":"88e63bbbe8f94e5beed97fe785f641960a5f9b26","sellTxId":"1adaaff770f69f902d1aed9dd159192143146df2-0"}
{"index": {"_index":"sim","_id":"1408812"}}
	{"id":1408812,"type":"buy","buyer":"senstless","seller":"m2nnari","symbol":"SIM","quantity":"232.986","price":"0.00180000","timestamp":1629737340,"volume":"0.41937480","buyTxId":"88e63bbbe8f94e5beed97fe785f641960a5f9b26","sellTxId":"1d2e08a13ff50f1d9f28db013ebed1f2a15c0c36"}
{"index": {"_index":"sim","_id":"1408813"}}
	{"id":1408813,"type":"buy","buyer":"senstless","seller":"vincentnijman","symbol":"SIM","quantity":"9.703","price":"0.00190000","timestamp":1629737340,"volume":"0.01843570","buyTxId":"88e63bbbe8f94e5beed97fe785f641960a5f9b26","sellTxId":"1c738ebde0ff23c80474bf0bf1cb893608dc9c7e"}
{"index": {"_index":"sim","_id":"1408814"}}
	{"id":1408814,"type":"buy","buyer":"senstless","seller":"shaktidas2020","symbol":"SIM","quantity":"5567.000","price":"0.00194980","timestamp":1629737340,"volume":"10.85453660","buyTxId":"88e63bbbe8f94e5beed97fe785f641960a5f9b26","sellTxId":"e1b38c7d6e81b13f5218abbeb7d9bd87e298c013"}
{"index": {"_index":"sim","_id":"1408815"}}
	{"id":1408815,"type":"buy","buyer":"senstless","seller":"vincentnijman","symbol":"SIM","quantity":"3812.300","price":"0.00195000","timestamp":1629737340,"volume":"7.43398500","buyTxId":"88e63bbbe8f94e5beed97fe785f641960a5f9b26","sellTxId":"adff207440abb0b1159b4aee07e9aa09141d3413"}
{"index": {"_index":"sim","_id":"1408816"}}
	{"id":1408816,"type":"buy","buyer":"senstless","seller":"medaymane","symbol":"SIM","quantity":"418.000","price":"0.00195000","timestamp":1629737340,"volume":"0.81510000","buyTxId":"88e63bbbe8f94e5beed97fe785f641960a5f9b26","sellTxId":"6c8eb06a2bcead972f3a91d73387f5ed215fc51b"}
{"index": {"_index":"sim","_id":"1408817"}}
	{"id":1408817,"type":"buy","buyer":"senstless","seller":"medaymane","symbol":"SIM","quantity":"780.011","price":"0.00197800","timestamp":1629737340,"volume":"1.54286176","buyTxId":"88e63bbbe8f94e5beed97fe785f641960a5f9b26","sellTxId":"79551b68766376fdfc6aa6b75be2784ffa77c764"}
{"index": {"_index":"sim","_id":"1408905"}}
	{"id":1408905,"type":"sell","buyer":"pi-trader","seller":"tonytrillions","symbol":"SIM","quantity":"0.038","price":"0.00177001","timestamp":1629738084,"volume":"0.00006726","buyTxId":"aa58ebe4487c06409fa0a6e35cb3f6025c8c2141-1","sellTxId":"4e99b6118ffabcf10d1f98546dd02e7660cc76c1"}
{"index": {"_index":"sim","_id":"1408937"}}
	{"id":1408937,"type":"buy","buyer":"sicarius","seller":"joshh71390","symbol":"SIM","quantity":"2500.000","price":"0.00195000","timestamp":1629738306,"volume":"4.87500000","buyTxId":"02b907f148dd3fa206d1fda051b04567aac51c7b","sellTxId":"a2e8e9a93ae5c172d93333aca5a079f796c8e3ed"}
{"index": {"_index":"sim","_id":"1408938"}}
	{"id":1408938,"type":"buy","buyer":"sicarius","seller":"nftmart.fees","symbol":"SIM","quantity":"180.000","price":"0.00197799","timestamp":1629738306,"volume":"0.35603820","buyTxId":"02b907f148dd3fa206d1fda051b04567aac51c7b","sellTxId":"d93359a565acfb1e504204fbdf951a5c54e994f8-0"}
{"index": {"_index":"sim","_id":"1408939"}}
	{"id":1408939,"type":"buy","buyer":"sicarius","seller":"medaymane","symbol":"SIM","quantity":"290.639","price":"0.00197800","timestamp":1629738306,"volume":"0.57488394","buyTxId":"02b907f148dd3fa206d1fda051b04567aac51c7b","sellTxId":"79551b68766376fdfc6aa6b75be2784ffa77c764"}
{"index": {"_index":"sim","_id":"1408940"}}
	{"id":1408940,"type":"sell","buyer":"sicarius","seller":"konvik","symbol":"SIM","quantity":"35344.334","price":"0.00198000","timestamp":1629738309,"volume":"69.98178132","buyTxId":"02b907f148dd3fa206d1fda051b04567aac51c7b","sellTxId":"c514a854475d4002dd2c41a2d401229f15e6fb74-1"}
{"index": {"_index":"sim","_id":"1408964"}}
	{"id":1408964,"type":"sell","buyer":"sicarius","seller":"joshh71390","symbol":"SIM","quantity":"35.027","price":"0.00198000","timestamp":1629738507,"volume":"0.06935346","buyTxId":"02b907f148dd3fa206d1fda051b04567aac51c7b","sellTxId":"5e1912c7cd439f6880602aca5ed39c1475960211"}
{"index": {"_index":"sim","_id":"1409029"}}
	{"id":1409029,"type":"sell","buyer":"joshh71390","seller":"nrg","symbol":"SIM","quantity":"2500.000","price":"0.00181000","timestamp":1629739032,"volume":"4.52500000","buyTxId":"612865e18a6a35416c4c4b440fafb2a08b76e0fc","sellTxId":"ff1c5f25568349f87bba948419c6ced2eea5521b"}
{"index": {"_index":"sim","_id":"1409030"}}
	{"id":1409030,"type":"sell","buyer":"gerber","seller":"nrg","symbol":"SIM","quantity":"16601.000","price":"0.00177000","timestamp":1629739032,"volume":"29.38377000","buyTxId":"ac13637e81da45d80305e32aab84b42259d8310d","sellTxId":"ff1c5f25568349f87bba948419c6ced2eea5521b"}
{"index": {"_index":"sim","_id":"1409155"}}
	{"id":1409155,"type":"sell","buyer":"pi-trader","seller":"tomhall","symbol":"SIM","quantity":"244.111","price":"0.00177001","timestamp":1629740289,"volume":"0.43207891","buyTxId":"02732586729c021641d57cb55984e05be8e5694a","sellTxId":"86355561fd6e96b0c44302243090ef9d06e10d34"}
{"index": {"_index":"sim","_id":"1409346"}}
	{"id":1409346,"type":"sell","buyer":"pi-trader","seller":"kael08","symbol":"SIM","quantity":"1127.186","price":"0.00178001","timestamp":1629742281,"volume":"2.00640235","buyTxId":"eaccec86fe750d3595eaf942b49f968bf4d83fba-1","sellTxId":"f32ec5a59ba3d24a56fc698530e51f130412e8ba"}
{"index": {"_index":"sim","_id":"1409356"}}
	{"id":1409356,"type":"sell","buyer":"pi-trader","seller":"ro-witness","symbol":"SIM","quantity":"2000.000","price":"0.00178001","timestamp":1629742446,"volume":"3.56002000","buyTxId":"473304d2fde0dad282bb12f39984a9294bceadc0-1","sellTxId":"e1a00858d83e5de9a19b52bd654f288bc542e672"}
{"index": {"_index":"sim","_id":"1409371"}}
	{"id":1409371,"type":"sell","buyer":"pi-trader","seller":"steem.services","symbol":"SIM","quantity":"15000.000","price":"0.00178001","timestamp":1629742518,"volume":"26.70015000","buyTxId":"1a8e655d22e17192f7093650ccc18105e6e801bb-1","sellTxId":"7ddb45dc68a869d1751f8b3b505938774f251783"}
{"index": {"_index":"sim","_id":"1409372"}}
	{"id":1409372,"type":"sell","buyer":"d-pend","seller":"steem.services","symbol":"SIM","quantity":"50000.000","price":"0.00178000","timestamp":1629742518,"volume":"89.00000000","buyTxId":"9a94e1796ed53f6a2b5634e168d9047df718be1c","sellTxId":"7ddb45dc68a869d1751f8b3b505938774f251783"}
{"index": {"_index":"sim","_id":"1409373"}}
	{"id":1409373,"type":"sell","buyer":"gerber","seller":"steem.services","symbol":"SIM","quantity":"31670.230","price":"0.00177000","timestamp":1629742518,"volume":"56.05630710","buyTxId":"ac13637e81da45d80305e32aab84b42259d8310d","sellTxId":"7ddb45dc68a869d1751f8b3b505938774f251783"}
{"index": {"_index":"sim","_id":"1409374"}}
	{"id":1409374,"type":"sell","buyer":"enginemaker","seller":"steem.services","symbol":"SIM","quantity":"14285.714","price":"0.00175000","timestamp":1629742518,"volume":"24.99999950","buyTxId":"MM-P-9752162-56735415-3-2-0","sellTxId":"7ddb45dc68a869d1751f8b3b505938774f251783"}
{"index": {"_index":"sim","_id":"1409375"}}
	{"id":1409375,"type":"sell","buyer":"gerber","seller":"steem.services","symbol":"SIM","quantity":"25000.000","price":"0.00174000","timestamp":1629742518,"volume":"43.50000000","buyTxId":"641c2ce1ce57900398fee0ccb98f2c2973a0f261","sellTxId":"7ddb45dc68a869d1751f8b3b505938774f251783"}
{"index": {"_index":"sim","_id":"1409376"}}
	{"id":1409376,"type":"sell","buyer":"gerber","seller":"steem.services","symbol":"SIM","quantity":"51093.879","price":"0.00172000","timestamp":1629742518,"volume":"87.88147188","buyTxId":"2120dbf2ec6b87e200c70492631ee2fe6ab185c1","sellTxId":"7ddb45dc68a869d1751f8b3b505938774f251783"}
{"index": {"_index":"sim","_id":"1409377"}}
	{"id":1409377,"type":"sell","buyer":"gerber","seller":"steem.services","symbol":"SIM","quantity":"12953.177","price":"0.00171000","timestamp":1629742518,"volume":"22.14993267","buyTxId":"d64d579b78a152b2a58d0f4a63fb617fed4cc60a","sellTxId":"7ddb45dc68a869d1751f8b3b505938774f251783"}
{"index": {"_index":"sim","_id":"1409393"}}
	{"id":1409393,"type":"sell","buyer":"pi-trader","seller":"fantasycrypto","symbol":"SIM","quantity":"15000.000","price":"0.00175001","timestamp":1629742788,"volume":"26.25015000","buyTxId":"f3ff83358e668a47ccf5919dfcb267d910d067e1-1","sellTxId":"abf9ede6ffbcba576e531e54c086d921c6082434"}
{"index": {"_index":"sim","_id":"1409394"}}
	{"id":1409394,"type":"sell","buyer":"summoner-cha","seller":"fantasycrypto","symbol":"SIM","quantity":"1111.000","price":"0.00175000","timestamp":1629742788,"volume":"1.94425000","buyTxId":"ec9e9abff99790b5d336a87f77e48391a9c25138","sellTxId":"abf9ede6ffbcba576e531e54c086d921c6082434"}
{"index": {"_index":"sim","_id":"1409395"}}
	{"id":1409395,"type":"sell","buyer":"gerber","seller":"fantasycrypto","symbol":"SIM","quantity":"5410.356","price":"0.00171000","timestamp":1629742788,"volume":"9.25170876","buyTxId":"d64d579b78a152b2a58d0f4a63fb617fed4cc60a","sellTxId":"abf9ede6ffbcba576e531e54c086d921c6082434"}
{"index": {"_index":"sim","_id":"1409462"}}
	{"id":1409462,"type":"sell","buyer":"pi-trader","seller":"zkalemiss","symbol":"SIM","quantity":"475.000","price":"0.00171001","timestamp":1629743313,"volume":"0.81225475","buyTxId":"4e6fb8b73b134724d289e4f5d5971b85a3a6aac9","sellTxId":"255c5ec16a07702ace3bea8e9587ee481f407dd2"}
{"index": {"_index":"sim","_id":"1409499"}}
	{"id":1409499,"type":"sell","buyer":"pi-trader","seller":"mary-me","symbol":"SIM","quantity":"210.000","price":"0.00171001","timestamp":1629743559,"volume":"0.35910210","buyTxId":"e42f265be29cd149f479c8cff523e54fae23286e-1","sellTxId":"f9bf863be6a461960442b0afc644d72ca1fd0c00"}
{"index": {"_index":"sim","_id":"1409534"}}
	{"id":1409534,"type":"sell","buyer":"pi-trader","seller":"jemmarti","symbol":"SIM","quantity":"2800.000","price":"0.00171001","timestamp":1629743859,"volume":"4.78802800","buyTxId":"c5e9e4c4ffd6b2228507e34b4e45ca3572ae62d8-1","sellTxId":"972c6bfbadfaf7d0695748ff7e765e73450bce24"}
{"index": {"_index":"sim","_id":"1409557"}}
	{"id":1409557,"type":"sell","buyer":"worldfinances","seller":"fantasycrypto","symbol":"SIM","quantity":"500.000","price":"0.00176000","timestamp":1629744189,"volume":"0.88000000","buyTxId":"59cb72abcdc864a6fdafb311ce1266f98400d49c","sellTxId":"0ce6afadea222676bb90bda96022fca73436cf01"}
{"index": {"_index":"sim","_id":"1409558"}}
	{"id":1409558,"type":"sell","buyer":"pi-trader","seller":"fantasycrypto","symbol":"SIM","quantity":"7086.000","price":"0.00175001","timestamp":1629744189,"volume":"12.40057086","buyTxId":"7aa5954a4fceaf21ae5c435fa0124a3a36382022-1","sellTxId":"0ce6afadea222676bb90bda96022fca73436cf01"}
{"index": {"_index":"sim","_id":"1409560"}}
	{"id":1409560,"type":"sell","buyer":"pi-trader","seller":"fratellodes","symbol":"SIM","quantity":"1126.000","price":"0.00175001","timestamp":1629744213,"volume":"1.97051126","buyTxId":"673cb74436cac27a2d3a5abcd72b4c3c38e0d494-1","sellTxId":"b7d3c86ce12222d4f217fe105390f6733118abed"}
{"index": {"_index":"sim","_id":"1409576"}}
	{"id":1409576,"type":"sell","buyer":"pi-trader","seller":"dhedge-drips","symbol":"SIM","quantity":"0.004","price":"0.00175001","timestamp":1629744321,"volume":"0.00000700","buyTxId":"bca974b2e52a6190111e8a3eb3ca2ebf7e0f597d-1","sellTxId":"fda47009ea6c03e93b8f30a9c76d940f711667cf"}
{"index": {"_index":"sim","_id":"1409626"}}
	{"id":1409626,"type":"buy","buyer":"sharpyshark","seller":"jacques0829","symbol":"SIM","quantity":"10.000","price":"0.00194000","timestamp":1629744798,"volume":"0.01940000","buyTxId":"881dfc64fcebd0038c92c7469424dc86b0fa6cee","sellTxId":"085cab24ecb601843a3a063277c74b9190a8516b"}
{"index": {"_index":"sim","_id":"1409632"}}
	{"id":1409632,"type":"sell","buyer":"pi-trader","seller":"trumpman","symbol":"SIM","quantity":"1210.052","price":"0.00175001","timestamp":1629744903,"volume":"2.11760310","buyTxId":"19456a46ec4b891eac42ba27097f6e1cab18d20e-1","sellTxId":"122b9af705aae455b3819ba740c1449bce801505"}
{"index": {"_index":"sim","_id":"1409647"}}
	{"id":1409647,"type":"sell","buyer":"pi-trader","seller":"willsaldeno","symbol":"SIM","quantity":"3151.000","price":"0.00175001","timestamp":1629745167,"volume":"5.51428151","buyTxId":"3bfcfb859256ce5635dc3572b893b7a9a67ba185-1","sellTxId":"ab6fff5b14d148cf4b0f150134315ce7e71b709d"}
{"index": {"_index":"sim","_id":"1409656"}}
	{"id":1409656,"type":"buy","buyer":"konvik","seller":"fitcoin","symbol":"SIM","quantity":"600.000","price":"0.00181000","timestamp":1629745275,"volume":"1.08600000","buyTxId":"df08fdd237547a0796ac3858fb6f08d5eb503926-0","sellTxId":"b8c8e739f2d0b231a8fa7b576568466a13338373"}
{"index": {"_index":"sim","_id":"1409657"}}
	{"id":1409657,"type":"buy","buyer":"konvik","seller":"dera123","symbol":"SIM","quantity":"18145.202","price":"0.00181000","timestamp":1629745275,"volume":"32.84281562","buyTxId":"df08fdd237547a0796ac3858fb6f08d5eb503926-0","sellTxId":"077644918932c9a5ad7af0e55d430ef0a1f2eea3"}
{"index": {"_index":"sim","_id":"1409669"}}
	{"id":1409669,"type":"sell","buyer":"pi-trader","seller":"thepredator04","symbol":"SIM","quantity":"199.000","price":"0.00178001","timestamp":1629745554,"volume":"0.35422199","buyTxId":"9d5cc585955582d58791533241eb1ee5c9294c81-1","sellTxId":"e0ab19cf3773b13190d83f35fe4235159a817a0d"}
{"index": {"_index":"sim","_id":"1409674"}}
	{"id":1409674,"type":"sell","buyer":"pi-trader","seller":"jacques0829","symbol":"SIM","quantity":"1497.000","price":"0.00178001","timestamp":1629745635,"volume":"2.66467497","buyTxId":"435e1315238c9d45548d8d35f6fc259efacd2d0d-1","sellTxId":"279316f73d02a40c520b6b378a78a8f3408dc072"}
{"index": {"_index":"sim","_id":"1409679"}}
	{"id":1409679,"type":"buy","buyer":"worldfinances","seller":"dera123","symbol":"SIM","quantity":"599.813","price":"0.00181000","timestamp":1629745746,"volume":"1.08566153","buyTxId":"30b6608490a9eda25904da56edee22ce1a19a64a","sellTxId":"077644918932c9a5ad7af0e55d430ef0a1f2eea3"}
{"index": {"_index":"sim","_id":"1409684"}}
	{"id":1409684,"type":"buy","buyer":"konvik","seller":"enginemaker","symbol":"SIM","quantity":"14285.714","price":"0.00182000","timestamp":1629745782,"volume":"25.99999948","buyTxId":"41e1c129640a373d21640797e4fbee7442723eba-0","sellTxId":"MM-P-9808671-56792009-3-2-0"}
{"index": {"_index":"sim","_id":"1409687"}}
	{"id":1409687,"type":"buy","buyer":"konvik","seller":"mary.janikowski","symbol":"SIM","quantity":"34924.850","price":"0.00182000","timestamp":1629745914,"volume":"63.56322700","buyTxId":"bc20c417e1319116c2d78a7cd36d4b741bb808c2-0","sellTxId":"f0b7b518a0d2feb492fa28f0e71f587265df63d2"}
{"index": {"_index":"sim","_id":"1409697"}}
	{"id":1409697,"type":"sell","buyer":"pi-trader","seller":"steem.services","symbol":"SIM","quantity":"15000.000","price":"0.00178001","timestamp":1629746106,"volume":"26.70015000","buyTxId":"1a1206967ecc0b2f78a7807a3d33f4fc13d520bd-1","sellTxId":"487148f6be9fe357e138d6db10e95098505b2ae5"}
{"index": {"_index":"sim","_id":"1409698"}}
	{"id":1409698,"type":"sell","buyer":"joshh71390","seller":"steem.services","symbol":"SIM","quantity":"500.000","price":"0.00178000","timestamp":1629746106,"volume":"0.89000000","buyTxId":"9ad1564aa4a81826411af0bebcfa0528d57b37cb","sellTxId":"487148f6be9fe357e138d6db10e95098505b2ae5"}
{"index": {"_index":"sim","_id":"1409699"}}
	{"id":1409699,"type":"sell","buyer":"joshh71390","seller":"steem.services","symbol":"SIM","quantity":"500.000","price":"0.00176000","timestamp":1629746106,"volume":"0.88000000","buyTxId":"be37d4ff3655f1112fb2ea31ee66cdebcf219294","sellTxId":"487148f6be9fe357e138d6db10e95098505b2ae5"}
{"index": {"_index":"sim","_id":"1409700"}}
	{"id":1409700,"type":"sell","buyer":"worldfinances","seller":"steem.services","symbol":"SIM","quantity":"500.000","price":"0.00175000","timestamp":1629746106,"volume":"0.87500000","buyTxId":"f0e8ca60b0758ff1dccd53f39f419fc711f3202e","sellTxId":"487148f6be9fe357e138d6db10e95098505b2ae5"}
{"index": {"_index":"sim","_id":"1409701"}}
	{"id":1409701,"type":"sell","buyer":"worldfinances","seller":"steem.services","symbol":"SIM","quantity":"500.000","price":"0.00174000","timestamp":1629746106,"volume":"0.87000000","buyTxId":"7912ffb591cebae87c5cab45416c332cc392bbe2","sellTxId":"487148f6be9fe357e138d6db10e95098505b2ae5"}
{"index": {"_index":"sim","_id":"1409702"}}
	{"id":1409702,"type":"sell","buyer":"worldfinances","seller":"steem.services","symbol":"SIM","quantity":"500.000","price":"0.00173000","timestamp":1629746106,"volume":"0.86500000","buyTxId":"974dcf955c775effcff1e3d4965d5c4e12f21a55","sellTxId":"487148f6be9fe357e138d6db10e95098505b2ae5"}
{"index": {"_index":"sim","_id":"1409703"}}
	{"id":1409703,"type":"sell","buyer":"worldfinances","seller":"steem.services","symbol":"SIM","quantity":"3000.000","price":"0.00172000","timestamp":1629746106,"volume":"5.16000000","buyTxId":"d2ed7ff8571024212871502c6b42fe3628826389","sellTxId":"487148f6be9fe357e138d6db10e95098505b2ae5"}
{"index": {"_index":"sim","_id":"1409704"}}
	{"id":1409704,"type":"sell","buyer":"gerber","seller":"steem.services","symbol":"SIM","quantity":"6636.467","price":"0.00171000","timestamp":1629746106,"volume":"11.34835857","buyTxId":"d64d579b78a152b2a58d0f4a63fb617fed4cc60a","sellTxId":"487148f6be9fe357e138d6db10e95098505b2ae5"}
{"index": {"_index":"sim","_id":"1409705"}}
	{"id":1409705,"type":"sell","buyer":"d-pend","seller":"steem.services","symbol":"SIM","quantity":"4420.533","price":"0.00170000","timestamp":1629746106,"volume":"7.51490610","buyTxId":"ebfe7d3876b310b181979baea68051c7409b660d","sellTxId":"487148f6be9fe357e138d6db10e95098505b2ae5"}
{"index": {"_index":"sim","_id":"1409721"}}
	{"id":1409721,"type":"sell","buyer":"worldfinances","seller":"balte","symbol":"SIM","quantity":"500.000","price":"0.00172000","timestamp":1629746364,"volume":"0.86000000","buyTxId":"b796a913ec58615aa94d3a3348c2094add75a31e","sellTxId":"f2e7fd41e9711b2731957991493d118273dc590e"}
{"index": {"_index":"sim","_id":"1409722"}}
	{"id":1409722,"type":"sell","buyer":"pi-trader","seller":"balte","symbol":"SIM","quantity":"15000.000","price":"0.00171001","timestamp":1629746364,"volume":"25.65015000","buyTxId":"0a7ec9b8a63fa851769729d994dbea71ff105f3a-1","sellTxId":"f2e7fd41e9711b2731957991493d118273dc590e"}
{"index": {"_index":"sim","_id":"1409723"}}
	{"id":1409723,"type":"sell","buyer":"worldfinances","seller":"balte","symbol":"SIM","quantity":"500.000","price":"0.00171000","timestamp":1629746364,"volume":"0.85500000","buyTxId":"60722d2d394deea4608876560205eb37b933d35c","sellTxId":"f2e7fd41e9711b2731957991493d118273dc590e"}
{"index": {"_index":"sim","_id":"1409724"}}
	{"id":1409724,"type":"sell","buyer":"d-pend","seller":"balte","symbol":"SIM","quantity":"10000.000","price":"0.00170000","timestamp":1629746364,"volume":"17.00000000","buyTxId":"ebfe7d3876b310b181979baea68051c7409b660d","sellTxId":"f2e7fd41e9711b2731957991493d118273dc590e"}
{"index": {"_index":"sim","_id":"1409770"}}
	{"id":1409770,"type":"sell","buyer":"pi-trader","seller":"steem.drone","symbol":"SIM","quantity":"15000.000","price":"0.00170001","timestamp":1629746718,"volume":"25.50015000","buyTxId":"c1a3783cddf6e7954e04a3f39926211ec7213cee","sellTxId":"733147f6fb72fb0f71f3f712d41daf53e79392ae"}
{"index": {"_index":"sim","_id":"1409771"}}
	{"id":1409771,"type":"sell","buyer":"d-pend","seller":"steem.drone","symbol":"SIM","quantity":"102488.000","price":"0.00170000","timestamp":1629746718,"volume":"174.22960000","buyTxId":"ebfe7d3876b310b181979baea68051c7409b660d","sellTxId":"733147f6fb72fb0f71f3f712d41daf53e79392ae"}
{"index": {"_index":"sim","_id":"1409773"}}
	{"id":1409773,"type":"sell","buyer":"pi-trader","seller":"monsterjamgold","symbol":"SIM","quantity":"2348.000","price":"0.00170001","timestamp":1629746769,"volume":"3.99162348","buyTxId":"cb334016bc5983cb040d29719853c5c9ba71a65d","sellTxId":"d9a0ef477184f05126dd8ab35b3e2f8042102072"}
{"index": {"_index":"sim","_id":"1409782"}}
	{"id":1409782,"type":"sell","buyer":"pi-trader","seller":"joheredia21","symbol":"SIM","quantity":"3076","price":"0.00170001","timestamp":1629746829,"volume":"5.22923076","buyTxId":"df39d9759f2db0bbef57ad2322025b14e2784459-1","sellTxId":"d6afb4bb2928a55861b4f140cea204e98182d356"}
{"index": {"_index":"sim","_id":"1409788"}}
	{"id":1409788,"type":"sell","buyer":"pi-trader","seller":"epilatero","symbol":"SIM","quantity":"1055","price":"0.00170001","timestamp":1629746874,"volume":"1.79351055","buyTxId":"c038d2f117aa122709868f4c938703daf4763331-1","sellTxId":"81fe2959df9a1b42df4d9bd185115d16a9f3fe6c"}
{"index": {"_index":"sim","_id":"1409791"}}
	{"id":1409791,"type":"sell","buyer":"pi-trader","seller":"florian-glechner","symbol":"SIM","quantity":"24.000","price":"0.00170001","timestamp":1629746892,"volume":"0.04080024","buyTxId":"8ce9e3640a89c6b637f32f73d13c797bf2287307-1","sellTxId":"51ce9626d098f53bc6429dd00477c3b04114a4a6"}
{"index": {"_index":"sim","_id":"1409814"}}
	{"id":1409814,"type":"sell","buyer":"pi-trader","seller":"solarpowers","symbol":"SIM","quantity":"5203.000","price":"0.00170001","timestamp":1629747045,"volume":"8.84515203","buyTxId":"0d86107015ff989a3129a77bdf13fd0db6aed636-1","sellTxId":"c36c3236ab294a5aa07c2faa9212ecf0e146961f"}
{"index": {"_index":"sim","_id":"1409946"}}
	{"id":1409946,"type":"sell","buyer":"pi-trader","seller":"jrcornel","symbol":"SIM","quantity":"15000.000","price":"0.00170001","timestamp":1629748086,"volume":"25.50015000","buyTxId":"7e280666f0deabf2cf3cfdc48a60a26f38deced6-1","sellTxId":"834fade990bcfbc72255c288970b90fafeb37674"}
{"index": {"_index":"sim","_id":"1409947"}}
	{"id":1409947,"type":"sell","buyer":"d-pend","seller":"jrcornel","symbol":"SIM","quantity":"55135.000","price":"0.00170000","timestamp":1629748086,"volume":"93.72950000","buyTxId":"ebfe7d3876b310b181979baea68051c7409b660d","sellTxId":"834fade990bcfbc72255c288970b90fafeb37674"}
{"index": {"_index":"sim","_id":"1409997"}}
	{"id":1409997,"type":"sell","buyer":"pi-trader","seller":"themightyvolcano","symbol":"SIM","quantity":"15000.000","price":"0.00172001","timestamp":1629748656,"volume":"25.80015000","buyTxId":"8b5db9e4b28e48c74f143d1ffb60afeb4053aa84-1","sellTxId":"36f3d2f42c204f8be37d29aa4a89cc377d5b8e43"}
{"index": {"_index":"sim","_id":"1409998"}}
	{"id":1409998,"type":"sell","buyer":"joshh71390","seller":"themightyvolcano","symbol":"SIM","quantity":"1000.000","price":"0.00172000","timestamp":1629748656,"volume":"1.72000000","buyTxId":"2f803be6f50319be704c3d24837c206ab3d2b56c","sellTxId":"36f3d2f42c204f8be37d29aa4a89cc377d5b8e43"}
{"index": {"_index":"sim","_id":"1409999"}}
	{"id":1409999,"type":"sell","buyer":"d-pend","seller":"themightyvolcano","symbol":"SIM","quantity":"27956.467","price":"0.00170000","timestamp":1629748656,"volume":"47.52599390","buyTxId":"ebfe7d3876b310b181979baea68051c7409b660d","sellTxId":"36f3d2f42c204f8be37d29aa4a89cc377d5b8e43"}
{"index": {"_index":"sim","_id":"1410000"}}
	{"id":1410000,"type":"sell","buyer":"gerber","seller":"themightyvolcano","symbol":"SIM","quantity":"5268.533","price":"0.00169303","timestamp":1629748656,"volume":"8.91978442","buyTxId":"ee93590c7c755f18c6387336d0c19ea9ac3cb173","sellTxId":"36f3d2f42c204f8be37d29aa4a89cc377d5b8e43"}
{"index": {"_index":"sim","_id":"1410131"}}
	{"id":1410131,"type":"sell","buyer":"pi-trader","seller":"manoldonchev","symbol":"SIM","quantity":"3500.000","price":"0.00169304","timestamp":1629749760,"volume":"5.92564000","buyTxId":"983b3653606c95c35dd266aead1f0c631cc7939d","sellTxId":"943a62192380c773f7fc6839bd013fc1b05bc423"}
{"index": {"_index":"sim","_id":"1410174"}}
	{"id":1410174,"type":"sell","buyer":"pi-trader","seller":"automaton","symbol":"SIM","quantity":"1900.000","price":"0.00169304","timestamp":1629750375,"volume":"3.21677600","buyTxId":"804f327cceb2eea3d5c90c14a5fe5dcb09016891-1","sellTxId":"7d285f2d1f4da0d6d94887258e866d81990f17ab"}
{"index": {"_index":"sim","_id":"1410270"}}
	{"id":1410270,"type":"sell","buyer":"pi-trader","seller":"are-you-ok","symbol":"SIM","quantity":"125.262","price":"0.00169306","timestamp":1629751956,"volume":"0.21207608","buyTxId":"b4b4ee17ecac65c7130e6905ee276a4628bfb344-1","sellTxId":"8635ad500f6287bccd159957cb7d68135c41cda7"}
{"index": {"_index":"sim","_id":"1410276"}}
	{"id":1410276,"type":"sell","buyer":"pi-trader","seller":"deathwing","symbol":"SIM","quantity":"794","price":"0.00169306","timestamp":1629752106,"volume":"1.34428964","buyTxId":"a8ce787f93f13735c52f8813d8172d9fde07c025-1","sellTxId":"d980f0645845be5b765a1961b879bfc63f93aa34-0"}
{"index": {"_index":"sim","_id":"1410297"}}
	{"id":1410297,"type":"sell","buyer":"pi-trader","seller":"bitcoinflood","symbol":"SIM","quantity":"4084.233","price":"0.00169306","timestamp":1629752433,"volume":"6.91485152","buyTxId":"e97c603bd56f2bc25664c70133498e4b6a9cb094-1","sellTxId":"07e31650debcf6319b068eeb6a24d0f303a82187"}
{"index": {"_index":"sim","_id":"1410332"}}
	{"id":1410332,"type":"sell","buyer":"pi-trader","seller":"lazerlazer","symbol":"SIM","quantity":"198.681","price":"0.00169309","timestamp":1629753102,"volume":"0.33638481","buyTxId":"caf2861a520cd0fdb5ddffb53c550a64a8ad8826-1","sellTxId":"bad1f161f988275c1b26b3e04e22bc3ace4c2682"}
{"index": {"_index":"sim","_id":"1410360"}}
	{"id":1410360,"type":"buy","buyer":"konvik","seller":"nftmart.fees","symbol":"SIM","quantity":"208.000","price":"0.00177999","timestamp":1629753606,"volume":"0.37023792","buyTxId":"65f1150516da4cebeb7be513b5e34651c168e265-0","sellTxId":"2cc581aa174de7bfc89810e961da5a8fe59bd64e-0"}
{"index": {"_index":"sim","_id":"1410361"}}
	{"id":1410361,"type":"buy","buyer":"konvik","seller":"joshh71390","symbol":"SIM","quantity":"1292.014","price":"0.00178000","timestamp":1629753606,"volume":"2.29978492","buyTxId":"65f1150516da4cebeb7be513b5e34651c168e265-0","sellTxId":"97904dbceac3a635b8edeaba4b3c10c47d1d4546"}
{"index": {"_index":"sim","_id":"1410368"}}
	{"id":1410368,"type":"buy","buyer":"madmanmusic","seller":"joshh71390","symbol":"SIM","quantity":"207.986","price":"0.00178000","timestamp":1629753729,"volume":"0.37021508","buyTxId":"9cd763de9f7410a4ea301d6e9775cdd00d295057","sellTxId":"97904dbceac3a635b8edeaba4b3c10c47d1d4546"}
{"index": {"_index":"sim","_id":"1410369"}}
	{"id":1410369,"type":"buy","buyer":"madmanmusic","seller":"joshh71390","symbol":"SIM","quantity":"1500.000","price":"0.00180000","timestamp":1629753729,"volume":"2.70000000","buyTxId":"9cd763de9f7410a4ea301d6e9775cdd00d295057","sellTxId":"8ee9b3a932a75b02c7f52df2f39446a975d69605"}
{"index": {"_index":"sim","_id":"1410370"}}
	{"id":1410370,"type":"buy","buyer":"madmanmusic","seller":"joshh71390","symbol":"SIM","quantity":"2000.000","price":"0.00182000","timestamp":1629753729,"volume":"3.64000000","buyTxId":"9cd763de9f7410a4ea301d6e9775cdd00d295057","sellTxId":"e53dc23c8ea5a56a6e71e6af32dc3e932c1d5523"}
{"index": {"_index":"sim","_id":"1410371"}}
	{"id":1410371,"type":"buy","buyer":"madmanmusic","seller":"medaymane","symbol":"SIM","quantity":"2655.100","price":"0.00182400","timestamp":1629753729,"volume":"4.84290240","buyTxId":"9cd763de9f7410a4ea301d6e9775cdd00d295057","sellTxId":"76e59aebec1059160ccda50d5311e9b6c6ad8c02"}
{"index": {"_index":"sim","_id":"1410372"}}
	{"id":1410372,"type":"buy","buyer":"madmanmusic","seller":"vincentnijman","symbol":"SIM","quantity":"2535.004","price":"0.00182500","timestamp":1629753729,"volume":"4.62638230","buyTxId":"9cd763de9f7410a4ea301d6e9775cdd00d295057","sellTxId":"e79133d33658050387dfad92fbcd57d3b2f300d2"}
{"index": {"_index":"sim","_id":"1410373"}}
	{"id":1410373,"type":"buy","buyer":"madmanmusic","seller":"atomcollector","symbol":"SIM","quantity":"4376.000","price":"0.00183000","timestamp":1629753729,"volume":"8.00808000","buyTxId":"9cd763de9f7410a4ea301d6e9775cdd00d295057","sellTxId":"b81f1430ea61e7e630dc720a441f79a9b2804fa2"}
{"index": {"_index":"sim","_id":"1410374"}}
	{"id":1410374,"type":"buy","buyer":"madmanmusic","seller":"onecent","symbol":"SIM","quantity":"555.000","price":"0.00184000","timestamp":1629753729,"volume":"1.02120000","buyTxId":"9cd763de9f7410a4ea301d6e9775cdd00d295057","sellTxId":"01969c75c7a1706b5593f1f6485084bba8f99140"}
{"index": {"_index":"sim","_id":"1410375"}}
	{"id":1410375,"type":"buy","buyer":"madmanmusic","seller":"somethingfunny","symbol":"SIM","quantity":"13279.000","price":"0.00184500","timestamp":1629753729,"volume":"24.49975500","buyTxId":"9cd763de9f7410a4ea301d6e9775cdd00d295057","sellTxId":"68831e19732e0ca05ce7d761bba0653f743058b4"}
{"index": {"_index":"sim","_id":"1410376"}}
	{"id":1410376,"type":"buy","buyer":"madmanmusic","seller":"solovey6o2","symbol":"SIM","quantity":"891.910","price":"0.00184999","timestamp":1629753729,"volume":"1.65002458","buyTxId":"9cd763de9f7410a4ea301d6e9775cdd00d295057","sellTxId":"86edfe70a24aece3ec03aa6efec142139aa812e4"}
{"index": {"_index":"sim","_id":"1410393"}}
	{"id":1410393,"type":"sell","buyer":"pi-trader","seller":"thisisawesome","symbol":"SIM","quantity":"7.916","price":"0.00169315","timestamp":1629753861,"volume":"0.01340298","buyTxId":"a9646bf898aea644005b3ed3c776e7d2f6a2233a-1","sellTxId":"cb673023124519adb7f37048f399634bc651adc7"}
{"index": {"_index":"sim","_id":"1410419"}}
	{"id":1410419,"type":"buy","buyer":"marabara","seller":"solovey6o2","symbol":"SIM","quantity":"4.000","price":"0.00184999","timestamp":1629754179,"volume":"0.00739996","buyTxId":"d495a960fc9c542e4f706dc58b5833fa1c7410d8","sellTxId":"86edfe70a24aece3ec03aa6efec142139aa812e4"}
{"index": {"_index":"sim","_id":"1410426"}}
	{"id":1410426,"type":"buy","buyer":"konvik","seller":"joshh71390","symbol":"SIM","quantity":"2000.000","price":"0.00176000","timestamp":1629754311,"volume":"3.52000000","buyTxId":"ab8dcb0dacc85db9b13785312890b4c531f97856-0","sellTxId":"11560b3d7aa41ab9033ef870eb1b1e9c5ad1bdd4"}
{"index": {"_index":"sim","_id":"1410504"}}
	{"id":1410504,"type":"sell","buyer":"pi-trader","seller":"rgondie","symbol":"SIM","quantity":"5000.000","price":"0.00176001","timestamp":1629755511,"volume":"8.80005000","buyTxId":"c40e5e08b7acd95c4c1acc468e5c967b3c533994-1","sellTxId":"0b7b8bc922697d477792baa1f6a6cff0f494008b"}
{"index": {"_index":"sim","_id":"1410585"}}
	{"id":1410585,"type":"buy","buyer":"madmanmusic","seller":"nftmart.fees","symbol":"SIM","quantity":"181.000","price":"0.00179999","timestamp":1629756759,"volume":"0.32579819","buyTxId":"acdf405ec1992d983d91a065a5472ea5809e6636","sellTxId":"0e086000687b819520c2be22899732ce95a5518f-0"}
{"index": {"_index":"sim","_id":"1410589"}}
	{"id":1410589,"type":"buy","buyer":"madmanmusic","seller":"joshh71390","symbol":"SIM","quantity":"1042.507","price":"0.00180000","timestamp":1629756831,"volume":"1.87651260","buyTxId":"2f0fc256d791196ae47f6c7f6288d32954a94b48","sellTxId":"c37238f5900be34cd9da8014b7b7ee73d6ea6726"}
{"index": {"_index":"sim","_id":"1410830"}}
	{"id":1410830,"type":"sell","buyer":"pi-trader","seller":"captaincryptic","symbol":"SIM","quantity":"3895.724","price":"0.00176001","timestamp":1629760908,"volume":"6.85651320","buyTxId":"4226cc7e816ff292a33a9a42cec5634fc1d69d92","sellTxId":"8b7ed28a2e5d3bd40f8b3dd54a9d8f7eeaca6f14"}
{"index": {"_index":"sim","_id":"1410849"}}
	{"id":1410849,"type":"sell","buyer":"pi-trader","seller":"bigram13","symbol":"SIM","quantity":"15000.000","price":"0.00176001","timestamp":1629761262,"volume":"26.40015000","buyTxId":"a9c835089510796346c6f1f924a7bd16bd3c6cb3-1","sellTxId":"93c1a806da282f436d84808f3fe6c84e578b497d"}
{"index": {"_index":"sim","_id":"1410850"}}
	{"id":1410850,"type":"sell","buyer":"joshh71390","seller":"bigram13","symbol":"SIM","quantity":"100.000","price":"0.00176000","timestamp":1629761262,"volume":"0.17600000","buyTxId":"d6c7afbead482ab69eff6b760d28c2f9320f668c","sellTxId":"93c1a806da282f436d84808f3fe6c84e578b497d"}
{"index": {"_index":"sim","_id":"1410851"}}
	{"id":1410851,"type":"sell","buyer":"joshh71390","seller":"bigram13","symbol":"SIM","quantity":"2500.000","price":"0.00174000","timestamp":1629761262,"volume":"4.35000000","buyTxId":"5fbad07e657c31d573a243a02cf4c5eed58d99ab","sellTxId":"93c1a806da282f436d84808f3fe6c84e578b497d"}
{"index": {"_index":"sim","_id":"1410852"}}
	{"id":1410852,"type":"sell","buyer":"joshh71390","seller":"bigram13","symbol":"SIM","quantity":"393.000","price":"0.00172000","timestamp":1629761262,"volume":"0.67596000","buyTxId":"e48e4bd5bbaf8afc2203bdb7f78e44ab9bf11a6e","sellTxId":"93c1a806da282f436d84808f3fe6c84e578b497d"}
{"index": {"_index":"sim","_id":"1410925"}}
	{"id":1410925,"type":"sell","buyer":"pi-trader","seller":"kiwibloke","symbol":"SIM","quantity":"1992","price":"0.00172016","timestamp":1629762768,"volume":"3.42655872","buyTxId":"e4d47424369e77d80f8def0781ad35bcdb331cab-1","sellTxId":"0185a08285fa1ed1bce8f92604e007ecac9a37f7"}
{"index": {"_index":"sim","_id":"1410961"}}
	{"id":1410961,"type":"buy","buyer":"channelmagnetic","seller":"nftmart.fees","symbol":"SIM","quantity":"1.000","price":"0.00178995","timestamp":1629763701,"volume":"0.00178995","buyTxId":"c60c1f6a43a9e26f73fa61045c5003c00e773cc4","sellTxId":"fcbfc9dd2f3a6ca43fe398260c76b95e3f8db5a1-0"}
{"index": {"_index":"sim","_id":"1411037"}}
	{"id":1411037,"type":"buy","buyer":"emergehealthier","seller":"nftmart.fees","symbol":"SIM","quantity":"164.000","price":"0.00178994","timestamp":1629764910,"volume":"0.29355016","buyTxId":"713109e04bd102f9c2c5602fbd9a747ae0e966ea","sellTxId":"d8b2e7d3bc46313ca2d3ed5b8f5abc36ff2570a5-0"}
{"index": {"_index":"sim","_id":"1411052"}}
	{"id":1411052,"type":"buy","buyer":"emergehealthier","seller":"joshh71390","symbol":"SIM","quantity":"200.000","price":"0.00179000","timestamp":1629765210,"volume":"0.35800000","buyTxId":"5828186dbfa072d611ebe50dc26eb5425ee6e32f","sellTxId":"a20d0128d4546bdecc4bc41b2693133f858c27ea"}
{"index": {"_index":"sim","_id":"1411084"}}
	{"id":1411084,"type":"sell","buyer":"pi-trader","seller":"dhedge-drips","symbol":"SIM","quantity":"2.218","price":"0.00172049","timestamp":1629765918,"volume":"0.00381605","buyTxId":"b6726b9c9c3871419c88395719e01e0f2ba796e6-1","sellTxId":"30747b5d0c4dc8aa6746b616aed21c5f53f4e096"}
{"index": {"_index":"sim","_id":"1411181"}}
	{"id":1411181,"type":"buy","buyer":"konvik","seller":"joshh71390","symbol":"SIM","quantity":"2500.000","price":"0.00177000","timestamp":1629767793,"volume":"4.42500000","buyTxId":"4f920bcf1685a6428be0cee98bee641a71947d13-0","sellTxId":"10b9cf0d8ccfc4613573a19d493a2f072a5783b3"}
{"index": {"_index":"sim","_id":"1411449"}}
	{"id":1411449,"type":"buy","buyer":"konvik","seller":"joshh71390","symbol":"SIM","quantity":"2500.000","price":"0.00177000","timestamp":1629773445,"volume":"4.42500000","buyTxId":"25ab432cd5cf21cdb4c1e984a0e504bb40a0aa56-0","sellTxId":"5d1acde244a2dca7b270d155e9f0772c1d880c97"}
