{"index": {"_index":"sim","_id":"2086841"}}
	{"id":2086841,"type":"sell","buyer":"pi-trader","seller":"kalid1997","symbol":"SIM","quantity":"427.200","price":"0.00071001","timestamp":1637726466,"volume":"0.30331627","buyTxId":"c64f24725d6049c14a1560cdfe54e0ad503b1a76-3","sellTxId":"ed83a8c46d53979e8a7f78f76d6d22dc174ae964"}
{"index": {"_index":"sim","_id":"2086969"}}
	{"id":2086969,"type":"sell","buyer":"pi-trader","seller":"brofi-market","symbol":"SIM","quantity":"0.001","price":"0.00071001","timestamp":1637727027,"volume":"0.00000071","buyTxId":"485aa2fad9ce7a8c032a582ea47d7eeb84c60667-1","sellTxId":"37e2c2f5fb6d20f5c9a83e23db0a298bf1b1480d"}
{"index": {"_index":"sim","_id":"2087015"}}
	{"id":2087015,"type":"sell","buyer":"pi-trader","seller":"j85063","symbol":"SIM","quantity":"20000.000","price":"0.00071001","timestamp":1637727372,"volume":"14.20020000","buyTxId":"89548d47276386272b5121e23c434f1102cb9943-1","sellTxId":"0f9bd8b54055b38cbb061bc1f6758f8768feb4c8"}
{"index": {"_index":"sim","_id":"2087159"}}
	{"id":2087159,"type":"sell","buyer":"pi-trader","seller":"ascienceguy","symbol":"SIM","quantity":"50000.000","price":"0.00071001","timestamp":1637728527,"volume":"35.50050000","buyTxId":"b5d1e6415fad3a04469e85174b9fde712e1410e0-3","sellTxId":"93cc0ac7dacb956840b6e95f10b477f86150a7fb"}
{"index": {"_index":"sim","_id":"2087160"}}
	{"id":2087160,"type":"sell","buyer":"mary-jane","seller":"ascienceguy","symbol":"SIM","quantity":"10147.000","price":"0.00071000","timestamp":1637728527,"volume":"7.20437000","buyTxId":"79f66c39046b9859caa608a0e2e1457c033b125a","sellTxId":"93cc0ac7dacb956840b6e95f10b477f86150a7fb"}
{"index": {"_index":"sim","_id":"2087161"}}
	{"id":2087161,"type":"sell","buyer":"marketroll","seller":"ascienceguy","symbol":"SIM","quantity":"23597.219","price":"0.00070110","timestamp":1637728527,"volume":"16.54401024","buyTxId":"a400bc8e217ada07f6752a8f260185916bce3854","sellTxId":"93cc0ac7dacb956840b6e95f10b477f86150a7fb"}
{"index": {"_index":"sim","_id":"2087196"}}
	{"id":2087196,"type":"sell","buyer":"pi-trader","seller":"thegoliath","symbol":"SIM","quantity":"48884.452","price":"0.00070111","timestamp":1637728905,"volume":"34.27337814","buyTxId":"9b5096f9178177f71963d312a946c117f411a235-2","sellTxId":"33fee1b0ae09c6a1188adf4f04492fe645f00442"}
{"index": {"_index":"sim","_id":"2087800"}}
	{"id":2087800,"type":"sell","buyer":"pi-trader","seller":"elbrava","symbol":"SIM","quantity":"1000.000","price":"0.00070111","timestamp":1637734362,"volume":"0.70111000","buyTxId":"e98d1d683df4bea352fad64fbd9ac4e9004541e1-3","sellTxId":"bb2e8b735f0416d3d045b73e6e4580f324a37cbe"}
{"index": {"_index":"sim","_id":"2087833"}}
	{"id":2087833,"type":"buy","buyer":"thegoliath","seller":"pi-trader","symbol":"SIM","quantity":"50000.000","price":"0.00075779","timestamp":1637734596,"volume":"37.88950000","buyTxId":"ceda66d0143804e1ac4e84cb027f787a6a585280","sellTxId":"26289fb83779f20f394684e0ea876b3c09a65aeb-1"}
{"index": {"_index":"sim","_id":"2087834"}}
	{"id":2087834,"type":"buy","buyer":"thegoliath","seller":"ecuaminte","symbol":"SIM","quantity":"38432.250","price":"0.00075780","timestamp":1637734596,"volume":"29.12395905","buyTxId":"ceda66d0143804e1ac4e84cb027f787a6a585280","sellTxId":"ff12e00c528a27457ea9ff3a840e235d855d1910"}
{"index": {"_index":"sim","_id":"2087835"}}
	{"id":2087835,"type":"buy","buyer":"thegoliath","seller":"ubeautiful","symbol":"SIM","quantity":"21567.750","price":"0.00075799","timestamp":1637734596,"volume":"16.34813882","buyTxId":"ceda66d0143804e1ac4e84cb027f787a6a585280","sellTxId":"d6166e4f8a5edff815a5ace7f990f34db600f22b"}
{"index": {"_index":"sim","_id":"2087932"}}
	{"id":2087932,"type":"sell","buyer":"pi-trader","seller":"riverflows","symbol":"SIM","quantity":"9656.000","price":"0.00070111","timestamp":1637735589,"volume":"6.76991816","buyTxId":"83df3b63387e28d2eae550c5a37c3e5f5844d9bd-3","sellTxId":"e6d43d0efa4389c6da3a9ce00f091e33b84e470c"}
{"index": {"_index":"sim","_id":"2088010"}}
	{"id":2088010,"type":"sell","buyer":"pi-trader","seller":"gcollects","symbol":"SIM","quantity":"1708.100","price":"0.00070111","timestamp":1637736165,"volume":"1.19756599","buyTxId":"f62c13e7d5aaa107c8e24419b7a437f3996fccbb-4","sellTxId":"d0b715e81640ee9b3d243d7e173fb77eee883da0"}
{"index": {"_index":"sim","_id":"2088067"}}
	{"id":2088067,"type":"sell","buyer":"pi-trader","seller":"medaymane","symbol":"SIM","quantity":"632.700","price":"0.00070111","timestamp":1637736687,"volume":"0.44359230","buyTxId":"c97c36cf4235fcc2c670b415dda881095cc8a3a4-3","sellTxId":"c464cd78da6c2b09c5876f383d488a4d4dda9464"}
{"index": {"_index":"sim","_id":"2088286"}}
	{"id":2088286,"type":"sell","buyer":"pi-trader","seller":"heikki1337","symbol":"SIM","quantity":"2418.694","price":"0.00070111","timestamp":1637738712,"volume":"1.69577055","buyTxId":"b5a17df8a8281d2a7ca316aa81720692d4b937dc-3","sellTxId":"53dcb946f31c813e0abf4a70fd3a4938b1df6257"}
{"index": {"_index":"sim","_id":"2088305"}}
	{"id":2088305,"type":"buy","buyer":"lxsxl","seller":"pi-trader","symbol":"SIM","quantity":"20142.278","price":"0.00075796","timestamp":1637738910,"volume":"15.26704103","buyTxId":"00a70641d74a3aae33bed919c2591d0360f0e7dd","sellTxId":"8589cd77874f6eb3a082ec0b533dd029f979b480-1"}
{"index": {"_index":"sim","_id":"2088365"}}
	{"id":2088365,"type":"sell","buyer":"pi-trader","seller":"loganhate","symbol":"SIM","quantity":"149.000","price":"0.00070111","timestamp":1637739360,"volume":"0.10446539","buyTxId":"91fe30f4a07660fe06ab348090f14a5cb9a60154-4","sellTxId":"55f0db31f69fdf8f5a86d6f6746f701206655f17"}
{"index": {"_index":"sim","_id":"2088450"}}
	{"id":2088450,"type":"sell","buyer":"pi-trader","seller":"anosys","symbol":"SIM","quantity":"22.014","price":"0.00070111","timestamp":1637740131,"volume":"0.01543424","buyTxId":"9d696c8533fc308e9ef7b5568a48505ea5ebf8ac-3","sellTxId":"54b4736f6eb814edbd55725c0d6e3f7426ee6d79"}
{"index": {"_index":"sim","_id":"2088531"}}
	{"id":2088531,"type":"buy","buyer":"eldonburr","seller":"pi-trader","symbol":"SIM","quantity":"3034.460","price":"0.00075796","timestamp":1637740596,"volume":"2.3","buyTxId":"55e0f5e6a80979704d3cefced53f66c1a607771f","sellTxId":"575881ca68ff4efe6be12f90bbc592913d927b8c-2"}
{"index": {"_index":"sim","_id":"2088545"}}
	{"id":2088545,"type":"sell","buyer":"pi-trader","seller":"onealfa","symbol":"SIM","quantity":"9855.742","price":"0.00070111","timestamp":1637740698,"volume":"6.90995927","buyTxId":"c27360f7f4f61ab008dee148da173df41b94597f-2","sellTxId":"927808f783c8611dfd92481bcb0fa6edf683d10a"}
{"index": {"_index":"sim","_id":"2088654"}}
	{"id":2088654,"type":"sell","buyer":"pi-trader","seller":"anderssinho","symbol":"SIM","quantity":"2.345","price":"0.00070111","timestamp":1637741682,"volume":"0.00164410","buyTxId":"dceb8324fd1a7a5d079ec1f0a32a2fb3a862cc0a-5","sellTxId":"73fad1bb4788b61b9d4a95cc61a30af242069ed5"}
{"index": {"_index":"sim","_id":"2088657"}}
	{"id":2088657,"type":"sell","buyer":"pi-trader","seller":"motu1","symbol":"SIM","quantity":"5327.000","price":"0.00070111","timestamp":1637741751,"volume":"3.73481297","buyTxId":"8b8cd236d7bb1c791c16a671cba4c0048f89d5d3-7","sellTxId":"4cc1e634f265ce17ac6a4a73253640ac53e57e10"}
{"index": {"_index":"sim","_id":"2089087"}}
	{"id":2089087,"type":"sell","buyer":"pi-trader","seller":"thatcryptodave","symbol":"SIM","quantity":"2000.107","price":"0.00070111","timestamp":1637744766,"volume":"1.40229502","buyTxId":"7628fbbe82c118dd46a586a024a7d25f4d96fbdc-5","sellTxId":"bc8164222b0546e150aa046df8947e17116475b9"}
{"index": {"_index":"sim","_id":"2089340"}}
	{"id":2089340,"type":"sell","buyer":"pi-trader","seller":"gs93","symbol":"SIM","quantity":"500.000","price":"0.00070111","timestamp":1637747112,"volume":"0.35055500","buyTxId":"2e8a218b4cd6467a1e53fde4dcadb0658287e0c3-7","sellTxId":"02a9169a461af674762d550f06bdf4c0ab525bc7"}
{"index": {"_index":"sim","_id":"2089370"}}
	{"id":2089370,"type":"sell","buyer":"pi-trader","seller":"muenchen","symbol":"SIM","quantity":"7460.000","price":"0.00070111","timestamp":1637747514,"volume":"5.23028060","buyTxId":"b759a7044cbfcac42a910be2ed93bec683e386f5-4","sellTxId":"d7d36740b190390da7e138b2d0085069d386576b"}
{"index": {"_index":"sim","_id":"2089478"}}
	{"id":2089478,"type":"sell","buyer":"pi-trader","seller":"lightcaptured","symbol":"SIM","quantity":"548.551","price":"0.00070111","timestamp":1637748435,"volume":"0.38459459","buyTxId":"399122d2e5d49330b1012a921f3a5de898b3f515-3","sellTxId":"5b7868276cae19ce72093bfc3369906c24439b52"}
{"index": {"_index":"sim","_id":"2089547"}}
	{"id":2089547,"type":"sell","buyer":"pi-trader","seller":"manoldonchev","symbol":"SIM","quantity":"1120.000","price":"0.00070111","timestamp":1637748777,"volume":"0.78524320","buyTxId":"fc0f7f0f2d7c40540d3b81c12c096328d3ad889f-5","sellTxId":"b4f744d0000463dee71a5027a832ad4c0d0ee62b"}
{"index": {"_index":"sim","_id":"2089549"}}
	{"id":2089549,"type":"sell","buyer":"pi-trader","seller":"ressonlelong","symbol":"SIM","quantity":"37.376","price":"0.00070111","timestamp":1637748780,"volume":"0.02620469","buyTxId":"fc0f7f0f2d7c40540d3b81c12c096328d3ad889f-5","sellTxId":"8fd2f5948fdcd0820fd7ad2f5c5bed93d5660988"}
{"index": {"_index":"sim","_id":"2089563"}}
	{"id":2089563,"type":"sell","buyer":"pi-trader","seller":"virtualinsanity","symbol":"SIM","quantity":"6716.750","price":"0.00070111","timestamp":1637748939,"volume":"4.70918059","buyTxId":"f7ba4efe37d1eff513f1171a04229189b2a291f5-5","sellTxId":"b3fa6b02e8f1919ac283d34863793707ede80ea3"}
{"index": {"_index":"sim","_id":"2089617"}}
	{"id":2089617,"type":"sell","buyer":"pi-trader","seller":"medaymane","symbol":"SIM","quantity":"4712.000","price":"0.00070111","timestamp":1637749629,"volume":"3.30363032","buyTxId":"e5fdd4338ae20ca033e2fcfa166bcac243f3c6fc-5","sellTxId":"97ddc5ab215d3cd98a2e889dfc9f795968335de4"}
{"index": {"_index":"sim","_id":"2089699"}}
	{"id":2089699,"type":"buy","buyer":"lrekt01","seller":"pi-trader","symbol":"SIM","quantity":"4.000","price":"0.00075499","timestamp":1637750415,"volume":"0.00301996","buyTxId":"eddd1895df53d2478402de81b9cf1b3fc9955cc1","sellTxId":"48f0581685e0b8bd4996d7f24c25b940d5e384aa-7"}
{"index": {"_index":"sim","_id":"2089707"}}
	{"id":2089707,"type":"sell","buyer":"pi-trader","seller":"lionsuit","symbol":"SIM","quantity":"9.567","price":"0.00070111","timestamp":1637750562,"volume":"0.00670752","buyTxId":"8cc0e7b04d5b6d8be6b36df557efcb121e7590ba-1","sellTxId":"6b1859356ff702204b02aa1d02e401eec6083c92"}
{"index": {"_index":"sim","_id":"2089708"}}
	{"id":2089708,"type":"sell","buyer":"pi-trader","seller":"rickardoh","symbol":"SIM","quantity":"7.319","price":"0.00070111","timestamp":1637750577,"volume":"0.00513142","buyTxId":"8cc0e7b04d5b6d8be6b36df557efcb121e7590ba-1","sellTxId":"f63ddb3c9c0f131b0bee9507736365256673ab96"}
{"index": {"_index":"sim","_id":"2089757"}}
	{"id":2089757,"type":"sell","buyer":"pi-trader","seller":"kobusu","symbol":"SIM","quantity":"10000.000","price":"0.00070111","timestamp":1637751231,"volume":"7.01110000","buyTxId":"772b96a87b2c705494ea20850aafae855a519374-1","sellTxId":"efaa3d89098dfc8cd433d86c4db42b57aaf22eee"}
{"index": {"_index":"sim","_id":"2089868"}}
	{"id":2089868,"type":"sell","buyer":"pi-trader","seller":"willsaldeno","symbol":"SIM","quantity":"2741.000","price":"0.00070111","timestamp":1637752191,"volume":"1.92174251","buyTxId":"8ed407ba1bd3b72c15e8bdadcedcb440dc4e57f2-3","sellTxId":"eaa033dac0b94ed2d6caaaf5eb9da2c66bc00d55"}
{"index": {"_index":"sim","_id":"2090118"}}
	{"id":2090118,"type":"sell","buyer":"pi-trader","seller":"elricmoonslayer","symbol":"SIM","quantity":"149.012","price":"0.00070111","timestamp":1637754765,"volume":"0.10447380","buyTxId":"481e49f6050f8545b4ac7117d148396354bd80c8-3","sellTxId":"e3889215d2c4695280715feea3935f95a1c35483"}
{"index": {"_index":"sim","_id":"2090134"}}
	{"id":2090134,"type":"sell","buyer":"pi-trader","seller":"tonytrillions","symbol":"SIM","quantity":"0.009","price":"0.00070111","timestamp":1637754906,"volume":"0.00000631","buyTxId":"51de04a4f90439a728e9d5d942890c58a3406a00-5","sellTxId":"ff1d5be25dce1f5d65f3370daeb79ce48647142a"}
{"index": {"_index":"sim","_id":"2090217"}}
	{"id":2090217,"type":"sell","buyer":"pi-trader","seller":"brofi-market","symbol":"SIM","quantity":"0.006","price":"0.00070111","timestamp":1637755653,"volume":"0.00000421","buyTxId":"53791e046797f1980e6326774e90cba5c02acb17-2","sellTxId":"5484aa78f609a7e6151af4543aa89d01f32330c7"}
{"index": {"_index":"sim","_id":"2090370"}}
	{"id":2090370,"type":"sell","buyer":"pi-trader","seller":"tonytrillions","symbol":"SIM","quantity":"0.037","price":"0.00070111","timestamp":1637757300,"volume":"0.00002594","buyTxId":"9a1e7a6ee0c378c7057feb3f8ed52138133f211e-1","sellTxId":"d03db9a33cf3a16a3ced46a6ac8fe1b020cdae08"}
{"index": {"_index":"sim","_id":"2090641"}}
	{"id":2090641,"type":"sell","buyer":"pi-trader","seller":"elenasteem","symbol":"SIM","quantity":"30.904","price":"0.00070111","timestamp":1637759526,"volume":"0.02166710","buyTxId":"4813f331224ee7101c9c7b2ae918b74316a3681e-1","sellTxId":"4c651b522d867545baebfc604f721870360ee588"}
{"index": {"_index":"sim","_id":"2090950"}}
	{"id":2090950,"type":"sell","buyer":"pi-trader","seller":"flaxz","symbol":"SIM","quantity":"10.874","price":"0.00070111","timestamp":1637761587,"volume":"0.00762387","buyTxId":"e81ee8f75b7e5b01977678e831e8aac9f657abf4-3","sellTxId":"3a56630351c1e5f7098e55a7d139e8ab88ce454d"}
{"index": {"_index":"sim","_id":"2091094"}}
	{"id":2091094,"type":"sell","buyer":"pi-trader","seller":"desyfit","symbol":"SIM","quantity":"50000.000","price":"0.00070111","timestamp":1637762658,"volume":"35.05550000","buyTxId":"ee672dcfc6e4bd20f042c0e4ecd865d35334393b-1","sellTxId":"047b06acf60ecc1ad104b0d1126e354f1eabfc6d"}
{"index": {"_index":"sim","_id":"2091095"}}
	{"id":2091095,"type":"sell","buyer":"marketroll","seller":"desyfit","symbol":"SIM","quantity":"6402.781","price":"0.00070110","timestamp":1637762658,"volume":"4.48898976","buyTxId":"a400bc8e217ada07f6752a8f260185916bce3854","sellTxId":"047b06acf60ecc1ad104b0d1126e354f1eabfc6d"}
{"index": {"_index":"sim","_id":"2091096"}}
	{"id":2091096,"type":"sell","buyer":"jelly13","seller":"desyfit","symbol":"SIM","quantity":"43597.219","price":"0.00070001","timestamp":1637762658,"volume":"30.51848927","buyTxId":"8eb20b4765d25137cf5e97fb2dff2fa47a04d876","sellTxId":"047b06acf60ecc1ad104b0d1126e354f1eabfc6d"}
{"index": {"_index":"sim","_id":"2091142"}}
	{"id":2091142,"type":"sell","buyer":"zash","seller":"svirus","symbol":"SIM","quantity":"4321.480","price":"0.00073000","timestamp":1637763066,"volume":"3.15468040","buyTxId":"4883acc655bd1c93d4b38ef254ef4449a874b216","sellTxId":"4e763f442a12586e457d821aa0c0bfb151ddedaf-1"}
{"index": {"_index":"sim","_id":"2091268"}}
	{"id":2091268,"type":"sell","buyer":"pi-trader","seller":"aliveprojects","symbol":"SIM","quantity":"80.153","price":"0.00070002","timestamp":1637763609,"volume":"0.05610870","buyTxId":"c1c90a725aaa1d89cc18dee499fe5c225c76d66b-2","sellTxId":"20188f17e374a913efac92032ee404aef39afca4"}
{"index": {"_index":"sim","_id":"2091290"}}
	{"id":2091290,"type":"sell","buyer":"pi-trader","seller":"abirmahmud447","symbol":"SIM","quantity":"15000","price":"0.00070002","timestamp":1637763729,"volume":"10.50030000","buyTxId":"bb1ba70262f0cc543ade8a66580bed7f46ffc918-5","sellTxId":"b2dedebfcf9b72dc81a3c8553476d7cef6f6f6d7"}
{"index": {"_index":"sim","_id":"2091395"}}
	{"id":2091395,"type":"sell","buyer":"pi-trader","seller":"inri","symbol":"SIM","quantity":"36349.000","price":"0.00070002","timestamp":1637764452,"volume":"25.44502698","buyTxId":"20124324dd405efbd6a8ca92052da88d5eeace10-7","sellTxId":"e3f71ce3b9c3bc3895456ae332bfc9e7a0e48f83"}
{"index": {"_index":"sim","_id":"2091501"}}
	{"id":2091501,"type":"sell","buyer":"pi-trader","seller":"emsonic","symbol":"SIM","quantity":"6107.000","price":"0.00070002","timestamp":1637764956,"volume":"4.27502214","buyTxId":"f100fc5badb4d23a10c2e168158b2e0b8c8bbf9c-5","sellTxId":"7a47390da8907273043a1239cb5d3f91ff328492"}
{"index": {"_index":"sim","_id":"2091628"}}
	{"id":2091628,"type":"sell","buyer":"pi-trader","seller":"mango-juice","symbol":"SIM","quantity":"3993.122","price":"0.00070002","timestamp":1637765832,"volume":"2.79526526","buyTxId":"9eb73f04b019e66065d007bb6496f565e28ab05d-3","sellTxId":"5f8218b18119cc273dea6fecd4bb8b9cef497741"}
{"index": {"_index":"sim","_id":"2091920"}}
	{"id":2091920,"type":"buy","buyer":"krenden","seller":"pi-trader","symbol":"SIM","quantity":"418.684","price":"0.00072299","timestamp":1637767896,"volume":"0.30270435","buyTxId":"d2233f30567effd23f25e13ceb2c537cd25558e4","sellTxId":"04aea09a55a5420cbcbdc156a0eafa5067313708-1"}
{"index": {"_index":"sim","_id":"2091932"}}
	{"id":2091932,"type":"buy","buyer":"krenden","seller":"pi-trader","symbol":"SIM","quantity":"14.766","price":"0.00072299","timestamp":1637767968,"volume":"0.01067567","buyTxId":"1860aba0e0f6ab3672de332f23244a53437a8c10","sellTxId":"0f22c34e2835bc4db4ef8ab71c94a4894eb12197-2"}
{"index": {"_index":"sim","_id":"2091939"}}
	{"id":2091939,"type":"sell","buyer":"pi-trader","seller":"choof","symbol":"SIM","quantity":"10476.656","price":"0.00070002","timestamp":1637767998,"volume":"7.33386873","buyTxId":"1dc56662f18b4825b089f25c5d5aa4b89a0f42fd-4","sellTxId":"40103d3062df87a5c2df0ee79a9dcf108c9295c3"}
{"index": {"_index":"sim","_id":"2091953"}}
	{"id":2091953,"type":"buy","buyer":"krenden","seller":"pi-trader","symbol":"SIM","quantity":"9.569","price":"0.00072299","timestamp":1637768079,"volume":"0.00691829","buyTxId":"b638ed468e764cb5e168ad0d9f4f624e5ea63389","sellTxId":"36da4310c28b9a9792b3e30b614f026ffb93fd05-2"}
{"index": {"_index":"sim","_id":"2091984"}}
	{"id":2091984,"type":"buy","buyer":"krenden","seller":"pi-trader","symbol":"SIM","quantity":"4.285","price":"0.00072299","timestamp":1637768382,"volume":"0.00309801","buyTxId":"6be0c88e3e150b479801405aa3e5ef9139eec48c","sellTxId":"d33a1d09c42337312c4b5aa841a16f455dd84f44-4"}
{"index": {"_index":"sim","_id":"2092078"}}
	{"id":2092078,"type":"sell","buyer":"pi-trader","seller":"krenden","symbol":"SIM","quantity":"0.538","price":"0.00070002","timestamp":1637768982,"volume":"0.00037661","buyTxId":"d1648d9b74649aba5a401b60889afea426c071e5-3","sellTxId":"b3eebab137aaadd5a6aa51f7433af16126e8ab5f"}
{"index": {"_index":"sim","_id":"2092101"}}
	{"id":2092101,"type":"sell","buyer":"pi-trader","seller":"rescobar","symbol":"SIM","quantity":"716.500","price":"0.00070002","timestamp":1637769186,"volume":"0.50156433","buyTxId":"f7b05bc21e51c0f373e8a96ddedf3a25a115b7c1-2","sellTxId":"269d3a8daa4ff109eef95efc39c25465659942e0"}
{"index": {"_index":"sim","_id":"2092193"}}
	{"id":2092193,"type":"sell","buyer":"pi-trader","seller":"ecuaminte","symbol":"SIM","quantity":"66.500","price":"0.00070002","timestamp":1637769642,"volume":"0.04655133","buyTxId":"580d79a4f6680dc875aa3b791a8b890c6cd0275c-3","sellTxId":"b48d5d30c6f883c181c3fb89c31f0cd0aa8b42b8"}
{"index": {"_index":"sim","_id":"2092272"}}
	{"id":2092272,"type":"sell","buyer":"newsposter","seller":"brofi-market","symbol":"SIM","quantity":"0.001","price":"0.00072000","timestamp":1637770302,"volume":"0.00000072","buyTxId":"074e007965894ed337aec38f569395a49f0235ad","sellTxId":"0f3fcca73940c0d0aef79df1edb976e9b9684a5b"}
{"index": {"_index":"sim","_id":"2092285"}}
	{"id":2092285,"type":"sell","buyer":"newsposter","seller":"marvinix","symbol":"SIM","quantity":"131.5","price":"0.00072000","timestamp":1637770368,"volume":"0.09468000","buyTxId":"074e007965894ed337aec38f569395a49f0235ad","sellTxId":"d4189e48e6488d55cdfee0309ac71b51cca0e24b"}
{"index": {"_index":"sim","_id":"2092380"}}
	{"id":2092380,"type":"sell","buyer":"newsposter","seller":"bilpcoinbpc","symbol":"SIM","quantity":"11.079","price":"0.00072000","timestamp":1637771049,"volume":"0.00797688","buyTxId":"074e007965894ed337aec38f569395a49f0235ad","sellTxId":"887d5ee7c2cfa45bb99b77b27c9042e0671dc664"}
{"index": {"_index":"sim","_id":"2092535"}}
	{"id":2092535,"type":"sell","buyer":"newsposter","seller":"farm1","symbol":"SIM","quantity":"109.420","price":"0.00072000","timestamp":1637772306,"volume":"0.07878240","buyTxId":"074e007965894ed337aec38f569395a49f0235ad","sellTxId":"84910a6bccef573cb18b4f5beb7daeafa3c02a12"}
{"index": {"_index":"sim","_id":"2092536"}}
	{"id":2092536,"type":"sell","buyer":"pi-trader","seller":"farm1","symbol":"SIM","quantity":"28645.580","price":"0.00070002","timestamp":1637772306,"volume":"20.05247891","buyTxId":"cfcf40abf2658ba7c6a01b53dc7a503504604577","sellTxId":"84910a6bccef573cb18b4f5beb7daeafa3c02a12"}
{"index": {"_index":"sim","_id":"2092636"}}
	{"id":2092636,"type":"sell","buyer":"pi-trader","seller":"valor2s","symbol":"SIM","quantity":"55.000","price":"0.00070002","timestamp":1637772750,"volume":"0.03850110","buyTxId":"f61d5c4f9f01795d2e920c853970694ef0cc3f6f-3","sellTxId":"4bc0c1a4d8611c7e560087a08a16db71174e10ec"}
{"index": {"_index":"sim","_id":"2092778"}}
	{"id":2092778,"type":"sell","buyer":"pi-trader","seller":"eforucom","symbol":"SIM","quantity":"0.079","price":"0.00070002","timestamp":1637773452,"volume":"0.00005530","buyTxId":"1d468bc7118e2177f54cc770de515f8fe57a4414-9","sellTxId":"741cb13c186dbcab28bf11697038e5e7df42cf50"}
{"index": {"_index":"sim","_id":"2092852"}}
	{"id":2092852,"type":"sell","buyer":"pi-trader","seller":"snackaholic","symbol":"SIM","quantity":"75.560","price":"0.00070002","timestamp":1637773992,"volume":"0.05289351","buyTxId":"63b07388afb97ea1a2d00bac7736c21a8dae6252-9","sellTxId":"9ca5e5fe80190e1526880878d5deec935ca9095a"}
{"index": {"_index":"sim","_id":"2092872"}}
	{"id":2092872,"type":"sell","buyer":"pi-trader","seller":"medaymane","symbol":"SIM","quantity":"178.600","price":"0.00070002","timestamp":1637774121,"volume":"0.12502357","buyTxId":"9a2c469f2424dc4ecbffa88f069ee5cd3e412d0d-3","sellTxId":"ff570c1256583259399ddc8eb360a8530b8c6632"}
{"index": {"_index":"sim","_id":"2093005"}}
	{"id":2093005,"type":"sell","buyer":"pi-trader","seller":"ubeautiful","symbol":"SIM","quantity":"50000.000","price":"0.00070002","timestamp":1637774913,"volume":"35.00100000","buyTxId":"243ae3ab5ed9d7b6b4f6b9900ba9cfc8df3889cb-3","sellTxId":"4702908224324b31af02a068657e4f144733adff"}
{"index": {"_index":"sim","_id":"2093006"}}
	{"id":2093006,"type":"buy","buyer":"svirus","seller":"ubeautiful","symbol":"SIM","quantity":"194272.570","price":"0.00070002","timestamp":1637774916,"volume":"135.99468445","buyTxId":"fec38477af8560b818e3ced4e11c8493c5d5e0c8-0","sellTxId":"4702908224324b31af02a068657e4f144733adff"}
{"index": {"_index":"sim","_id":"2093100"}}
	{"id":2093100,"type":"sell","buyer":"jelly13","seller":"pinkfloyd878","symbol":"SIM","quantity":"25000.000","price":"0.00070001","timestamp":1637775711,"volume":"17.50025000","buyTxId":"8eb20b4765d25137cf5e97fb2dff2fa47a04d876","sellTxId":"02a0b6361549f68891de806f343218fe0debaf5c"}
{"index": {"_index":"sim","_id":"2093272"}}
	{"id":2093272,"type":"sell","buyer":"jelly13","seller":"willsaldeno","symbol":"SIM","quantity":"798.600","price":"0.00070001","timestamp":1637776977,"volume":"0.55902799","buyTxId":"8eb20b4765d25137cf5e97fb2dff2fa47a04d876","sellTxId":"7ea43c6265f7a6d52a6f80cb4f10d974b6693453"}
{"index": {"_index":"sim","_id":"2093388"}}
	{"id":2093388,"type":"sell","buyer":"enginemaker","seller":"remystar93","symbol":"SIM","quantity":"427.770","price":"0.00070000","timestamp":1637777685,"volume":"0.29943900","buyTxId":"MM-P-12411531-59397883-3-2-0","sellTxId":"805630e4d05f133f17b6bfab8639d7adb7744485"}
{"index": {"_index":"sim","_id":"2093406"}}
	{"id":2093406,"type":"sell","buyer":"enginemaker","seller":"bosmob","symbol":"SIM","quantity":"5176.104","price":"0.00070000","timestamp":1637777808,"volume":"3.62327280","buyTxId":"MM-P-12411531-59397883-3-2-0","sellTxId":"82e102b5d4fe52d871fb86a31134ec24701845ef"}
{"index": {"_index":"sim","_id":"2093565"}}
	{"id":2093565,"type":"buy","buyer":"lulu-the-fizzgig","seller":"enginemaker","symbol":"SIM","quantity":"13.785","price":"0.00070999","timestamp":1637779179,"volume":"0.00978721","buyTxId":"6cafdfc68b060f2b0fef3e165627c264387c17cc","sellTxId":"MM-P-12475663-59462035-3-2-0"}
{"index": {"_index":"sim","_id":"2093644"}}
	{"id":2093644,"type":"sell","buyer":"enginemaker","seller":"matheusggr","symbol":"SIM","quantity":"10000.000","price":"0.00070000","timestamp":1637779773,"volume":"7.00000000","buyTxId":"MM-P-12411531-59397883-3-2-0","sellTxId":"cfec58b840bceca75faa51eee2a9a4b0d9290558"}
{"index": {"_index":"sim","_id":"2093846"}}
	{"id":2093846,"type":"sell","buyer":"enginemaker","seller":"taitux","symbol":"SIM","quantity":"760.000","price":"0.00070000","timestamp":1637781189,"volume":"0.53200000","buyTxId":"MM-P-12411531-59397883-3-2-0","sellTxId":"4acedba4c5cf73367bc3bbd7316fecaaffea7dad"}
{"index": {"_index":"sim","_id":"2093871"}}
	{"id":2093871,"type":"sell","buyer":"enginemaker","seller":"bearbear613","symbol":"SIM","quantity":"1030.012","price":"0.00070000","timestamp":1637781411,"volume":"0.72100840","buyTxId":"MM-P-12411531-59397883-3-2-0","sellTxId":"6808bbfb0d088d9596d4ada4bd6fb6087199b614"}
{"index": {"_index":"sim","_id":"2093921"}}
	{"id":2093921,"type":"sell","buyer":"enginemaker","seller":"vincentnijman","symbol":"SIM","quantity":"1660.547","price":"0.00070000","timestamp":1637781936,"volume":"1.16238290","buyTxId":"MM-P-12411531-59397883-3-2-0","sellTxId":"e7c717c67a899e50737508ec3d53baa7bcdce67f"}
{"index": {"_index":"sim","_id":"2094137"}}
	{"id":2094137,"type":"sell","buyer":"enginemaker","seller":"eythorphoto","symbol":"SIM","quantity":"11511.251","price":"0.00070000","timestamp":1637783571,"volume":"8.05787570","buyTxId":"MM-P-12411531-59397883-3-2-0","sellTxId":"d8a413a7b3ebe7cfdae863337734ce2167b0d8b5"}
{"index": {"_index":"sim","_id":"2094147"}}
	{"id":2094147,"type":"sell","buyer":"enginemaker","seller":"solarpowers","symbol":"SIM","quantity":"3413.000","price":"0.00070000","timestamp":1637783628,"volume":"2.38910000","buyTxId":"MM-P-12411531-59397883-3-2-0","sellTxId":"a706d04a0ab6491bab7918d4720c58bb68503dea"}
{"index": {"_index":"sim","_id":"2094184"}}
	{"id":2094184,"type":"sell","buyer":"enginemaker","seller":"ctrlyse","symbol":"SIM","quantity":"1621.660","price":"0.00070000","timestamp":1637783760,"volume":"1.13516200","buyTxId":"MM-P-12411531-59397883-3-2-0","sellTxId":"29179d81322b82a73957cdef60ed9ede2945fe14"}
{"index": {"_index":"sim","_id":"2094228"}}
	{"id":2094228,"type":"sell","buyer":"enginemaker","seller":"florian-glechner","symbol":"SIM","quantity":"16.000","price":"0.00070000","timestamp":1637783916,"volume":"0.01120000","buyTxId":"MM-P-12411531-59397883-3-2-0","sellTxId":"81e0407f3c1d3c09733f46d3a1f5c848e2481a53"}
{"index": {"_index":"sim","_id":"2094304"}}
	{"id":2094304,"type":"sell","buyer":"cliffagreen","seller":"magnacarta","symbol":"SIM","quantity":"0.013","price":"0.00070100","timestamp":1637784195,"volume":"0.00000911","buyTxId":"5eb973e21037dc9f21321942e632d850d414e419","sellTxId":"01d5784ce9452cfe6f4b077f77a5baec5eb03227"}
{"index": {"_index":"sim","_id":"2094306"}}
	{"id":2094306,"type":"sell","buyer":"cliffagreen","seller":"choof","symbol":"SIM","quantity":"3.977","price":"0.00070100","timestamp":1637784195,"volume":"0.00278788","buyTxId":"5eb973e21037dc9f21321942e632d850d414e419","sellTxId":"903bb9f6cc6321c09179d55f39264da95809f0f4"}
{"index": {"_index":"sim","_id":"2094307"}}
	{"id":2094307,"type":"sell","buyer":"enginemaker","seller":"choof","symbol":"SIM","quantity":"97.942","price":"0.00070000","timestamp":1637784195,"volume":"0.06855940","buyTxId":"MM-P-12411531-59397883-3-2-0","sellTxId":"903bb9f6cc6321c09179d55f39264da95809f0f4"}
{"index": {"_index":"sim","_id":"2094308"}}
	{"id":2094308,"type":"sell","buyer":"pi-trader","seller":"choof","symbol":"SIM","quantity":"25135.131","price":"0.00069001","timestamp":1637784195,"volume":"17.34349174","buyTxId":"5f53178fd17e9c68b83566e775bfba1859b51310-4","sellTxId":"903bb9f6cc6321c09179d55f39264da95809f0f4"}
{"index": {"_index":"sim","_id":"2094374"}}
	{"id":2094374,"type":"sell","buyer":"pi-trader","seller":"medaymane","symbol":"SIM","quantity":"1196.000","price":"0.00069001","timestamp":1637784543,"volume":"0.82525196","buyTxId":"e8cb7df37fab48c01185be3267e71280b75a03b6-7","sellTxId":"3f9a6f79b8ff708755c20706989a4d7caa067b5f"}
{"index": {"_index":"sim","_id":"2094375"}}
	{"id":2094375,"type":"sell","buyer":"pi-trader","seller":"dera123","symbol":"SIM","quantity":"10140.340","price":"0.00069001","timestamp":1637784546,"volume":"6.99693600","buyTxId":"e8cb7df37fab48c01185be3267e71280b75a03b6-7","sellTxId":"48b2bbbc03219603910ef9729c8d163cc9a5d1a9"}
{"index": {"_index":"sim","_id":"2094460"}}
	{"id":2094460,"type":"sell","buyer":"pi-trader","seller":"razam","symbol":"SIM","quantity":"4.000","price":"0.00069001","timestamp":1637785038,"volume":"0.00276004","buyTxId":"00ff60e5e40a2dfd4450d45e293aba7e3aa50738-7","sellTxId":"2f8288d9d1dedc98eb3a9364dbce022644cdf5ad"}
{"index": {"_index":"sim","_id":"2094466"}}
	{"id":2094466,"type":"sell","buyer":"pi-trader","seller":"marvinix","symbol":"SIM","quantity":"369.22","price":"0.00069001","timestamp":1637785062,"volume":"0.25476549","buyTxId":"00ff60e5e40a2dfd4450d45e293aba7e3aa50738-7","sellTxId":"cf1e0c171aa9f3b2a21c85c598f4ffd949e8ea6b"}
{"index": {"_index":"sim","_id":"2094512"}}
	{"id":2094512,"type":"sell","buyer":"pi-trader","seller":"amanda.yrr","symbol":"SIM","quantity":"23.000","price":"0.00069001","timestamp":1637785278,"volume":"0.01587023","buyTxId":"9b0604d7ddddf5470bf51e853fc5c00f54e67680-5","sellTxId":"481f0c3ad470f15c13e71c41135e9a9d00a96321"}
{"index": {"_index":"sim","_id":"2094561"}}
	{"id":2094561,"type":"sell","buyer":"pi-trader","seller":"huginn","symbol":"SIM","quantity":"33.000","price":"0.00069001","timestamp":1637785491,"volume":"0.02277033","buyTxId":"85ab797d7e6076e0b557f8aaae6e7cd7333003c2-3","sellTxId":"6de83b1d64721b073698b8a9cac32877af58e860"}
{"index": {"_index":"sim","_id":"2094570"}}
	{"id":2094570,"type":"sell","buyer":"pi-trader","seller":"eythorphoto","symbol":"SIM","quantity":"2800.000","price":"0.00069001","timestamp":1637785596,"volume":"1.93202800","buyTxId":"fcc6f163c5d7f4ce4dcd362633193b98f3d73a46-3","sellTxId":"eb141d5c3c159b12d6b5c3e58070cc205d38bb65"}
{"index": {"_index":"sim","_id":"2094590"}}
	{"id":2094590,"type":"sell","buyer":"pi-trader","seller":"stickupmusic","symbol":"SIM","quantity":"561.459","price":"0.00069001","timestamp":1637785719,"volume":"0.38741232","buyTxId":"262fcccb372f36155835297eda29d6f77b1c71b5-3","sellTxId":"6072455e8f914f129ad05fd13b1e458ff8c2f77c"}
{"index": {"_index":"sim","_id":"2094731"}}
	{"id":2094731,"type":"sell","buyer":"pi-trader","seller":"fantasycrypto","symbol":"SIM","quantity":"18552.605","price":"0.00069001","timestamp":1637786661,"volume":"12.80148298","buyTxId":"414a803158a74a5413d7f0bb6fd391e0175ab152-6","sellTxId":"3b3eaeaac69a0fa997e2801f7691553a1109b6f4"}
{"index": {"_index":"sim","_id":"2094762"}}
	{"id":2094762,"type":"sell","buyer":"pi-trader","seller":"jrcornel","symbol":"SIM","quantity":"27797.000","price":"0.00069001","timestamp":1637786856,"volume":"19.18020797","buyTxId":"4ec6d7b3308ca759629174590103ce7b9759addd-7","sellTxId":"0829364cc8b2a1300f23df4405d2eba9a73c0acb"}
{"index": {"_index":"sim","_id":"2094855"}}
	{"id":2094855,"type":"sell","buyer":"pi-trader","seller":"desyfit","symbol":"SIM","quantity":"50000.000","price":"0.00069001","timestamp":1637787750,"volume":"34.50050000","buyTxId":"5f2e565dd06bb6e68ffca5adc406bfc10eb80b33-5","sellTxId":"411918b9ef88392dffce03500a83c787eb0ad9ef"}
{"index": {"_index":"sim","_id":"2094856"}}
	{"id":2094856,"type":"sell","buyer":"methus","seller":"desyfit","symbol":"SIM","quantity":"50000.000","price":"0.00069000","timestamp":1637787750,"volume":"34.50000000","buyTxId":"5a2be0e5a6f7c3274cd945fca02ad9e9e4a4a03f","sellTxId":"411918b9ef88392dffce03500a83c787eb0ad9ef"}
{"index": {"_index":"sim","_id":"2094866"}}
	{"id":2094866,"type":"sell","buyer":"pi-trader","seller":"desyfit","symbol":"SIM","quantity":"1.000","price":"0.00054011","timestamp":1637787831,"volume":"0.00054011","buyTxId":"93426e7c747e67a1b85519765e213aa2f08ab9fd-2","sellTxId":"3a211aa5bd6dc3beeb6f40c033c29683b915296a"}
{"index": {"_index":"sim","_id":"2094918"}}
	{"id":2094918,"type":"sell","buyer":"pi-trader","seller":"balte","symbol":"SIM","quantity":"10000.000","price":"0.00054011","timestamp":1637788278,"volume":"5.40110000","buyTxId":"4671faa2eb97fcf04b7de5e31855324987bee84e-1","sellTxId":"418e9a750b3391e4d19c6705272e60fb5883dcd1"}
{"index": {"_index":"sim","_id":"2094935"}}
	{"id":2094935,"type":"buy","buyer":"dswap","seller":"enginemaker","symbol":"SIM","quantity":"3932.054","price":"0.00070999","timestamp":1637788482,"volume":"2.79171936","buyTxId":"01a844dbf0114579f920b588216fd819d578c63d","sellTxId":"MM-P-12475663-59462035-3-2-0"}
{"index": {"_index":"sim","_id":"2095050"}}
	{"id":2095050,"type":"sell","buyer":"pi-trader","seller":"marvinix","symbol":"SIM","quantity":"123.53","price":"0.00054011","timestamp":1637789082,"volume":"0.06671979","buyTxId":"ddba76780e49ae223e752f69d7d222b5e3d2fa46-3","sellTxId":"0f7819868b2aca5927056722d968abfaba07f49e"}
{"index": {"_index":"sim","_id":"2095061"}}
	{"id":2095061,"type":"sell","buyer":"pi-trader","seller":"thranax","symbol":"SIM","quantity":"48.047","price":"0.00054011","timestamp":1637789151,"volume":"0.02595067","buyTxId":"70ddae72d9c1c3bc39f48018b3537005837c9b96-3","sellTxId":"399b06d0295a46eb7a8c38c95737b6184e9c269e"}
{"index": {"_index":"sim","_id":"2095076"}}
	{"id":2095076,"type":"sell","buyer":"pi-trader","seller":"leonardoalmaguer","symbol":"SIM","quantity":"667.000","price":"0.00054011","timestamp":1637789268,"volume":"0.36025337","buyTxId":"4856991ed7551f747d7724597dfeeb34dea53f2d-4","sellTxId":"7412a9b6dccfc4cfda8bb30652e89e5138ad9d23"}
{"index": {"_index":"sim","_id":"2095156"}}
	{"id":2095156,"type":"sell","buyer":"pi-trader","seller":"thatcryptodave","symbol":"SIM","quantity":"564.488","price":"0.00054011","timestamp":1637790015,"volume":"0.30488561","buyTxId":"4d8d1e6cf3b867904b1a068cdb1a29aa80538e07-2","sellTxId":"e4d6b5580c37b7f72f306109fab6321a39b8430c"}
{"index": {"_index":"sim","_id":"2095220"}}
	{"id":2095220,"type":"buy","buyer":"nervi","seller":"peerfinance","symbol":"SIM","quantity":"198.642","price":"0.00070000","timestamp":1637790498,"volume":"0.13904940","buyTxId":"d3ecd3453b45075018f40b0c3431bb4ee834d16a","sellTxId":"a75ad30bdf7e712248fa67829c96d209bde57ac6"}
{"index": {"_index":"sim","_id":"2095221"}}
	{"id":2095221,"type":"buy","buyer":"nervi","seller":"enginemaker","symbol":"SIM","quantity":"1658.035","price":"0.00070999","timestamp":1637790498,"volume":"1.17718827","buyTxId":"d3ecd3453b45075018f40b0c3431bb4ee834d16a","sellTxId":"MM-P-12475663-59462035-3-2-0"}
{"index": {"_index":"sim","_id":"2095222"}}
	{"id":2095222,"type":"buy","buyer":"nervi","seller":"eshr92","symbol":"SIM","quantity":"0.003","price":"0.00072000","timestamp":1637790498,"volume":"0.00000233","buyTxId":"d3ecd3453b45075018f40b0c3431bb4ee834d16a","sellTxId":"a3f0013011e97a05c540b0a3dc9d21dca2aa0a65"}
{"index": {"_index":"sim","_id":"2095227"}}
	{"id":2095227,"type":"buy","buyer":"nervi","seller":"eshr92","symbol":"SIM","quantity":"254.997","price":"0.00072000","timestamp":1637790537,"volume":"0.18359784","buyTxId":"d21c43bb30b3b9a8e6e5a203752f03016beccac6","sellTxId":"a3f0013011e97a05c540b0a3dc9d21dca2aa0a65"}
{"index": {"_index":"sim","_id":"2095228"}}
	{"id":2095228,"type":"buy","buyer":"nervi","seller":"brofi-market","symbol":"SIM","quantity":"0.001","price":"0.00072175","timestamp":1637790537,"volume":"0.00000072","buyTxId":"d21c43bb30b3b9a8e6e5a203752f03016beccac6","sellTxId":"addadf9f3a0e21a1b9558dec4b71ac558ac018f6"}
{"index": {"_index":"sim","_id":"2095229"}}
	{"id":2095229,"type":"buy","buyer":"nervi","seller":"pinkfloyd878","symbol":"SIM","quantity":"2000.000","price":"0.00072176","timestamp":1637790537,"volume":"1.44352000","buyTxId":"d21c43bb30b3b9a8e6e5a203752f03016beccac6","sellTxId":"30f06ff55652a7878652033075b7a6492e118561"}
{"index": {"_index":"sim","_id":"2095230"}}
	{"id":2095230,"type":"buy","buyer":"nervi","seller":"pinkfloyd878","symbol":"SIM","quantity":"3000.000","price":"0.00072197","timestamp":1637790537,"volume":"2.16591000","buyTxId":"d21c43bb30b3b9a8e6e5a203752f03016beccac6","sellTxId":"806e3c5a672ee5fd5d6dde424292c698ae2ae6f4"}
{"index": {"_index":"sim","_id":"2095231"}}
	{"id":2095231,"type":"buy","buyer":"nervi","seller":"pinkfloyd878","symbol":"SIM","quantity":"5000.000","price":"0.00072298","timestamp":1637790537,"volume":"3.61490000","buyTxId":"d21c43bb30b3b9a8e6e5a203752f03016beccac6","sellTxId":"a0679167cb903adbe2472e34d0cfb5f60f7d2455"}
{"index": {"_index":"sim","_id":"2095232"}}
	{"id":2095232,"type":"buy","buyer":"nervi","seller":"pinkfloyd878","symbol":"SIM","quantity":"178.600","price":"0.00072300","timestamp":1637790537,"volume":"0.12912780","buyTxId":"d21c43bb30b3b9a8e6e5a203752f03016beccac6","sellTxId":"584aa7d0d719b6c3388d7b9edd349385e8e45cbe"}
{"index": {"_index":"sim","_id":"2095233"}}
	{"id":2095233,"type":"buy","buyer":"nervi","seller":"pinkfloyd878","symbol":"SIM","quantity":"0.004","price":"0.00074247","timestamp":1637790537,"volume":"0.00000364","buyTxId":"d21c43bb30b3b9a8e6e5a203752f03016beccac6","sellTxId":"53564bb381ff7a1c2923f06a1acca3ac851300d0"}
{"index": {"_index":"sim","_id":"2095314"}}
	{"id":2095314,"type":"buy","buyer":"sevenoh-fiveoh","seller":"pi-trader","symbol":"SIM","quantity":"8000.000","price":"0.00073245","timestamp":1637790954,"volume":"5.85960000","buyTxId":"e4981054b3983da904a75c6603a6cb3991b33937","sellTxId":"e6ba32642fcee88f7294295eaa3d94d7625ebd4a-8"}
{"index": {"_index":"sim","_id":"2095386"}}
	{"id":2095386,"type":"sell","buyer":"pi-trader","seller":"marvinix","symbol":"SIM","quantity":"1140","price":"0.00054011","timestamp":1637791230,"volume":"0.61572540","buyTxId":"5946076192e48d92be393cb9b009d23bdb3ad605-3","sellTxId":"1e2bfdac25ae9cbbb02b25106f07824dbe8a5098"}
{"index": {"_index":"sim","_id":"2095422"}}
	{"id":2095422,"type":"sell","buyer":"pi-trader","seller":"he-index","symbol":"SIM","quantity":"314.034","price":"0.00054011","timestamp":1637791569,"volume":"0.16961290","buyTxId":"53a26f1cc82aabe11b8859ac870b8b7fc739386e-5","sellTxId":"691e6104c7b765fe1d4a5c5b76e2de4a6a644c71"}
{"index": {"_index":"sim","_id":"2095546"}}
	{"id":2095546,"type":"sell","buyer":"pi-trader","seller":"justinparke","symbol":"SIM","quantity":"10020.2","price":"0.00054011","timestamp":1637792595,"volume":"5.41201022","buyTxId":"609c85508b43e4f25996c1280f000c7969bd5389-5","sellTxId":"af0af12e65aa04a34412b6f2f8787cb6eedc5c2f"}
{"index": {"_index":"sim","_id":"2095566"}}
	{"id":2095566,"type":"sell","buyer":"pi-trader","seller":"drew0","symbol":"SIM","quantity":"16888.000","price":"0.00054011","timestamp":1637792760,"volume":"9.12137768","buyTxId":"286a92891edbd8b86fe72ecfd0bf1d9ea2d38918-3","sellTxId":"edf341bc85549a2863e38f83e745df4908898c7d"}
{"index": {"_index":"sim","_id":"2095619"}}
	{"id":2095619,"type":"sell","buyer":"pi-trader","seller":"haitch","symbol":"SIM","quantity":"1400.350","price":"0.00054011","timestamp":1637793012,"volume":"0.75634304","buyTxId":"8a8f03f116fc7fc63d509e441881751172d01845-3","sellTxId":"b2a8c678fc64e931853c6970a41eb2e5e2c9c300"}
{"index": {"_index":"sim","_id":"2096011"}}
	{"id":2096011,"type":"buy","buyer":"svirus","seller":"marfonso","symbol":"SIM","quantity":"4098.910","price":"0.00071799","timestamp":1637795304,"volume":"2.94297639","buyTxId":"e166c9db77c37b0de9689477dc2801a9040f7e5d-0","sellTxId":"47045e623ebffab91c375e782497f8ede16922c2"}
{"index": {"_index":"sim","_id":"2096061"}}
	{"id":2096061,"type":"sell","buyer":"pi-trader","seller":"kaeves4711","symbol":"SIM","quantity":"8398.000","price":"0.00055472","timestamp":1637795820,"volume":"4.65853856","buyTxId":"ebf727206cdf7acc29909a0c36cc95a4979c0320-3","sellTxId":"173b35fc34db932b5728fc8bbb9d72f58988f41c"}
{"index": {"_index":"sim","_id":"2096254"}}
	{"id":2096254,"type":"sell","buyer":"pi-trader","seller":"peerfinance","symbol":"SIM","quantity":"211.580","price":"0.00055487","timestamp":1637797404,"volume":"0.11739939","buyTxId":"4d6400deb875db6d79d9eca94d79f94a7e30b212-4","sellTxId":"49b13463199afb82394b932d3a703f3ca14902a3"}
{"index": {"_index":"sim","_id":"2096309"}}
	{"id":2096309,"type":"sell","buyer":"jelly13","seller":"otherbrandt","symbol":"SIM","quantity":"100.000","price":"0.00065490","timestamp":1637797851,"volume":"0.06549000","buyTxId":"0ed7b92bff4585a9dce724745adb6e13c3292e12","sellTxId":"44c23a17374a4f5cea39188fe9abb30bcd545c73"}
{"index": {"_index":"sim","_id":"2096310"}}
	{"id":2096310,"type":"sell","buyer":"pi-trader","seller":"otherbrandt","symbol":"SIM","quantity":"1900.000","price":"0.00055493","timestamp":1637797851,"volume":"1.05436700","buyTxId":"c8ca4b4cb39b2ec0a4a42bd3698a89eb85225cd2-4","sellTxId":"44c23a17374a4f5cea39188fe9abb30bcd545c73"}
{"index": {"_index":"sim","_id":"2096493"}}
	{"id":2096493,"type":"sell","buyer":"pi-trader","seller":"brofi-market","symbol":"SIM","quantity":"0.002","price":"0.00059956","timestamp":1637799084,"volume":"0.00000120","buyTxId":"9555ca60e296f99da729c52b45a27a5607ba166f-4","sellTxId":"473c0e7a7082b5f21382a62f239a5ae2493d8160"}
{"index": {"_index":"sim","_id":"2096553"}}
	{"id":2096553,"type":"buy","buyer":"nyxlabs","seller":"marfonso","symbol":"SIM","quantity":"0.006","price":"0.00071799","timestamp":1637799579,"volume":"0.00000431","buyTxId":"1881ff9f3569cd5966c63988ad9d26f4dcb1f89d","sellTxId":"47045e623ebffab91c375e782497f8ede16922c2"}
{"index": {"_index":"sim","_id":"2096554"}}
	{"id":2096554,"type":"buy","buyer":"nyxlabs","seller":"brofi-market","symbol":"SIM","quantity":"0.002","price":"0.00071799","timestamp":1637799579,"volume":"0.00000144","buyTxId":"1881ff9f3569cd5966c63988ad9d26f4dcb1f89d","sellTxId":"6150bcc64a758ba24cbc1a5c65311f15d42bc98d"}
{"index": {"_index":"sim","_id":"2096555"}}
	{"id":2096555,"type":"buy","buyer":"nyxlabs","seller":"medaymane","symbol":"SIM","quantity":"1305.250","price":"0.00071800","timestamp":1637799579,"volume":"0.93716950","buyTxId":"1881ff9f3569cd5966c63988ad9d26f4dcb1f89d","sellTxId":"02622bb39c44b284b88587945319576baa3827fe"}
{"index": {"_index":"sim","_id":"2096556"}}
	{"id":2096556,"type":"buy","buyer":"nyxlabs","seller":"enginemaker","symbol":"SIM","quantity":"494.742","price":"0.00072245","timestamp":1637799579,"volume":"0.35742636","buyTxId":"1881ff9f3569cd5966c63988ad9d26f4dcb1f89d","sellTxId":"MM-P-12480051-59466424-3-2-0"}
{"index": {"_index":"sim","_id":"2096558"}}
	{"id":2096558,"type":"sell","buyer":"pi-trader","seller":"bitcoinflood","symbol":"SIM","quantity":"1663.349","price":"0.00059962","timestamp":1637799606,"volume":"0.99737733","buyTxId":"2d3bf2f1185f3c12e1e35c6942607142b7e11c07-3","sellTxId":"42191ddd2fdf33e2d023ac804d098892c1867ec8"}
{"index": {"_index":"sim","_id":"2096606"}}
	{"id":2096606,"type":"sell","buyer":"pi-trader","seller":"loganhate","symbol":"SIM","quantity":"154.000","price":"0.00059965","timestamp":1637800038,"volume":"0.09234610","buyTxId":"34424114414bf1104a32dc3a35a7e05e61027ca6-3","sellTxId":"5f6fc32d56365b2adb46dbaca26e96dc99ded21b"}
{"index": {"_index":"sim","_id":"2096634"}}
	{"id":2096634,"type":"buy","buyer":"konvik","seller":"enginemaker","symbol":"SIM","quantity":"29615.670","price":"0.00071244","timestamp":1637800158,"volume":"21.09938793","buyTxId":"0c750bcd0bbed3a9c69b0c0900def46c70e1b30d-0","sellTxId":"MM-P-12483039-59469413-3-2-0"}
{"index": {"_index":"sim","_id":"2097059"}}
	{"id":2097059,"type":"sell","buyer":"pi-trader","seller":"brofi-market","symbol":"SIM","quantity":"0.001","price":"0.00059986","timestamp":1637802108,"volume":"0.00000060","buyTxId":"31c6e2baa93103e9830bf6c83d7c2835c002a7df-3","sellTxId":"d59e5f976caea699cf9c04b6c3ec9d7d5ea07bda"}
{"index": {"_index":"sim","_id":"2097107"}}
	{"id":2097107,"type":"buy","buyer":"nyxlabs","seller":"pi-trader","symbol":"SIM","quantity":"7000.000","price":"0.00074225","timestamp":1637802378,"volume":"5.19575000","buyTxId":"52ffb0082342b1b4b3712998638119138280c288","sellTxId":"d0b37ca875bf9333088b102f6b8e5660ef0a3a9a-12"}
{"index": {"_index":"sim","_id":"2097183"}}
	{"id":2097183,"type":"sell","buyer":"pi-trader","seller":"ericburgoyne","symbol":"SIM","quantity":"30.581","price":"0.00059992","timestamp":1637802819,"volume":"0.01834615","buyTxId":"cdc37ca5b2054898ed5b804235b2e2b0bb23708e-3","sellTxId":"610109555718cc18acd0974dff1d40c7833ad9f6"}
{"index": {"_index":"sim","_id":"2097217"}}
	{"id":2097217,"type":"buy","buyer":"jelly13","seller":"leizerstark","symbol":"SIM","quantity":"500.000","price":"0.00060000","timestamp":1637803050,"volume":"0.30000000","buyTxId":"152966c7ee9260556b8d12d5401501cfe298932e","sellTxId":"2822a9b9f71ccec2753bf2c9b067a2ae89501ec3"}
{"index": {"_index":"sim","_id":"2097293"}}
	{"id":2097293,"type":"sell","buyer":"pi-trader","seller":"romiferns","symbol":"SIM","quantity":"37.973","price":"0.00060003","timestamp":1637803590,"volume":"0.02278494","buyTxId":"ba64ac5a39b624a0d491e5069d24d37dafbe749c-3","sellTxId":"ebfd61fb225363f4dfcb0e8a65dda8b6edc6d67a"}
{"index": {"_index":"sim","_id":"2097325"}}
	{"id":2097325,"type":"sell","buyer":"pi-trader","seller":"eforucom","symbol":"SIM","quantity":"0.010","price":"0.00060001","timestamp":1637803755,"volume":"0.00000600","buyTxId":"5b3c8016041e88a77b07ac4898c12debe2063fe8-6","sellTxId":"531de2d522ef1b23ac284e7be5a5e0e1bd58bb80"}
{"index": {"_index":"sim","_id":"2097659"}}
	{"id":2097659,"type":"sell","buyer":"pi-trader","seller":"jesuscarrion","symbol":"SIM","quantity":"64.000","price":"0.00060001","timestamp":1637804670,"volume":"0.03840064","buyTxId":"67bd1d89645cfaed2166e90605849fa210bd677d-5","sellTxId":"f3684999307f850227011f9f6700d5d625ef61b5"}
{"index": {"_index":"sim","_id":"2097717"}}
	{"id":2097717,"type":"sell","buyer":"pi-trader","seller":"choof","symbol":"SIM","quantity":"11495.000","price":"0.00060001","timestamp":1637804886,"volume":"6.89711495","buyTxId":"25347fd1958651a8990aeba3ae7f730944b27650-5","sellTxId":"1bac9d48f37965df1ea7b824af4ccd5256bb8ee5"}
{"index": {"_index":"sim","_id":"2097812"}}
	{"id":2097812,"type":"sell","buyer":"pi-trader","seller":"magnacarta","symbol":"SIM","quantity":"0.699","price":"0.00060001","timestamp":1637805339,"volume":"0.00041941","buyTxId":"e4562259b958b42fced496cbc54135a64157c44f-4","sellTxId":"ab50860a9b273dfa3afceb0a2e9d9954a1aa897b"}
{"index": {"_index":"sim","_id":"2097941"}}
	{"id":2097941,"type":"sell","buyer":"pi-trader","seller":"bigram13","symbol":"SIM","quantity":"12783.000","price":"0.00060001","timestamp":1637805915,"volume":"7.66992783","buyTxId":"b2e260087c3be2135a5e1c40ed35c0e874d5cd77-3","sellTxId":"174dfd2c1ce55420eb4b6e8834ea151b4d6fb585"}
{"index": {"_index":"sim","_id":"2098048"}}
	{"id":2098048,"type":"sell","buyer":"pi-trader","seller":"bearbear613","symbol":"SIM","quantity":"259.006","price":"0.00060001","timestamp":1637806611,"volume":"0.15540619","buyTxId":"8535b4c181ea28b674c55b6ef84c691d71b25592-4","sellTxId":"3b5b282b245bad73d81edc36f50691fc90a2fea0"}
{"index": {"_index":"sim","_id":"2098333"}}
	{"id":2098333,"type":"sell","buyer":"pi-trader","seller":"andy4475","symbol":"SIM","quantity":"28.501","price":"0.00065001","timestamp":1637808168,"volume":"0.01852594","buyTxId":"f99b0467d59f870ad172778ef81fa3c0190c3dfc-2","sellTxId":"5f4aaa4936f832e08889e7f5abfe8e4fb3cd6cef"}
{"index": {"_index":"sim","_id":"2098677"}}
	{"id":2098677,"type":"sell","buyer":"pi-trader","seller":"thegoliath","symbol":"SIM","quantity":"50000.000","price":"0.00065001","timestamp":1637810124,"volume":"32.50050000","buyTxId":"4e968a7568a58a3c730abca757b474be4c035b8d-3","sellTxId":"1afac574d4c9afbe2f87449af4f1b97827571856"}
{"index": {"_index":"sim","_id":"2098678"}}
	{"id":2098678,"type":"sell","buyer":"nervi","seller":"thegoliath","symbol":"SIM","quantity":"18644.000","price":"0.00065000","timestamp":1637810124,"volume":"12.11860000","buyTxId":"8fec116d02d375e36d4a9a112a180dcb998baab7","sellTxId":"1afac574d4c9afbe2f87449af4f1b97827571856"}
{"index": {"_index":"sim","_id":"2098679"}}
	{"id":2098679,"type":"sell","buyer":"jelly13","seller":"thegoliath","symbol":"SIM","quantity":"9500.000","price":"0.00060000","timestamp":1637810124,"volume":"5.70000000","buyTxId":"152966c7ee9260556b8d12d5401501cfe298932e","sellTxId":"1afac574d4c9afbe2f87449af4f1b97827571856"}
{"index": {"_index":"sim","_id":"2098680"}}
	{"id":2098680,"type":"sell","buyer":"jelly-cz","seller":"thegoliath","symbol":"SIM","quantity":"15784.996","price":"0.00054120","timestamp":1637810124,"volume":"8.54283984","buyTxId":"MM-P-12484035-59470409-3-35-0","sellTxId":"1afac574d4c9afbe2f87449af4f1b97827571856"}
{"index": {"_index":"sim","_id":"2098968"}}
	{"id":2098968,"type":"sell","buyer":"pi-trader","seller":"artistparthoroy","symbol":"SIM","quantity":"1714.000","price":"0.00054201","timestamp":1637812347,"volume":"0.92900514","buyTxId":"ad5d99c469ad47546a883e39772968ccef1c0d60-3","sellTxId":"0b0b15c5239c56947d6c6a8094be33052203141d"}
