{"index": {"_index":"sim","_id":"4148420"}}
	{"id":4148420,"type":"sell","buyer":"looftee","seller":"theguruasia","symbol":"SIM","quantity":"1418.568","price":"0.00043200","timestamp":1660706616,"volume":"0.61282138","buyTxId":"b64007294fa14ee03ce107fe1360f4874d088f84","sellTxId":"4e6cdaf618c419678dd00d99fe6ac2968cbfa56b"}
{"index": {"_index":"sim","_id":"4149214"}}
	{"id":4149214,"type":"sell","buyer":"looftee","seller":"sn0n","symbol":"SIM","quantity":"3576.400","price":"0.00043200","timestamp":1660717197,"volume":"1.54500480","buyTxId":"b64007294fa14ee03ce107fe1360f4874d088f84","sellTxId":"6c1f11a14277a9025e915819a9f0af9b744ede1b"}
{"index": {"_index":"sim","_id":"4149340"}}
	{"id":4149340,"type":"sell","buyer":"looftee","seller":"dhedge-drips","symbol":"SIM","quantity":"0.001","price":"0.00043200","timestamp":1660718715,"volume":"0.00000043","buyTxId":"b64007294fa14ee03ce107fe1360f4874d088f84","sellTxId":"66f6f4f824dc356f7bf5c7794d5ded0a90368ecd"}
{"index": {"_index":"sim","_id":"4149596"}}
	{"id":4149596,"type":"sell","buyer":"looftee","seller":"dswap","symbol":"SIM","quantity":"144.225","price":"0.00043200","timestamp":1660722129,"volume":"0.06230520","buyTxId":"b64007294fa14ee03ce107fe1360f4874d088f84","sellTxId":"cc8bf35e84b0ff1c5d7b9ff414cdc74a5a96be48"}
{"index": {"_index":"sim","_id":"4149610"}}
	{"id":4149610,"type":"sell","buyer":"looftee","seller":"quelled","symbol":"SIM","quantity":"218.823","price":"0.00043200","timestamp":1660722261,"volume":"0.09453154","buyTxId":"b64007294fa14ee03ce107fe1360f4874d088f84","sellTxId":"7b8658078df07bb45a7ce06f0307d51a60117670"}
{"index": {"_index":"sim","_id":"4150054"}}
	{"id":4150054,"type":"sell","buyer":"looftee","seller":"shebe","symbol":"SIM","quantity":"115.333","price":"0.00043200","timestamp":1660727616,"volume":"0.04982386","buyTxId":"b64007294fa14ee03ce107fe1360f4874d088f84","sellTxId":"6985a5b0b4d68057aa8b2a0c6351f39b993bfd47"}
{"index": {"_index":"sim","_id":"4150189"}}
	{"id":4150189,"type":"sell","buyer":"frugal-fun","seller":"besheda","symbol":"SIM","quantity":"58.411","price":"0.00043500","timestamp":1660728699,"volume":"0.02540879","buyTxId":"31ac39eca0a54b5a959b1bebd09920b2c2cf3668","sellTxId":"c7f3250d2df7021e7bc80baff586333caf3803bc"}
{"index": {"_index":"sim","_id":"4150457"}}
	{"id":4150457,"type":"sell","buyer":"frugal-fun","seller":"theguruasia","symbol":"SIM","quantity":"6495.099","price":"0.00043500","timestamp":1660731570,"volume":"2.82536806","buyTxId":"31ac39eca0a54b5a959b1bebd09920b2c2cf3668","sellTxId":"4750a07379ad2c6560db3d10a159debcc172104e"}
{"index": {"_index":"sim","_id":"4150458"}}
	{"id":4150458,"type":"sell","buyer":"looftee","seller":"theguruasia","symbol":"SIM","quantity":"28355.335","price":"0.00043200","timestamp":1660731570,"volume":"12.24950472","buyTxId":"b64007294fa14ee03ce107fe1360f4874d088f84","sellTxId":"4750a07379ad2c6560db3d10a159debcc172104e"}
{"index": {"_index":"sim","_id":"4150780"}}
	{"id":4150780,"type":"sell","buyer":"looftee","seller":"kobusu","symbol":"SIM","quantity":"2379.546","price":"0.00043200","timestamp":1660735515,"volume":"1.02796387","buyTxId":"b64007294fa14ee03ce107fe1360f4874d088f84","sellTxId":"030cbe93a86c50f3accc99f13e0419702bba6346"}
{"index": {"_index":"sim","_id":"4150857"}}
	{"id":4150857,"type":"buy","buyer":"aljif7","seller":"nftmart.fees","symbol":"SIM","quantity":"147.000","price":"0.00046989","timestamp":1660736139,"volume":"0.06907383","buyTxId":"f9f9559bef736fb75377e5d9b4a6b01484158109","sellTxId":"e8499ea36b6511b02206b06a9c4641b2e7b8d2cb-0"}
{"index": {"_index":"sim","_id":"4150858"}}
	{"id":4150858,"type":"buy","buyer":"aljif7","seller":"onlydoge","symbol":"SIM","quantity":"450.451","price":"0.00046990","timestamp":1660736139,"volume":"0.21166692","buyTxId":"f9f9559bef736fb75377e5d9b4a6b01484158109","sellTxId":"8b10383781a5e7a24f39385a38b533839655c47e"}
{"index": {"_index":"sim","_id":"4150936"}}
	{"id":4150936,"type":"sell","buyer":"looftee","seller":"poliwalt10","symbol":"SIM","quantity":"3720.000","price":"0.00043200","timestamp":1660736988,"volume":"1.60704000","buyTxId":"b64007294fa14ee03ce107fe1360f4874d088f84","sellTxId":"fb0e1268322cec12a7db648145cddfcce7b8ffd5"}
{"index": {"_index":"sim","_id":"4151046"}}
	{"id":4151046,"type":"sell","buyer":"looftee","seller":"hive.miner","symbol":"SIM","quantity":"106097.490","price":"0.00043200","timestamp":1660738014,"volume":"45.83411568","buyTxId":"b64007294fa14ee03ce107fe1360f4874d088f84","sellTxId":"49a6250675235e1e20678f164c28291206788533"}
{"index": {"_index":"sim","_id":"4151064"}}
	{"id":4151064,"type":"sell","buyer":"looftee","seller":"hive.miner","symbol":"SIM","quantity":"17728.900","price":"0.00043200","timestamp":1660738281,"volume":"7.65888480","buyTxId":"b64007294fa14ee03ce107fe1360f4874d088f84","sellTxId":"c05a31806d0fdf1d2904ff5642a99dba937b6279"}
{"index": {"_index":"sim","_id":"4151147"}}
	{"id":4151147,"type":"sell","buyer":"looftee","seller":"hive.miner","symbol":"SIM","quantity":"36774.500","price":"0.00043200","timestamp":1660739025,"volume":"15.88658400","buyTxId":"b64007294fa14ee03ce107fe1360f4874d088f84","sellTxId":"047be53c7ac5af1d525650d54534e9a09c67412c"}
{"index": {"_index":"sim","_id":"4151593"}}
	{"id":4151593,"type":"buy","buyer":"sentipl","seller":"nftmart.fees","symbol":"SIM","quantity":"114.000","price":"0.00046496","timestamp":1660742511,"volume":"0.05300544","buyTxId":"11b30a986a5c4362ca4dd4178f1b6336aea7363e","sellTxId":"a0b0488081d1ca1b5e81b76673b6d266aeccc6b4-0"}
{"index": {"_index":"sim","_id":"4151594"}}
	{"id":4151594,"type":"buy","buyer":"sentipl","seller":"onlydoge","symbol":"SIM","quantity":"9886.000","price":"0.00046499","timestamp":1660742511,"volume":"4.59689114","buyTxId":"11b30a986a5c4362ca4dd4178f1b6336aea7363e","sellTxId":"4f9bdf9ea30b3311699d40a13d7d59798d1d9ec3"}
{"index": {"_index":"sim","_id":"4152289"}}
	{"id":4152289,"type":"sell","buyer":"looftee","seller":"nyxlabs","symbol":"SIM","quantity":"310.000","price":"0.00043200","timestamp":1660748838,"volume":"0.13392000","buyTxId":"b64007294fa14ee03ce107fe1360f4874d088f84","sellTxId":"ccf4ea017813a83926d6a30f44f363b9965fcf0e"}
{"index": {"_index":"sim","_id":"4152501"}}
	{"id":4152501,"type":"buy","buyer":"danilmaeorg","seller":"nftmart.fees","symbol":"SIM","quantity":"100.000","price":"0.00046496","timestamp":1660750512,"volume":"0.04649600","buyTxId":"ed19e07e02c654b823eb8fe20ff1be0a01616948","sellTxId":"4208ba822414495148477da0055c395a79bc0386-0"}
{"index": {"_index":"sim","_id":"4152502"}}
	{"id":4152502,"type":"buy","buyer":"danilmaeorg","seller":"onlydoge","symbol":"SIM","quantity":"91.402","price":"0.00046499","timestamp":1660750512,"volume":"0.04250102","buyTxId":"ed19e07e02c654b823eb8fe20ff1be0a01616948","sellTxId":"4f9bdf9ea30b3311699d40a13d7d59798d1d9ec3"}
{"index": {"_index":"sim","_id":"4152833"}}
	{"id":4152833,"type":"sell","buyer":"atomcollector","seller":"kalib","symbol":"SIM","quantity":"612.653","price":"0.00043300","timestamp":1660752963,"volume":"0.26527875","buyTxId":"7474c7a0eadbe809b51860023494e3ae12cf15c6","sellTxId":"5e2f172e19acb30432bd95255b9cbf4dbdf6f10a"}
{"index": {"_index":"sim","_id":"4152842"}}
	{"id":4152842,"type":"buy","buyer":"konvik","seller":"nftmart.fees","symbol":"SIM","quantity":"87.000","price":"0.00046497","timestamp":1660752999,"volume":"0.04045239","buyTxId":"acc063c503dadd9183e3674bc3db5d130215ae14-0","sellTxId":"2c03e9979382f741342b76a253d7e190a65f172f-0"}
{"index": {"_index":"sim","_id":"4152843"}}
	{"id":4152843,"type":"buy","buyer":"konvik","seller":"onlydoge","symbol":"SIM","quantity":"5738.974","price":"0.00046499","timestamp":1660752999,"volume":"2.66856552","buyTxId":"acc063c503dadd9183e3674bc3db5d130215ae14-0","sellTxId":"4f9bdf9ea30b3311699d40a13d7d59798d1d9ec3"}
{"index": {"_index":"sim","_id":"4152844"}}
	{"id":4152844,"type":"buy","buyer":"konvik","seller":"looftee","symbol":"SIM","quantity":"45454.231","price":"0.00046500","timestamp":1660752999,"volume":"21.13621742","buyTxId":"acc063c503dadd9183e3674bc3db5d130215ae14-0","sellTxId":"d46dd54addad26b7ebd07102747b591e4f6e46d5"}
{"index": {"_index":"sim","_id":"4152845"}}
	{"id":4152845,"type":"buy","buyer":"konvik","seller":"myothuzar","symbol":"SIM","quantity":"43000.000","price":"0.00046991","timestamp":1660752999,"volume":"20.20613000","buyTxId":"acc063c503dadd9183e3674bc3db5d130215ae14-0","sellTxId":"2ad89675858895e08230fd06722205c3d7239089"}
{"index": {"_index":"sim","_id":"4152846"}}
	{"id":4152846,"type":"buy","buyer":"konvik","seller":"onealfa.leo","symbol":"SIM","quantity":"3575.587","price":"0.00046993","timestamp":1660752999,"volume":"1.68027560","buyTxId":"acc063c503dadd9183e3674bc3db5d130215ae14-0","sellTxId":"2a6e9584a6f84230a77dc87871d80e16a6e0a45c"}
{"index": {"_index":"sim","_id":"4152847"}}
	{"id":4152847,"type":"buy","buyer":"konvik","seller":"dhedge-drips","symbol":"SIM","quantity":"0.001","price":"0.00046995","timestamp":1660752999,"volume":"0.00000047","buyTxId":"acc063c503dadd9183e3674bc3db5d130215ae14-0","sellTxId":"2af263db168f473cd10eaf8f952da2781947bd72"}
{"index": {"_index":"sim","_id":"4152848"}}
	{"id":4152848,"type":"buy","buyer":"konvik","seller":"forsakensushi","symbol":"SIM","quantity":"16765.077","price":"0.00047000","timestamp":1660752999,"volume":"7.87958619","buyTxId":"acc063c503dadd9183e3674bc3db5d130215ae14-0","sellTxId":"ea581acc0441d13f95173f551e931876e50844ed"}
{"index": {"_index":"sim","_id":"4152849"}}
	{"id":4152849,"type":"buy","buyer":"konvik","seller":"d-pend","symbol":"SIM","quantity":"265840.522","price":"0.00047999","timestamp":1660752999,"volume":"127.60079215","buyTxId":"acc063c503dadd9183e3674bc3db5d130215ae14-0","sellTxId":"f14d5e8b5a5ee1a91f061d91958d61aacd5c6dcc"}
{"index": {"_index":"sim","_id":"4152850"}}
	{"id":4152850,"type":"buy","buyer":"konvik","seller":"d-pend","symbol":"SIM","quantity":"234159.478","price":"0.00047999","timestamp":1660753002,"volume":"112.39420785","buyTxId":"94884845ec3ec86fa37793cdf5c7511760ff8e88-0","sellTxId":"f14d5e8b5a5ee1a91f061d91958d61aacd5c6dcc"}
{"index": {"_index":"sim","_id":"4152920"}}
	{"id":4152920,"type":"sell","buyer":"atomcollector","seller":"ironshield","symbol":"SIM","quantity":"1000.000","price":"0.00044300","timestamp":1660753752,"volume":"0.44300000","buyTxId":"d5f7b779fc984e8ab4f7986fea375228cb2e08c1","sellTxId":"bb97e80199a9b83dde78aebae5c114717feaaa48"}
{"index": {"_index":"sim","_id":"4153129"}}
	{"id":4153129,"type":"sell","buyer":"atomcollector","seller":"hive.miner","symbol":"SIM","quantity":"50.000","price":"0.00044300","timestamp":1660755669,"volume":"0.02215000","buyTxId":"d5f7b779fc984e8ab4f7986fea375228cb2e08c1","sellTxId":"345bd1e3851cd4cc12afe1956002b6ca55aef1f1"}
{"index": {"_index":"sim","_id":"4153130"}}
	{"id":4153130,"type":"sell","buyer":"onlydoge","seller":"hive.miner","symbol":"SIM","quantity":"13250.000","price":"0.00044201","timestamp":1660755669,"volume":"5.85663250","buyTxId":"531647c37f7b2c44b92d3b44230bf370fae51fec","sellTxId":"345bd1e3851cd4cc12afe1956002b6ca55aef1f1"}
{"index": {"_index":"sim","_id":"4153167"}}
	{"id":4153167,"type":"sell","buyer":"onlydoge","seller":"elbrava","symbol":"SIM","quantity":"10000","price":"0.00044201","timestamp":1660756014,"volume":"4.42010000","buyTxId":"531647c37f7b2c44b92d3b44230bf370fae51fec","sellTxId":"af4bbaf71a29f083432d2ee0f30f3ad650459c9c"}
{"index": {"_index":"sim","_id":"4153359"}}
	{"id":4153359,"type":"sell","buyer":"onlydoge","seller":"florian-glechner","symbol":"SIM","quantity":"23.006","price":"0.00044201","timestamp":1660758231,"volume":"0.01016888","buyTxId":"531647c37f7b2c44b92d3b44230bf370fae51fec","sellTxId":"d5cbfdadf5392e70a711ba5e898d3e45701b2b70"}
{"index": {"_index":"sim","_id":"4153901"}}
	{"id":4153901,"type":"buy","buyer":"sevenoh-fiveoh","seller":"nftmart.fees","symbol":"SIM","quantity":"77.000","price":"0.00048836","timestamp":1660764258,"volume":"0.03760372","buyTxId":"5fb9ff2e12feb4773ea3865b060f66b8c2f772a4","sellTxId":"3822077626618243b98fbf583e0f6515c10e73ed-0"}
{"index": {"_index":"sim","_id":"4153902"}}
	{"id":4153902,"type":"buy","buyer":"sevenoh-fiveoh","seller":"ironshield","symbol":"SIM","quantity":"1000.000","price":"0.00048837","timestamp":1660764258,"volume":"0.48837000","buyTxId":"5fb9ff2e12feb4773ea3865b060f66b8c2f772a4","sellTxId":"15f2588193b2b473e1cf252ccf7bc344e892a026"}
{"index": {"_index":"sim","_id":"4153903"}}
	{"id":4153903,"type":"buy","buyer":"sevenoh-fiveoh","seller":"onlydoge","symbol":"SIM","quantity":"6923.000","price":"0.00048999","timestamp":1660764258,"volume":"3.39220077","buyTxId":"5fb9ff2e12feb4773ea3865b060f66b8c2f772a4","sellTxId":"e14249f8354834dff0c22a87d726b4031564be98"}
{"index": {"_index":"sim","_id":"4154141"}}
	{"id":4154141,"type":"buy","buyer":"hafiz34","seller":"nftmart.fees","symbol":"SIM","quantity":"82.000","price":"0.00048998","timestamp":1660767264,"volume":"0.04017836","buyTxId":"988928e11eebbbcbe80495ee2e556cf8d57c3bf8","sellTxId":"1ab2e5c1ab1c850c378dcb291eb36f32784e4c63-0"}
{"index": {"_index":"sim","_id":"4154191"}}
	{"id":4154191,"type":"sell","buyer":"onlydoge","seller":"dswap","symbol":"SIM","quantity":"1860","price":"0.00044201","timestamp":1660767765,"volume":"0.82213860","buyTxId":"531647c37f7b2c44b92d3b44230bf370fae51fec","sellTxId":"5c969c770e05672f34aa732a5e42192f8566d433"}
{"index": {"_index":"sim","_id":"4154688"}}
	{"id":4154688,"type":"sell","buyer":"onlydoge","seller":"he-index","symbol":"SIM","quantity":"99.665","price":"0.00044201","timestamp":1660773732,"volume":"0.04405293","buyTxId":"531647c37f7b2c44b92d3b44230bf370fae51fec","sellTxId":"b08c789f79d89ad41bbc8d8b03746a79df4392a1"}
{"index": {"_index":"sim","_id":"4154895"}}
	{"id":4154895,"type":"sell","buyer":"onlydoge","seller":"captaincryptic","symbol":"SIM","quantity":"1085.038","price":"0.00044201","timestamp":1660776183,"volume":"0.47959765","buyTxId":"531647c37f7b2c44b92d3b44230bf370fae51fec","sellTxId":"baaa91ddd3bfbadb09cf57a956ce30d92b82c715"}
{"index": {"_index":"sim","_id":"4154922"}}
	{"id":4154922,"type":"sell","buyer":"onlydoge","seller":"mytechtrail","symbol":"SIM","quantity":"8.134","price":"0.00044201","timestamp":1660776696,"volume":"0.00359531","buyTxId":"531647c37f7b2c44b92d3b44230bf370fae51fec","sellTxId":"1d96c45509fe28f68d38128aa39395bb0cb05f33"}
{"index": {"_index":"sim","_id":"4155137"}}
	{"id":4155137,"type":"buy","buyer":"automaton","seller":"nftmart.fees","symbol":"SIM","quantity":"65.000","price":"0.00047999","timestamp":1660779198,"volume":"0.03119935","buyTxId":"210844b65bfdb8c61be9a2daf347c43d88455a8c","sellTxId":"e78f8f3b34ca94a83ee8c6b6b3963c84528d07ed-0"}
{"index": {"_index":"sim","_id":"4155138"}}
	{"id":4155138,"type":"buy","buyer":"automaton","seller":"onlydoge","symbol":"SIM","quantity":"3335.000","price":"0.00047999","timestamp":1660779198,"volume":"1.60076665","buyTxId":"210844b65bfdb8c61be9a2daf347c43d88455a8c","sellTxId":"9f2d89ff4aeed941bf2cff036702358cef51d393"}
{"index": {"_index":"sim","_id":"4155214"}}
	{"id":4155214,"type":"sell","buyer":"onlydoge","seller":"damla","symbol":"SIM","quantity":"0.020","price":"0.00044201","timestamp":1660780098,"volume":"0.00000884","buyTxId":"531647c37f7b2c44b92d3b44230bf370fae51fec","sellTxId":"f752a95f78f775931ee63dd9998cbcb3b8144e3c"}
{"index": {"_index":"sim","_id":"4155317"}}
	{"id":4155317,"type":"sell","buyer":"onlydoge","seller":"drew0","symbol":"SIM","quantity":"7610.020","price":"0.00044201","timestamp":1660781430,"volume":"3.36370494","buyTxId":"531647c37f7b2c44b92d3b44230bf370fae51fec","sellTxId":"e6355e373bd5f2a020a0ecd073c02722a0e5a018"}
{"index": {"_index":"sim","_id":"4155318"}}
	{"id":4155318,"type":"sell","buyer":"frugal-fun","seller":"drew0","symbol":"SIM","quantity":"4572.295","price":"0.00044201","timestamp":1660781430,"volume":"2.02100011","buyTxId":"e468cf7e1d2a425f93f02933ff897959524f4bc2","sellTxId":"e6355e373bd5f2a020a0ecd073c02722a0e5a018"}
{"index": {"_index":"sim","_id":"4155319"}}
	{"id":4155319,"type":"sell","buyer":"enginemaker","seller":"drew0","symbol":"SIM","quantity":"56561.086","price":"0.00044200","timestamp":1660781430,"volume":"25.00000001","buyTxId":"MM-P-20107032-67101451-3-2-0","sellTxId":"e6355e373bd5f2a020a0ecd073c02722a0e5a018"}
{"index": {"_index":"sim","_id":"4155320"}}
	{"id":4155320,"type":"sell","buyer":"atomcollector","seller":"drew0","symbol":"SIM","quantity":"387.347","price":"0.00043300","timestamp":1660781430,"volume":"0.16772125","buyTxId":"7474c7a0eadbe809b51860023494e3ae12cf15c6","sellTxId":"e6355e373bd5f2a020a0ecd073c02722a0e5a018"}
{"index": {"_index":"sim","_id":"4155321"}}
	{"id":4155321,"type":"sell","buyer":"eirik","seller":"drew0","symbol":"SIM","quantity":"25000.000","price":"0.00043300","timestamp":1660781430,"volume":"10.82500000","buyTxId":"a9af63686ec5cace07f6cbd03167436fc1c8980c","sellTxId":"e6355e373bd5f2a020a0ecd073c02722a0e5a018"}
{"index": {"_index":"sim","_id":"4155322"}}
	{"id":4155322,"type":"sell","buyer":"looftee","seller":"drew0","symbol":"SIM","quantity":"27803.528","price":"0.00043200","timestamp":1660781430,"volume":"12.01112410","buyTxId":"b64007294fa14ee03ce107fe1360f4874d088f84","sellTxId":"e6355e373bd5f2a020a0ecd073c02722a0e5a018"}
{"index": {"_index":"sim","_id":"4155495"}}
	{"id":4155495,"type":"sell","buyer":"looftee","seller":"dhedge-drips","symbol":"SIM","quantity":"16.499","price":"0.00043200","timestamp":1660783518,"volume":"0.00712757","buyTxId":"b64007294fa14ee03ce107fe1360f4874d088f84","sellTxId":"bcfa5ca9d34af13ec80b7b608ef5f76ac9d44992"}
{"index": {"_index":"sim","_id":"4155649"}}
	{"id":4155649,"type":"buy","buyer":"dswap","seller":"nftmart.fees","symbol":"SIM","quantity":"58.000","price":"0.00047994","timestamp":1660785396,"volume":"0.02783652","buyTxId":"c6110d551e82608c6c439e92605a67b4d49eb248","sellTxId":"b5f46fcb96cb90434f195f4f9559d04a3fac59be-0"}
{"index": {"_index":"sim","_id":"4155650"}}
	{"id":4155650,"type":"buy","buyer":"dswap","seller":"dhedge-drips","symbol":"SIM","quantity":"16.499","price":"0.00047996","timestamp":1660785396,"volume":"0.00791886","buyTxId":"c6110d551e82608c6c439e92605a67b4d49eb248","sellTxId":"999a063ea65c2bbb648a02245faf63ffd6a240fc"}
{"index": {"_index":"sim","_id":"4155651"}}
	{"id":4155651,"type":"buy","buyer":"dswap","seller":"onlydoge","symbol":"SIM","quantity":"14203.774","price":"0.00047999","timestamp":1660785396,"volume":"6.81766962","buyTxId":"c6110d551e82608c6c439e92605a67b4d49eb248","sellTxId":"9f2d89ff4aeed941bf2cff036702358cef51d393"}
{"index": {"_index":"sim","_id":"4155975"}}
	{"id":4155975,"type":"buy","buyer":"god0","seller":"leizerstark","symbol":"SIM","quantity":"1101.000","price":"0.00044700","timestamp":1660788876,"volume":"0.49214700","buyTxId":"600b3cc23907655695a6ac78fe66539a45a14ac2-0","sellTxId":"929e2e1b449ce02e8edda4e755b94b7b8cb42bcb"}
{"index": {"_index":"sim","_id":"4155977"}}
	{"id":4155977,"type":"buy","buyer":"maryjane.main","seller":"nftmart.fees","symbol":"SIM","quantity":"51.000","price":"0.00047979","timestamp":1660788891,"volume":"0.02446929","buyTxId":"017737225ca856812a8eb73b8fcef912eff0f53d","sellTxId":"434ea637463a12547df65e2f6118a47bf9f02b74-0"}
{"index": {"_index":"sim","_id":"4155978"}}
	{"id":4155978,"type":"buy","buyer":"maryjane.main","seller":"dksart","symbol":"SIM","quantity":"1000.000","price":"0.00047980","timestamp":1660788891,"volume":"0.47980000","buyTxId":"017737225ca856812a8eb73b8fcef912eff0f53d","sellTxId":"918b561b7b34970713a8d4be1e95e855e28f8926"}
{"index": {"_index":"sim","_id":"4155979"}}
	{"id":4155979,"type":"buy","buyer":"maryjane.main","seller":"onlydoge","symbol":"SIM","quantity":"1864.076","price":"0.00047999","timestamp":1660788891,"volume":"0.89473784","buyTxId":"017737225ca856812a8eb73b8fcef912eff0f53d","sellTxId":"9f2d89ff4aeed941bf2cff036702358cef51d393"}
{"index": {"_index":"sim","_id":"4155980"}}
	{"id":4155980,"type":"buy","buyer":"maryjane.main","seller":"forsakensushi","symbol":"SIM","quantity":"15064.076","price":"0.00048000","timestamp":1660788891,"volume":"7.23075648","buyTxId":"017737225ca856812a8eb73b8fcef912eff0f53d","sellTxId":"33dae2b2ffe0d559f7725490f5226a62816eea2c"}
{"index": {"_index":"sim","_id":"4155981"}}
	{"id":4155981,"type":"buy","buyer":"maryjane.main","seller":"enginemaker","symbol":"SIM","quantity":"5220.848","price":"0.00048000","timestamp":1660788891,"volume":"2.50600704","buyTxId":"017737225ca856812a8eb73b8fcef912eff0f53d","sellTxId":"MM-P-20117777-67112197-3-2-1"}
{"index": {"_index":"sim","_id":"4156028"}}
	{"id":4156028,"type":"sell","buyer":"enginemaker","seller":"theguruasia","symbol":"SIM","quantity":"56561.086","price":"0.00044200","timestamp":1660789797,"volume":"25.00000001","buyTxId":"MM-P-20117777-67112197-3-2-0","sellTxId":"b22bf779423b429e1ad5f5fbf4d8963181060d71"}
{"index": {"_index":"sim","_id":"4156029"}}
	{"id":4156029,"type":"sell","buyer":"eirik","seller":"theguruasia","symbol":"SIM","quantity":"30000.000","price":"0.00043300","timestamp":1660789797,"volume":"12.99000000","buyTxId":"8362b26de3d208916d25f91a532b567ca33e6545","sellTxId":"b22bf779423b429e1ad5f5fbf4d8963181060d71"}
{"index": {"_index":"sim","_id":"4156030"}}
	{"id":4156030,"type":"sell","buyer":"looftee","seller":"theguruasia","symbol":"SIM","quantity":"22768.966","price":"0.00043200","timestamp":1660789797,"volume":"9.83619331","buyTxId":"b64007294fa14ee03ce107fe1360f4874d088f84","sellTxId":"b22bf779423b429e1ad5f5fbf4d8963181060d71"}
{"index": {"_index":"sim","_id":"4156085"}}
	{"id":4156085,"type":"sell","buyer":"looftee","seller":"loganhate","symbol":"SIM","quantity":"99.000","price":"0.00043200","timestamp":1660790661,"volume":"0.04276800","buyTxId":"b64007294fa14ee03ce107fe1360f4874d088f84","sellTxId":"0e62fed7e6f44b85ebc97488e84f581e5e1b04a9"}
{"index": {"_index":"sim","_id":"4156086"}}
	{"id":4156086,"type":"sell","buyer":"looftee","seller":"d-pend","symbol":"SIM","quantity":"1500000.000","price":"0.00043200","timestamp":1660790679,"volume":"648.00000000","buyTxId":"b64007294fa14ee03ce107fe1360f4874d088f84","sellTxId":"acdb250b4f19e4a563a90135a40f6931fed84941"}
{"index": {"_index":"sim","_id":"4156104"}}
	{"id":4156104,"type":"buy","buyer":"scotty297","seller":"nftmart.fees","symbol":"SIM","quantity":"48.000","price":"0.00047998","timestamp":1660790952,"volume":"0.02303904","buyTxId":"d80876fb3584b09672d2cda7e5339ed83d12ab75","sellTxId":"5854aca1aa38fe138e54891cf1864c7b75f69f75-0"}
{"index": {"_index":"sim","_id":"4156105"}}
	{"id":4156105,"type":"buy","buyer":"scotty297","seller":"onlydoge","symbol":"SIM","quantity":"452.000","price":"0.00047999","timestamp":1660790952,"volume":"0.21695548","buyTxId":"d80876fb3584b09672d2cda7e5339ed83d12ab75","sellTxId":"22d5189f207d258ab497556ee56b936db2acf46c"}
{"index": {"_index":"sim","_id":"4156123"}}
	{"id":4156123,"type":"buy","buyer":"scotty297","seller":"onlydoge","symbol":"SIM","quantity":"500.000","price":"0.00047999","timestamp":1660791189,"volume":"0.23999500","buyTxId":"aa5ed4a479b862f22d4d7e05004af8797b6f5659","sellTxId":"22d5189f207d258ab497556ee56b936db2acf46c"}
