{"index": {"_index":"sim","_id":"3924535"}}
	{"id":3924535,"type":"sell","buyer":"pi-trader","seller":"travelgirl","symbol":"SIM","quantity":"2310.000","price":"0.00042221","timestamp":1658024712,"volume":"0.97530510","buyTxId":"7fc41e8b8722d96512ca68e1368843eed96562c2-2","sellTxId":"99c51b3bb5b87250129b8aa2397b0e149ec2117c"}
{"index": {"_index":"sim","_id":"3924912"}}
	{"id":3924912,"type":"sell","buyer":"pi-trader","seller":"bearbear613","symbol":"SIM","quantity":"1208.000","price":"0.00042231","timestamp":1658031534,"volume":"0.51015048","buyTxId":"f9ba0f501874b6c6339e60296ccff64bf7e06e8e-4","sellTxId":"3d696a023044b131f6e53d714258dd6344dd8edc"}
{"index": {"_index":"sim","_id":"3924917"}}
	{"id":3924917,"type":"sell","buyer":"pi-trader","seller":"theshaki","symbol":"SIM","quantity":"25.727","price":"0.00042231","timestamp":1658031564,"volume":"0.01086477","buyTxId":"f7acf4810c540f07ff3142f2d9dab073961481cc-5","sellTxId":"f39f734b8cecc6be27ae5fa88bd1e015ade684ef"}
{"index": {"_index":"sim","_id":"3925000"}}
	{"id":3925000,"type":"sell","buyer":"floki-skarsgaard","seller":"svirus","symbol":"SIM","quantity":"33171.790","price":"0.00044000","timestamp":1658033385,"volume":"14.59558760","buyTxId":"10cbe62a22dd2a5169ceee9a68b1c1b9c3b8fe57","sellTxId":"7eb141549e26821c5da0713dd304c555e41f7a0d-1"}
{"index": {"_index":"sim","_id":"3925001"}}
	{"id":3925001,"type":"sell","buyer":"floki-skarsgaard","seller":"konvik","symbol":"SIM","quantity":"116828.210","price":"0.00044000","timestamp":1658033385,"volume":"51.40441240","buyTxId":"10cbe62a22dd2a5169ceee9a68b1c1b9c3b8fe57","sellTxId":"b50ad37d04ddc13d65d98b45f453ac5d6b6589f7-1"}
{"index": {"_index":"sim","_id":"3925066"}}
	{"id":3925066,"type":"buy","buyer":"bhattg","seller":"nftmart.fees","symbol":"SIM","quantity":"23.000","price":"0.00045998","timestamp":1658035098,"volume":"0.01057954","buyTxId":"e94ac1c77f271cec509ecf41a907c26fc73ec381","sellTxId":"5162d018d80fc764b2854df6932642e97be9e8a4-0"}
{"index": {"_index":"sim","_id":"3925067"}}
	{"id":3925067,"type":"sell","buyer":"bhattg","seller":"svirus","symbol":"SIM","quantity":"14977.000","price":"0.00045998","timestamp":1658035101,"volume":"6.88912046","buyTxId":"e94ac1c77f271cec509ecf41a907c26fc73ec381","sellTxId":"3caae0ec648fc0a80e8fefaed9ea4328d310a5b4-1"}
{"index": {"_index":"sim","_id":"3925173"}}
	{"id":3925173,"type":"buy","buyer":"emanginasal","seller":"nftmart.fees","symbol":"SIM","quantity":"20.000","price":"0.00045998","timestamp":1658036793,"volume":"0.00919960","buyTxId":"d795ddef2572665bf16361500d9f779920a6898e","sellTxId":"7dbeec8fb874074ce57e7bb091461b20554f701a-0"}
{"index": {"_index":"sim","_id":"3925175"}}
	{"id":3925175,"type":"sell","buyer":"emanginasal","seller":"nftmart.fees","symbol":"SIM","quantity":"17.000","price":"0.00045998","timestamp":1658036853,"volume":"0.00781966","buyTxId":"d795ddef2572665bf16361500d9f779920a6898e","sellTxId":"51f2dc8878444fb9bdf732977706cccc97fd4913-0"}
{"index": {"_index":"sim","_id":"3925178"}}
	{"id":3925178,"type":"sell","buyer":"emanginasal","seller":"pjansen","symbol":"SIM","quantity":"1051.976","price":"0.00045998","timestamp":1658037018,"volume":"0.48388792","buyTxId":"d795ddef2572665bf16361500d9f779920a6898e","sellTxId":"5d19c73148f586f6925ef361595eb871bea5c059-1"}
{"index": {"_index":"sim","_id":"3925181"}}
	{"id":3925181,"type":"sell","buyer":"emanginasal","seller":"pjansen","symbol":"SIM","quantity":"262.684","price":"0.00045998","timestamp":1658037030,"volume":"0.12082939","buyTxId":"d795ddef2572665bf16361500d9f779920a6898e","sellTxId":"1f3a8d8d2b18e28891fa99652bae9a35a73e2cc3"}
{"index": {"_index":"sim","_id":"3925182"}}
	{"id":3925182,"type":"sell","buyer":"onlydoge","seller":"pjansen","symbol":"SIM","quantity":"1.395","price":"0.00042240","timestamp":1658037030,"volume":"0.00058925","buyTxId":"3bd4065ff6fcfaf0a80fdc9fa7d76574c232040c","sellTxId":"1f3a8d8d2b18e28891fa99652bae9a35a73e2cc3"}
{"index": {"_index":"sim","_id":"3926001"}}
	{"id":3926001,"type":"buy","buyer":"neophytemaster","seller":"nftmart.fees","symbol":"SIM","quantity":"15.000","price":"0.00045998","timestamp":1658046762,"volume":"0.00689970","buyTxId":"805603c3c5cb174d893cc7991789e04198982361","sellTxId":"a63b9348b3bfd2cb00096244355c0b9fd4e54e1c-0"}
{"index": {"_index":"sim","_id":"3926015"}}
	{"id":3926015,"type":"buy","buyer":"neophytemaster","seller":"pi-trader","symbol":"SIM","quantity":"263.115","price":"0.00045999","timestamp":1658046873,"volume":"0.12103027","buyTxId":"64def61d57b5356129c14c487272914e354394c1","sellTxId":"73a70d642f80de1d6c03d64ee89f6e3a0fd8b469-6"}
{"index": {"_index":"sim","_id":"3926051"}}
	{"id":3926051,"type":"buy","buyer":"cryptogillone","seller":"nftmart.fees","symbol":"SIM","quantity":"13.000","price":"0.00045997","timestamp":1658047893,"volume":"0.00597961","buyTxId":"7b885e096dda1590ab638f9ff423734dadf445ff","sellTxId":"0e33eaade8d1dc4821ca7711ebf33937f4466d8b-0"}
{"index": {"_index":"sim","_id":"3926052"}}
	{"id":3926052,"type":"buy","buyer":"cryptogillone","seller":"pi-trader","symbol":"SIM","quantity":"279.282","price":"0.00045998","timestamp":1658047893,"volume":"0.12846455","buyTxId":"7b885e096dda1590ab638f9ff423734dadf445ff","sellTxId":"2c48cf6632c2178f9b1328908192f8a2b7cdefca-4"}
{"index": {"_index":"sim","_id":"3926210"}}
	{"id":3926210,"type":"sell","buyer":"pi-trader","seller":"cursephantom","symbol":"SIM","quantity":"3.045","price":"0.00042271","timestamp":1658050569,"volume":"0.00128715","buyTxId":"7489e8f8c1194398c3aada3087fab472ad9bfec4-1","sellTxId":"9e83df74c0d945c3ca58d33986b348ac2f227dd0"}
{"index": {"_index":"sim","_id":"3927368"}}
	{"id":3927368,"type":"buy","buyer":"oople","seller":"nftmart.fees","symbol":"SIM","quantity":"5.000","price":"0.00045993","timestamp":1658067144,"volume":"0.00229965","buyTxId":"51ae6e9590a16f0444982b4af494a1322d210714","sellTxId":"bfe21da0335d9d40433e7d8a936b39d7ce0ea4ce-0"}
{"index": {"_index":"sim","_id":"3927403"}}
	{"id":3927403,"type":"buy","buyer":"cryptogillone","seller":"nftmart.fees","symbol":"SIM","quantity":"7.000","price":"0.00045993","timestamp":1658067552,"volume":"0.00321951","buyTxId":"12a932ad2fda39c3cb30f5e71f608e764a83f8dc","sellTxId":"bfe21da0335d9d40433e7d8a936b39d7ce0ea4ce-0"}
{"index": {"_index":"sim","_id":"3927404"}}
	{"id":3927404,"type":"buy","buyer":"cryptogillone","seller":"evilisme","symbol":"SIM","quantity":"475.453","price":"0.00045996","timestamp":1658067552,"volume":"0.21868959","buyTxId":"12a932ad2fda39c3cb30f5e71f608e764a83f8dc","sellTxId":"ee3fde6e37ac3c7c900bfa02650ca883052c731c"}
{"index": {"_index":"sim","_id":"3927475"}}
	{"id":3927475,"type":"sell","buyer":"pi-trader","seller":"mango-juice","symbol":"SIM","quantity":"781.000","price":"0.00044011","timestamp":1658068146,"volume":"0.34372591","buyTxId":"efa19f5411847f0dafcb4aa34382243a0b347c6c-1","sellTxId":"5eea66e6b20cabcdd76d54c7fa0be31d28b1765c"}
{"index": {"_index":"sim","_id":"3927672"}}
	{"id":3927672,"type":"sell","buyer":"pi-trader","seller":"laritheghost","symbol":"SIM","quantity":"150.169","price":"0.00044021","timestamp":1658070717,"volume":"0.06610590","buyTxId":"818efba648699b476e623a559e667a7f058acd88-1","sellTxId":"7d4c54a7e0a6f8fe1c29be54d4287030410e8f56"}
{"index": {"_index":"sim","_id":"3928071"}}
	{"id":3928071,"type":"buy","buyer":"thisismylife","seller":"nftmart.fees","symbol":"SIM","quantity":"26.000","price":"0.00045995","timestamp":1658074299,"volume":"0.01195870","buyTxId":"95b656a8d4d6b7518b08c3a7dc4d29f0d97cd3f8","sellTxId":"ff44b79fa0600934f5ffd4c791caf00c5a7749d5-0"}
{"index": {"_index":"sim","_id":"3928072"}}
	{"id":3928072,"type":"buy","buyer":"thisismylife","seller":"evilisme","symbol":"SIM","quantity":"61.539","price":"0.00045996","timestamp":1658074299,"volume":"0.02830548","buyTxId":"95b656a8d4d6b7518b08c3a7dc4d29f0d97cd3f8","sellTxId":"ee3fde6e37ac3c7c900bfa02650ca883052c731c"}
{"index": {"_index":"sim","_id":"3928073"}}
	{"id":3928073,"type":"buy","buyer":"thisismylife","seller":"damla","symbol":"SIM","quantity":"0.010","price":"0.00045998","timestamp":1658074299,"volume":"0.00000460","buyTxId":"95b656a8d4d6b7518b08c3a7dc4d29f0d97cd3f8","sellTxId":"4801fa9580ddca48014f50789017190fa52df3c2"}
{"index": {"_index":"sim","_id":"3928074"}}
	{"id":3928074,"type":"buy","buyer":"thisismylife","seller":"dhedge-drips","symbol":"SIM","quantity":"0.001","price":"0.00045999","timestamp":1658074299,"volume":"0.00000046","buyTxId":"95b656a8d4d6b7518b08c3a7dc4d29f0d97cd3f8","sellTxId":"f6e28a14055b0fee6891d5149b44cbc7b530cb87"}
{"index": {"_index":"sim","_id":"3928075"}}
	{"id":3928075,"type":"buy","buyer":"thisismylife","seller":"pi-trader","symbol":"SIM","quantity":"228.765","price":"0.00045999","timestamp":1658074299,"volume":"0.10522961","buyTxId":"95b656a8d4d6b7518b08c3a7dc4d29f0d97cd3f8","sellTxId":"8fff142de6c46cc227ff699db49663ecb4776501"}
{"index": {"_index":"sim","_id":"3928076"}}
	{"id":3928076,"type":"sell","buyer":"pi-trader","seller":"elevator09","symbol":"SIM","quantity":"717.071","price":"0.00044021","timestamp":1658074308,"volume":"0.31566182","buyTxId":"f83ecc62c8d38237c61e10b40eb592b4497282e2-2","sellTxId":"d2cef86ea29943b6209b7b9af014d617a7f35066"}
{"index": {"_index":"sim","_id":"3928083"}}
	{"id":3928083,"type":"buy","buyer":"thisismylife","seller":"pi-trader","symbol":"SIM","quantity":"8499.376","price":"0.00045999","timestamp":1658074371,"volume":"3.90962797","buyTxId":"fc0bc5880aa649e1017405b71465e7e1ba0f22f8","sellTxId":"5ef8f646a005f91fa5368c2c76c95097c656dc90-5"}
{"index": {"_index":"sim","_id":"3928109"}}
	{"id":3928109,"type":"sell","buyer":"pi-trader","seller":"bhoa","symbol":"SIM","quantity":"6166.75","price":"0.00044021","timestamp":1658074485,"volume":"2.71466502","buyTxId":"5ef8f646a005f91fa5368c2c76c95097c656dc90-3","sellTxId":"d2f8c06ddb90c2fca9efab41c28a6fba7d2b0476"}
{"index": {"_index":"sim","_id":"3928332"}}
	{"id":3928332,"type":"sell","buyer":"pi-trader","seller":"jesuscarrion","symbol":"SIM","quantity":"284.000","price":"0.00044031","timestamp":1658077077,"volume":"0.12504804","buyTxId":"a051b543fc2bd999d4669287f54eed12244c916b-1","sellTxId":"9c386b24241f0edb38f3a693c7cce98cb987ec73"}
{"index": {"_index":"sim","_id":"3928792"}}
	{"id":3928792,"type":"buy","buyer":"automaton","seller":"nftmart.fees","symbol":"SIM","quantity":"23.000","price":"0.00045998","timestamp":1658081046,"volume":"0.01057954","buyTxId":"8bfb703d5421d99febba24222acc4477254b136b","sellTxId":"a56cda2f83079f1555eb36bee7b831910f164c8f-0"}
{"index": {"_index":"sim","_id":"3928793"}}
	{"id":3928793,"type":"buy","buyer":"automaton","seller":"pi-trader","symbol":"SIM","quantity":"9977.000","price":"0.00045999","timestamp":1658081046,"volume":"4.58932023","buyTxId":"8bfb703d5421d99febba24222acc4477254b136b","sellTxId":"771a9cd9af3a3b8f99d2881f2913f22531e7060f-2"}
{"index": {"_index":"sim","_id":"3928839"}}
	{"id":3928839,"type":"buy","buyer":"bhattg","seller":"nftmart.fees","symbol":"SIM","quantity":"20.000","price":"0.00045998","timestamp":1658081484,"volume":"0.00919960","buyTxId":"601d153c5ffb2173e465b3f51ec839e55f272130","sellTxId":"dc25fa59e8fda0f7ea4fcf980db4f00096bf5037-0"}
{"index": {"_index":"sim","_id":"3928840"}}
	{"id":3928840,"type":"sell","buyer":"bhattg","seller":"svirus","symbol":"SIM","quantity":"23980.000","price":"0.00045998","timestamp":1658081487,"volume":"11.03032040","buyTxId":"601d153c5ffb2173e465b3f51ec839e55f272130","sellTxId":"becae7ae674cdd6938df9315bb12b1465580978c-1"}
{"index": {"_index":"sim","_id":"3928930"}}
	{"id":3928930,"type":"sell","buyer":"pi-trader","seller":"bitcoinflood","symbol":"SIM","quantity":"180.676","price":"0.00044041","timestamp":1658082417,"volume":"0.07957152","buyTxId":"84d74f08c6120355990bff9c63997d305d05f130-1","sellTxId":"5271b07d23af788ea47ae2bb2c79d92db8184898"}
{"index": {"_index":"sim","_id":"3928938"}}
	{"id":3928938,"type":"sell","buyer":"pi-trader","seller":"thatcryptodave","symbol":"SIM","quantity":"1301.668","price":"0.00044041","timestamp":1658082540,"volume":"0.57326760","buyTxId":"dc4c73c00415f6347ce59c8da022613b154fc9b6-3","sellTxId":"0321a66a08f9f6a442283b2b09b6fd7f1c590d76"}
{"index": {"_index":"sim","_id":"3928997"}}
	{"id":3928997,"type":"buy","buyer":"automaton","seller":"nftmart.fees","symbol":"SIM","quantity":"17.000","price":"0.00045847","timestamp":1658083437,"volume":"0.00779399","buyTxId":"cabd21748c732abf44ffeeed2d01774baf9394a9","sellTxId":"89c19f135746e80aaf0a171044ec540daf223f0f-0"}
{"index": {"_index":"sim","_id":"3928998"}}
	{"id":3928998,"type":"buy","buyer":"automaton","seller":"jelly-cz","symbol":"SIM","quantity":"5983.000","price":"0.00045848","timestamp":1658083437,"volume":"2.74308584","buyTxId":"cabd21748c732abf44ffeeed2d01774baf9394a9","sellTxId":"MM-P-19220045-66213500-3-32-0"}
{"index": {"_index":"sim","_id":"3929007"}}
	{"id":3929007,"type":"sell","buyer":"pi-trader","seller":"dhedge-drips","symbol":"SIM","quantity":"13.499","price":"0.00044041","timestamp":1658083515,"volume":"0.00594509","buyTxId":"882aa902a4ef758b5fbc5aa1ae660951619bcfa3-3","sellTxId":"454a3c92f56e85871c969e0b9cd1316538407b73"}
{"index": {"_index":"sim","_id":"3929863"}}
	{"id":3929863,"type":"buy","buyer":"brando28","seller":"nftmart.fees","symbol":"SIM","quantity":"15.000","price":"0.00045696","timestamp":1658085678,"volume":"0.00685440","buyTxId":"1f730f14788f88b4a527f51b424881468e67eaf2","sellTxId":"a88f851e306993235de85bb36896fa3dafa14d2e-0"}
{"index": {"_index":"sim","_id":"3929864"}}
	{"id":3929864,"type":"buy","buyer":"brando28","seller":"jelly-cz","symbol":"SIM","quantity":"9549.923","price":"0.00045697","timestamp":1658085678,"volume":"4.36402831","buyTxId":"1f730f14788f88b4a527f51b424881468e67eaf2","sellTxId":"MM-P-19220543-66213998-3-32-0"}
{"index": {"_index":"sim","_id":"3929901"}}
	{"id":3929901,"type":"sell","buyer":"pi-trader","seller":"valor2s","symbol":"SIM","quantity":"47.000","price":"0.00042291","timestamp":1658085966,"volume":"0.01987677","buyTxId":"81a0c41918e838855372bc2ff3eaf2b81ac782ef-3","sellTxId":"643de783beefeb249b7026d1f1dd5b522822e48b"}
{"index": {"_index":"sim","_id":"3929997"}}
	{"id":3929997,"type":"buy","buyer":"brando28","seller":"nftmart.fees","symbol":"SIM","quantity":"11.000","price":"0.00045695","timestamp":1658087430,"volume":"0.00502645","buyTxId":"2b628485094eba32b1e2a19c76911341e95b6c44","sellTxId":"32bdebd5305f89d11946595627dd60d7179e9b60-0"}
{"index": {"_index":"sim","_id":"3929998"}}
	{"id":3929998,"type":"buy","buyer":"brando28","seller":"jelly-cz","symbol":"SIM","quantity":"921.490","price":"0.00045697","timestamp":1658087430,"volume":"0.42109329","buyTxId":"2b628485094eba32b1e2a19c76911341e95b6c44","sellTxId":"MM-P-19220543-66213998-3-32-0"}
{"index": {"_index":"sim","_id":"3930003"}}
	{"id":3930003,"type":"sell","buyer":"pi-trader","seller":"lisamgentile1961","symbol":"SIM","quantity":"10.522","price":"0.00042291","timestamp":1658087484,"volume":"0.00444986","buyTxId":"3a1221a8d77dbe53261c023158ea042ea029bc55-1","sellTxId":"3753b75b7f0921643477cb53503f4cdb3c02cae6"}
{"index": {"_index":"sim","_id":"3930250"}}
	{"id":3930250,"type":"buy","buyer":"cryptogillone","seller":"nftmart.fees","symbol":"SIM","quantity":"12.000","price":"0.00045696","timestamp":1658090268,"volume":"0.00548352","buyTxId":"6b38116696b5ee100a5db40558dd0f2aa2418404","sellTxId":"b061e0bb3260c096bd4b9c32d516841b0330b772-0"}
{"index": {"_index":"sim","_id":"3930251"}}
	{"id":3930251,"type":"buy","buyer":"cryptogillone","seller":"jelly-cz","symbol":"SIM","quantity":"509.011","price":"0.00045697","timestamp":1658090268,"volume":"0.23260320","buyTxId":"6b38116696b5ee100a5db40558dd0f2aa2418404","sellTxId":"MM-P-19220543-66213998-3-32-0"}
{"index": {"_index":"sim","_id":"3930817"}}
	{"id":3930817,"type":"sell","buyer":"pi-trader","seller":"benhaleymade","symbol":"SIM","quantity":"31505.000","price":"0.00042321","timestamp":1658098245,"volume":"13.33323105","buyTxId":"9438ecb6997582a64651072884bf5a1c4a5814c9-5","sellTxId":"75044349720cc2d82a208d0e9865a77424fd8adb"}
{"index": {"_index":"sim","_id":"3930823"}}
	{"id":3930823,"type":"sell","buyer":"pi-trader","seller":"bitcoinflood","symbol":"SIM","quantity":"395.158","price":"0.00042321","timestamp":1658098302,"volume":"0.16723482","buyTxId":"52ba32b992c31e376dc13863ec1dba1de42a45c3-5","sellTxId":"18be959be6e352e3dd7e5b79a92d1b8505aff8e0"}
{"index": {"_index":"sim","_id":"3931102"}}
	{"id":3931102,"type":"sell","buyer":"pi-trader","seller":"dustindivitto","symbol":"SIM","quantity":"36416.000","price":"0.00042331","timestamp":1658102595,"volume":"15.41525696","buyTxId":"2d45d6b14881598e4670265d7a42abcdc568e537-1","sellTxId":"dc481d99750e3276395b322375cbd8d32c35d9c2"}
{"index": {"_index":"sim","_id":"3931289"}}
	{"id":3931289,"type":"sell","buyer":"pi-trader","seller":"dhedge-drips","symbol":"SIM","quantity":"0.001","price":"0.00042331","timestamp":1658105115,"volume":"0.00000042","buyTxId":"f98a2b831943d64ccd16063854864eb1c7b044c1-3","sellTxId":"cbe22526c43849c2b0225d323f1d188a18859712"}
{"index": {"_index":"sim","_id":"3931355"}}
	{"id":3931355,"type":"sell","buyer":"pi-trader","seller":"steem82868","symbol":"SIM","quantity":"0.010","price":"0.00042331","timestamp":1658105862,"volume":"0.00000423","buyTxId":"3ad517bedd80c3d33f7c65831f224a0cd6a18e49-3","sellTxId":"954695265c333be916857e08b94441002acec47f"}
{"index": {"_index":"sim","_id":"3931533"}}
	{"id":3931533,"type":"buy","buyer":"jakkal","seller":"nftmart.fees","symbol":"SIM","quantity":"10.000","price":"0.00045397","timestamp":1658108793,"volume":"0.00453970","buyTxId":"77f18bcd486b0832955f413e699dc56ce83f11ad","sellTxId":"7389271aa9aebdb42c9c469ff03b4f6a6f0c86a7-0"}
{"index": {"_index":"sim","_id":"3931534"}}
	{"id":3931534,"type":"buy","buyer":"jakkal","seller":"dhedge-drips","symbol":"SIM","quantity":"0.001","price":"0.00045398","timestamp":1658108793,"volume":"0.00000045","buyTxId":"77f18bcd486b0832955f413e699dc56ce83f11ad","sellTxId":"b37eb365ed76eddf73dc2600167701a37bfa8e3e"}
{"index": {"_index":"sim","_id":"3931535"}}
	{"id":3931535,"type":"buy","buyer":"jakkal","seller":"pi-trader","symbol":"SIM","quantity":"4989.999","price":"0.00045399","timestamp":1658108793,"volume":"2.26540965","buyTxId":"77f18bcd486b0832955f413e699dc56ce83f11ad","sellTxId":"1c725981c93f8d25f6db54a9c404bc59629966fa-7"}
{"index": {"_index":"sim","_id":"3931586"}}
	{"id":3931586,"type":"buy","buyer":"jakkal","seller":"nftmart.fees","symbol":"SIM","quantity":"9.000","price":"0.00045398","timestamp":1658109603,"volume":"0.00408582","buyTxId":"6c641d6a1ea60c24addae8cfa67f63e9a378fc68","sellTxId":"0dcd56a172d11ebf656493dfeb114243c8140364-0"}
{"index": {"_index":"sim","_id":"3931587"}}
	{"id":3931587,"type":"buy","buyer":"jakkal","seller":"pi-trader","symbol":"SIM","quantity":"4991.000","price":"0.00045399","timestamp":1658109603,"volume":"2.26586409","buyTxId":"6c641d6a1ea60c24addae8cfa67f63e9a378fc68","sellTxId":"f597171ac42aa472e50e6e99a4d12f2fc79d4a28-3"}
{"index": {"_index":"sim","_id":"3931590"}}
	{"id":3931590,"type":"buy","buyer":"jakkal","seller":"pi-trader","symbol":"SIM","quantity":"7500.000","price":"0.00045399","timestamp":1658109687,"volume":"3.40492500","buyTxId":"fa0a2631c77a15756dfddab72f575299540e7a23","sellTxId":"8fddb69b2d576685febfb7cfeca4cdfd537314fe-6"}
{"index": {"_index":"sim","_id":"3931637"}}
	{"id":3931637,"type":"buy","buyer":"jakkal","seller":"nftmart.fees","symbol":"SIM","quantity":"7.000","price":"0.00045398","timestamp":1658110383,"volume":"0.00317786","buyTxId":"c64e2dc240ed745f9fa06f76708838bcc26f9c2b","sellTxId":"677a536fa387d34fc82966cd1662af01324accfd-0"}
{"index": {"_index":"sim","_id":"3931638"}}
	{"id":3931638,"type":"buy","buyer":"jakkal","seller":"pi-trader","symbol":"SIM","quantity":"4993.000","price":"0.00045399","timestamp":1658110383,"volume":"2.26677207","buyTxId":"c64e2dc240ed745f9fa06f76708838bcc26f9c2b","sellTxId":"7325f36558497f6916ec90f5733ef32be135368b-2"}
