{"index": {"_index":"sim","_id":"2983792"}}
	{"id":2983792,"type":"buy","buyer":"maakue","seller":"nftmart.fees","symbol":"SIM","quantity":"20.000","price":"0.00048310","timestamp":1647404952,"volume":"0.00966200","buyTxId":"ca070121b1b7360b692d888df427b681065753ce","sellTxId":"0592e51e395280f68521a3630a310c1711812e57-0"}
{"index": {"_index":"sim","_id":"2983808"}}
	{"id":2983808,"type":"buy","buyer":"maakue","seller":"jelly-cz","symbol":"SIM","quantity":"1580.000","price":"0.00048314","timestamp":1647405078,"volume":"0.76336120","buyTxId":"dc8545b38bcbedd15ac3d70b8ae7b96fa0ab3c2b","sellTxId":"MM-P-15668697-62656937-3-31-0"}
{"index": {"_index":"sim","_id":"2983889"}}
	{"id":2983889,"type":"sell","buyer":"pi-trader","seller":"linco","symbol":"SIM","quantity":"627.000","price":"0.00046005","timestamp":1647406707,"volume":"0.28845135","buyTxId":"9595fc446cf0c243a2959db3ec25e79c3bda5900","sellTxId":"3d909438ab04af04a1639166666eba8edb657acd"}
{"index": {"_index":"sim","_id":"2983964"}}
	{"id":2983964,"type":"sell","buyer":"pi-trader","seller":"theguruasia","symbol":"SIM","quantity":"5126.110","price":"0.00046005","timestamp":1647408093,"volume":"2.35826691","buyTxId":"eb67691166c1a58aca54da6b8e8f0ddbf8e99d45-3","sellTxId":"a45cb8a6e174bc542c3f0c80018958aacbf4e4b3"}
{"index": {"_index":"sim","_id":"2984309"}}
	{"id":2984309,"type":"buy","buyer":"frodobaggins","seller":"nftmart.fees","symbol":"SIM","quantity":"2.082","price":"0.00048307","timestamp":1647413142,"volume":"0.00100575","buyTxId":"347a5cecbda93be3a2a79e719ce36abacc1aef77","sellTxId":"234d7c8dfbbaabf023971869cd68a43a01d9b0ac-0"}
{"index": {"_index":"sim","_id":"2984521"}}
	{"id":2984521,"type":"sell","buyer":"pi-trader","seller":"onealfa","symbol":"SIM","quantity":"1572.972","price":"0.00046005","timestamp":1647415815,"volume":"0.72364577","buyTxId":"4fa0410bb7cf09bbaf33c5e143e4ec872107669f-3","sellTxId":"4b625d78a245f528a4b99b0e76c4e927cd58b095"}
{"index": {"_index":"sim","_id":"2984596"}}
	{"id":2984596,"type":"sell","buyer":"pi-trader","seller":"dkid14","symbol":"SIM","quantity":"150000.000","price":"0.00046005","timestamp":1647417168,"volume":"69.00750000","buyTxId":"31030b2caf75299e65ac30d6ecf40286e84d9536-3","sellTxId":"b5eaa688e208927902e5322d1cdf4505ea6b1a66"}
{"index": {"_index":"sim","_id":"2984857"}}
	{"id":2984857,"type":"buy","buyer":"drakienrising","seller":"nftmart.fees","symbol":"SIM","quantity":"17.000","price":"0.00048312","timestamp":1647421575,"volume":"0.00821304","buyTxId":"c2c333d1dd57cc52ec4f8cd113e8c545f94b7bb8","sellTxId":"536b9ba22369a58263a5cce184891e1e43e132e7-0"}
{"index": {"_index":"sim","_id":"2984858"}}
	{"id":2984858,"type":"buy","buyer":"drakienrising","seller":"jelly-cz","symbol":"SIM","quantity":"2053.000","price":"0.00048314","timestamp":1647421575,"volume":"0.99188642","buyTxId":"c2c333d1dd57cc52ec4f8cd113e8c545f94b7bb8","sellTxId":"MM-P-15668697-62656937-3-31-0"}
{"index": {"_index":"sim","_id":"2985017"}}
	{"id":2985017,"type":"sell","buyer":"pi-trader","seller":"nftmart.fees","symbol":"SIM","quantity":"15.000","price":"0.00046009","timestamp":1647423897,"volume":"0.00690135","buyTxId":"7e8e683e1ea79d6ccc716b646e3b76f1090493d1-1","sellTxId":"752da6e971c9111ed29782ee21ddeaccad25db1f-0"}
{"index": {"_index":"sim","_id":"2985088"}}
	{"id":2985088,"type":"sell","buyer":"pi-trader","seller":"nftmart.fees","symbol":"SIM","quantity":"15.000","price":"0.00046009","timestamp":1647425097,"volume":"0.00690135","buyTxId":"133e58b8778241cc7eb7989778f85dd210637db1-1","sellTxId":"1ede2a29563d070baa8f7540571ff54bede98de0-0"}
{"index": {"_index":"sim","_id":"2985100"}}
	{"id":2985100,"type":"buy","buyer":"ana-maria","seller":"imperij4427","symbol":"SIM","quantity":"0.298","price":"0.00046010","timestamp":1647425391,"volume":"0.00013711","buyTxId":"f729f0bb220cdf906115a97460cea3cdcfad4e56","sellTxId":"9ba6fa4b30bd6ba188b0bf59dae27af6889ef3c1"}
{"index": {"_index":"sim","_id":"2985102"}}
	{"id":2985102,"type":"buy","buyer":"ana-maria","seller":"jelly-cz","symbol":"SIM","quantity":"8900.000","price":"0.00048314","timestamp":1647425436,"volume":"4.29994600","buyTxId":"be5f2e5341432dfc05086ff31cfaaf7330f4bc5f","sellTxId":"MM-P-15668697-62656937-3-31-0"}
{"index": {"_index":"sim","_id":"2985117"}}
	{"id":2985117,"type":"buy","buyer":"ana-maria","seller":"jelly-cz","symbol":"SIM","quantity":"1000.000","price":"0.00048314","timestamp":1647425727,"volume":"0.48314000","buyTxId":"14d2c959421431a529cef0c3a1112db1f3f5081e","sellTxId":"MM-P-15668697-62656937-3-31-0"}
{"index": {"_index":"sim","_id":"2985130"}}
	{"id":2985130,"type":"buy","buyer":"ana-maria","seller":"jelly-cz","symbol":"SIM","quantity":"1000.000","price":"0.00048314","timestamp":1647426009,"volume":"0.48314000","buyTxId":"b7eec3a2eaaba033ae30e804f8c217621ae2c39d","sellTxId":"MM-P-15668697-62656937-3-31-0"}
{"index": {"_index":"sim","_id":"2985131"}}
	{"id":2985131,"type":"buy","buyer":"ana-maria","seller":"jelly-cz","symbol":"SIM","quantity":"1000.000","price":"0.00048314","timestamp":1647426144,"volume":"0.48314000","buyTxId":"233aae59991fe09fa96494f081043bdfc6bbcf0a","sellTxId":"MM-P-15668697-62656937-3-31-0"}
{"index": {"_index":"sim","_id":"2985134"}}
	{"id":2985134,"type":"buy","buyer":"ana-maria","seller":"jelly-cz","symbol":"SIM","quantity":"1000.000","price":"0.00048314","timestamp":1647426270,"volume":"0.48314000","buyTxId":"3c342606b9b5290f19090e84d89bea0b683b1d9d","sellTxId":"MM-P-15668697-62656937-3-31-0"}
{"index": {"_index":"sim","_id":"2985166"}}
	{"id":2985166,"type":"buy","buyer":"imperij4427","seller":"nftmart.fees","symbol":"SIM","quantity":"13.000","price":"0.00048313","timestamp":1647426951,"volume":"0.00628069","buyTxId":"33c3c26371f37ba09f36e0721fbbeae0914c1eb0","sellTxId":"a977e1d419ead27aa07dcbd132c9db82e1786930-0"}
{"index": {"_index":"sim","_id":"2985167"}}
	{"id":2985167,"type":"buy","buyer":"imperij4427","seller":"jelly-cz","symbol":"SIM","quantity":"99987.000","price":"0.00048314","timestamp":1647426951,"volume":"48.30771918","buyTxId":"33c3c26371f37ba09f36e0721fbbeae0914c1eb0","sellTxId":"MM-P-15668697-62656937-3-31-0"}
{"index": {"_index":"sim","_id":"2985169"}}
	{"id":2985169,"type":"buy","buyer":"imperij4427","seller":"jelly-cz","symbol":"SIM","quantity":"22264.000","price":"0.00048314","timestamp":1647426987,"volume":"10.75662896","buyTxId":"e3f187e2266415338b6d31716f3351eeb1933f5f","sellTxId":"MM-P-15668697-62656937-3-31-0"}
{"index": {"_index":"sim","_id":"2985170"}}
	{"id":2985170,"type":"buy","buyer":"imperij4427","seller":"he-index","symbol":"SIM","quantity":"35.642","price":"0.00049146","timestamp":1647426987,"volume":"0.01751662","buyTxId":"e3f187e2266415338b6d31716f3351eeb1933f5f","sellTxId":"31e16f90e2f93e72f3d66d2ae943dce44aba6d71"}
{"index": {"_index":"sim","_id":"2985171"}}
	{"id":2985171,"type":"buy","buyer":"imperij4427","seller":"atomcollector","symbol":"SIM","quantity":"27700.358","price":"0.00049198","timestamp":1647426987,"volume":"13.62802213","buyTxId":"e3f187e2266415338b6d31716f3351eeb1933f5f","sellTxId":"cf28373d83c5081b1c87ae52919746d044613992"}
{"index": {"_index":"sim","_id":"2985181"}}
	{"id":2985181,"type":"sell","buyer":"pi-trader","seller":"willsaldeno","symbol":"SIM","quantity":"9743.220","price":"0.00046009","timestamp":1647427164,"volume":"4.48275809","buyTxId":"9d84883bc8b4705ee2388f09ae8720ec036ac4dd-1","sellTxId":"b28fd4e8ae7bb1fab5c7964a2788312319603cf8"}
{"index": {"_index":"sim","_id":"2985225"}}
	{"id":2985225,"type":"buy","buyer":"ana-maria","seller":"pi-trader","symbol":"SIM","quantity":"1000.000","price":"0.00049041","timestamp":1647427920,"volume":"0.49041000","buyTxId":"265d4c49f7d5abbe22f069d3956b87327bd15eb8","sellTxId":"ca871fb368bc63dba9255f5d8d10e5cb1a559c8d-11"}
{"index": {"_index":"sim","_id":"2985297"}}
	{"id":2985297,"type":"sell","buyer":"pi-trader","seller":"elevator09","symbol":"SIM","quantity":"3475.693","price":"0.00046009","timestamp":1647429255,"volume":"1.59913159","buyTxId":"c60b4fd69eb8d4f78a4b1e5924314cf3f3eefb79-3","sellTxId":"360b8dc748b1b5ee6cffe8fa46582945a0686226"}
{"index": {"_index":"sim","_id":"2985474"}}
	{"id":2985474,"type":"sell","buyer":"pi-trader","seller":"anderssinho","symbol":"SIM","quantity":"1.132","price":"0.00046009","timestamp":1647432036,"volume":"0.00052082","buyTxId":"7f2e9d68f7a09f580d90ee991a8fef3357bdfc5c-3","sellTxId":"377944d2e562e7b40826248cbbe2fa20fa53adfe"}
{"index": {"_index":"sim","_id":"2985600"}}
	{"id":2985600,"type":"buy","buyer":"moonthumb","seller":"nftmart.fees","symbol":"SIM","quantity":"10.000","price":"0.00048312","timestamp":1647433590,"volume":"0.00483120","buyTxId":"2bdd0117d7132c28a654c84e3afde8d5c7b86736","sellTxId":"9f5023590b9777ee7ba05078d6057ccdc72604fc-0"}
{"index": {"_index":"sim","_id":"2985607"}}
	{"id":2985607,"type":"buy","buyer":"moonthumb","seller":"jelly-cz","symbol":"SIM","quantity":"1000.000","price":"0.00048314","timestamp":1647433716,"volume":"0.48314000","buyTxId":"767606ba5382beffbf98528fad676ac77fb622a3","sellTxId":"MM-P-15683833-62672092-3-31-0"}
{"index": {"_index":"sim","_id":"2985724"}}
	{"id":2985724,"type":"sell","buyer":"pi-trader","seller":"mindblast","symbol":"SIM","quantity":"9897.000","price":"0.00046005","timestamp":1647435027,"volume":"4.55311485","buyTxId":"66247104089bf524adfb44794e175404607639b5-1","sellTxId":"8d8e12791ce588e1a52e5817f5aa15572fb17ca8"}
{"index": {"_index":"sim","_id":"2985789"}}
	{"id":2985789,"type":"sell","buyer":"pi-trader","seller":"andy4475","symbol":"SIM","quantity":"111.200","price":"0.00046005","timestamp":1647436026,"volume":"0.05115756","buyTxId":"56cd86f6754573de41e798aa424060c45e71102f-3","sellTxId":"b1b544c2c1aa5e272c9f2037d4e8919a80b35f9d"}
{"index": {"_index":"sim","_id":"2986026"}}
	{"id":2986026,"type":"buy","buyer":"luizeba","seller":"nftmart.fees","symbol":"SIM","quantity":"9.000","price":"0.00048311","timestamp":1647439356,"volume":"0.00434799","buyTxId":"56ad9f8f2428a9996bad2e3dbe64462f992f8111","sellTxId":"18257a4c2d9b22f89a8f60cda38dd2048133993e-0"}
{"index": {"_index":"sim","_id":"2986027"}}
	{"id":2986027,"type":"buy","buyer":"luizeba","seller":"jelly-cz","symbol":"SIM","quantity":"30991.000","price":"0.00048314","timestamp":1647439356,"volume":"14.97299174","buyTxId":"56ad9f8f2428a9996bad2e3dbe64462f992f8111","sellTxId":"MM-P-15683833-62672092-3-31-0"}
{"index": {"_index":"sim","_id":"2986251"}}
	{"id":2986251,"type":"sell","buyer":"pi-trader","seller":"pele23","symbol":"SIM","quantity":"0.012","price":"0.00046005","timestamp":1647441999,"volume":"0.00000552","buyTxId":"33877e5a5089b766a31aa5bc0d90fcef1d1774c3-1","sellTxId":"c70f0e640408ab0c84822d390a3b7805ca384db7"}
{"index": {"_index":"sim","_id":"2986364"}}
	{"id":2986364,"type":"sell","buyer":"pi-trader","seller":"darmst5339","symbol":"SIM","quantity":"4.617","price":"0.00046005","timestamp":1647443577,"volume":"0.00212405","buyTxId":"1491e4c8f47536a2f001964eea95eedc860fa474-1","sellTxId":"ad5bdcac29eb0bc679ec4e8c5aa36fb01e0ba270"}
{"index": {"_index":"sim","_id":"2986476"}}
	{"id":2986476,"type":"sell","buyer":"pi-trader","seller":"nyxlabs","symbol":"SIM","quantity":"1705.009","price":"0.00046005","timestamp":1647444783,"volume":"0.78438939","buyTxId":"e0c4cd47d9d6b33ecbe5d45c8c580645bb77fb64-1","sellTxId":"a8a40654ee83b66e7cf883f4c40ca25f2ad11547"}
{"index": {"_index":"sim","_id":"2986633"}}
	{"id":2986633,"type":"sell","buyer":"pi-trader","seller":"brofi-market","symbol":"SIM","quantity":"0.004","price":"0.00046005","timestamp":1647447102,"volume":"0.00000184","buyTxId":"9599a28d0fcd29a43593a292e821eb6ffc58842f-3","sellTxId":"79774fe220564d3f7198c57822ece5496a3d0c49"}
{"index": {"_index":"sim","_id":"2986734"}}
	{"id":2986734,"type":"sell","buyer":"pi-trader","seller":"saulos","symbol":"SIM","quantity":"539.644","price":"0.00046005","timestamp":1647448596,"volume":"0.24826322","buyTxId":"425363969bb84d93faab85148c68293a915bf791-4","sellTxId":"8af12308b9c8033764f4692dcc6013b412249a78"}
{"index": {"_index":"sim","_id":"2987032"}}
	{"id":2987032,"type":"sell","buyer":"pi-trader","seller":"nftmart.fees","symbol":"SIM","quantity":"66.418","price":"0.00046005","timestamp":1647450750,"volume":"0.03055560","buyTxId":"6a9650bc835acd8b64bafe1a945055289d94adb0-3","sellTxId":"b3a3aa7713d7f579d61ee1ba4fede7a5768c7549"}
{"index": {"_index":"sim","_id":"2987071"}}
	{"id":2987071,"type":"sell","buyer":"pi-trader","seller":"quantumg","symbol":"SIM","quantity":"849.750","price":"0.00046005","timestamp":1647451032,"volume":"0.39092749","buyTxId":"8187bd04052a14d0aa47b825006e93ccfe582239-1","sellTxId":"763ab1318db6a11c541431341b276d01760b3da1"}
{"index": {"_index":"sim","_id":"2987090"}}
	{"id":2987090,"type":"buy","buyer":"curatingunicorn","seller":"nftmart.fees","symbol":"SIM","quantity":"8.000","price":"0.00048272","timestamp":1647451200,"volume":"0.00386176","buyTxId":"499fd9e5d8725eaa3304a27a69393353d02787d5","sellTxId":"68603a6ae94b72c19242b7853ff4495fe57fb416-0"}
{"index": {"_index":"sim","_id":"2987091"}}
	{"id":2987091,"type":"buy","buyer":"curatingunicorn","seller":"jelly-cz","symbol":"SIM","quantity":"9992.000","price":"0.00048273","timestamp":1647451200,"volume":"4.82343816","buyTxId":"499fd9e5d8725eaa3304a27a69393353d02787d5","sellTxId":"MM-P-15689505-62677775-3-31-0"}
{"index": {"_index":"sim","_id":"2987464"}}
	{"id":2987464,"type":"sell","buyer":"pi-trader","seller":"robertkdk","symbol":"SIM","quantity":"826.500","price":"0.00046005","timestamp":1647455886,"volume":"0.38023133","buyTxId":"99de2fa55f137d3ba85d5b85478b542651680c77-3","sellTxId":"b7b0014b123c362df63c9a0784751264f8322720"}
{"index": {"_index":"sim","_id":"2987676"}}
	{"id":2987676,"type":"buy","buyer":"boycharlieplays","seller":"brofi-market","symbol":"SIM","quantity":"0.004","price":"0.00048307","timestamp":1647458418,"volume":"0.00000193","buyTxId":"cbb237de7907d4a6b57a95f735b0325d494ed39c","sellTxId":"f9dd4801990899c5e6b9ba73c1623227372dd2e5"}
{"index": {"_index":"sim","_id":"2987677"}}
	{"id":2987677,"type":"buy","buyer":"boycharlieplays","seller":"pi-trader","symbol":"SIM","quantity":"4099.996","price":"0.00049197","timestamp":1647458418,"volume":"2.01707503","buyTxId":"cbb237de7907d4a6b57a95f735b0325d494ed39c","sellTxId":"e51f91d44c6c7741eeaa9e4fb19a55f9af81316b-2"}
{"index": {"_index":"sim","_id":"2987768"}}
	{"id":2987768,"type":"buy","buyer":"missquibble","seller":"pi-trader","symbol":"SIM","quantity":"1210.000","price":"0.00049197","timestamp":1647459573,"volume":"0.59528370","buyTxId":"fb24f38ecc64f89c147b71344a0ca62d87924386","sellTxId":"e2a7e0e41974f7b5ae5a8f92810fb0b2ab29c075-3"}
{"index": {"_index":"sim","_id":"2987787"}}
	{"id":2987787,"type":"buy","buyer":"missquibble","seller":"pi-trader","symbol":"SIM","quantity":"1676.000","price":"0.00048896","timestamp":1647459966,"volume":"0.81949696","buyTxId":"3d1802e7a9a8c7599e3be3d9aa114412beaf587e","sellTxId":"86f49c779e5aaabb18f54e144b41220590ff7fd8-3"}
{"index": {"_index":"sim","_id":"2987912"}}
	{"id":2987912,"type":"sell","buyer":"pi-trader","seller":"brofi-market","symbol":"SIM","quantity":"0.001","price":"0.00046005","timestamp":1647461409,"volume":"0.00000046","buyTxId":"1ed99e0e89025cabc7e24958c4a8ce5b5a12e7c6-3","sellTxId":"63d1a3ed0281513c99839e0cc2b180b6495c9fee"}
{"index": {"_index":"sim","_id":"2988049"}}
	{"id":2988049,"type":"buy","buyer":"maryjane.main","seller":"pi-trader","symbol":"SIM","quantity":"23000.000","price":"0.00048428","timestamp":1647462645,"volume":"11.13844000","buyTxId":"01b5ac6a3dbcccd887a829c37ce05f52e13287aa","sellTxId":"7400f998c240d29546e0d62a48f30166fc569a55-6"}
{"index": {"_index":"sim","_id":"2988108"}}
	{"id":2988108,"type":"sell","buyer":"pi-trader","seller":"bitcoinflood","symbol":"SIM","quantity":"772.489","price":"0.00046005","timestamp":1647463413,"volume":"0.35538356","buyTxId":"c5922bc73a9093f02ddbe096c4e7a7ae9b53c202-1","sellTxId":"45870c1b0e6c6dba6a59e838dde0f031a0dccd80"}
{"index": {"_index":"sim","_id":"2988153"}}
	{"id":2988153,"type":"buy","buyer":"technocrypton","seller":"jelly-cz","symbol":"SIM","quantity":"18500.000","price":"0.00048273","timestamp":1647463827,"volume":"8.93050500","buyTxId":"2ebd9fed33e8bc187ebcc75ae5b1ef8dd4331514","sellTxId":"MM-P-15694287-62682559-3-31-0"}
{"index": {"_index":"sim","_id":"2988287"}}
	{"id":2988287,"type":"buy","buyer":"stickupcash","seller":"nftmart.fees","symbol":"SIM","quantity":"39.000","price":"0.00048272","timestamp":1647465138,"volume":"0.01882608","buyTxId":"deeb549c3270af5da3ac12d5c13a8e71d9302a0b","sellTxId":"ecb9612999f9d1cc69d584e96a1fb6206f1c8456-0"}
{"index": {"_index":"sim","_id":"2988288"}}
	{"id":2988288,"type":"buy","buyer":"stickupcash","seller":"jelly-cz","symbol":"SIM","quantity":"458.000","price":"0.00048273","timestamp":1647465138,"volume":"0.22109034","buyTxId":"deeb549c3270af5da3ac12d5c13a8e71d9302a0b","sellTxId":"MM-P-15694287-62682559-3-31-0"}
{"index": {"_index":"sim","_id":"2988373"}}
	{"id":2988373,"type":"sell","buyer":"pi-trader","seller":"otherbrandt","symbol":"SIM","quantity":"22092.000","price":"0.00046005","timestamp":1647466320,"volume":"10.16342460","buyTxId":"2f4c93ea407184726c1932a4bee09398ebbcd6bd-4","sellTxId":"4f3bde989c259260c73d36213226d68dcd96d772"}
{"index": {"_index":"sim","_id":"2988457"}}
	{"id":2988457,"type":"sell","buyer":"pi-trader","seller":"rarej","symbol":"SIM","quantity":"2085.160","price":"0.00046007","timestamp":1647467355,"volume":"0.95931956","buyTxId":"29d2cb348147752408f55bd55865ac4c8280c834-1","sellTxId":"50cbf7aadddc2d025ac0e23e356663a9eac36fae"}
{"index": {"_index":"sim","_id":"2988487"}}
	{"id":2988487,"type":"sell","buyer":"pi-trader","seller":"dswap","symbol":"SIM","quantity":"11.417","price":"0.00046007","timestamp":1647467892,"volume":"0.00525262","buyTxId":"86f5ee3e92ab375cd95cc49cf4087f62e085eb1d-3","sellTxId":"00fbc55e3eb441bcd8b2875117bdd6fbd8b552aa"}
{"index": {"_index":"sim","_id":"2988523"}}
	{"id":2988523,"type":"sell","buyer":"pi-trader","seller":"bearbear613","symbol":"SIM","quantity":"919.861","price":"0.00046007","timestamp":1647468105,"volume":"0.42320045","buyTxId":"8f4f4a706cc0231eb7d3dd817027899dadaffc67-1","sellTxId":"8f3244673e612455047a402a1ae5f79dd3be071c"}
{"index": {"_index":"sim","_id":"2988754"}}
	{"id":2988754,"type":"sell","buyer":"pi-trader","seller":"he-index","symbol":"SIM","quantity":"36.761","price":"0.00046007","timestamp":1647468966,"volume":"0.01691263","buyTxId":"f85b9017b537bf33ad40beb4a1d6a134292d7def-3","sellTxId":"9fd73889447f765ccd62424ff01070980674bb9b"}
{"index": {"_index":"sim","_id":"2988934"}}
	{"id":2988934,"type":"buy","buyer":"lucky-elephant","seller":"pi-trader","symbol":"SIM","quantity":"10000.000","price":"0.00048199","timestamp":1647471141,"volume":"4.81990000","buyTxId":"ab2ee7a57d4b182b55c8c1fab64d58717a81b531","sellTxId":"dc8e378d2040e7d633088057ebca076064c0e6d5-3"}
{"index": {"_index":"sim","_id":"2988982"}}
	{"id":2988982,"type":"sell","buyer":"pi-trader","seller":"forsakensushi","symbol":"SIM","quantity":"5956.465","price":"0.00046007","timestamp":1647472026,"volume":"2.74039085","buyTxId":"9e7126eb11162f7137c78ec500c19f175b3039b6-1","sellTxId":"3e07210ad787aa09e048f8023bc87b8880ff5afa"}
{"index": {"_index":"sim","_id":"2989081"}}
	{"id":2989081,"type":"sell","buyer":"pi-trader","seller":"automaton","symbol":"SIM","quantity":"299.444","price":"0.00046007","timestamp":1647473769,"volume":"0.13776520","buyTxId":"bb766621b69a63707887482fcc0e1efb70d561a7-3","sellTxId":"86f8ac3cb81e4e1f308957b6fd12e9f105a14450"}
{"index": {"_index":"sim","_id":"2989508"}}
	{"id":2989508,"type":"buy","buyer":"boycharlieplays","seller":"nftmart.fees","symbol":"SIM","quantity":"94.717","price":"0.00048194","timestamp":1647478449,"volume":"0.04564791","buyTxId":"54f6e3845ee60fa2755f0c06598601d092687e3d","sellTxId":"3b9dc9e2ecff2f7b58be3c77546051e91365293a-0"}
{"index": {"_index":"sim","_id":"2989556"}}
	{"id":2989556,"type":"buy","buyer":"blockchainyouth","seller":"nftmart.fees","symbol":"SIM","quantity":"26.283","price":"0.00048194","timestamp":1647479025,"volume":"0.01266683","buyTxId":"ad4a8bf7d4a4e7878337b44e50de6457e7d6be34","sellTxId":"3b9dc9e2ecff2f7b58be3c77546051e91365293a-0"}
{"index": {"_index":"sim","_id":"2989557"}}
	{"id":2989557,"type":"buy","buyer":"blockchainyouth","seller":"medaymane","symbol":"SIM","quantity":"1594.000","price":"0.00048198","timestamp":1647479025,"volume":"0.76827612","buyTxId":"ad4a8bf7d4a4e7878337b44e50de6457e7d6be34","sellTxId":"b8e944b52276b1c466325ae3ba6f80e477c514c5"}
{"index": {"_index":"sim","_id":"2989558"}}
	{"id":2989558,"type":"buy","buyer":"blockchainyouth","seller":"jelly-cz","symbol":"SIM","quantity":"2979.717","price":"0.00048200","timestamp":1647479025,"volume":"1.43622359","buyTxId":"ad4a8bf7d4a4e7878337b44e50de6457e7d6be34","sellTxId":"MM-P-15696776-62685049-3-31-0"}
{"index": {"_index":"sim","_id":"2989739"}}
	{"id":2989739,"type":"buy","buyer":"curatingunicorn","seller":"nftmart.fees","symbol":"SIM","quantity":"106.000","price":"0.00048198","timestamp":1647481257,"volume":"0.05108988","buyTxId":"3f907e7ed4a68aa12dc2a9098f55b2f398f3f368","sellTxId":"4ec728aae9a9648046ba120107efb0902d9e7789-0"}
{"index": {"_index":"sim","_id":"2989740"}}
	{"id":2989740,"type":"buy","buyer":"curatingunicorn","seller":"jelly-cz","symbol":"SIM","quantity":"4894.000","price":"0.00048200","timestamp":1647481257,"volume":"2.35890800","buyTxId":"3f907e7ed4a68aa12dc2a9098f55b2f398f3f368","sellTxId":"MM-P-15696776-62685049-3-31-0"}
{"index": {"_index":"sim","_id":"2990270"}}
	{"id":2990270,"type":"buy","buyer":"maryjane.main","seller":"nftmart.fees","symbol":"SIM","quantity":"94.000","price":"0.00048197","timestamp":1647486909,"volume":"0.04530518","buyTxId":"cb64dd8b439841789fa9dde3dd493f97b5d524ff","sellTxId":"82ff5ff7a918cbb4c8f7af5782d1c68e63dc361a-0"}
{"index": {"_index":"sim","_id":"2990271"}}
	{"id":2990271,"type":"buy","buyer":"maryjane.main","seller":"pi-trader","symbol":"SIM","quantity":"3906.000","price":"0.00048199","timestamp":1647486909,"volume":"1.88265294","buyTxId":"cb64dd8b439841789fa9dde3dd493f97b5d524ff","sellTxId":"53bb0ef6a134ff2118b54fbc0fd17d587c988519"}
{"index": {"_index":"sim","_id":"2990342"}}
	{"id":2990342,"type":"buy","buyer":"maryjane.main","seller":"nftmart.fees","symbol":"SIM","quantity":"96.000","price":"0.00048198","timestamp":1647487527,"volume":"0.04627008","buyTxId":"4d9a1d6570333cc7fc003db52050b4e48ada533e","sellTxId":"ecd543fabb39fd326d74a3317d4791e4ce68e9b9-0"}
{"index": {"_index":"sim","_id":"2990343"}}
	{"id":2990343,"type":"buy","buyer":"maryjane.main","seller":"pi-trader","symbol":"SIM","quantity":"6904.000","price":"0.00048199","timestamp":1647487527,"volume":"3.32765896","buyTxId":"4d9a1d6570333cc7fc003db52050b4e48ada533e","sellTxId":"f2ddfcb0c6f48630c0f2ce604702804408971a11-3"}
{"index": {"_index":"sim","_id":"2990498"}}
	{"id":2990498,"type":"sell","buyer":"pi-trader","seller":"tonytrillions","symbol":"SIM","quantity":"0.004","price":"0.00046007","timestamp":1647489351,"volume":"0.00000184","buyTxId":"75df76bc1d1c57f1bdcdbecbcb5cc7416afd0a02-3","sellTxId":"4e5c811170df52aada76a9944f2f67a9d639d62c"}
