{"index": {"_index":"sim","_id":"2766401"}}
	{"id":2766401,"type":"sell","buyer":"pi-trader","seller":"brofi-market","symbol":"SIM","quantity":"0.001","price":"0.00048001","timestamp":1644725406,"volume":"0.00000048","buyTxId":"9d093887fcd8c77e906e3afea44b1b7f61f472af-1","sellTxId":"296ca6b408a4c9a81bc27f45087857788bb95a66"}
{"index": {"_index":"sim","_id":"2766491"}}
	{"id":2766491,"type":"sell","buyer":"pi-trader","seller":"thatcryptodave","symbol":"SIM","quantity":"435.538","price":"0.00048001","timestamp":1644726813,"volume":"0.20906260","buyTxId":"2c9d7170220913a2dc3a0acd7ab0b807c519febc-4","sellTxId":"52f2dacc22e4cc24f9faa82c61479f19309277a6"}
{"index": {"_index":"sim","_id":"2766496"}}
	{"id":2766496,"type":"buy","buyer":"kevinnag58","seller":"jelly-cz","symbol":"SIM","quantity":"12552.291","price":"0.00049706","timestamp":1644726921,"volume":"6.23924203","buyTxId":"451037c0b746a31cf7440121e515a8432d3ac1e3","sellTxId":"MM-P-14785111-61772481-3-29-0"}
{"index": {"_index":"sim","_id":"2766512"}}
	{"id":2766512,"type":"sell","buyer":"pi-trader","seller":"mango-juice","symbol":"SIM","quantity":"1512.013","price":"0.00048001","timestamp":1644727299,"volume":"0.72578136","buyTxId":"f5d80a724f09cc94833f86df9bad547715a2ea15-3","sellTxId":"fead6ae68cd81829039dc0f04dc61ac3d018bfb3"}
{"index": {"_index":"sim","_id":"2766677"}}
	{"id":2766677,"type":"sell","buyer":"pi-trader","seller":"theguruasia","symbol":"SIM","quantity":"818.530","price":"0.00048001","timestamp":1644730584,"volume":"0.39290259","buyTxId":"207859775508ada8ec3d4f13f7fa617b85de6066-3","sellTxId":"5f94d2b82c206d837b37c053a098132c01e9aeb1"}
{"index": {"_index":"sim","_id":"2766828"}}
	{"id":2766828,"type":"buy","buyer":"thegoliath","seller":"jelly-cz","symbol":"SIM","quantity":"8000.000","price":"0.00049706","timestamp":1644734046,"volume":"3.97648000","buyTxId":"1c0c51e3958240c2c5fd1b5f08745b80868f2bf6","sellTxId":"MM-P-14785111-61772481-3-29-0"}
{"index": {"_index":"sim","_id":"2767215"}}
	{"id":2767215,"type":"buy","buyer":"thehive","seller":"onealfa","symbol":"SIM","quantity":"2400.000","price":"0.00049705","timestamp":1644739275,"volume":"1.19292000","buyTxId":"1f2c1b217534bd712fa7baea3fc3a49b3c76c098","sellTxId":"f73635fc6e2f9c487da2407d4f8d77169965f943"}
{"index": {"_index":"sim","_id":"2767430"}}
	{"id":2767430,"type":"buy","buyer":"alikcrs","seller":"onealfa","symbol":"SIM","quantity":"4000.000","price":"0.00049705","timestamp":1644742461,"volume":"1.98820000","buyTxId":"0e79faa21b333ebda3bf451bbd763a8f06b84f00","sellTxId":"f73635fc6e2f9c487da2407d4f8d77169965f943"}
{"index": {"_index":"sim","_id":"2767520"}}
	{"id":2767520,"type":"sell","buyer":"pi-trader","seller":"balte","symbol":"SIM","quantity":"12000.000","price":"0.00047001","timestamp":1644744066,"volume":"5.64012000","buyTxId":"b3319c18e93e2988e95bd35c80b5579b2eeed5d8-1","sellTxId":"19cf15b5c33df4789b701a4e12a100a0188c3cee"}
{"index": {"_index":"sim","_id":"2767869"}}
	{"id":2767869,"type":"sell","buyer":"pi-trader","seller":"gondek","symbol":"SIM","quantity":"30.000","price":"0.00047001","timestamp":1644749397,"volume":"0.01410030","buyTxId":"2d325a3fee460a09b23a0900b29a0fdd234cf9cd-3","sellTxId":"940cbab3f822eb380fa4b71bdbba77a62779f1ec"}
{"index": {"_index":"sim","_id":"2768134"}}
	{"id":2768134,"type":"sell","buyer":"pi-trader","seller":"brofi-market","symbol":"SIM","quantity":"0.003","price":"0.00047001","timestamp":1644754164,"volume":"0.00000141","buyTxId":"9f694b489be0ca0ab254054f8cefd984f921c42d-4","sellTxId":"f9e82c58fde999b8e285069c185dd3a58bf412d3"}
{"index": {"_index":"sim","_id":"2768358"}}
	{"id":2768358,"type":"buy","buyer":"steemshiro","seller":"master-lamps","symbol":"SIM","quantity":"190.399","price":"0.00049653","timestamp":1644757029,"volume":"0.09453882","buyTxId":"51ce513cbf0f26303bb153878019bb8ff23dc38d","sellTxId":"59575547e0efcf0124b41983a2a40ef9b615b8b8"}
{"index": {"_index":"sim","_id":"2768359"}}
	{"id":2768359,"type":"buy","buyer":"steemshiro","seller":"brofi-market","symbol":"SIM","quantity":"0.003","price":"0.00049653","timestamp":1644757029,"volume":"0.00000149","buyTxId":"51ce513cbf0f26303bb153878019bb8ff23dc38d","sellTxId":"9f2605f033bf7949386311605ff6742e7213b046"}
{"index": {"_index":"sim","_id":"2768360"}}
	{"id":2768360,"type":"buy","buyer":"steemshiro","seller":"jelly-cz","symbol":"SIM","quantity":"145884.000","price":"0.00049654","timestamp":1644757029,"volume":"72.43724136","buyTxId":"51ce513cbf0f26303bb153878019bb8ff23dc38d","sellTxId":"MM-P-14791194-61778565-3-29-0"}
{"index": {"_index":"sim","_id":"2768361"}}
	{"id":2768361,"type":"buy","buyer":"steemshiro","seller":"onealfa","symbol":"SIM","quantity":"997.000","price":"0.00049705","timestamp":1644757029,"volume":"0.49555885","buyTxId":"51ce513cbf0f26303bb153878019bb8ff23dc38d","sellTxId":"f73635fc6e2f9c487da2407d4f8d77169965f943"}
{"index": {"_index":"sim","_id":"2768362"}}
	{"id":2768362,"type":"buy","buyer":"steemshiro","seller":"lestrange","symbol":"SIM","quantity":"52928.598","price":"0.00049705","timestamp":1644757029,"volume":"26.30815964","buyTxId":"51ce513cbf0f26303bb153878019bb8ff23dc38d","sellTxId":"f10f2c311ed8c21edfbcb0840a6eb0f3894b6f2f"}
{"index": {"_index":"sim","_id":"2768732"}}
	{"id":2768732,"type":"buy","buyer":"konvik","seller":"davidlionfish","symbol":"SIM","quantity":"9754.000","price":"0.00047000","timestamp":1644763095,"volume":"4.58438000","buyTxId":"38c34fb40ffc1b02609f9ce935dba0dce5caed1e-0","sellTxId":"8278b262284a592f014c52f94f56a8a2ec0977b4"}
{"index": {"_index":"sim","_id":"2768774"}}
	{"id":2768774,"type":"sell","buyer":"pi-trader","seller":"brofi-market","symbol":"SIM","quantity":"0.001","price":"0.00046651","timestamp":1644763485,"volume":"0.00000047","buyTxId":"bb2ea7a51eb7343b0ff5624d6774512f0ccb4ff7-1","sellTxId":"4f2c886d4ebaa90907456a39f8ff121475775aab"}
{"index": {"_index":"sim","_id":"2769333"}}
	{"id":2769333,"type":"buy","buyer":"blockchainyouth","seller":"atomcollector","symbol":"SIM","quantity":"2100.000","price":"0.00049000","timestamp":1644770814,"volume":"1.02900000","buyTxId":"46ca57d3f3055a0d7ad02c1f8f96e82be1ded66e","sellTxId":"463bef3f814c428f39a066d0130b2d6e9e6f6eed"}
{"index": {"_index":"sim","_id":"2769575"}}
	{"id":2769575,"type":"buy","buyer":"monsterjamgold","seller":"atomcollector","symbol":"SIM","quantity":"64.040","price":"0.00049000","timestamp":1644773268,"volume":"0.03137960","buyTxId":"d799457d06f25ad687026b2563170e0c13cc9ab2","sellTxId":"463bef3f814c428f39a066d0130b2d6e9e6f6eed"}
{"index": {"_index":"sim","_id":"2769576"}}
	{"id":2769576,"type":"buy","buyer":"monsterjamgold","seller":"brofi-market","symbol":"SIM","quantity":"0.001","price":"0.00049000","timestamp":1644773268,"volume":"0.00000049","buyTxId":"d799457d06f25ad687026b2563170e0c13cc9ab2","sellTxId":"ea62e276184c35800e886d5016ea4c17c29e73ee"}
{"index": {"_index":"sim","_id":"2769577"}}
	{"id":2769577,"type":"sell","buyer":"monsterjamgold","seller":"master-lamps","symbol":"SIM","quantity":"17.268","price":"0.00049000","timestamp":1644773283,"volume":"0.00846132","buyTxId":"d799457d06f25ad687026b2563170e0c13cc9ab2","sellTxId":"0dbf30caecff438ddc54906772336249c7f66f8c"}
{"index": {"_index":"sim","_id":"2769599"}}
	{"id":2769599,"type":"buy","buyer":"monsterjamgold","seller":"lestrange","symbol":"SIM","quantity":"2510.000","price":"0.00049705","timestamp":1644773520,"volume":"1.24759550","buyTxId":"a670bb370cabf513836d3d86c0dd0c2998c5c633","sellTxId":"f10f2c311ed8c21edfbcb0840a6eb0f3894b6f2f"}
{"index": {"_index":"sim","_id":"2769873"}}
	{"id":2769873,"type":"buy","buyer":"monsterjamgold","seller":"lestrange","symbol":"SIM","quantity":"9313.000","price":"0.00049705","timestamp":1644776517,"volume":"4.62902665","buyTxId":"b1f1fbcd8fbd9994a16c19b4e06580aa537fb368","sellTxId":"f10f2c311ed8c21edfbcb0840a6eb0f3894b6f2f"}
{"index": {"_index":"sim","_id":"2769877"}}
	{"id":2769877,"type":"sell","buyer":"pi-trader","seller":"pele23","symbol":"SIM","quantity":"0.090","price":"0.00046651","timestamp":1644776562,"volume":"0.00004199","buyTxId":"e42af77412758fd651ec9aac19617cf663ff4c58","sellTxId":"9a36aa7070013b00f68872447fa5a2071606c302"}
{"index": {"_index":"sim","_id":"2769919"}}
	{"id":2769919,"type":"sell","buyer":"pi-trader","seller":"aliveprojects","symbol":"SIM","quantity":"137.550","price":"0.00046651","timestamp":1644776916,"volume":"0.06416845","buyTxId":"394b52530aea4d8916b225c4f735fdf48f9091dd-1","sellTxId":"61f86d1d087ed178b61c5507820232188e4a2665"}
{"index": {"_index":"sim","_id":"2770022"}}
	{"id":2770022,"type":"sell","buyer":"pi-trader","seller":"jrcornel","symbol":"SIM","quantity":"37524.000","price":"0.00046651","timestamp":1644777966,"volume":"17.50532124","buyTxId":"99e9c7166903aa25ec39d9df0ef14eecd9eed28f-3","sellTxId":"9d25845eb6cc2221798555b79d485a7cb94e3606"}
{"index": {"_index":"sim","_id":"2770146"}}
	{"id":2770146,"type":"sell","buyer":"pi-trader","seller":"iamalivechalleng","symbol":"SIM","quantity":"3.508","price":"0.00046651","timestamp":1644779097,"volume":"0.00163652","buyTxId":"dfb5dde1dd287b68afd07236c65726b24dd48e67-3","sellTxId":"6bfbc17117e52e4ba6c95067e15537bcca6732e9"}
{"index": {"_index":"sim","_id":"2770231"}}
	{"id":2770231,"type":"sell","buyer":"pi-trader","seller":"thegoliath","symbol":"SIM","quantity":"9450.000","price":"0.00046651","timestamp":1644780354,"volume":"4.40851950","buyTxId":"cd014fb6b7d06e44f752498b5eca381c6274fed4-4","sellTxId":"611b27f7a57c726e5e23d239b8c308ec288d3302"}
{"index": {"_index":"sim","_id":"2770474"}}
	{"id":2770474,"type":"sell","buyer":"pi-trader","seller":"flaxz","symbol":"SIM","quantity":"11.801","price":"0.00046651","timestamp":1644783516,"volume":"0.00550528","buyTxId":"04f45cc0e8beb40919632d75b9d1287c7c5a767a-3","sellTxId":"a279bbb1c3aee53b4c6795a486d7814732d4a8d9"}
{"index": {"_index":"sim","_id":"2770625"}}
	{"id":2770625,"type":"sell","buyer":"pi-trader","seller":"bitcoinflood","symbol":"SIM","quantity":"1703.449","price":"0.00048001","timestamp":1644784938,"volume":"0.81767255","buyTxId":"d769af95e03755f6265a8cccc417331693568f44-1","sellTxId":"d83643e3d520f83a105fbe934f91f4f1ae272538"}
{"index": {"_index":"sim","_id":"2770686"}}
	{"id":2770686,"type":"buy","buyer":"desertjoe","seller":"lestrange","symbol":"SIM","quantity":"7010.452","price":"0.00049705","timestamp":1644785790,"volume":"3.48454517","buyTxId":"358f1d6fb6944e7060f33f356bc8d55cfbe6ba8c","sellTxId":"f10f2c311ed8c21edfbcb0840a6eb0f3894b6f2f"}
{"index": {"_index":"sim","_id":"2770687"}}
	{"id":2770687,"type":"buy","buyer":"desertjoe","seller":"brofi-market","symbol":"SIM","quantity":"0.001","price":"0.00049757","timestamp":1644785790,"volume":"0.00000050","buyTxId":"358f1d6fb6944e7060f33f356bc8d55cfbe6ba8c","sellTxId":"90bad0b4a8439409eed1955ef165f986cfbd8709"}
{"index": {"_index":"sim","_id":"2770688"}}
	{"id":2770688,"type":"buy","buyer":"desertjoe","seller":"brofi-market","symbol":"SIM","quantity":"0.003","price":"0.00049808","timestamp":1644785790,"volume":"0.00000149","buyTxId":"358f1d6fb6944e7060f33f356bc8d55cfbe6ba8c","sellTxId":"b101b971713222a0113edd0c7f64ffed44e72d4d"}
{"index": {"_index":"sim","_id":"2770689"}}
	{"id":2770689,"type":"buy","buyer":"desertjoe","seller":"myvest","symbol":"SIM","quantity":"189.544","price":"0.00050000","timestamp":1644785790,"volume":"0.09477200","buyTxId":"358f1d6fb6944e7060f33f356bc8d55cfbe6ba8c","sellTxId":"244d4f7118d85869c476ac3c1470477859f5f452"}
{"index": {"_index":"sim","_id":"2770701"}}
	{"id":2770701,"type":"sell","buyer":"pi-trader","seller":"captaincryptic","symbol":"SIM","quantity":"1338.018","price":"0.00048001","timestamp":1644785901,"volume":"0.64226202","buyTxId":"0aa0143c030c1ac3cdd4335b0ce1350cad85bbba-3","sellTxId":"3ff2bd6309d09495721b9cf82dd360a2619f7cc2"}
{"index": {"_index":"sim","_id":"2770739"}}
	{"id":2770739,"type":"sell","buyer":"pi-trader","seller":"bearbear613","symbol":"SIM","quantity":"938.000","price":"0.00048003","timestamp":1644786492,"volume":"0.45026814","buyTxId":"76edb5859519d873fa9b56c70c0c0b273b718a78-1","sellTxId":"593269e85abae6c6cfbfee649baca25c34bffb37"}
{"index": {"_index":"sim","_id":"2770746"}}
	{"id":2770746,"type":"sell","buyer":"pi-trader","seller":"ingekiller","symbol":"SIM","quantity":"0.030","price":"0.00048003","timestamp":1644786597,"volume":"0.00001440","buyTxId":"5f6b8fe44e4c4599cf27db02c1db502565bf7d6d-3","sellTxId":"5721497e92343106acdb0e2e8897733c6119e422"}
{"index": {"_index":"sim","_id":"2770766"}}
	{"id":2770766,"type":"sell","buyer":"pi-trader","seller":"rarej","symbol":"SIM","quantity":"897.079","price":"0.00048003","timestamp":1644786894,"volume":"0.43062483","buyTxId":"a4683043491b4927f5546fe68ade803b46186652-2","sellTxId":"ff603aaa4c7e2cf2d4ec6a50e746707f63b32e33"}
{"index": {"_index":"sim","_id":"2771225"}}
	{"id":2771225,"type":"sell","buyer":"pi-trader","seller":"he-index","symbol":"SIM","quantity":"45.911","price":"0.00048003","timestamp":1644793443,"volume":"0.02203866","buyTxId":"c2af1c3301ab171698be69670af35ee772c10da5-3","sellTxId":"b2367ea5e88dd995e3c960e66952667cde771e8a"}
{"index": {"_index":"sim","_id":"2771282"}}
	{"id":2771282,"type":"sell","buyer":"pi-trader","seller":"desyfit","symbol":"SIM","quantity":"150000.000","price":"0.00048003","timestamp":1644794241,"volume":"72.00450000","buyTxId":"5c5822d0ebc179ac5c9995abf5ad581c3dca1d66-1","sellTxId":"8d453997ea9b90ab241fda106489e2d431d4af54"}
{"index": {"_index":"sim","_id":"2771513"}}
	{"id":2771513,"type":"sell","buyer":"pi-trader","seller":"brofi-market","symbol":"SIM","quantity":"0.003","price":"0.00048003","timestamp":1644797592,"volume":"0.00000144","buyTxId":"8ff752c5cd0d75ff5047fa96b1d1b6cef0b25d63-2","sellTxId":"a02f23eb47e0ee74501d4a5c9fc8210bdf968a4b"}
{"index": {"_index":"sim","_id":"2771558"}}
	{"id":2771558,"type":"sell","buyer":"pi-trader","seller":"andy4475","symbol":"SIM","quantity":"206.501","price":"0.00048003","timestamp":1644797823,"volume":"0.09912668","buyTxId":"9544f56a730666d830577e1ce23ec30e689557fc-1","sellTxId":"d7f8750d18dd2710a6fa9092a6a21c308f376417"}
{"index": {"_index":"sim","_id":"2771734"}}
	{"id":2771734,"type":"sell","buyer":"pi-trader","seller":"steem-hodler","symbol":"SIM","quantity":"8356.000","price":"0.00048003","timestamp":1644799893,"volume":"4.01113068","buyTxId":"4a74f3740e754e772d2cabb84e7407adc2d1a4f3-3","sellTxId":"4d243a70a651ecdf2677379704f5b7e7e819e464"}
{"index": {"_index":"sim","_id":"2772356"}}
	{"id":2772356,"type":"sell","buyer":"pi-trader","seller":"justinparke","symbol":"SIM","quantity":"17943.4","price":"0.00048005","timestamp":1644810693,"volume":"8.61372917","buyTxId":"9492b8a2f798ba94c4b9b15305b8f08330eb27d1-3","sellTxId":"c55e5bd5f2c24f75ada3afaa6e16e7592c026b6e"}
