{"index": {"_index":"sim","_id":"3384931"}}
	{"id":3384931,"type":"buy","buyer":"catotune","seller":"nftmart.fees","symbol":"SIM","quantity":"121.000","price":"0.00044181","timestamp":1652066283,"volume":"0.05345901","buyTxId":"1fe55a8253bfe3c1c5c4e0f71b6f5c4eaf3cce88","sellTxId":"b77434d9f404e0158ac32023c1a8bb19d62e9f59-0"}
{"index": {"_index":"sim","_id":"3384936"}}
	{"id":3384936,"type":"sell","buyer":"catotune","seller":"konvik","symbol":"SIM","quantity":"13249.446","price":"0.00044181","timestamp":1652066286,"volume":"5.85373774","buyTxId":"1fe55a8253bfe3c1c5c4e0f71b6f5c4eaf3cce88","sellTxId":"3d95e60c842dfd43b0713217cf7a50ef48d364f2-1"}
{"index": {"_index":"sim","_id":"3385069"}}
	{"id":3385069,"type":"sell","buyer":"mmrx","seller":"potionhunter","symbol":"SIM","quantity":"3843.277","price":"0.00044182","timestamp":1652067846,"volume":"1.69803664","buyTxId":"MM-P-17222550-64212317-3-38-0","sellTxId":"0e2d99841effc9f1dd1cbb6cec6af9acde177426"}
{"index": {"_index":"sim","_id":"3385094"}}
	{"id":3385094,"type":"sell","buyer":"catotune","seller":"theshaki","symbol":"SIM","quantity":"13.136","price":"0.00044181","timestamp":1652068095,"volume":"0.00580361","buyTxId":"1fe55a8253bfe3c1c5c4e0f71b6f5c4eaf3cce88","sellTxId":"b18d12f46f156582726c9ba36e99bfe912fa9c6f"}
{"index": {"_index":"sim","_id":"3385103"}}
	{"id":3385103,"type":"buy","buyer":"potionhunter","seller":"mmrx","symbol":"SIM","quantity":"3843.277","price":"0.00042541","timestamp":1652068218,"volume":"1.63496847","buyTxId":"5fc10cc3e2a3b66a187d9833ed1cf251d2c33c13","sellTxId":"MM-P-17223149-64212917-3-38-0"}
{"index": {"_index":"sim","_id":"3385104"}}
	{"id":3385104,"type":"buy","buyer":"potionhunter","seller":"theshaki","symbol":"SIM","quantity":"105.645","price":"0.00042542","timestamp":1652068218,"volume":"0.04494350","buyTxId":"5fc10cc3e2a3b66a187d9833ed1cf251d2c33c13","sellTxId":"b18d12f46f156582726c9ba36e99bfe912fa9c6f"}
{"index": {"_index":"sim","_id":"3385194"}}
	{"id":3385194,"type":"buy","buyer":"oople","seller":"nftmart.fees","symbol":"SIM","quantity":"155.000","price":"0.00042541","timestamp":1652069394,"volume":"0.06593855","buyTxId":"61b53d6bc7c67910c079cfd91763c613cc7a55d7","sellTxId":"65e0f5e517a3f8db70370d9b876350e84d8864d8-0"}
{"index": {"_index":"sim","_id":"3385204"}}
	{"id":3385204,"type":"buy","buyer":"potionhunter","seller":"nftmart.fees","symbol":"SIM","quantity":"42.600","price":"0.00042541","timestamp":1652069502,"volume":"0.01812247","buyTxId":"8227df712a10b76ae18172735bfa7e2b638963ae","sellTxId":"0fd1c9f0b61f6c62f57dc3c2e179f54024444cd3-0"}
{"index": {"_index":"sim","_id":"3385206"}}
	{"id":3385206,"type":"buy","buyer":"oople","seller":"nftmart.fees","symbol":"SIM","quantity":"116.400","price":"0.00042541","timestamp":1652069547,"volume":"0.04951772","buyTxId":"1133e39b353c2c895586309b05f7eb9936a6d6c5","sellTxId":"0fd1c9f0b61f6c62f57dc3c2e179f54024444cd3-0"}
{"index": {"_index":"sim","_id":"3385207"}}
	{"id":3385207,"type":"buy","buyer":"oople","seller":"theshaki","symbol":"SIM","quantity":"44.843","price":"0.00042542","timestamp":1652069571,"volume":"0.01907711","buyTxId":"8ed2bf46e187a84b0919bb8c7769d53d1ccf4092","sellTxId":"b18d12f46f156582726c9ba36e99bfe912fa9c6f"}
{"index": {"_index":"sim","_id":"3385211"}}
	{"id":3385211,"type":"buy","buyer":"oople","seller":"pi-trader","symbol":"SIM","quantity":"600.000","price":"0.00044195","timestamp":1652069607,"volume":"0.26517000","buyTxId":"8e86a930bfca73c6ead9300de7bc537c3d745776","sellTxId":"85ff8d3e6c79e9b0042dcfdc43a180a7afa9d760-1"}
{"index": {"_index":"sim","_id":"3385241"}}
	{"id":3385241,"type":"buy","buyer":"oople","seller":"pi-trader","symbol":"SIM","quantity":"1000.000","price":"0.00043999","timestamp":1652069727,"volume":"0.43999000","buyTxId":"128e09d4f79de09bea46c84fbf5893e106843068","sellTxId":"a4e61fbb06c6be61f26674e3ea2120e0e318045e-3"}
{"index": {"_index":"sim","_id":"3385246"}}
	{"id":3385246,"type":"buy","buyer":"oople","seller":"pi-trader","symbol":"SIM","quantity":"2000.000","price":"0.00043999","timestamp":1652069817,"volume":"0.87998000","buyTxId":"f53faf6f85b7e4c9fd68318f929df11117ffbc49","sellTxId":"7105456c5016ac73709c2a9f0879a4b363c3b588-6"}
{"index": {"_index":"sim","_id":"3385607"}}
	{"id":3385607,"type":"sell","buyer":"jelly-cz","seller":"anderssinho","symbol":"SIM","quantity":"0.337","price":"0.00042400","timestamp":1652074866,"volume":"0.00014289","buyTxId":"MM-P-17201514-64191269-3-31-0","sellTxId":"db9d782f9825dfdb2323ee38b32abe434b03730b"}
{"index": {"_index":"sim","_id":"3385800"}}
	{"id":3385800,"type":"sell","buyer":"azj26","seller":"shaddrak","symbol":"SIM","quantity":"4899.75","price":"0.00042410","timestamp":1652078013,"volume":"2.07798398","buyTxId":"c758323f099491f14c1bec1f54e7dd2a1b487afc","sellTxId":"3ce1a8af87b04939765988258c399919778fe04f"}
{"index": {"_index":"sim","_id":"3385857"}}
	{"id":3385857,"type":"buy","buyer":"ana-maria","seller":"nftmart.fees","symbol":"SIM","quantity":"122.000","price":"0.00043992","timestamp":1652078901,"volume":"0.05367024","buyTxId":"00b293270caa403a83bf3542c744aec212010ecf","sellTxId":"1d035ec19613de37cc1ee58bf12c4b47f262aa2f-0"}
{"index": {"_index":"sim","_id":"3385858"}}
	{"id":3385858,"type":"buy","buyer":"ana-maria","seller":"pi-trader","symbol":"SIM","quantity":"778.000","price":"0.00043999","timestamp":1652078901,"volume":"0.34231222","buyTxId":"00b293270caa403a83bf3542c744aec212010ecf","sellTxId":"d933172bffd9d836f64ad1da51d9d05bd813475f-4"}
{"index": {"_index":"sim","_id":"3386080"}}
	{"id":3386080,"type":"sell","buyer":"azj26","seller":"growerb","symbol":"SIM","quantity":"0.030","price":"0.00042410","timestamp":1652082090,"volume":"0.00001272","buyTxId":"c758323f099491f14c1bec1f54e7dd2a1b487afc","sellTxId":"bd7ac3699ed5eaa6c0ffb5d30245cb1b4a77abd6"}
{"index": {"_index":"sim","_id":"3386233"}}
	{"id":3386233,"type":"buy","buyer":"dadspardan","seller":"nftmart.fees","symbol":"SIM","quantity":"108.000","price":"0.00043994","timestamp":1652084376,"volume":"0.04751352","buyTxId":"d26d0b30bab1b8ea4f7edefcdba59b50ec23b9a1","sellTxId":"d39e67d33deb15635ac6c4bfd8af8de653100f97-0"}
{"index": {"_index":"sim","_id":"3386234"}}
	{"id":3386234,"type":"buy","buyer":"dadspardan","seller":"pi-trader","symbol":"SIM","quantity":"20358.151","price":"0.00043999","timestamp":1652084376,"volume":"8.95738286","buyTxId":"d26d0b30bab1b8ea4f7edefcdba59b50ec23b9a1","sellTxId":"8100baf92597446073ed40e56957e679652f3c77-6"}
{"index": {"_index":"sim","_id":"3386799"}}
	{"id":3386799,"type":"sell","buyer":"pi-trader","seller":"pele23","symbol":"SIM","quantity":"0.013","price":"0.00042411","timestamp":1652091555,"volume":"0.00000551","buyTxId":"8bf513329bc4f326145702220d6389889bbb9662-3","sellTxId":"4d13b5d695958b6126a460bdb25ce44cb9cf3700"}
{"index": {"_index":"sim","_id":"3387031"}}
	{"id":3387031,"type":"sell","buyer":"pi-trader","seller":"laritheghost","symbol":"SIM","quantity":"60.994","price":"0.00042411","timestamp":1652094546,"volume":"0.02586817","buyTxId":"e1dd65be96b8bf2a6fe36e455fa8f85765f7f4be-3","sellTxId":"0238853135791b19ea0cde85e90a3b7206c42f22"}
{"index": {"_index":"sim","_id":"3387128"}}
	{"id":3387128,"type":"sell","buyer":"pi-trader","seller":"justinparke","symbol":"SIM","quantity":"2082.300","price":"0.00042411","timestamp":1652095644,"volume":"0.88312425","buyTxId":"e219adb5471bb6325e79b5eb9c613dafcf8100d9-3","sellTxId":"a690664cc796f16ec295010642d05c23d9350140"}
{"index": {"_index":"sim","_id":"3387244"}}
	{"id":3387244,"type":"sell","buyer":"pi-trader","seller":"dswap","symbol":"SIM","quantity":"3.032","price":"0.00042411","timestamp":1652096892,"volume":"0.00128590","buyTxId":"6b7b87515cf60ba19e5b71d603b6d546a45c118a-5","sellTxId":"91c4044401040a36153e8080cd210b7baf89bf90"}
{"index": {"_index":"sim","_id":"3387456"}}
	{"id":3387456,"type":"buy","buyer":"libert","seller":"nftmart.fees","symbol":"SIM","quantity":"96.000","price":"0.00043986","timestamp":1652099445,"volume":"0.04222656","buyTxId":"14ae85cea03ad4426c68131d8b3070f4796c9c05","sellTxId":"4c862bfeaea7f81455c8444ea53a399989c263a8-0"}
{"index": {"_index":"sim","_id":"3387457"}}
	{"id":3387457,"type":"buy","buyer":"libert","seller":"pi-trader","symbol":"SIM","quantity":"194.988","price":"0.00043989","timestamp":1652099445,"volume":"0.08577344","buyTxId":"14ae85cea03ad4426c68131d8b3070f4796c9c05","sellTxId":"0436d2ecdbe35c3257ef6c0d65c1a6e33ab8dedd-5"}
{"index": {"_index":"sim","_id":"3387504"}}
	{"id":3387504,"type":"sell","buyer":"pi-trader","seller":"steem82868","symbol":"SIM","quantity":"0.010","price":"0.00042411","timestamp":1652100324,"volume":"0.00000424","buyTxId":"75fce9fae2c358b3233ac5be058f917a1fb4075a-1","sellTxId":"9d6223dfdd7bb4c5e90f7787ad161c8f51ed2545"}
{"index": {"_index":"sim","_id":"3387968"}}
	{"id":3387968,"type":"sell","buyer":"pi-trader","seller":"aliveprojects","symbol":"SIM","quantity":"34.106","price":"0.00042411","timestamp":1652105469,"volume":"0.01446470","buyTxId":"5f29e818d3cf6d4e75408823b0daf935b2155870-5","sellTxId":"98089cb8dfc0a4596c2512755c3465f03007cd56"}
{"index": {"_index":"sim","_id":"3388662"}}
	{"id":3388662,"type":"sell","buyer":"pi-trader","seller":"cursephantom","symbol":"SIM","quantity":"0.040","price":"0.00042411","timestamp":1652112216,"volume":"0.00001696","buyTxId":"6fa7810f6c512d2c14f9cb9429e7820a63c9c3d0-3","sellTxId":"7d6f9fe51be3f9b322e871aa8080bf56ed1cd9ec"}
{"index": {"_index":"sim","_id":"3389010"}}
	{"id":3389010,"type":"buy","buyer":"elevator09","seller":"nftmart.fees","symbol":"SIM","quantity":"91.000","price":"0.00043975","timestamp":1652115423,"volume":"0.04001725","buyTxId":"5265c13919509070f19202881a1e90e5a66823c8","sellTxId":"712ebad5be8c410f94edab6a07c71dd7840ae7c2-0"}
{"index": {"_index":"sim","_id":"3389011"}}
	{"id":3389011,"type":"buy","buyer":"elevator09","seller":"pi-trader","symbol":"SIM","quantity":"11909.000","price":"0.00043989","timestamp":1652115423,"volume":"5.23865001","buyTxId":"5265c13919509070f19202881a1e90e5a66823c8","sellTxId":"8f328580e9f701cf25ad98dbbd76edf2c5f8c2d6-4"}
{"index": {"_index":"sim","_id":"3389187"}}
	{"id":3389187,"type":"buy","buyer":"bitcoinportugal","seller":"nftmart.fees","symbol":"SIM","quantity":"91.000","price":"0.00043988","timestamp":1652116431,"volume":"0.04002908","buyTxId":"1d5be6242b75b19a06643987d9840a7220bcfbbe","sellTxId":"ef74cfe7b7920fbf84905ce2581fda318f94cb09-0"}
{"index": {"_index":"sim","_id":"3389289"}}
	{"id":3389289,"type":"sell","buyer":"bitcoinportugal","seller":"gamsam","symbol":"SIM","quantity":"909.000","price":"0.00043988","timestamp":1652117418,"volume":"0.39985092","buyTxId":"1d5be6242b75b19a06643987d9840a7220bcfbbe","sellTxId":"2c8ae646542fdabf8c5525f4f4bbeb610a3e7eab"}
{"index": {"_index":"sim","_id":"3389290"}}
	{"id":3389290,"type":"sell","buyer":"assassyn","seller":"gamsam","symbol":"SIM","quantity":"100.000","price":"0.00042411","timestamp":1652117418,"volume":"0.04241100","buyTxId":"ab2b4dea6f985d25df9b7607434f103ecdbdfa27","sellTxId":"2c8ae646542fdabf8c5525f4f4bbeb610a3e7eab"}
{"index": {"_index":"sim","_id":"3389291"}}
	{"id":3389291,"type":"sell","buyer":"azj26","seller":"gamsam","symbol":"SIM","quantity":"60542.000","price":"0.00042410","timestamp":1652117418,"volume":"25.67586220","buyTxId":"c758323f099491f14c1bec1f54e7dd2a1b487afc","sellTxId":"2c8ae646542fdabf8c5525f4f4bbeb610a3e7eab"}
{"index": {"_index":"sim","_id":"3389462"}}
	{"id":3389462,"type":"sell","buyer":"pi-trader","seller":"thatgermandude","symbol":"SIM","quantity":"4283.314","price":"0.00042411","timestamp":1652118612,"volume":"1.81659630","buyTxId":"c8184d81f350759d1a694f796cc84a1d35ea27bd-5","sellTxId":"f194286c3501e14f08e25b59bb64854b1fcdbbc3"}
{"index": {"_index":"sim","_id":"3389910"}}
	{"id":3389910,"type":"sell","buyer":"pi-trader","seller":"reddragonfly","symbol":"SIM","quantity":"0.988","price":"0.00042411","timestamp":1652122890,"volume":"0.00041902","buyTxId":"43bccd1678e84bd779f25e7ecda2de7bde695d9a-5","sellTxId":"5806935cfa34900909c90b2526852ef12e9ca308"}
{"index": {"_index":"sim","_id":"3389940"}}
	{"id":3389940,"type":"buy","buyer":"d-pend","seller":"nftmart.fees","symbol":"SIM","quantity":"70.000","price":"0.00043984","timestamp":1652123127,"volume":"0.03078880","buyTxId":"c8c00449eefcd17d361e24fbcf0531e7824d89b9","sellTxId":"3d52ade3e55f4c582c2a9eda1e927ac4e429aad7-0"}
{"index": {"_index":"sim","_id":"3389941"}}
	{"id":3389941,"type":"buy","buyer":"d-pend","seller":"pi-trader","symbol":"SIM","quantity":"50000.000","price":"0.00043989","timestamp":1652123127,"volume":"21.99450000","buyTxId":"c8c00449eefcd17d361e24fbcf0531e7824d89b9","sellTxId":"8ec2707092e8c10a651fb8192a26b05ce49fed10-3"}
{"index": {"_index":"sim","_id":"3389942"}}
	{"id":3389942,"type":"buy","buyer":"d-pend","seller":"crypto-dz","symbol":"SIM","quantity":"1240.050","price":"0.00043990","timestamp":1652123127,"volume":"0.54549800","buyTxId":"c8c00449eefcd17d361e24fbcf0531e7824d89b9","sellTxId":"43a95194723902423a86157fe7ca00a08e48776d"}
{"index": {"_index":"sim","_id":"3389943"}}
	{"id":3389943,"type":"buy","buyer":"d-pend","seller":"potionhunter","symbol":"SIM","quantity":"4994.326","price":"0.00044000","timestamp":1652123127,"volume":"2.19750344","buyTxId":"c8c00449eefcd17d361e24fbcf0531e7824d89b9","sellTxId":"1b2c6483629d35f5bc63dce922c424fdf061ea8c"}
{"index": {"_index":"sim","_id":"3389944"}}
	{"id":3389944,"type":"buy","buyer":"d-pend","seller":"medaymane","symbol":"SIM","quantity":"385.000","price":"0.00044196","timestamp":1652123127,"volume":"0.17015460","buyTxId":"c8c00449eefcd17d361e24fbcf0531e7824d89b9","sellTxId":"8a7a0674fc0a8c74e45abedb35aeb6a52f9fd962"}
{"index": {"_index":"sim","_id":"3389945"}}
	{"id":3389945,"type":"buy","buyer":"d-pend","seller":"crypto-dz","symbol":"SIM","quantity":"3699.300","price":"0.00049810","timestamp":1652123127,"volume":"1.84262133","buyTxId":"c8c00449eefcd17d361e24fbcf0531e7824d89b9","sellTxId":"2c5bc1b0725377411aad0cd7850f8166fd3bd45d"}
{"index": {"_index":"sim","_id":"3389946"}}
	{"id":3389946,"type":"buy","buyer":"d-pend","seller":"jelly-cz","symbol":"SIM","quantity":"1.000","price":"0.00050117","timestamp":1652123127,"volume":"0.00050117","buyTxId":"c8c00449eefcd17d361e24fbcf0531e7824d89b9","sellTxId":"MM-P-17138395-64128097-3-31-1"}
{"index": {"_index":"sim","_id":"3389947"}}
	{"id":3389947,"type":"buy","buyer":"d-pend","seller":"zoe24","symbol":"SIM","quantity":"4773.841","price":"0.00052200","timestamp":1652123127,"volume":"2.49194500","buyTxId":"c8c00449eefcd17d361e24fbcf0531e7824d89b9","sellTxId":"d078af88f09ffaddce88178faa8e62fe05800637"}
{"index": {"_index":"sim","_id":"3389948"}}
	{"id":3389948,"type":"buy","buyer":"d-pend","seller":"wallahrai2","symbol":"SIM","quantity":"4390.000","price":"0.00052270","timestamp":1652123127,"volume":"2.29465300","buyTxId":"c8c00449eefcd17d361e24fbcf0531e7824d89b9","sellTxId":"882b178b7fad66e18341b00fa955f2b544060acf"}
{"index": {"_index":"sim","_id":"3389949"}}
	{"id":3389949,"type":"sell","buyer":"d-pend","seller":"konvik","symbol":"SIM","quantity":"30446.483","price":"0.00052270","timestamp":1652123130,"volume":"15.91437666","buyTxId":"c8c00449eefcd17d361e24fbcf0531e7824d89b9","sellTxId":"a94e5877f4678c2fea73dc72c569b4f0a30ac22d-1"}
{"index": {"_index":"sim","_id":"3389978"}}
	{"id":3389978,"type":"sell","buyer":"pi-trader","seller":"curatorcat","symbol":"SIM","quantity":"0.490","price":"0.00042501","timestamp":1652123478,"volume":"0.00020825","buyTxId":"09a3601929d607cd27299d622adf762937550441-1","sellTxId":"b72a62553873329f20906dc8fa2cf374a166b14b"}
{"index": {"_index":"sim","_id":"3390151"}}
	{"id":3390151,"type":"sell","buyer":"pi-trader","seller":"valor2s","symbol":"SIM","quantity":"50.676","price":"0.00042501","timestamp":1652125053,"volume":"0.02153781","buyTxId":"9cfcce6b401a6ef7c9449b8dfb2aaf5e32b3f0b1-1","sellTxId":"2694361f41fa772322bc9a0292bf3ed93043b338"}
{"index": {"_index":"sim","_id":"3390259"}}
	{"id":3390259,"type":"sell","buyer":"maryjane.main","seller":"svirus","symbol":"SIM","quantity":"16000.000","price":"0.00043501","timestamp":1652125953,"volume":"6.96016000","buyTxId":"5beab0e2742f9cd26f0e54c8ddfacba20ae50ccf","sellTxId":"1bf9dec37335c2ab5a88d52b04df711ca6fb7ad7-1"}
{"index": {"_index":"sim","_id":"3390381"}}
	{"id":3390381,"type":"sell","buyer":"pi-trader","seller":"shaddrak","symbol":"SIM","quantity":"3799.05","price":"0.00042501","timestamp":1652127120,"volume":"1.61463424","buyTxId":"de04003d46c1f690a8b1776bbe881d580a04f0a7","sellTxId":"26c2df4d7bd95056dd85cc7ebb799fdf2555d926"}
{"index": {"_index":"sim","_id":"3390523"}}
	{"id":3390523,"type":"sell","buyer":"pi-trader","seller":"elevator09","symbol":"SIM","quantity":"476.895","price":"0.00042501","timestamp":1652128536,"volume":"0.20268514","buyTxId":"9b55372fbb21f6487f5002d04502eec7aa8940e9-7","sellTxId":"afd1d1502dd6a96a8af4e8662038d468429d15d3"}
{"index": {"_index":"sim","_id":"3390576"}}
	{"id":3390576,"type":"sell","buyer":"pi-trader","seller":"thisisawesome","symbol":"SIM","quantity":"0.861","price":"0.00042501","timestamp":1652129043,"volume":"0.00036593","buyTxId":"82f1287859f343a3f28828a5bd6a65587782b430-3","sellTxId":"de12e60a105b58a05b3ce457bca3f7ae6b689597"}
{"index": {"_index":"sim","_id":"3390656"}}
	{"id":3390656,"type":"sell","buyer":"pi-trader","seller":"alchemystones","symbol":"SIM","quantity":"0.695","price":"0.00042501","timestamp":1652129745,"volume":"0.00029538","buyTxId":"3d95af7cc76d031e8afbb61ae7f1d8e3fbdde0c6-3","sellTxId":"d5e5f3b87e9a5d81f4599ecc91f3ce975e4b097b"}
{"index": {"_index":"sim","_id":"3390752"}}
	{"id":3390752,"type":"sell","buyer":"pi-trader","seller":"whitelightxpress","symbol":"SIM","quantity":"0.821","price":"0.00042501","timestamp":1652130396,"volume":"0.00034893","buyTxId":"ef92c15446a486013f6fde45a095697092b648fe-4","sellTxId":"47a25d54d0945e6c2bf44c2a42fd736c611d4449"}
{"index": {"_index":"sim","_id":"3390861"}}
	{"id":3390861,"type":"sell","buyer":"pi-trader","seller":"hive-189742","symbol":"SIM","quantity":"1.004","price":"0.00042501","timestamp":1652131677,"volume":"0.00042671","buyTxId":"8c9ae94214effcaae53dd7c7ac75fddd745bba77-1","sellTxId":"cb9996b64fda8a9a6c2cf7048a8b862d9e02ba47"}
{"index": {"_index":"sim","_id":"3391079"}}
	{"id":3391079,"type":"sell","buyer":"pi-trader","seller":"he-index","symbol":"SIM","quantity":"41.814","price":"0.00042501","timestamp":1652133666,"volume":"0.01777137","buyTxId":"4bdeca02b0613806a499f65009da5a70fde94237-1","sellTxId":"8ee6ccf143731e456457623be4e0068a24c3fbf7"}
{"index": {"_index":"sim","_id":"3391388"}}
	{"id":3391388,"type":"buy","buyer":"elevator09","seller":"nftmart.fees","symbol":"SIM","quantity":"62.000","price":"0.00049839","timestamp":1652136549,"volume":"0.03090018","buyTxId":"050bf866d3b9c0dd104ed7cc4a19c8177db93fff","sellTxId":"d01f681a77ecd23164dac639e67a1648c93e162a-0"}
{"index": {"_index":"sim","_id":"3391389"}}
	{"id":3391389,"type":"buy","buyer":"elevator09","seller":"jelly-cz","symbol":"SIM","quantity":"1.000","price":"0.00049846","timestamp":1652136549,"volume":"0.00049846","buyTxId":"050bf866d3b9c0dd104ed7cc4a19c8177db93fff","sellTxId":"MM-P-17243076-64232870-3-31-0"}
{"index": {"_index":"sim","_id":"3391390"}}
	{"id":3391390,"type":"buy","buyer":"elevator09","seller":"pi-trader","symbol":"SIM","quantity":"49937.000","price":"0.00049997","timestamp":1652136549,"volume":"24.96700189","buyTxId":"050bf866d3b9c0dd104ed7cc4a19c8177db93fff","sellTxId":"37920426a07eee90da81b0969ac28c32de33720b-5"}
{"index": {"_index":"sim","_id":"3391494"}}
	{"id":3391494,"type":"buy","buyer":"he-index","seller":"nftmart.fees","symbol":"SIM","quantity":"62.000","price":"0.00049996","timestamp":1652137590,"volume":"0.03099752","buyTxId":"0f5a9e89be5efc3b2e19764f35e92c7cb37c6953","sellTxId":"4b6199364357eb80a4f5337ac3c0524de63b5e48-0"}
{"index": {"_index":"sim","_id":"3391495"}}
	{"id":3391495,"type":"buy","buyer":"he-index","seller":"pi-trader","symbol":"SIM","quantity":"63.000","price":"0.00049997","timestamp":1652137590,"volume":"0.03149811","buyTxId":"0f5a9e89be5efc3b2e19764f35e92c7cb37c6953","sellTxId":"37920426a07eee90da81b0969ac28c32de33720b-5"}
{"index": {"_index":"sim","_id":"3391498"}}
	{"id":3391498,"type":"sell","buyer":"he-index","seller":"pi-trader","symbol":"SIM","quantity":"445.034","price":"0.00049997","timestamp":1652137611,"volume":"0.22250365","buyTxId":"0f5a9e89be5efc3b2e19764f35e92c7cb37c6953","sellTxId":"1caa8d2c2f0135d6dfa4419e05293bc6bb21ffee-2"}
{"index": {"_index":"sim","_id":"3391516"}}
	{"id":3391516,"type":"sell","buyer":"pi-trader","seller":"bearbear613","symbol":"SIM","quantity":"340.002","price":"0.00042501","timestamp":1652137833,"volume":"0.14450425","buyTxId":"4ab1b39dbcad25d1169892eb36986a4026d9b90a-1","sellTxId":"980ab7b8755a54fe7277f279142f85bf41dd84ff"}
{"index": {"_index":"sim","_id":"3391588"}}
	{"id":3391588,"type":"buy","buyer":"oople","seller":"nftmart.fees","symbol":"SIM","quantity":"54.000","price":"0.00049845","timestamp":1652138760,"volume":"0.02691630","buyTxId":"ee06b37f0a7a173c3566af4499e5cfe073f66725","sellTxId":"62045c8cc057e59bf5ea90521bf660e7d7373fb1-0"}
{"index": {"_index":"sim","_id":"3391590"}}
	{"id":3391590,"type":"buy","buyer":"oople","seller":"jelly-cz","symbol":"SIM","quantity":"1.000","price":"0.00049846","timestamp":1652138799,"volume":"0.00049846","buyTxId":"584df8b694937413afd099de79fd5a598c0e9763","sellTxId":"MM-P-17246268-64236063-3-31-0"}
{"index": {"_index":"sim","_id":"3391591"}}
	{"id":3391591,"type":"buy","buyer":"oople","seller":"pi-trader","symbol":"SIM","quantity":"200.000","price":"0.00049997","timestamp":1652138838,"volume":"0.09999400","buyTxId":"5d941d3b16066cfed259e8ad65cdd32ccd71986c","sellTxId":"4ab1b39dbcad25d1169892eb36986a4026d9b90a-5"}
{"index": {"_index":"sim","_id":"3391594"}}
	{"id":3391594,"type":"sell","buyer":"pi-trader","seller":"loganhate","symbol":"SIM","quantity":"333.000","price":"0.00042501","timestamp":1652138904,"volume":"0.14152833","buyTxId":"6bb515e697b2ded3872df107a391fb77028f0e80-3","sellTxId":"12b361741a9d5e6b966b68ed00cccecd1c1c2739"}
{"index": {"_index":"sim","_id":"3391608"}}
	{"id":3391608,"type":"buy","buyer":"elevator09","seller":"jelly-cz","symbol":"SIM","quantity":"1.000","price":"0.00049846","timestamp":1652139054,"volume":"0.00049846","buyTxId":"03864494e26f1c630fd0d7b2f960ea6b11b701e6","sellTxId":"MM-P-17246666-64236462-3-31-0"}
{"index": {"_index":"sim","_id":"3391609"}}
	{"id":3391609,"type":"buy","buyer":"elevator09","seller":"pi-trader","symbol":"SIM","quantity":"23999.000","price":"0.00049997","timestamp":1652139054,"volume":"11.99878003","buyTxId":"03864494e26f1c630fd0d7b2f960ea6b11b701e6","sellTxId":"51c4fc099f39c21a2bf1b0d77def7b6b1e1ebeb0-4"}
{"index": {"_index":"sim","_id":"3391624"}}
	{"id":3391624,"type":"sell","buyer":"pi-trader","seller":"automaton","symbol":"SIM","quantity":"300.000","price":"0.00042501","timestamp":1652139156,"volume":"0.12750300","buyTxId":"51323528be4b2ea183d499d18a64b4f42de68f7f-3","sellTxId":"d57fa69f5646e24ec571b8040f1faf4a5e82ac83"}
{"index": {"_index":"sim","_id":"3391629"}}
	{"id":3391629,"type":"sell","buyer":"pi-trader","seller":"dswap","symbol":"SIM","quantity":"588","price":"0.00042501","timestamp":1652139222,"volume":"0.24990588","buyTxId":"e1103f3bf1e471732f4432d97953da52b5226a4a-3","sellTxId":"e15abf1d26e374b52cfa0f810d1bf8563e047e96"}
{"index": {"_index":"sim","_id":"3391961"}}
	{"id":3391961,"type":"sell","buyer":"potionhunter","seller":"bitcoinflood","symbol":"SIM","quantity":"345.405","price":"0.00043000","timestamp":1652141415,"volume":"0.14852415","buyTxId":"fae19bf62fd08b23bf7426240734cebea7975cf3","sellTxId":"f75914d0501c959fba2388cab1c8f2c62cb778c6"}
{"index": {"_index":"sim","_id":"3391969"}}
	{"id":3391969,"type":"sell","buyer":"potionhunter","seller":"lisamgentile1961","symbol":"SIM","quantity":"15.008","price":"0.00043000","timestamp":1652141472,"volume":"0.00645344","buyTxId":"fae19bf62fd08b23bf7426240734cebea7975cf3","sellTxId":"9f4dee30e6d6f3554133cf8c270bbd4b9f33f757"}
{"index": {"_index":"sim","_id":"3392032"}}
	{"id":3392032,"type":"sell","buyer":"potionhunter","seller":"ericburgoyne","symbol":"SIM","quantity":"14.248","price":"0.00043000","timestamp":1652141952,"volume":"0.00612664","buyTxId":"fae19bf62fd08b23bf7426240734cebea7975cf3","sellTxId":"19bb95681b8303cef6529c8bf548d42811ae7dcf"}
{"index": {"_index":"sim","_id":"3392086"}}
	{"id":3392086,"type":"sell","buyer":"potionhunter","seller":"themarkymark","symbol":"SIM","quantity":"4735.809","price":"0.00043000","timestamp":1652142432,"volume":"2.03639787","buyTxId":"fae19bf62fd08b23bf7426240734cebea7975cf3","sellTxId":"2d14c35a5508ef681e8bed7ff658f3254bc382b5"}
{"index": {"_index":"sim","_id":"3392087"}}
	{"id":3392087,"type":"sell","buyer":"he-index","seller":"themarkymark","symbol":"SIM","quantity":"294.111","price":"0.00043000","timestamp":1652142432,"volume":"0.12646773","buyTxId":"d5ea03283b021cd1a375ea3e7083647bfa2a5717","sellTxId":"2d14c35a5508ef681e8bed7ff658f3254bc382b5"}
{"index": {"_index":"sim","_id":"3392088"}}
	{"id":3392088,"type":"sell","buyer":"he-index","seller":"themarkymark","symbol":"SIM","quantity":"153.488","price":"0.00043000","timestamp":1652142432,"volume":"0.06599984","buyTxId":"e17cf9f0eebb2628594d0cfa2c470d12159f6a68","sellTxId":"2d14c35a5508ef681e8bed7ff658f3254bc382b5"}
{"index": {"_index":"sim","_id":"3392089"}}
	{"id":3392089,"type":"sell","buyer":"he-index","seller":"themarkymark","symbol":"SIM","quantity":"769.767","price":"0.00043000","timestamp":1652142432,"volume":"0.33099981","buyTxId":"be65270e4f9ae45ea39d6199266bcaa72c29a04f","sellTxId":"2d14c35a5508ef681e8bed7ff658f3254bc382b5"}
{"index": {"_index":"sim","_id":"3392090"}}
	{"id":3392090,"type":"sell","buyer":"he-index","seller":"themarkymark","symbol":"SIM","quantity":"309.302","price":"0.00043000","timestamp":1652142432,"volume":"0.13299986","buyTxId":"5a3d0c2b9b1478ddee262412e7c66366dfb06fa9","sellTxId":"2d14c35a5508ef681e8bed7ff658f3254bc382b5"}
{"index": {"_index":"sim","_id":"3392091"}}
	{"id":3392091,"type":"sell","buyer":"he-index","seller":"themarkymark","symbol":"SIM","quantity":"330.345","price":"0.00043000","timestamp":1652142432,"volume":"0.14204835","buyTxId":"3b529d106f46105a811a9038190c4b767a2d1004","sellTxId":"2d14c35a5508ef681e8bed7ff658f3254bc382b5"}
{"index": {"_index":"sim","_id":"3392303"}}
	{"id":3392303,"type":"buy","buyer":"otherbrandt","seller":"nftmart.fees","symbol":"SIM","quantity":"42.000","price":"0.00049692","timestamp":1652143482,"volume":"0.02087064","buyTxId":"26e67c2ed8e39a37c11c5af991a8e9103046fac0","sellTxId":"73e2cd0d4d7c7fcfd0cffce6f456754dc1ef09a6-0"}
{"index": {"_index":"sim","_id":"3392304"}}
	{"id":3392304,"type":"buy","buyer":"otherbrandt","seller":"jelly-cz","symbol":"SIM","quantity":"1.000","price":"0.00049694","timestamp":1652143482,"volume":"0.00049694","buyTxId":"26e67c2ed8e39a37c11c5af991a8e9103046fac0","sellTxId":"MM-P-17247166-64236962-3-31-0"}
{"index": {"_index":"sim","_id":"3392305"}}
	{"id":3392305,"type":"buy","buyer":"otherbrandt","seller":"pi-trader","symbol":"SIM","quantity":"50000.000","price":"0.00049845","timestamp":1652143482,"volume":"24.92250000","buyTxId":"26e67c2ed8e39a37c11c5af991a8e9103046fac0","sellTxId":"6af6d139a29dd98f3600ec254453228bc5e0bdb3-4"}
{"index": {"_index":"sim","_id":"3392306"}}
	{"id":3392306,"type":"buy","buyer":"otherbrandt","seller":"crypto-dz","symbol":"SIM","quantity":"1234.050","price":"0.00049845","timestamp":1652143482,"volume":"0.61511222","buyTxId":"26e67c2ed8e39a37c11c5af991a8e9103046fac0","sellTxId":"2dd33c96902d667bcea4d67b45866df7cc713cd5"}
{"index": {"_index":"sim","_id":"3392307"}}
	{"id":3392307,"type":"buy","buyer":"otherbrandt","seller":"crypto-dz","symbol":"SIM","quantity":"4722.950","price":"0.00049997","timestamp":1652143482,"volume":"2.36133331","buyTxId":"26e67c2ed8e39a37c11c5af991a8e9103046fac0","sellTxId":"55263a4bb734fef0fb0234d6c4149828d98ab3d6"}
{"index": {"_index":"sim","_id":"3392309"}}
	{"id":3392309,"type":"sell","buyer":"he-index","seller":"dhedge-drips","symbol":"SIM","quantity":"11.000","price":"0.00043000","timestamp":1652143518,"volume":"0.00473000","buyTxId":"3b529d106f46105a811a9038190c4b767a2d1004","sellTxId":"99974a84b92dd88ce8ba9c884e6d00ee62a28699"}
{"index": {"_index":"sim","_id":"3392982"}}
	{"id":3392982,"type":"buy","buyer":"libert","seller":"nftmart.fees","symbol":"SIM","quantity":"37.000","price":"0.00049838","timestamp":1652151276,"volume":"0.01844006","buyTxId":"a43adb00c42f5e2e1ccd117b772e608dfbfcddb9","sellTxId":"01d35b230c87bb17faec25724ba80ec0b754bb24-0"}
{"index": {"_index":"sim","_id":"3392983"}}
	{"id":3392983,"type":"buy","buyer":"libert","seller":"jelly-cz","symbol":"SIM","quantity":"1.000","price":"0.00049845","timestamp":1652151276,"volume":"0.00049845","buyTxId":"a43adb00c42f5e2e1ccd117b772e608dfbfcddb9","sellTxId":"MM-P-17248262-64238059-3-31-0"}
{"index": {"_index":"sim","_id":"3392984"}}
	{"id":3392984,"type":"buy","buyer":"libert","seller":"pi-trader","symbol":"SIM","quantity":"6622.652","price":"0.00049996","timestamp":1652151276,"volume":"3.31106149","buyTxId":"a43adb00c42f5e2e1ccd117b772e608dfbfcddb9","sellTxId":"14d9e78debadaa4c1d43ef1ad0819e7b95a5bec0-13"}
