{"index": {"_index":"sim","_id":"3216132"}}
	{"id":3216132,"type":"buy","buyer":"konvik","seller":"jelly-cz","symbol":"SIM","quantity":"105314.078","price":"0.00042296","timestamp":1650162978,"volume":"44.54364243","buyTxId":"d7da32b3738649bdc1816227c16ee1492238226d-0","sellTxId":"MM-P-16587908-63577291-3-27-0"}
{"index": {"_index":"sim","_id":"3216175"}}
	{"id":3216175,"type":"buy","buyer":"svirus","seller":"jelly-cz","symbol":"SIM","quantity":"30829.040","price":"0.00042296","timestamp":1650163446,"volume":"13.03945076","buyTxId":"28a007795e13f31c2d7ed014ba493e3050b70172-0","sellTxId":"MM-P-16587908-63577291-3-27-0"}
{"index": {"_index":"sim","_id":"3216176"}}
	{"id":3216176,"type":"buy","buyer":"konvik","seller":"jelly-cz","symbol":"SIM","quantity":"0.009","price":"0.00042296","timestamp":1650163446,"volume":"0.00000381","buyTxId":"65eb28bc455f71c017751389b5e65f966ea57918-0","sellTxId":"MM-P-16587908-63577291-3-27-0"}
{"index": {"_index":"sim","_id":"3216263"}}
	{"id":3216263,"type":"buy","buyer":"konvik","seller":"dhedge-drips","symbol":"SIM","quantity":"0.001","price":"0.00042447","timestamp":1650163947,"volume":"0.00000042","buyTxId":"8fe1eec1e50602fa0c6f9340e9321cd3f6e39c0f-0","sellTxId":"60bb0d4489b8f1ab6b9ed90a78415d739912cf4e"}
{"index": {"_index":"sim","_id":"3216264"}}
	{"id":3216264,"type":"buy","buyer":"konvik","seller":"jelly-cz","symbol":"SIM","quantity":"135009.796","price":"0.00042447","timestamp":1650163947,"volume":"57.30760811","buyTxId":"8fe1eec1e50602fa0c6f9340e9321cd3f6e39c0f-0","sellTxId":"MM-P-16590400-63579783-3-27-0"}
{"index": {"_index":"sim","_id":"3216273"}}
	{"id":3216273,"type":"sell","buyer":"pi-trader","seller":"goldcoin","symbol":"SIM","quantity":"139.450","price":"0.00040601","timestamp":1650163971,"volume":"0.05661809","buyTxId":"24a915818c8d1f00f600cbe9f35f9c3236b6bb0b","sellTxId":"1959a18f5ece9d0bc29c021964a8c3dbe983eb72"}
{"index": {"_index":"sim","_id":"3216575"}}
	{"id":3216575,"type":"sell","buyer":"pi-trader","seller":"brofi-market","symbol":"SIM","quantity":"0.001","price":"0.00040601","timestamp":1650168696,"volume":"0.00000041","buyTxId":"8c47b152c8e311b940d02dbfc7d914cbccd13870-3","sellTxId":"1430bd53f71b22ffc4c294032f2cf5d3e5f42b49"}
{"index": {"_index":"sim","_id":"3216584"}}
	{"id":3216584,"type":"sell","buyer":"pi-trader","seller":"orcrist","symbol":"SIM","quantity":"465.765","price":"0.00040601","timestamp":1650168873,"volume":"0.18910525","buyTxId":"7fe5715705be2748c17946ce3f97f0c736ed1df8-1","sellTxId":"364f62fb80f3af0d40855a3019f44b4e8934900b"}
{"index": {"_index":"sim","_id":"3216589"}}
	{"id":3216589,"type":"sell","buyer":"pi-trader","seller":"silver.art","symbol":"SIM","quantity":"771.320","price":"0.00040601","timestamp":1650169044,"volume":"0.31316363","buyTxId":"0d5558bfb124deaca22321ba6724e65fb7f02b95-3","sellTxId":"c442ecb37750a88151ab6c3864f4955cf1292f1b"}
{"index": {"_index":"sim","_id":"3216857"}}
	{"id":3216857,"type":"sell","buyer":"pi-trader","seller":"balte","symbol":"SIM","quantity":"10000.000","price":"0.00040601","timestamp":1650175110,"volume":"4.06010000","buyTxId":"cb6ac25ce96af8b40526e50a461b6cf9906647d5-3","sellTxId":"1864c532f6b9d7ed56663ef19db99ccddebebb1a"}
{"index": {"_index":"sim","_id":"3217174"}}
	{"id":3217174,"type":"sell","buyer":"pi-trader","seller":"itharagaian","symbol":"SIM","quantity":"8.000","price":"0.00040601","timestamp":1650179592,"volume":"0.00324808","buyTxId":"4355c60aeec9962833e5ed67eff871918acea7ab-3","sellTxId":"a6f810a4fded05a67987f57b01d4422965e1a346"}
{"index": {"_index":"sim","_id":"3217990"}}
	{"id":3217990,"type":"sell","buyer":"pi-trader","seller":"pele23","symbol":"SIM","quantity":"0.030","price":"0.00040601","timestamp":1650190689,"volume":"0.00001218","buyTxId":"26ad98a503a11d0ec381a4a65ed19d8863b900a4-1","sellTxId":"5d40da15b13d27a0a526454d378dfd801e9d9b75"}
{"index": {"_index":"sim","_id":"3217995"}}
	{"id":3217995,"type":"buy","buyer":"valentin86","seller":"steemmillionaire","symbol":"SIM","quantity":"612.000","price":"0.00042440","timestamp":1650190749,"volume":"0.25973280","buyTxId":"108680f4e65f6e59a38e8c5ea660deaad84526fb","sellTxId":"c04b5c2e628c7a90edd21f4b47295594077afc74"}
{"index": {"_index":"sim","_id":"3217996"}}
	{"id":3217996,"type":"buy","buyer":"valentin86","seller":"jelly-cz","symbol":"SIM","quantity":"10874.204","price":"0.00042447","timestamp":1650190749,"volume":"4.61577337","buyTxId":"108680f4e65f6e59a38e8c5ea660deaad84526fb","sellTxId":"MM-P-16590400-63579783-3-27-0"}
{"index": {"_index":"sim","_id":"3217997"}}
	{"id":3217997,"type":"buy","buyer":"valentin86","seller":"brofi-market","symbol":"SIM","quantity":"0.001","price":"0.00042447","timestamp":1650190749,"volume":"0.00000042","buyTxId":"108680f4e65f6e59a38e8c5ea660deaad84526fb","sellTxId":"0b61864d755545a9dbff21018af1e641ad080a4c"}
{"index": {"_index":"sim","_id":"3217998"}}
	{"id":3217998,"type":"buy","buyer":"valentin86","seller":"brofi-market","symbol":"SIM","quantity":"0.002","price":"0.00042598","timestamp":1650190749,"volume":"0.00000085","buyTxId":"108680f4e65f6e59a38e8c5ea660deaad84526fb","sellTxId":"581acd50c22d9693307178092ad76ade2b1cecee"}
{"index": {"_index":"sim","_id":"3217999"}}
	{"id":3217999,"type":"buy","buyer":"valentin86","seller":"pokerarema","symbol":"SIM","quantity":"8513.793","price":"0.00042749","timestamp":1650190749,"volume":"3.63956137","buyTxId":"108680f4e65f6e59a38e8c5ea660deaad84526fb","sellTxId":"18587c2a8ec14b0276da9497f444775d2c11df3d"}
{"index": {"_index":"sim","_id":"3218011"}}
	{"id":3218011,"type":"buy","buyer":"dadspardan","seller":"pokerarema","symbol":"SIM","quantity":"55900.000","price":"0.00042749","timestamp":1650190875,"volume":"23.89669100","buyTxId":"d49d0e9ce19670d486165ca3729668e5dcd7e30d","sellTxId":"18587c2a8ec14b0276da9497f444775d2c11df3d"}
{"index": {"_index":"sim","_id":"3218172"}}
	{"id":3218172,"type":"buy","buyer":"valentin86","seller":"jelly-cz","symbol":"SIM","quantity":"4884.000","price":"0.00042598","timestamp":1650193782,"volume":"2.08048632","buyTxId":"355e5dd1597e4409366b00958275594002ea9f51","sellTxId":"MM-P-16599363-63588751-3-27-0"}
{"index": {"_index":"sim","_id":"3218207"}}
	{"id":3218207,"type":"sell","buyer":"pi-trader","seller":"miketr","symbol":"SIM","quantity":"239.508","price":"0.00040601","timestamp":1650194205,"volume":"0.09724264","buyTxId":"7d7e160bfc49ebbe3e1223847fba370a0abbc325-1","sellTxId":"b809a54ca3db373b297466cd55aeda373eb5a82c"}
{"index": {"_index":"sim","_id":"3218302"}}
	{"id":3218302,"type":"sell","buyer":"pi-trader","seller":"captaincryptic","symbol":"SIM","quantity":"742.005","price":"0.00040601","timestamp":1650196002,"volume":"0.30126145","buyTxId":"32e3eb99765da8f78db762db4c86edd5c4bbd6a4-3","sellTxId":"d4132ea05955d6b2db045b948ae669970dbf2a07"}
{"index": {"_index":"sim","_id":"3218395"}}
	{"id":3218395,"type":"sell","buyer":"pi-trader","seller":"brofi-market","symbol":"SIM","quantity":"0.003","price":"0.00040601","timestamp":1650197895,"volume":"0.00000122","buyTxId":"ce7da4df00b79b86d3b41d4f8696a7a6298eca04-3","sellTxId":"d6ecf83655a17e5138024924a4f8abf3055c7134"}
{"index": {"_index":"sim","_id":"3218522"}}
	{"id":3218522,"type":"sell","buyer":"pi-trader","seller":"willsaldeno","symbol":"SIM","quantity":"35807.442","price":"0.00040601","timestamp":1650199371,"volume":"14.53817953","buyTxId":"25a48709f12d6993020030a24438258e0059935c-1","sellTxId":"004e453bbe619715b9171e5ecbc423ef0002e515"}
{"index": {"_index":"sim","_id":"3219222"}}
	{"id":3219222,"type":"buy","buyer":"konvik","seller":"vantner","symbol":"SIM","quantity":"812.610","price":"0.00042446","timestamp":1650206127,"volume":"0.34492044","buyTxId":"4d360d9153a102d4cda998d5ed171704a0b2dad2-0","sellTxId":"ec04dad0eafce6ad7f0b945abab21b58ab601583"}
{"index": {"_index":"sim","_id":"3219223"}}
	{"id":3219223,"type":"buy","buyer":"konvik","seller":"jelly-cz","symbol":"SIM","quantity":"145884.000","price":"0.00042447","timestamp":1650206127,"volume":"61.92338148","buyTxId":"4d360d9153a102d4cda998d5ed171704a0b2dad2-0","sellTxId":"MM-P-16601758-63591146-3-27-0"}
{"index": {"_index":"sim","_id":"3219262"}}
	{"id":3219262,"type":"buy","buyer":"gsauce1989","seller":"jelly-cz","symbol":"SIM","quantity":"8000.000","price":"0.00042447","timestamp":1650206736,"volume":"3.39576000","buyTxId":"4eedd607fe87280f2bbb84125758b9df0bdb66e9","sellTxId":"MM-P-16604549-63593939-3-27-0"}
{"index": {"_index":"sim","_id":"3219335"}}
	{"id":3219335,"type":"sell","buyer":"pi-trader","seller":"lolzorr","symbol":"SIM","quantity":"4400.400","price":"0.00040601","timestamp":1650207291,"volume":"1.78660640","buyTxId":"b4f49f7659a3a9f406a47a1da6c32342b360bf3d-3","sellTxId":"bd66691958b245dfaed5e4dca1f9b585700bae91"}
{"index": {"_index":"sim","_id":"3219709"}}
	{"id":3219709,"type":"sell","buyer":"pi-trader","seller":"brofi-market","symbol":"SIM","quantity":"0.001","price":"0.00040601","timestamp":1650211902,"volume":"0.00000041","buyTxId":"b45da01da903598e8d895526868ca402771616d4-4","sellTxId":"06cc5b5590261c34b30a1ebb459802b93d06a156"}
{"index": {"_index":"sim","_id":"3219937"}}
	{"id":3219937,"type":"buy","buyer":"svirus","seller":"jelly-cz","symbol":"SIM","quantity":"25884.000","price":"0.00042296","timestamp":1650214398,"volume":"10.94789664","buyTxId":"a93057a55fb141e4b13fecd74bb63d247f8473c7-0","sellTxId":"MM-P-16606542-63595933-3-27-0"}
{"index": {"_index":"sim","_id":"3219988"}}
	{"id":3219988,"type":"sell","buyer":"pi-trader","seller":"monsterjamgold","symbol":"SIM","quantity":"682.628","price":"0.00040601","timestamp":1650214788,"volume":"0.27715379","buyTxId":"58fbd5071e20d9a10a5ce2e94131d79b32b4401f-1","sellTxId":"0b47ae4195a6c21133ef00d3bc8564ca97cea67d"}
{"index": {"_index":"sim","_id":"3219998"}}
	{"id":3219998,"type":"sell","buyer":"pi-trader","seller":"missquibble","symbol":"SIM","quantity":"5444.363","price":"0.00040601","timestamp":1650214827,"volume":"2.21046582","buyTxId":"fd7bbca63a1b4ab00dcee5715cfe31baab6b0774-5","sellTxId":"5cfc34b8be70b08597c269e56fd1b62486da87e2"}
{"index": {"_index":"sim","_id":"3220057"}}
	{"id":3220057,"type":"sell","buyer":"pi-trader","seller":"nftmart.fees","symbol":"SIM","quantity":"137.700","price":"0.00040601","timestamp":1650215331,"volume":"0.05590758","buyTxId":"e9018b2219407178159a6e46ea503e38cf2f0b44-7","sellTxId":"602ddc73bbad5b918c272c2a70f792f57b05b4be"}
{"index": {"_index":"sim","_id":"3220109"}}
	{"id":3220109,"type":"sell","buyer":"pi-trader","seller":"curatorcat","symbol":"SIM","quantity":"0.578","price":"0.00040601","timestamp":1650216219,"volume":"0.00023467","buyTxId":"cb8aab63df9d9a2e1558c0f952eaa62991952915-1","sellTxId":"c64aa65864d4e09d161d0ce00c563185822cc83f"}
{"index": {"_index":"sim","_id":"3220196"}}
	{"id":3220196,"type":"sell","buyer":"pi-trader","seller":"theguruasia","symbol":"SIM","quantity":"1740.451","price":"0.00040601","timestamp":1650216681,"volume":"0.70664051","buyTxId":"79ae96399f8fdc381aa46a3bec22b5fd133de916-3","sellTxId":"f4c5e22c324500f6d3e03ef86436f836e0df7693"}
{"index": {"_index":"sim","_id":"3220255"}}
	{"id":3220255,"type":"sell","buyer":"pi-trader","seller":"rarej","symbol":"SIM","quantity":"3374.237","price":"0.00040601","timestamp":1650217134,"volume":"1.36997396","buyTxId":"3afc9155653a70a6daf2955285cc1320a00d23b0-3","sellTxId":"381f1f6889df4fa1c0a3e22c69e2e7f897ed3993"}
{"index": {"_index":"sim","_id":"3220332"}}
	{"id":3220332,"type":"sell","buyer":"pi-trader","seller":"whitelightxpress","symbol":"SIM","quantity":"0.892","price":"0.00040601","timestamp":1650217851,"volume":"0.00036216","buyTxId":"10d03b5136e8d4a99aa2fd5aee94f29290084656-3","sellTxId":"f462eb8297d0fc3fb05bd3e5c91678007c8eb247"}
{"index": {"_index":"sim","_id":"3220474"}}
	{"id":3220474,"type":"sell","buyer":"pi-trader","seller":"hive-189742","symbol":"SIM","quantity":"0.515","price":"0.00040601","timestamp":1650218604,"volume":"0.00020910","buyTxId":"3cabbb82452b49178054b4d07553d7bdc7ad5811-1","sellTxId":"a6118674705c39dc96ab2dec41bc0011b3bb3482"}
{"index": {"_index":"sim","_id":"3220646"}}
	{"id":3220646,"type":"buy","buyer":"theclasser1","seller":"bhoa","symbol":"SIM","quantity":"1118.000","price":"0.00042440","timestamp":1650220158,"volume":"0.47447920","buyTxId":"6e55c54d546b32170c07e8fd0082159809e29699","sellTxId":"9065536ef03d8287ee9c704b8649e0bff9162142"}
{"index": {"_index":"sim","_id":"3220647"}}
	{"id":3220647,"type":"buy","buyer":"theclasser1","seller":"brofi-market","symbol":"SIM","quantity":"0.001","price":"0.00042447","timestamp":1650220158,"volume":"0.00000042","buyTxId":"6e55c54d546b32170c07e8fd0082159809e29699","sellTxId":"6123a4de410f74565c089095e94fc02fbf36eca1"}
{"index": {"_index":"sim","_id":"3220648"}}
	{"id":3220648,"type":"buy","buyer":"theclasser1","seller":"brofi-market","symbol":"SIM","quantity":"0.003","price":"0.00042598","timestamp":1650220158,"volume":"0.00000128","buyTxId":"6e55c54d546b32170c07e8fd0082159809e29699","sellTxId":"7e5f1ff17158d5685a9286896bda55cb8732681a"}
{"index": {"_index":"sim","_id":"3220649"}}
	{"id":3220649,"type":"buy","buyer":"theclasser1","seller":"deepresearch","symbol":"SIM","quantity":"1286.173","price":"0.00044980","timestamp":1650220158,"volume":"0.57852096","buyTxId":"6e55c54d546b32170c07e8fd0082159809e29699","sellTxId":"44402adff6109120bc1dc22634c848eebf39c8f1"}
{"index": {"_index":"sim","_id":"3220725"}}
	{"id":3220725,"type":"sell","buyer":"pi-trader","seller":"dhedge-drips","symbol":"SIM","quantity":"9.499","price":"0.00040601","timestamp":1650221118,"volume":"0.00385669","buyTxId":"1fee098d639bfe568b5dd0dfa46bd6d46efef233-1","sellTxId":"80d49e3091cb6d3e089f53eaf6b0d5258988f96a"}
{"index": {"_index":"sim","_id":"3220934"}}
	{"id":3220934,"type":"sell","buyer":"pi-trader","seller":"m2nnari","symbol":"SIM","quantity":"3153.000","price":"0.00042001","timestamp":1650222624,"volume":"1.32429153","buyTxId":"74f2542d7151a017809f312259615b957bc467d7-1","sellTxId":"1f0fb4e9de18b457ee79ac0e631af4f59b2034aa"}
{"index": {"_index":"sim","_id":"3220960"}}
	{"id":3220960,"type":"sell","buyer":"pi-trader","seller":"dswap","symbol":"SIM","quantity":"666.098","price":"0.00042001","timestamp":1650222726,"volume":"0.27976782","buyTxId":"f07686381eb15904b75fcecadfd5130eb83a008c-3","sellTxId":"972d331ff155c1e4804c8e77197d9446155fb29b"}
{"index": {"_index":"sim","_id":"3220966"}}
	{"id":3220966,"type":"buy","buyer":"assassyn","seller":"pi-trader","symbol":"SIM","quantity":"100.000","price":"0.00044675","timestamp":1650222741,"volume":"0.04467500","buyTxId":"2e3b2fa05750ebe95fa63227539c4e8920415a82","sellTxId":"2221482239b1ee2a5216aa14bbaef6966ee3eade-6"}
{"index": {"_index":"sim","_id":"3221035"}}
	{"id":3221035,"type":"buy","buyer":"maryjane.main","seller":"johnripper","symbol":"SIM","quantity":"820.258","price":"0.00044218","timestamp":1650223419,"volume":"0.36270168","buyTxId":"29553a54b8928d662b00124fd9c16e65bc38a3d0","sellTxId":"984c92d2ff1b5931a61ed5cfb23d2750607be639"}
{"index": {"_index":"sim","_id":"3221036"}}
	{"id":3221036,"type":"buy","buyer":"maryjane.main","seller":"pi-trader","symbol":"SIM","quantity":"19180.242","price":"0.00044219","timestamp":1650223419,"volume":"8.48131121","buyTxId":"29553a54b8928d662b00124fd9c16e65bc38a3d0","sellTxId":"d743b181b6db1bd752b9301081a2ac6ece43f568-5"}
{"index": {"_index":"sim","_id":"3221404"}}
	{"id":3221404,"type":"sell","buyer":"pi-trader","seller":"monsterjamgold","symbol":"SIM","quantity":"679","price":"0.00040601","timestamp":1650226788,"volume":"0.27568079","buyTxId":"a269ca0eb676897e95622e5a995b7e3eaf857be0-3","sellTxId":"2c240d205b56808972994c0a531376365a33f21b"}
{"index": {"_index":"sim","_id":"3221427"}}
	{"id":3221427,"type":"sell","buyer":"pi-trader","seller":"andy4475","symbol":"SIM","quantity":"41.768","price":"0.00040601","timestamp":1650227007,"volume":"0.01695823","buyTxId":"37b821ce18eca089822bae5d47177eccd1218cd3-4","sellTxId":"2140bc3456f8ad4ac97906573d406c97205a83a7"}
{"index": {"_index":"sim","_id":"3221466"}}
	{"id":3221466,"type":"sell","buyer":"pi-trader","seller":"nftmart.fees","symbol":"SIM","quantity":"1190.880","price":"0.00040601","timestamp":1650227271,"volume":"0.48350919","buyTxId":"5acd81a15122fad0306627393a59a26448823acd-1","sellTxId":"292ccf3e73402e3d1ed074f6870bcee563c05011"}
{"index": {"_index":"sim","_id":"3221501"}}
	{"id":3221501,"type":"sell","buyer":"pi-trader","seller":"steemmillionaire","symbol":"SIM","quantity":"101.000","price":"0.00040601","timestamp":1650227826,"volume":"0.04100701","buyTxId":"31cc741ac0fa893c39d626a728f711cd816da839-3","sellTxId":"243541764af1b598fed9bf4d117f22946382220d"}
{"index": {"_index":"sim","_id":"3221652"}}
	{"id":3221652,"type":"sell","buyer":"pi-trader","seller":"valor2s","symbol":"SIM","quantity":"46.618","price":"0.00040601","timestamp":1650230106,"volume":"0.01892737","buyTxId":"abbc868e5b27ee0363a12f61728813f44fb497cd-1","sellTxId":"c9d858a21f57ac55f9cb2a034e0c90da58cc6786"}
{"index": {"_index":"sim","_id":"3221801"}}
	{"id":3221801,"type":"sell","buyer":"pi-trader","seller":"missquibble","symbol":"SIM","quantity":"16504.099","price":"0.00040601","timestamp":1650231936,"volume":"6.70082923","buyTxId":"7a218345fb32e10b7205fb3989dc66318e34f972-1","sellTxId":"6d99807dd35656e6467478119ea1ad82297ac7bb"}
{"index": {"_index":"sim","_id":"3221890"}}
	{"id":3221890,"type":"sell","buyer":"pi-trader","seller":"he-index","symbol":"SIM","quantity":"27.621","price":"0.00040601","timestamp":1650232926,"volume":"0.01121440","buyTxId":"a50e2593f95509de60849acb61055515b6a2a0e4-3","sellTxId":"89ee51873c1999b3ee5e0b492a3e20a12383ab1e"}
{"index": {"_index":"sim","_id":"3222393"}}
	{"id":3222393,"type":"buy","buyer":"chunkysoupsvc","seller":"allfabeta","symbol":"SIM","quantity":"2109.900","price":"0.00042450","timestamp":1650238974,"volume":"0.89565255","buyTxId":"2a94c7ba36a4f9e2198a00fde3dccb818ba511da","sellTxId":"414f2eb56e15718fd0a2b6a2880c3e0ba9f9fa4d"}
{"index": {"_index":"sim","_id":"3222404"}}
	{"id":3222404,"type":"sell","buyer":"chunkysoupsvc","seller":"snorebear","symbol":"SIM","quantity":"632.18","price":"0.00042450","timestamp":1650239046,"volume":"0.26836041","buyTxId":"2a94c7ba36a4f9e2198a00fde3dccb818ba511da","sellTxId":"277512973387d6cf7a73070c2eb8d860a0f9e929"}
{"index": {"_index":"sim","_id":"3222405"}}
	{"id":3222405,"type":"sell","buyer":"chunkysoupsvc","seller":"aliveprojects","symbol":"SIM","quantity":"48.157","price":"0.00042450","timestamp":1650239055,"volume":"0.02044265","buyTxId":"2a94c7ba36a4f9e2198a00fde3dccb818ba511da","sellTxId":"5a1c09a0866e9e3be65162611ef84b7c7b294eb0"}
{"index": {"_index":"sim","_id":"3222428"}}
	{"id":3222428,"type":"sell","buyer":"chunkysoupsvc","seller":"captaincryptic","symbol":"SIM","quantity":"385.005","price":"0.00042450","timestamp":1650239334,"volume":"0.16343462","buyTxId":"2a94c7ba36a4f9e2198a00fde3dccb818ba511da","sellTxId":"fd3c0bd477a916aae1c2933cf83d606fc88d983a"}
{"index": {"_index":"sim","_id":"3222562"}}
	{"id":3222562,"type":"sell","buyer":"chunkysoupsvc","seller":"powerpaul","symbol":"SIM","quantity":"226.846","price":"0.00042450","timestamp":1650240429,"volume":"0.09629613","buyTxId":"2a94c7ba36a4f9e2198a00fde3dccb818ba511da","sellTxId":"6cdbbe7db3cb08a3bf5ea14d1bcd595d2f4832a2"}
{"index": {"_index":"sim","_id":"3222603"}}
	{"id":3222603,"type":"sell","buyer":"chunkysoupsvc","seller":"nftmart.fees","symbol":"SIM","quantity":"367.730","price":"0.00042450","timestamp":1650240654,"volume":"0.15610139","buyTxId":"2a94c7ba36a4f9e2198a00fde3dccb818ba511da","sellTxId":"0af4049defdbd8edf4158a3a300d32a35f043efd"}
{"index": {"_index":"sim","_id":"3222622"}}
	{"id":3222622,"type":"sell","buyer":"chunkysoupsvc","seller":"brofi-market","symbol":"SIM","quantity":"0.002","price":"0.00042450","timestamp":1650240822,"volume":"0.00000085","buyTxId":"2a94c7ba36a4f9e2198a00fde3dccb818ba511da","sellTxId":"e0654cbcdd7bae859b0ee1d94bad5f556ff907fc"}
{"index": {"_index":"sim","_id":"3222684"}}
	{"id":3222684,"type":"sell","buyer":"chunkysoupsvc","seller":"jelly-cz","symbol":"SIM","quantity":"6230.180","price":"0.00042450","timestamp":1650241044,"volume":"2.64471141","buyTxId":"2a94c7ba36a4f9e2198a00fde3dccb818ba511da","sellTxId":"MM-P-16616006-63605398-3-27-0"}
{"index": {"_index":"sim","_id":"3222713"}}
	{"id":3222713,"type":"sell","buyer":"pi-trader","seller":"steem82868","symbol":"SIM","quantity":"0.012","price":"0.00040601","timestamp":1650241212,"volume":"0.00000487","buyTxId":"68c0d868db3465b927ee8b7a6e93db03a09eb391-0","sellTxId":"4ccdd685e0e5329ff90096ff33828c8f01bb561f"}
{"index": {"_index":"sim","_id":"3222738"}}
	{"id":3222738,"type":"sell","buyer":"pi-trader","seller":"flaxz","symbol":"SIM","quantity":"0.782","price":"0.00040601","timestamp":1650241464,"volume":"0.00031750","buyTxId":"a84530ad60c9a879ff941d8d5f5705c43c1c985b-1","sellTxId":"bfd91580b2cfa0e246615a78950dd0947118ba0b"}
{"index": {"_index":"sim","_id":"3222864"}}
	{"id":3222864,"type":"sell","buyer":"pi-trader","seller":"dhedge-drips","symbol":"SIM","quantity":"0.001","price":"0.00040601","timestamp":1650242718,"volume":"0.00000041","buyTxId":"577a283a96b195aaa195f152719fafa4f6fa3c31-1","sellTxId":"d0d66bcb93c81cd7cffc1ee3168b6e34b892e813"}
{"index": {"_index":"sim","_id":"3222878"}}
	{"id":3222878,"type":"buy","buyer":"konvik","seller":"jelly-cz","symbol":"SIM","quantity":"174128.321","price":"0.00042196","timestamp":1650242853,"volume":"73.47518633","buyTxId":"adfb0c4c89e60964541913bd700cdefa783d3cc4-0","sellTxId":"MM-P-16616606-63605998-3-27-0"}
{"index": {"_index":"sim","_id":"3223039"}}
	{"id":3223039,"type":"sell","buyer":"pi-trader","seller":"bearbear613","symbol":"SIM","quantity":"1398.012","price":"0.00040601","timestamp":1650244596,"volume":"0.56760685","buyTxId":"3bf839ffe79a535e5c0f099cc7c61c9f06b3510c-3","sellTxId":"2420cee286be5aecf2f0c2aa90c71b6bcc22cc6c"}
{"index": {"_index":"sim","_id":"3223075"}}
	{"id":3223075,"type":"buy","buyer":"manniman","seller":"jelly-cz","symbol":"SIM","quantity":"41755.679","price":"0.00042196","timestamp":1650245154,"volume":"17.61922631","buyTxId":"f48a0c6df7025bb344b2418c4b47c575ff25efd2","sellTxId":"MM-P-16616606-63605998-3-27-0"}
{"index": {"_index":"sim","_id":"3223076"}}
	{"id":3223076,"type":"buy","buyer":"manniman","seller":"dhedge-drips","symbol":"SIM","quantity":"0.001","price":"0.00042347","timestamp":1650245154,"volume":"0.00000042","buyTxId":"f48a0c6df7025bb344b2418c4b47c575ff25efd2","sellTxId":"ad700349bffd2cda46b01c13211bc34e0e8f249e"}
{"index": {"_index":"sim","_id":"3223077"}}
	{"id":3223077,"type":"buy","buyer":"manniman","seller":"medaymane","symbol":"SIM","quantity":"796.000","price":"0.00042478","timestamp":1650245154,"volume":"0.33812488","buyTxId":"f48a0c6df7025bb344b2418c4b47c575ff25efd2","sellTxId":"69f78dfaaf11585576561b641ccda58e82e34057"}
{"index": {"_index":"sim","_id":"3223078"}}
	{"id":3223078,"type":"buy","buyer":"manniman","seller":"brofi-market","symbol":"SIM","quantity":"0.002","price":"0.00042498","timestamp":1650245154,"volume":"0.00000085","buyTxId":"f48a0c6df7025bb344b2418c4b47c575ff25efd2","sellTxId":"0e93cb2cdb3b15cc69ab67748eae9c9db5337c28"}
{"index": {"_index":"sim","_id":"3223079"}}
	{"id":3223079,"type":"buy","buyer":"manniman","seller":"pokerarema","symbol":"SIM","quantity":"100000.000","price":"0.00042649","timestamp":1650245154,"volume":"42.64900000","buyTxId":"f48a0c6df7025bb344b2418c4b47c575ff25efd2","sellTxId":"f9295df195953366689f5f961142ac4e303693ae"}
{"index": {"_index":"sim","_id":"3223080"}}
	{"id":3223080,"type":"buy","buyer":"manniman","seller":"pokerarema","symbol":"SIM","quantity":"50791.502","price":"0.00042849","timestamp":1650245154,"volume":"21.76365069","buyTxId":"f48a0c6df7025bb344b2418c4b47c575ff25efd2","sellTxId":"020bbd47520fde67b65b2d4851687b19055b5665"}
{"index": {"_index":"sim","_id":"3223221"}}
	{"id":3223221,"type":"sell","buyer":"pi-trader","seller":"thegoliath","symbol":"SIM","quantity":"2080.000","price":"0.00040601","timestamp":1650246459,"volume":"0.84450080","buyTxId":"08fb07ddf0c95356992aa569b3203233fe5d35c7-3","sellTxId":"9f49cb1338768a1f6f0395c71cded4bef3a853f2"}
{"index": {"_index":"sim","_id":"3223266"}}
	{"id":3223266,"type":"buy","buyer":"libert","seller":"jelly-cz","symbol":"SIM","quantity":"10609.644","price":"0.00042697","timestamp":1650246945,"volume":"4.53","buyTxId":"41c02d7fd6c48154d5a6422a0ac9cf2ef12bfa13","sellTxId":"MM-P-16617406-63606798-3-27-0"}
{"index": {"_index":"sim","_id":"3223288"}}
	{"id":3223288,"type":"sell","buyer":"pi-trader","seller":"thegoliath","symbol":"SIM","quantity":"25230.000","price":"0.00040601","timestamp":1650247461,"volume":"10.24363230","buyTxId":"357bc366e618fac5f2230416dcd2f8ec40d49d8c-5","sellTxId":"927fc9efc4fb9bbdb45c8212b8265cb92eee126e"}
