{"index": {"_index":"sim","_id":"3458216"}}
	{"id":3458216,"type":"buy","buyer":"forsakensushi","seller":"nftmart.fees","symbol":"SIM","quantity":"3.000","price":"0.00054698","timestamp":1652843193,"volume":"0.00164094","buyTxId":"608d4e3fc9f0ee6a60a6e7a6a7def5aa5e893ef4","sellTxId":"1af6dc6e1a3737341d0917279352a645e7ee172c-0"}
{"index": {"_index":"sim","_id":"3458217"}}
	{"id":3458217,"type":"buy","buyer":"forsakensushi","seller":"pi-trader","symbol":"SIM","quantity":"50000.000","price":"0.00054699","timestamp":1652843193,"volume":"27.34950000","buyTxId":"608d4e3fc9f0ee6a60a6e7a6a7def5aa5e893ef4","sellTxId":"f10ec1871dcc5b4f9d676535ec4a226a162cae59-7"}
{"index": {"_index":"sim","_id":"3458218"}}
	{"id":3458218,"type":"sell","buyer":"forsakensushi","seller":"konvik","symbol":"SIM","quantity":"134319.368","price":"0.00054699","timestamp":1652843196,"volume":"73.47135110","buyTxId":"608d4e3fc9f0ee6a60a6e7a6a7def5aa5e893ef4","sellTxId":"18ca13f237ce4faca20118aa33970335dfd96a68-1"}
{"index": {"_index":"sim","_id":"3458219"}}
	{"id":3458219,"type":"sell","buyer":"forsakensushi","seller":"pi-trader","symbol":"SIM","quantity":"133.632","price":"0.00054699","timestamp":1652843205,"volume":"0.07309537","buyTxId":"608d4e3fc9f0ee6a60a6e7a6a7def5aa5e893ef4","sellTxId":"063d3ea2c379eec5f9144be6a4c116e976a6578c-4"}
{"index": {"_index":"sim","_id":"3458224"}}
	{"id":3458224,"type":"buy","buyer":"forsakensushi","seller":"pi-trader","symbol":"SIM","quantity":"50000.000","price":"0.00054699","timestamp":1652843259,"volume":"27.34950000","buyTxId":"2784d0a769cb1fac3bedf99d960cbd8317cd6a19","sellTxId":"5d466e3ec0ec6fc825029d04f8a1258030704471-7"}
{"index": {"_index":"sim","_id":"3458225"}}
	{"id":3458225,"type":"sell","buyer":"forsakensushi","seller":"svirus","symbol":"SIM","quantity":"19995.390","price":"0.00054699","timestamp":1652843262,"volume":"10.93727838","buyTxId":"2784d0a769cb1fac3bedf99d960cbd8317cd6a19","sellTxId":"938fc0dc2b2d47f0f44695963a852982952e7822-1"}
{"index": {"_index":"sim","_id":"3458226"}}
	{"id":3458226,"type":"sell","buyer":"forsakensushi","seller":"konvik","symbol":"SIM","quantity":"0.003","price":"0.00054699","timestamp":1652843262,"volume":"0.00000164","buyTxId":"2784d0a769cb1fac3bedf99d960cbd8317cd6a19","sellTxId":"aa079e8172b616ba4313cf0cffd26b45c72518e7-1"}
{"index": {"_index":"sim","_id":"3458368"}}
	{"id":3458368,"type":"sell","buyer":"pi-trader","seller":"decentropia","symbol":"SIM","quantity":"0.030","price":"0.00050001","timestamp":1652844696,"volume":"0.00001500","buyTxId":"9f33acc3b46cfeb19f654e8447f578447e883bfe-2","sellTxId":"3f7eec7dc80a5c9b1d09e26f94122c36289fa52b"}
{"index": {"_index":"sim","_id":"3458426"}}
	{"id":3458426,"type":"buy","buyer":"gfrench","seller":"nftmart.fees","symbol":"SIM","quantity":"5.000","price":"0.00054698","timestamp":1652845203,"volume":"0.00273490","buyTxId":"d582953f8d97dd227a012b137dbc2f059a5b16da","sellTxId":"c3cf1e657141befc8fde20fcac6ec2d7b4e769b8-0"}
{"index": {"_index":"sim","_id":"3458427"}}
	{"id":3458427,"type":"buy","buyer":"gfrench","seller":"pi-trader","symbol":"SIM","quantity":"6048.129","price":"0.00054699","timestamp":1652845203,"volume":"3.30826611","buyTxId":"d582953f8d97dd227a012b137dbc2f059a5b16da","sellTxId":"ddcdbf26d7992d4b37c10f3894b7d51878c7b683-3"}
{"index": {"_index":"sim","_id":"3458617"}}
	{"id":3458617,"type":"sell","buyer":"pi-trader","seller":"theclasser1","symbol":"SIM","quantity":"3701.017","price":"0.00050001","timestamp":1652847975,"volume":"1.85054551","buyTxId":"5d07e9cfa4ca188d44864d6feb65898552bbfc9f-3","sellTxId":"aff5ea7293b921aa1fc77e67529dadb4968a5d5b"}
{"index": {"_index":"sim","_id":"3458620"}}
	{"id":3458620,"type":"sell","buyer":"pi-trader","seller":"manoldonchev","symbol":"SIM","quantity":"9040.000","price":"0.00050001","timestamp":1652848014,"volume":"4.52009040","buyTxId":"6cd52f80d7912fa7d43c25318f9fc52b6b76994d-3","sellTxId":"bca2abb623cebac32ec3fc9564660a943471ea2e"}
{"index": {"_index":"sim","_id":"3458880"}}
	{"id":3458880,"type":"sell","buyer":"pi-trader","seller":"theguruasia","symbol":"SIM","quantity":"857.445","price":"0.00049711","timestamp":1652851128,"volume":"0.42624448","buyTxId":"94ad2b01623767274ccd31a8f13e82b202080be3-1","sellTxId":"d1d854ffb4170c58edd938e85bec312ec5c3d43b"}
{"index": {"_index":"sim","_id":"3458932"}}
	{"id":3458932,"type":"buy","buyer":"gfrench","seller":"nftmart.fees","symbol":"SIM","quantity":"13.000","price":"0.00054694","timestamp":1652851839,"volume":"0.00711022","buyTxId":"f18c8d2c7bd4a15c562fcdd09d3023c04ef3b03d","sellTxId":"1a02feda79b16d4dafabb31be5d85fdeaf9cce2f-0"}
{"index": {"_index":"sim","_id":"3458933"}}
	{"id":3458933,"type":"buy","buyer":"gfrench","seller":"pi-trader","symbol":"SIM","quantity":"542.965","price":"0.00054699","timestamp":1652851839,"volume":"0.29699678","buyTxId":"f18c8d2c7bd4a15c562fcdd09d3023c04ef3b03d","sellTxId":"1c99bad34e00537f26f11bf0c245d2217af0fd8b-6"}
{"index": {"_index":"sim","_id":"3459193"}}
	{"id":3459193,"type":"buy","buyer":"konvik","seller":"dustindivitto","symbol":"SIM","quantity":"459028.747","price":"0.00049711","timestamp":1652855193,"volume":"228.18778042","buyTxId":"4c6c62b3539ca6e22cb98b77c9455cf6f6690944-0","sellTxId":"ed5654e72e1e43213ed1670337fbfce886384b05"}
{"index": {"_index":"sim","_id":"3459400"}}
	{"id":3459400,"type":"sell","buyer":"chetanpadliya","seller":"itharagaian","symbol":"SIM","quantity":"17.000","price":"0.00049712","timestamp":1652857992,"volume":"0.00845104","buyTxId":"94f0a9cb30dd9772bde5505106aebeb7c5718216","sellTxId":"da1bca5cf8aef76d7cf1775ad403c8205f030cca"}
{"index": {"_index":"sim","_id":"3459664"}}
	{"id":3459664,"type":"sell","buyer":"jelly13","seller":"zzz.accounting","symbol":"SIM","quantity":"0.014","price":"0.00049951","timestamp":1652860803,"volume":"0.00000699","buyTxId":"1ae80661988370769036dd98a6d532771531b0db","sellTxId":"457f6658eff53713a37ee03bdea5a1116a60e153"}
{"index": {"_index":"sim","_id":"3459727"}}
	{"id":3459727,"type":"sell","buyer":"jelly13","seller":"chekohler","symbol":"SIM","quantity":"7.03","price":"0.00049951","timestamp":1652861247,"volume":"0.00351156","buyTxId":"1ae80661988370769036dd98a6d532771531b0db","sellTxId":"2abeb020530fb494647942715823491c2c3d19e0"}
{"index": {"_index":"sim","_id":"3460390"}}
	{"id":3460390,"type":"sell","buyer":"jelly13","seller":"shaddrak","symbol":"SIM","quantity":"340.1","price":"0.00049951","timestamp":1652868108,"volume":"0.16988335","buyTxId":"1ae80661988370769036dd98a6d532771531b0db","sellTxId":"90dabaef5f70626f758d6b0e731c7724fb3f8370"}
{"index": {"_index":"sim","_id":"3460825"}}
	{"id":3460825,"type":"buy","buyer":"oople","seller":"nftmart.fees","symbol":"SIM","quantity":"11.000","price":"0.00051144","timestamp":1652873325,"volume":"0.00562584","buyTxId":"59749368041cbb11c7536558ec021c96189ad880","sellTxId":"1a7616f3978ecdf96a61073249445490963750ce-0"}
{"index": {"_index":"sim","_id":"3460826"}}
	{"id":3460826,"type":"buy","buyer":"oople","seller":"pi-trader","symbol":"SIM","quantity":"989.000","price":"0.00051148","timestamp":1652873325,"volume":"0.50585372","buyTxId":"59749368041cbb11c7536558ec021c96189ad880","sellTxId":"700ab8abcf9584085d664ad824aaf67b5272cb42-5"}
{"index": {"_index":"sim","_id":"3460828"}}
	{"id":3460828,"type":"buy","buyer":"oople","seller":"pi-trader","symbol":"SIM","quantity":"500.000","price":"0.00051148","timestamp":1652873352,"volume":"0.25574000","buyTxId":"d74fb69a45cc7d662198e8152c2ff7d0fbfe8dab","sellTxId":"700ab8abcf9584085d664ad824aaf67b5272cb42-5"}
{"index": {"_index":"sim","_id":"3461187"}}
	{"id":3461187,"type":"buy","buyer":"hiveinvest","seller":"nftmart.fees","symbol":"SIM","quantity":"10.000","price":"0.00051144","timestamp":1652877090,"volume":"0.00511440","buyTxId":"db92e0dbd2b82624eba389e483f37ab36512339c","sellTxId":"065441be458c76d1d8c7d6abe9d2863033ea9b00-0"}
{"index": {"_index":"sim","_id":"3461188"}}
	{"id":3461188,"type":"buy","buyer":"hiveinvest","seller":"pi-trader","symbol":"SIM","quantity":"5990.000","price":"0.00051148","timestamp":1652877090,"volume":"3.06376520","buyTxId":"db92e0dbd2b82624eba389e483f37ab36512339c","sellTxId":"0b1f84e6513d5a43edcbf18c7bc51b90e092fce7-3"}
{"index": {"_index":"sim","_id":"3461254"}}
	{"id":3461254,"type":"sell","buyer":"jelly13","seller":"bilpcoinbpc","symbol":"SIM","quantity":"4.352","price":"0.00049951","timestamp":1652877759,"volume":"0.00217387","buyTxId":"1ae80661988370769036dd98a6d532771531b0db","sellTxId":"3543ad85530032674255a1b00bf8b1f4eb7bea3c"}
{"index": {"_index":"sim","_id":"3461502"}}
	{"id":3461502,"type":"sell","buyer":"jelly13","seller":"johndieo","symbol":"SIM","quantity":"411.000","price":"0.00049951","timestamp":1652880375,"volume":"0.20529861","buyTxId":"1ae80661988370769036dd98a6d532771531b0db","sellTxId":"80d77021a610f3ff0e6ad4f771b1b1c62bb41662"}
{"index": {"_index":"sim","_id":"3461685"}}
	{"id":3461685,"type":"sell","buyer":"jelly13","seller":"valor2s","symbol":"SIM","quantity":"93.151","price":"0.00049951","timestamp":1652881608,"volume":"0.04652986","buyTxId":"1ae80661988370769036dd98a6d532771531b0db","sellTxId":"b9b8a40da26696cb17c33b901bc3ea8feb79a401"}
{"index": {"_index":"sim","_id":"3461871"}}
	{"id":3461871,"type":"buy","buyer":"chetanpadliya","seller":"nftmart.fees","symbol":"SIM","quantity":"9.000","price":"0.00051143","timestamp":1652883228,"volume":"0.00460287","buyTxId":"630860f30313a427e00efa9c9e386bc0300d2442","sellTxId":"96defd89e7540ccbd62d8e64e9a6e9ded2be2de7-0"}
{"index": {"_index":"sim","_id":"3461872"}}
	{"id":3461872,"type":"buy","buyer":"chetanpadliya","seller":"pi-trader","symbol":"SIM","quantity":"38763.938","price":"0.00051148","timestamp":1652883228,"volume":"19.82697943","buyTxId":"630860f30313a427e00efa9c9e386bc0300d2442","sellTxId":"608a110038b0ce6422b6ce0e7e1626ec8004c397-4"}
{"index": {"_index":"sim","_id":"3461900"}}
	{"id":3461900,"type":"sell","buyer":"jelly13","seller":"steem82868","symbol":"SIM","quantity":"0.016","price":"0.00049951","timestamp":1652883477,"volume":"0.00000799","buyTxId":"1ae80661988370769036dd98a6d532771531b0db","sellTxId":"3445558d2d1d4430d9711ed8ea27a54af1adf1a0"}
{"index": {"_index":"sim","_id":"3462329"}}
	{"id":3462329,"type":"sell","buyer":"pi-trader","seller":"bearbear613","symbol":"SIM","quantity":"460.001","price":"0.00049952","timestamp":1652886804,"volume":"0.22977970","buyTxId":"7509688559b2e6e4e461fa7819d8529c2f97e7c3-2","sellTxId":"9513c3a1fc7aa42e04033ea92d74dfbeec111379"}
{"index": {"_index":"sim","_id":"3462658"}}
	{"id":3462658,"type":"sell","buyer":"pi-trader","seller":"pele23","symbol":"SIM","quantity":"0.014","price":"0.00049952","timestamp":1652889225,"volume":"0.00000699","buyTxId":"2439572574b5ecdfcfe0e8cd9997c8a259f5a9bf-3","sellTxId":"ac6449429db095fda96840c0ec0bd80d9a8f6bf2"}
{"index": {"_index":"sim","_id":"3462748"}}
	{"id":3462748,"type":"buy","buyer":"svirus","seller":"upali","symbol":"SIM","quantity":"279681.280","price":"0.00050000","timestamp":1652889774,"volume":"139.84064000","buyTxId":"b5d08bb3701ccdddece6f732f5fefb5a60f64fed-0","sellTxId":"02c81aaeb60ced90673374dd4dcf5d8d39c6ad48"}
{"index": {"_index":"sim","_id":"3462749"}}
	{"id":3462749,"type":"buy","buyer":"konvik","seller":"upali","symbol":"SIM","quantity":"220318.720","price":"0.00050000","timestamp":1652889774,"volume":"110.15936000","buyTxId":"03ba7dc66ae2b810ff61bc1818db26adbb7ea20e-0","sellTxId":"02c81aaeb60ced90673374dd4dcf5d8d39c6ad48"}
{"index": {"_index":"sim","_id":"3462753"}}
	{"id":3462753,"type":"sell","buyer":"he-index","seller":"lisamgentile1961","symbol":"SIM","quantity":"25.208","price":"0.00049952","timestamp":1652889816,"volume":"0.01259190","buyTxId":"e3e10333f600e580ce20e0000e95781fa4f0dcb9","sellTxId":"c59cbf8efd15e9eccd3d9f5c6e1c9ead35831a4b"}
{"index": {"_index":"sim","_id":"3462799"}}
	{"id":3462799,"type":"sell","buyer":"he-index","seller":"emsonic","symbol":"SIM","quantity":"48.863","price":"0.00049952","timestamp":1652890179,"volume":"0.02440805","buyTxId":"e3e10333f600e580ce20e0000e95781fa4f0dcb9","sellTxId":"06c21eb38fdc1a93aa7e21fa8af09f1ebdceb8c8"}
{"index": {"_index":"sim","_id":"3462800"}}
	{"id":3462800,"type":"sell","buyer":"jelly13","seller":"emsonic","symbol":"SIM","quantity":"4938.137","price":"0.00049951","timestamp":1652890179,"volume":"2.46664881","buyTxId":"1ae80661988370769036dd98a6d532771531b0db","sellTxId":"06c21eb38fdc1a93aa7e21fa8af09f1ebdceb8c8"}
{"index": {"_index":"sim","_id":"3462986"}}
	{"id":3462986,"type":"sell","buyer":"jelly13","seller":"myvest","symbol":"SIM","quantity":"1.361","price":"0.00049951","timestamp":1652891889,"volume":"0.00067983","buyTxId":"1ae80661988370769036dd98a6d532771531b0db","sellTxId":"add3efa84d283adf8bdaebc28115dc5102f02ae1"}
{"index": {"_index":"sim","_id":"3463026"}}
	{"id":3463026,"type":"sell","buyer":"jelly13","seller":"madmanmusic","symbol":"SIM","quantity":"1676.75","price":"0.00049951","timestamp":1652892249,"volume":"0.83755339","buyTxId":"1ae80661988370769036dd98a6d532771531b0db","sellTxId":"0a0cd9227f4c2b65f977649a9d4ddaab94fa18b2"}
{"index": {"_index":"sim","_id":"3463155"}}
	{"id":3463155,"type":"sell","buyer":"jelly13","seller":"archon-drips","symbol":"SIM","quantity":"1863.257","price":"0.00049951","timestamp":1652893407,"volume":"0.93071550","buyTxId":"1ae80661988370769036dd98a6d532771531b0db","sellTxId":"d303fabce77dad9fa41cc1fed42a9d8b0197a53e"}
{"index": {"_index":"sim","_id":"3463808"}}
	{"id":3463808,"type":"sell","buyer":"d-pend","seller":"archon-drips","symbol":"SIM","quantity":"0.004","price":"0.00050000","timestamp":1652898315,"volume":"0.00000200","buyTxId":"cb4c8cccb3804fe30640a6ceec43aaae29d15070","sellTxId":"33167e43d2955129956ba73f6b27a28dadc9e390"}
{"index": {"_index":"sim","_id":"3463951"}}
	{"id":3463951,"type":"sell","buyer":"d-pend","seller":"steem69","symbol":"SIM","quantity":"394707.057","price":"0.00050000","timestamp":1652900358,"volume":"197.35352850","buyTxId":"cb4c8cccb3804fe30640a6ceec43aaae29d15070","sellTxId":"976b5ddb035822795f55f7ac7101706274ce0c2d"}
{"index": {"_index":"sim","_id":"3464342"}}
	{"id":3464342,"type":"buy","buyer":"maryjane.main","seller":"pi-trader","symbol":"SIM","quantity":"18000.000","price":"0.00050699","timestamp":1652904390,"volume":"9.12582000","buyTxId":"388a345ccc25a636311dc6b4eddb3a4e63f457e8","sellTxId":"4ece0271f68b112407afd5e1f21ba8bf4f1bbed2-5"}
{"index": {"_index":"sim","_id":"3464394"}}
	{"id":3464394,"type":"sell","buyer":"d-pend","seller":"themarkymark","symbol":"SIM","quantity":"105292.939","price":"0.00050000","timestamp":1652904903,"volume":"52.64646950","buyTxId":"cb4c8cccb3804fe30640a6ceec43aaae29d15070","sellTxId":"b10e74d51355a92b92838a74f63292cbe0b7f7f6"}
{"index": {"_index":"sim","_id":"3464395"}}
	{"id":3464395,"type":"sell","buyer":"he-index","seller":"themarkymark","symbol":"SIM","quantity":"258.000","price":"0.00050000","timestamp":1652904903,"volume":"0.12900000","buyTxId":"2101fc43d8c269aedd1cff438c5b8c1c840fd636","sellTxId":"b10e74d51355a92b92838a74f63292cbe0b7f7f6"}
{"index": {"_index":"sim","_id":"3464465"}}
	{"id":3464465,"type":"sell","buyer":"he-index","seller":"onealfa","symbol":"SIM","quantity":"256.251","price":"0.00049951","timestamp":1652905599,"volume":"0.12799994","buyTxId":"0d8f3c88f89d5198bffb135c62dc947ee8ace43b","sellTxId":"03a7d9e99a1f65c7ada30b0d273ba19a5feb887a"}
{"index": {"_index":"sim","_id":"3464466"}}
	{"id":3464466,"type":"sell","buyer":"he-index","seller":"onealfa","symbol":"SIM","quantity":"690.677","price":"0.00049951","timestamp":1652905599,"volume":"0.34500007","buyTxId":"ace3831b93fd8e87ae80c29e7e80248c115ac626","sellTxId":"03a7d9e99a1f65c7ada30b0d273ba19a5feb887a"}
{"index": {"_index":"sim","_id":"3464467"}}
	{"id":3464467,"type":"sell","buyer":"master-lamps","seller":"onealfa","symbol":"SIM","quantity":"176.462","price":"0.00049706","timestamp":1652905599,"volume":"0.08771220","buyTxId":"cc5e25769c1dded106301bea47e1178d119944b2","sellTxId":"03a7d9e99a1f65c7ada30b0d273ba19a5feb887a"}
{"index": {"_index":"sim","_id":"3464468"}}
	{"id":3464468,"type":"sell","buyer":"d-pend","seller":"onealfa","symbol":"SIM","quantity":"5802.610","price":"0.00049600","timestamp":1652905599,"volume":"2.87809456","buyTxId":"d4308db475229c2f320db07b1270854a921d0bfb","sellTxId":"03a7d9e99a1f65c7ada30b0d273ba19a5feb887a"}
{"index": {"_index":"sim","_id":"3464546"}}
	{"id":3464546,"type":"sell","buyer":"d-pend","seller":"shaddrak","symbol":"SIM","quantity":"2040.6","price":"0.00049600","timestamp":1652906388,"volume":"1.01213760","buyTxId":"d4308db475229c2f320db07b1270854a921d0bfb","sellTxId":"9368cc787cf3f604677fa23d24abaeb45e2897e5"}
{"index": {"_index":"sim","_id":"3464560"}}
	{"id":3464560,"type":"buy","buyer":"gfrench","seller":"nftmart.fees","symbol":"SIM","quantity":"63.000","price":"0.00049999","timestamp":1652906529,"volume":"0.03149937","buyTxId":"303de01b6b971620dc0ea1dd692b8d6912af20d5","sellTxId":"e0450fadab82cc3939c18e45c12538cdddb5003b-0"}
{"index": {"_index":"sim","_id":"3464561"}}
	{"id":3464561,"type":"buy","buyer":"gfrench","seller":"themarkymark","symbol":"SIM","quantity":"1263.249","price":"0.00050000","timestamp":1652906529,"volume":"0.63162463","buyTxId":"303de01b6b971620dc0ea1dd692b8d6912af20d5","sellTxId":"b10e74d51355a92b92838a74f63292cbe0b7f7f6"}
{"index": {"_index":"sim","_id":"3464586"}}
	{"id":3464586,"type":"sell","buyer":"d-pend","seller":"elevator09","symbol":"SIM","quantity":"836.000","price":"0.00049600","timestamp":1652906904,"volume":"0.41465600","buyTxId":"d4308db475229c2f320db07b1270854a921d0bfb","sellTxId":"4806867d6293d7b7142b587a6e45ee91867983ee"}
{"index": {"_index":"sim","_id":"3464710"}}
	{"id":3464710,"type":"sell","buyer":"d-pend","seller":"themarkymark","symbol":"SIM","quantity":"91320.790","price":"0.00049600","timestamp":1652908482,"volume":"45.29511184","buyTxId":"d4308db475229c2f320db07b1270854a921d0bfb","sellTxId":"1d19cb9da0246625a547f9bfa12a07b367422f20"}
{"index": {"_index":"sim","_id":"3464711"}}
	{"id":3464711,"type":"buy","buyer":"konvik","seller":"themarkymark","symbol":"SIM","quantity":"103218.895","price":"0.00049600","timestamp":1652908485,"volume":"51.19657192","buyTxId":"c32c28df8d61c5bd15347a5b9a291bf36c487dcd-0","sellTxId":"1d19cb9da0246625a547f9bfa12a07b367422f20"}
{"index": {"_index":"sim","_id":"3464838"}}
	{"id":3464838,"type":"sell","buyer":"pi-trader","seller":"onestrong","symbol":"SIM","quantity":"1927.000","price":"0.00049201","timestamp":1652911215,"volume":"0.94810327","buyTxId":"0c485a7d208fa6638351cd11c529bd04d091664b-0","sellTxId":"4954dfbf70bf0f0cb26676cef34500baa230114f"}
{"index": {"_index":"sim","_id":"3464854"}}
	{"id":3464854,"type":"sell","buyer":"pi-trader","seller":"he-index","symbol":"SIM","quantity":"22.051","price":"0.00049201","timestamp":1652911332,"volume":"0.01084931","buyTxId":"213dd88b06329b98eeeba3a5360ad1f50a6ab995-3","sellTxId":"0370deb6fc5c45a13d53455b8b54077179627a2f"}
{"index": {"_index":"sim","_id":"3464899"}}
	{"id":3464899,"type":"sell","buyer":"pi-trader","seller":"medaymane","symbol":"SIM","quantity":"599.000","price":"0.00049201","timestamp":1652911470,"volume":"0.29471399","buyTxId":"02cdb899d2781fbb0a2c1b33d6535fdd3920c40c-1","sellTxId":"6f302c006e74c7af868a84a80ffbc426ae496c80"}
{"index": {"_index":"sim","_id":"3464903"}}
	{"id":3464903,"type":"buy","buyer":"maryjane.main","seller":"nftmart.fees","symbol":"SIM","quantity":"55.000","price":"0.00049598","timestamp":1652911524,"volume":"0.02727890","buyTxId":"e388e8082b81fb5b165125d212904773f55131f2","sellTxId":"74f3ec6623eae06485139ea6484ad4f09180a9ab-0"}
{"index": {"_index":"sim","_id":"3464904"}}
	{"id":3464904,"type":"buy","buyer":"maryjane.main","seller":"themarkymark","symbol":"SIM","quantity":"2445.000","price":"0.00049600","timestamp":1652911524,"volume":"1.21272000","buyTxId":"e388e8082b81fb5b165125d212904773f55131f2","sellTxId":"1d19cb9da0246625a547f9bfa12a07b367422f20"}
{"index": {"_index":"sim","_id":"3464918"}}
	{"id":3464918,"type":"buy","buyer":"gfrench","seller":"themarkymark","symbol":"SIM","quantity":"6592.741","price":"0.00049600","timestamp":1652911728,"volume":"3.27","buyTxId":"de36a301909fdf00f367ff9adb4b8077b8d6b84d","sellTxId":"1d19cb9da0246625a547f9bfa12a07b367422f20"}
{"index": {"_index":"sim","_id":"3464999"}}
	{"id":3464999,"type":"buy","buyer":"mary-jane","seller":"nftmart.fees","symbol":"SIM","quantity":"49.000","price":"0.00049598","timestamp":1652913156,"volume":"0.02430302","buyTxId":"c54478674964f7d27e9e53c463b3d26245c33e18","sellTxId":"e7d187d0831952b123a8b01d3c7ff5202ad0738a-0"}
{"index": {"_index":"sim","_id":"3465000"}}
	{"id":3465000,"type":"buy","buyer":"mary-jane","seller":"themarkymark","symbol":"SIM","quantity":"3251.000","price":"0.00049600","timestamp":1652913156,"volume":"1.61249600","buyTxId":"c54478674964f7d27e9e53c463b3d26245c33e18","sellTxId":"1d19cb9da0246625a547f9bfa12a07b367422f20"}
{"index": {"_index":"sim","_id":"3465094"}}
	{"id":3465094,"type":"buy","buyer":"egistar","seller":"themarkymark","symbol":"SIM","quantity":"604.838","price":"0.00049600","timestamp":1652913984,"volume":"0.3","buyTxId":"ce584bebe7be9947ac406eda643c1a309e7d4dad","sellTxId":"1d19cb9da0246625a547f9bfa12a07b367422f20"}
{"index": {"_index":"sim","_id":"3465172"}}
	{"id":3465172,"type":"buy","buyer":"ana-maria","seller":"nftmart.fees","symbol":"SIM","quantity":"50.000","price":"0.00049599","timestamp":1652914617,"volume":"0.02479950","buyTxId":"817eea93f3ac24ef4c52a45d5f8a3dffe2cf0c6d","sellTxId":"ab10fac48961447661cc2a8458f9cc5eb87e82a3-0"}
{"index": {"_index":"sim","_id":"3465176"}}
	{"id":3465176,"type":"buy","buyer":"ana-maria","seller":"themarkymark","symbol":"SIM","quantity":"40.000","price":"0.00049600","timestamp":1652914644,"volume":"0.01984000","buyTxId":"e6b63da85daeb6cc1a627660597a7849b488b8d5","sellTxId":"1d19cb9da0246625a547f9bfa12a07b367422f20"}
{"index": {"_index":"sim","_id":"3465378"}}
	{"id":3465378,"type":"buy","buyer":"forsakensushi","seller":"nftmart.fees","symbol":"SIM","quantity":"43.000","price":"0.00049599","timestamp":1652917203,"volume":"0.02132757","buyTxId":"3f068072e7d4f5ed1f5d4457ac47d5d00287b3f7","sellTxId":"1b3f00ea831363b6b6cc9db1b7018309595fc94e-0"}
{"index": {"_index":"sim","_id":"3465379"}}
	{"id":3465379,"type":"buy","buyer":"forsakensushi","seller":"themarkymark","symbol":"SIM","quantity":"49957.000","price":"0.00049600","timestamp":1652917203,"volume":"24.77867200","buyTxId":"3f068072e7d4f5ed1f5d4457ac47d5d00287b3f7","sellTxId":"1d19cb9da0246625a547f9bfa12a07b367422f20"}
{"index": {"_index":"sim","_id":"3465501"}}
	{"id":3465501,"type":"sell","buyer":"d-pend","seller":"andy4475","symbol":"SIM","quantity":"156.964","price":"0.00049200","timestamp":1652918745,"volume":"0.07722629","buyTxId":"2a58945649bb9c962f2807c503bec959b5cc7b2a","sellTxId":"c8e1ebab113cb79eee1bd9cbd56083bef5e9a078"}
{"index": {"_index":"sim","_id":"3465542"}}
	{"id":3465542,"type":"sell","buyer":"d-pend","seller":"themarkymark","symbol":"SIM","quantity":"164.435","price":"0.00049200","timestamp":1652919135,"volume":"0.08090202","buyTxId":"2a58945649bb9c962f2807c503bec959b5cc7b2a","sellTxId":"207f9e97a88f22815dc25d693eff209cd3529786"}
{"index": {"_index":"sim","_id":"3465696"}}
	{"id":3465696,"type":"sell","buyer":"d-pend","seller":"dhedge-drips","symbol":"SIM","quantity":"11.500","price":"0.00049200","timestamp":1652921139,"volume":"0.00565800","buyTxId":"2a58945649bb9c962f2807c503bec959b5cc7b2a","sellTxId":"f0f8045f1f1ebdc13eb771274b158e9408a23399"}
{"index": {"_index":"sim","_id":"3465769"}}
	{"id":3465769,"type":"buy","buyer":"boycharlieplays","seller":"nftmart.fees","symbol":"SIM","quantity":"38.000","price":"0.00049598","timestamp":1652921940,"volume":"0.01884724","buyTxId":"8a7dfe9b0ea62b70f377455f63f150992bf0714e","sellTxId":"102c3cf0d583bbf3acd85adf335266ac26171851-0"}
{"index": {"_index":"sim","_id":"3465819"}}
	{"id":3465819,"type":"sell","buyer":"boycharlieplays","seller":"nftmart.fees","symbol":"SIM","quantity":"33.000","price":"0.00049598","timestamp":1652922774,"volume":"0.01636734","buyTxId":"8a7dfe9b0ea62b70f377455f63f150992bf0714e","sellTxId":"0cf88eae8e4a72e1cfa9ec8a4a515ecc4c7a9b3f-0"}
{"index": {"_index":"sim","_id":"3465912"}}
	{"id":3465912,"type":"sell","buyer":"boycharlieplays","seller":"nftmart.fees","symbol":"SIM","quantity":"29.000","price":"0.00049598","timestamp":1652923977,"volume":"0.01438342","buyTxId":"8a7dfe9b0ea62b70f377455f63f150992bf0714e","sellTxId":"bb9cb6be5c0aa66696eac0cffbb87c230a45bc99-0"}
{"index": {"_index":"sim","_id":"3465989"}}
	{"id":3465989,"type":"sell","buyer":"boycharlieplays","seller":"nftmart.fees","symbol":"SIM","quantity":"25.000","price":"0.00049598","timestamp":1652925177,"volume":"0.01239950","buyTxId":"8a7dfe9b0ea62b70f377455f63f150992bf0714e","sellTxId":"c7a78f94b86f3387b9be70d7ae6c452fafcc2526-0"}
{"index": {"_index":"sim","_id":"3466098"}}
	{"id":3466098,"type":"buy","buyer":"libert","seller":"dhedge-drips","symbol":"SIM","quantity":"11.500","price":"0.00049599","timestamp":1652926308,"volume":"0.00570389","buyTxId":"f72c66ca22a908a8435e20a68e835c5d4d2c3176","sellTxId":"178aad6a97e4663c04a539e0954606f165bd51ed"}
{"index": {"_index":"sim","_id":"3466099"}}
	{"id":3466099,"type":"buy","buyer":"libert","seller":"themarkymark","symbol":"SIM","quantity":"8254.629","price":"0.00049600","timestamp":1652926308,"volume":"4.09429611","buyTxId":"f72c66ca22a908a8435e20a68e835c5d4d2c3176","sellTxId":"1d19cb9da0246625a547f9bfa12a07b367422f20"}
{"index": {"_index":"sim","_id":"3466189"}}
	{"id":3466189,"type":"sell","buyer":"boycharlieplays","seller":"laritheghost","symbol":"SIM","quantity":"42.547","price":"0.00049598","timestamp":1652927187,"volume":"0.02110246","buyTxId":"8a7dfe9b0ea62b70f377455f63f150992bf0714e","sellTxId":"daf5cff2c65fe72b9656935bdc8d52d0e79b5de5"}
{"index": {"_index":"sim","_id":"3466346"}}
	{"id":3466346,"type":"sell","buyer":"boycharlieplays","seller":"nftmart.fees","symbol":"SIM","quantity":"19.000","price":"0.00049598","timestamp":1652928777,"volume":"0.00942362","buyTxId":"8a7dfe9b0ea62b70f377455f63f150992bf0714e","sellTxId":"b89347a58fc622746b4c4a28a7e8b88bee1ef8d3-0"}
