{"index": {"_index":"sim","_id":"3781484"}}
	{"id":3781484,"type":"buy","buyer":"libert","seller":"alexandrzombi","symbol":"SIM","quantity":"20.928","price":"0.00049900","timestamp":1656299226,"volume":"0.01044307","buyTxId":"53af89fe27119cddd3c0d73c8248221b1173a463","sellTxId":"f5925ca283bc01d1c7237ab1b9a77ff275ff51eb"}
{"index": {"_index":"sim","_id":"3781485"}}
	{"id":3781485,"type":"buy","buyer":"libert","seller":"pi-trader","symbol":"SIM","quantity":"7803.952","price":"0.00049969","timestamp":1656299226,"volume":"3.89955693","buyTxId":"53af89fe27119cddd3c0d73c8248221b1173a463","sellTxId":"15da1d203994dee61bf6c9eeb618bf015574395b-1"}
{"index": {"_index":"sim","_id":"3781538"}}
	{"id":3781538,"type":"buy","buyer":"oople","seller":"pi-trader","symbol":"SIM","quantity":"2307.975","price":"0.00049969","timestamp":1656299817,"volume":"1.15327203","buyTxId":"fd59b86a0167c15dadc5602890f85add7a284ecf","sellTxId":"a13742d39e11589896b175128f8a9c7c64e3fda8-6"}
{"index": {"_index":"sim","_id":"3781681"}}
	{"id":3781681,"type":"buy","buyer":"k5905200786","seller":"nftmart.fees","symbol":"SIM","quantity":"3.000","price":"0.00049968","timestamp":1656301452,"volume":"0.00149904","buyTxId":"db62302b2c89892a0454f2173bed755e7877a75d","sellTxId":"9a8cb48acd6253f90f6ad5d8fcf9cd260382ff68-0"}
{"index": {"_index":"sim","_id":"3781682"}}
	{"id":3781682,"type":"buy","buyer":"k5905200786","seller":"pi-trader","symbol":"SIM","quantity":"797.000","price":"0.00049969","timestamp":1656301452,"volume":"0.39825293","buyTxId":"db62302b2c89892a0454f2173bed755e7877a75d","sellTxId":"3edcc89e830c4278675956e17d8861ddd2e1e34f-2"}
{"index": {"_index":"sim","_id":"3781927"}}
	{"id":3781927,"type":"sell","buyer":"pi-trader","seller":"manoldonchev","symbol":"SIM","quantity":"4500.000","price":"0.00047005","timestamp":1656306021,"volume":"2.11522500","buyTxId":"64c30f06cdfadae9a9c0320a371d123ecf976f83-5","sellTxId":"e27a10a60d3e6230ebfa7c3ab79e98b4cef047bd"}
{"index": {"_index":"sim","_id":"3781930"}}
	{"id":3781930,"type":"sell","buyer":"pi-trader","seller":"nftmart.fees","symbol":"SIM","quantity":"23.250","price":"0.00047005","timestamp":1656306048,"volume":"0.01092866","buyTxId":"64c30f06cdfadae9a9c0320a371d123ecf976f83-5","sellTxId":"912f7595fbb66736fbe15c3b29a6f7c9d113f8cc"}
{"index": {"_index":"sim","_id":"3781983"}}
	{"id":3781983,"type":"sell","buyer":"pi-trader","seller":"theguruasia","symbol":"SIM","quantity":"526.455","price":"0.00047005","timestamp":1656306927,"volume":"0.24746017","buyTxId":"d5657c925dcf1ba21f402f9e4cd3409464011575-3","sellTxId":"f467cb65aef4547fdde17496ab8e6e52164c26a9"}
{"index": {"_index":"sim","_id":"3782348"}}
	{"id":3782348,"type":"sell","buyer":"pi-trader","seller":"theshaki","symbol":"SIM","quantity":"61.285","price":"0.00047005","timestamp":1656311034,"volume":"0.02880701","buyTxId":"9e2b05fb91290fdd226e44ceb1aeb7f1e18edff7-3","sellTxId":"2b05ec8621924918cfc6389d535cfe8886fcf9e4"}
{"index": {"_index":"sim","_id":"3782357"}}
	{"id":3782357,"type":"buy","buyer":"oople","seller":"pi-trader","symbol":"SIM","quantity":"1182.041","price":"0.00049949","timestamp":1656311148,"volume":"0.59041766","buyTxId":"101293e6da51cd20c555e8d81884aa1586634b7d","sellTxId":"bb0da9d05a7668fc88f58c0d17493be39cdc66f1-3"}
{"index": {"_index":"sim","_id":"3782557"}}
	{"id":3782557,"type":"sell","buyer":"pi-trader","seller":"dhedge-drips","symbol":"SIM","quantity":"0.001","price":"0.00047005","timestamp":1656312318,"volume":"0.00000047","buyTxId":"864119a717a5f8e1c9e8acfe354eadc36e2391d7-1","sellTxId":"bba1ab999082d203c1dc63bfda249ef809355c2e"}
{"index": {"_index":"sim","_id":"3782871"}}
	{"id":3782871,"type":"sell","buyer":"pi-trader","seller":"pjansen","symbol":"SIM","quantity":"6185.831","price":"0.00047005","timestamp":1656317379,"volume":"2.90764986","buyTxId":"05082b2443832c444d2766d71092eb83a97a54aa-3","sellTxId":"7babf5dbcc70ca13b78cfadead750aef1eaa1412"}
{"index": {"_index":"sim","_id":"3783369"}}
	{"id":3783369,"type":"sell","buyer":"pi-trader","seller":"jujani","symbol":"SIM","quantity":"46803.530","price":"0.00047005","timestamp":1656324156,"volume":"21.99999928","buyTxId":"83a3e6604b9323c9d060187a9f58b09577a4b4b1-3","sellTxId":"cfa77d8e8cd310c5f33abfeebc95fb883c8e448a"}
{"index": {"_index":"sim","_id":"3783551"}}
	{"id":3783551,"type":"sell","buyer":"pi-trader","seller":"steem82868","symbol":"SIM","quantity":"0.900","price":"0.00047005","timestamp":1656325743,"volume":"0.00042305","buyTxId":"a8937b7685ffe46c1f045a27126bfa7f2a09c3ec-4","sellTxId":"2f4000cae1671986e80723f3cb271468049dc771"}
{"index": {"_index":"sim","_id":"3783811"}}
	{"id":3783811,"type":"sell","buyer":"pi-trader","seller":"andy4475","symbol":"SIM","quantity":"60.365","price":"0.00047005","timestamp":1656328869,"volume":"0.02837457","buyTxId":"bda560ef6b4bfb60b861cbf869214d74ecb9006b-1","sellTxId":"ff700b18d5a40843da9ed0b391f8f2421f9a616f"}
{"index": {"_index":"sim","_id":"3784041"}}
	{"id":3784041,"type":"sell","buyer":"pi-trader","seller":"ressonlelong","symbol":"SIM","quantity":"37","price":"0.00047005","timestamp":1656333048,"volume":"0.01739185","buyTxId":"b90e09ebbf940b3d7c1fd5942e98751eab25a270-1","sellTxId":"5cf09857eaac41cc3575844c0f82437181909deb"}
{"index": {"_index":"sim","_id":"3784181"}}
	{"id":3784181,"type":"sell","buyer":"pi-trader","seller":"elevator09","symbol":"SIM","quantity":"894.872","price":"0.00047005","timestamp":1656334470,"volume":"0.42063458","buyTxId":"8b440aeb59a61cb953136272664ff87266ef1662-3","sellTxId":"ce68a6a60f97df7ad12207032ef21b593af028f1"}
{"index": {"_index":"sim","_id":"3784194"}}
	{"id":3784194,"type":"sell","buyer":"pi-trader","seller":"medaymane","symbol":"SIM","quantity":"2647.650","price":"0.00047005","timestamp":1656334572,"volume":"1.24452788","buyTxId":"ebdfd71e0bc37573bad272c229bde2f59939fd85-3","sellTxId":"b07f695994786dd7dfdc7e2eb5ea1a447ee00086"}
{"index": {"_index":"sim","_id":"3784327"}}
	{"id":3784327,"type":"sell","buyer":"pi-trader","seller":"poliwalt10","symbol":"SIM","quantity":"866.000","price":"0.00047005","timestamp":1656335295,"volume":"0.40706330","buyTxId":"e510edecec6703f67164fc8b423fd96a464b56ff-5","sellTxId":"f4eb5420c6b6347acd4a9c5d35ccf0e1a6906e7b"}
{"index": {"_index":"sim","_id":"3785422"}}
	{"id":3785422,"type":"buy","buyer":"floki-skarsgaard","seller":"nftmart.fees","symbol":"SIM","quantity":"21.000","price":"0.00049380","timestamp":1656343368,"volume":"0.01036980","buyTxId":"1fbc64fe5574a75e9e06a2fcacf8404c7ae2b3ac","sellTxId":"6ce4620809e0f7d491704e2be621b7abcb873aac-0"}
{"index": {"_index":"sim","_id":"3785423"}}
	{"id":3785423,"type":"buy","buyer":"floki-skarsgaard","seller":"pi-trader","symbol":"SIM","quantity":"49979.000","price":"0.00049399","timestamp":1656343368,"volume":"24.68912621","buyTxId":"1fbc64fe5574a75e9e06a2fcacf8404c7ae2b3ac","sellTxId":"b0a5b406bc1e801b9e7a2d710dff439795b91c2c-9"}
{"index": {"_index":"sim","_id":"3786600"}}
	{"id":3786600,"type":"sell","buyer":"pi-trader","seller":"valor2s","symbol":"SIM","quantity":"238.740","price":"0.00047005","timestamp":1656344430,"volume":"0.11221974","buyTxId":"9895eeb99776db8551fcb503dc5f1942124f551b-3","sellTxId":"17fa9e68e05cbc7b9e7da3614e1cd1c1cd222297"}
{"index": {"_index":"sim","_id":"3786935"}}
	{"id":3786935,"type":"buy","buyer":"drea07","seller":"nftmart.fees","symbol":"SIM","quantity":"19.000","price":"0.00049397","timestamp":1656345390,"volume":"0.00938543","buyTxId":"4d0a762f758e4cf2665a5e74104a3233487be452","sellTxId":"53ec99280d30f9169d7f55f47dfa80b0840ffade-0"}
{"index": {"_index":"sim","_id":"3786936"}}
	{"id":3786936,"type":"buy","buyer":"drea07","seller":"pi-trader","symbol":"SIM","quantity":"21.000","price":"0.00049399","timestamp":1656345390,"volume":"0.01037379","buyTxId":"4d0a762f758e4cf2665a5e74104a3233487be452","sellTxId":"b0a5b406bc1e801b9e7a2d710dff439795b91c2c-9"}
{"index": {"_index":"sim","_id":"3786937"}}
	{"id":3786937,"type":"buy","buyer":"drea07","seller":"jelly-cz","symbol":"SIM","quantity":"5160.000","price":"0.00049400","timestamp":1656345390,"volume":"2.54904000","buyTxId":"4d0a762f758e4cf2665a5e74104a3233487be452","sellTxId":"MM-P-18635345-65627336-3-32-0"}
{"index": {"_index":"sim","_id":"3786938"}}
	{"id":3786938,"type":"buy","buyer":"automaton","seller":"jelly-cz","symbol":"SIM","quantity":"31000.000","price":"0.00049400","timestamp":1656345390,"volume":"15.31400000","buyTxId":"ddce0e501bc7f56ebe7e2bdd001fb885874ac707","sellTxId":"MM-P-18635345-65627336-3-32-0"}
{"index": {"_index":"sim","_id":"3787240"}}
	{"id":3787240,"type":"buy","buyer":"automaton","seller":"nftmart.fees","symbol":"SIM","quantity":"52.000","price":"0.00049398","timestamp":1656346488,"volume":"0.02568696","buyTxId":"80e17ceba9ecc131873c2a7db47820e8a0914d81","sellTxId":"de6b1fac373d9532e5a48fd218d91541986456c1-0"}
{"index": {"_index":"sim","_id":"3787241"}}
	{"id":3787241,"type":"buy","buyer":"automaton","seller":"pi-trader","symbol":"SIM","quantity":"4948.000","price":"0.00049399","timestamp":1656346488,"volume":"2.44426252","buyTxId":"80e17ceba9ecc131873c2a7db47820e8a0914d81","sellTxId":"48d77b5e6080a70cb30ca59c9165327ed1927f19-8"}
{"index": {"_index":"sim","_id":"3787559"}}
	{"id":3787559,"type":"buy","buyer":"automaton","seller":"nftmart.fees","symbol":"SIM","quantity":"45.000","price":"0.00049398","timestamp":1656348075,"volume":"0.02222910","buyTxId":"c6835c7b9c862f4f21830fdb27313156c536dc2e","sellTxId":"bfbe7e254ce096aabdcd0fe822c3136e1c6ace75-0"}
{"index": {"_index":"sim","_id":"3787560"}}
	{"id":3787560,"type":"buy","buyer":"automaton","seller":"pi-trader","symbol":"SIM","quantity":"4455.000","price":"0.00049947","timestamp":1656348075,"volume":"2.22513885","buyTxId":"c6835c7b9c862f4f21830fdb27313156c536dc2e","sellTxId":"c0578b270a5a778420f65887eb806dd1b1d2b8b9-5"}
{"index": {"_index":"sim","_id":"3787854"}}
	{"id":3787854,"type":"buy","buyer":"floki-skarsgaard","seller":"nftmart.fees","symbol":"SIM","quantity":"39.000","price":"0.00049946","timestamp":1656349956,"volume":"0.01947894","buyTxId":"51ec07d2d44d6c9e5f8580218cd43830b0430890","sellTxId":"cf1e92242311e41490d6ae64f9f55cca1d719d98-0"}
{"index": {"_index":"sim","_id":"3787855"}}
	{"id":3787855,"type":"buy","buyer":"floki-skarsgaard","seller":"pi-trader","symbol":"SIM","quantity":"49961.000","price":"0.00049947","timestamp":1656349956,"volume":"24.95402067","buyTxId":"51ec07d2d44d6c9e5f8580218cd43830b0430890","sellTxId":"ffd4b6c2ca60671cc454219fd30300c1e2d77b0c-4"}
{"index": {"_index":"sim","_id":"3787962"}}
	{"id":3787962,"type":"sell","buyer":"pi-trader","seller":"loganhate","symbol":"SIM","quantity":"109.000","price":"0.00047005","timestamp":1656350715,"volume":"0.05123545","buyTxId":"8cd346230ac22e91fcb182dbd06d1c32c4f7ba6d-4","sellTxId":"5ccf8286a4677c1083630df09e0219423a6710d7"}
{"index": {"_index":"sim","_id":"3788042"}}
	{"id":3788042,"type":"buy","buyer":"oople","seller":"nftmart.fees","symbol":"SIM","quantity":"30.000","price":"0.00049945","timestamp":1656351387,"volume":"0.01498350","buyTxId":"b566af0c4820512c220b152a85ed37f31a8102fe","sellTxId":"4dd578ac4784cf4477e84af1bacb8c9747128c66-0"}
{"index": {"_index":"sim","_id":"3788043"}}
	{"id":3788043,"type":"buy","buyer":"oople","seller":"pi-trader","symbol":"SIM","quantity":"9.000","price":"0.00049947","timestamp":1656351387,"volume":"0.00449523","buyTxId":"b566af0c4820512c220b152a85ed37f31a8102fe","sellTxId":"ffd4b6c2ca60671cc454219fd30300c1e2d77b0c-4"}
{"index": {"_index":"sim","_id":"3788048"}}
	{"id":3788048,"type":"buy","buyer":"oople","seller":"pi-trader","symbol":"SIM","quantity":"30.000","price":"0.00049947","timestamp":1656351441,"volume":"0.01498410","buyTxId":"c19e185fc46fa130805efa8a7dbf76b0f6568963","sellTxId":"ffd4b6c2ca60671cc454219fd30300c1e2d77b0c-4"}
{"index": {"_index":"sim","_id":"3788049"}}
	{"id":3788049,"type":"buy","buyer":"oople","seller":"dhedge-drips","symbol":"SIM","quantity":"0.001","price":"0.00049948","timestamp":1656351441,"volume":"0.00000050","buyTxId":"c19e185fc46fa130805efa8a7dbf76b0f6568963","sellTxId":"2ba1e82d0de7c079006d80a365bd0d7cce338e30"}
{"index": {"_index":"sim","_id":"3788050"}}
	{"id":3788050,"type":"buy","buyer":"oople","seller":"pi-trader","symbol":"SIM","quantity":"1340.594","price":"0.00049969","timestamp":1656351441,"volume":"0.66988142","buyTxId":"c19e185fc46fa130805efa8a7dbf76b0f6568963","sellTxId":"46cab5fca68d77cd101a153281aa9a002d41691a-4"}
{"index": {"_index":"sim","_id":"3788210"}}
	{"id":3788210,"type":"buy","buyer":"oople","seller":"nftmart.fees","symbol":"SIM","quantity":"38.000","price":"0.00049968","timestamp":1656352830,"volume":"0.01898784","buyTxId":"b54a35b70f977a4fd3b55bc391bfc11962d8c6ae","sellTxId":"0da051c4831cb2cc6d385ee078200925425d7b4c-0"}
{"index": {"_index":"sim","_id":"3788211"}}
	{"id":3788211,"type":"buy","buyer":"oople","seller":"pi-trader","symbol":"SIM","quantity":"2845.471","price":"0.00049969","timestamp":1656352830,"volume":"1.42185340","buyTxId":"b54a35b70f977a4fd3b55bc391bfc11962d8c6ae","sellTxId":"48096b14feec23a9c6844be636b09c83166713ea-6"}
{"index": {"_index":"sim","_id":"3788244"}}
	{"id":3788244,"type":"buy","buyer":"floki-skarsgaard","seller":"pi-trader","symbol":"SIM","quantity":"50000.000","price":"0.00049959","timestamp":1656353313,"volume":"24.97950000","buyTxId":"ab7de14cd6bcf25276b938c78712d814f5964af5","sellTxId":"f6396b7976f6f532d01495a314f86b4b7462591c-1"}
{"index": {"_index":"sim","_id":"3788477"}}
	{"id":3788477,"type":"buy","buyer":"floki-skarsgaard","seller":"balte","symbol":"SIM","quantity":"10900.000","price":"0.00049000","timestamp":1656354924,"volume":"5.34100000","buyTxId":"16b620d7f13e8bdda07b60f2ed1afe9694d640b8","sellTxId":"3d36131da77a83870f7f8fd28f1cb3926aff4107"}
{"index": {"_index":"sim","_id":"3788478"}}
	{"id":3788478,"type":"buy","buyer":"floki-skarsgaard","seller":"pi-trader","symbol":"SIM","quantity":"39100.000","price":"0.00049955","timestamp":1656354924,"volume":"19.53240500","buyTxId":"16b620d7f13e8bdda07b60f2ed1afe9694d640b8","sellTxId":"4c41be214e09052a5c813135f915a136171648b3-8"}
{"index": {"_index":"sim","_id":"3788537"}}
	{"id":3788537,"type":"sell","buyer":"pi-trader","seller":"denmarkguy","symbol":"SIM","quantity":"1.684","price":"0.00047005","timestamp":1656355503,"volume":"0.00079156","buyTxId":"46cab5fca68d77cd101a153281aa9a002d41691a-1","sellTxId":"958c841c8cd8e5fa04e02527fcc28ae75df698b5"}
{"index": {"_index":"sim","_id":"3788665"}}
	{"id":3788665,"type":"buy","buyer":"oople","seller":"pi-trader","symbol":"SIM","quantity":"3202.734","price":"0.00049953","timestamp":1656356739,"volume":"1.59986172","buyTxId":"7b7a422abfe7b771945a282db7298b6c220c21c7","sellTxId":"1ad12186cc58e0eee4ba796daa6089fef7e27f11-6"}
{"index": {"_index":"sim","_id":"3788724"}}
	{"id":3788724,"type":"sell","buyer":"pi-trader","seller":"dustindivitto","symbol":"SIM","quantity":"150000.000","price":"0.00047005","timestamp":1656357318,"volume":"70.50750000","buyTxId":"6d051a7b7432b8241771935f055ebecc5bae90e6-1","sellTxId":"78923e7e4331ac96dbe67c69d5f682aaa6deba15"}
{"index": {"_index":"sim","_id":"3788725"}}
	{"id":3788725,"type":"sell","buyer":"ana-maria","seller":"dustindivitto","symbol":"SIM","quantity":"25000.000","price":"0.00047004","timestamp":1656357318,"volume":"11.75100000","buyTxId":"62fdee9143ab089d259dedc8a91f50dfd0c209b6","sellTxId":"78923e7e4331ac96dbe67c69d5f682aaa6deba15"}
{"index": {"_index":"sim","_id":"3788726"}}
	{"id":3788726,"type":"sell","buyer":"he-index","seller":"dustindivitto","symbol":"SIM","quantity":"295.738","price":"0.00047001","timestamp":1656357318,"volume":"0.13899982","buyTxId":"820183e79310758a666f9c6ff6bdbc4fa468ed37","sellTxId":"78923e7e4331ac96dbe67c69d5f682aaa6deba15"}
{"index": {"_index":"sim","_id":"3788727"}}
	{"id":3788727,"type":"sell","buyer":"jelly-cz","seller":"dustindivitto","symbol":"SIM","quantity":"13049.262","price":"0.00045900","timestamp":1656357318,"volume":"5.98961126","buyTxId":"MM-P-18603181-65595092-3-32-0","sellTxId":"78923e7e4331ac96dbe67c69d5f682aaa6deba15"}
{"index": {"_index":"sim","_id":"3788850"}}
	{"id":3788850,"type":"buy","buyer":"maryjane.main","seller":"pi-trader","symbol":"SIM","quantity":"15388.261","price":"0.00049797","timestamp":1656358857,"volume":"7.66289233","buyTxId":"59fb6cc1a91f84d8ab9067a3b014ce347c932d7c","sellTxId":"c0b170f840ee777e6ee6d527f1bad9b4c3d33601-5"}
{"index": {"_index":"sim","_id":"3788932"}}
	{"id":3788932,"type":"buy","buyer":"oople","seller":"pi-trader","symbol":"SIM","quantity":"1241.389","price":"0.00049399","timestamp":1656359592,"volume":"0.61323375","buyTxId":"8036d4a6cb1211763b476cd94e6d53a6e73212ff","sellTxId":"099719c290c554a037e3bd562f51c48dce7a6c23-7"}
{"index": {"_index":"sim","_id":"3788961"}}
	{"id":3788961,"type":"sell","buyer":"pi-trader","seller":"wesp05","symbol":"SIM","quantity":"1134.000","price":"0.00045901","timestamp":1656360114,"volume":"0.52051734","buyTxId":"b7c041949a74bb4bb50040d6bbeb07dac8834fd2-2","sellTxId":"85a04f135e3354c261f1f2039e015680209e3e18"}
{"index": {"_index":"sim","_id":"3789165"}}
	{"id":3789165,"type":"sell","buyer":"pi-trader","seller":"medaymane","symbol":"SIM","quantity":"13117.260","price":"0.00045901","timestamp":1656361023,"volume":"6.02095351","buyTxId":"75dc186fd8bc7bdf6c15afc4c63e37d317f28c0f-3","sellTxId":"56e00b8db422aaa8631e1bc54a154f7117beb647"}
{"index": {"_index":"sim","_id":"3789205"}}
	{"id":3789205,"type":"sell","buyer":"pi-trader","seller":"medaymane","symbol":"SIM","quantity":"48643.800","price":"0.00045902","timestamp":1656361608,"volume":"22.32847708","buyTxId":"f2d37456e42c7ef7837015d2c6bc88207b915cd9-3","sellTxId":"e6ac36b78626b12820ac88594d92a42d7217f304"}
{"index": {"_index":"sim","_id":"3789216"}}
	{"id":3789216,"type":"sell","buyer":"pi-trader","seller":"dswap","symbol":"SIM","quantity":"32754","price":"0.00045902","timestamp":1656361698,"volume":"15.03474108","buyTxId":"9b28cf5777ddf9361577ad0f9b9c796ab0da08a1-5","sellTxId":"98f2b62bb2543cc28ed7546e82a1f4c6691190d2"}
{"index": {"_index":"sim","_id":"3789305"}}
	{"id":3789305,"type":"buy","buyer":"oople","seller":"pi-trader","symbol":"SIM","quantity":"7088.349","price":"0.00049387","timestamp":1656362529,"volume":"3.50072292","buyTxId":"dcef9bf7c8e74b188df671b966a4b2fa546d30ec","sellTxId":"1a955f68f0d3b9e1b5d2331de4b5457504314604-1"}
{"index": {"_index":"sim","_id":"3789609"}}
	{"id":3789609,"type":"sell","buyer":"pi-trader","seller":"isiksenpalvoja","symbol":"SIM","quantity":"1.100","price":"0.00045902","timestamp":1656365202,"volume":"0.00050492","buyTxId":"56980c250bbd14bf2f19407a2b176473612dc4f7-3","sellTxId":"c8b01bd7bcf2060e046a817feccb79ca09034fbd"}
{"index": {"_index":"sim","_id":"3789713"}}
	{"id":3789713,"type":"sell","buyer":"pi-trader","seller":"bitcoinflood","symbol":"SIM","quantity":"616.814","price":"0.00045902","timestamp":1656365985,"volume":"0.28312996","buyTxId":"143ee84fcad00b29d44e1612d0e9e210ac40eaef-1","sellTxId":"a174e090cbd351e19cb72fb05856a458b78803aa"}
{"index": {"_index":"sim","_id":"3789829"}}
	{"id":3789829,"type":"sell","buyer":"pi-trader","seller":"he-index","symbol":"SIM","quantity":"26.825","price":"0.00045902","timestamp":1656367347,"volume":"0.01231321","buyTxId":"8e873e625bfe94df51419591a89053b7a3eb71d0-5","sellTxId":"03794dbf7d82c6860eeac78312c612bde573990d"}
{"index": {"_index":"sim","_id":"3790007"}}
	{"id":3790007,"type":"sell","buyer":"pi-trader","seller":"forsakensushi","symbol":"SIM","quantity":"14910.442","price":"0.00045902","timestamp":1656370152,"volume":"6.84419109","buyTxId":"325596e99d486ddf2198c59465f023fb2a657069-1","sellTxId":"a79d0c2b3ba00d39c90daf8e28560ccb69246ff7"}
{"index": {"_index":"sim","_id":"3790039"}}
	{"id":3790039,"type":"buy","buyer":"metzli","seller":"nftmart.fees","symbol":"SIM","quantity":"465.000","price":"0.00048495","timestamp":1656370473,"volume":"0.22550175","buyTxId":"23cb5cdb472347aedbbca45451d6a3fce29089e8","sellTxId":"de07949833308b476842441a0f05e696ab2bafff-0"}
{"index": {"_index":"sim","_id":"3790076"}}
	{"id":3790076,"type":"sell","buyer":"pi-trader","seller":"poliwalt10","symbol":"SIM","quantity":"995.400","price":"0.00045902","timestamp":1656370881,"volume":"0.45690851","buyTxId":"0d0e1ee5018f634f4fac3beb79aa92a823f51bda-3","sellTxId":"a8ac183c3f88b462c531a1917fbce076804461f1"}
{"index": {"_index":"sim","_id":"3790203"}}
	{"id":3790203,"type":"buy","buyer":"oople","seller":"nftmart.fees","symbol":"SIM","quantity":"465.000","price":"0.00048499","timestamp":1656372243,"volume":"0.22552035","buyTxId":"76982e5dc0226898d895cc0430a7630441c07bfd","sellTxId":"f0b757513e50bc20159618669311a8ce0fbc1b41-0"}
{"index": {"_index":"sim","_id":"3790204"}}
	{"id":3790204,"type":"buy","buyer":"oople","seller":"balte","symbol":"SIM","quantity":"9844.472","price":"0.00048500","timestamp":1656372300,"volume":"4.77456892","buyTxId":"36c80a7e5b560b8f582b1cac864366ccadf184a6","sellTxId":"26bc99c68948bb80cf0fe8afabc04adcf449cc12"}
{"index": {"_index":"sim","_id":"3790256"}}
	{"id":3790256,"type":"sell","buyer":"pi-trader","seller":"thisisawesome","symbol":"SIM","quantity":"0.372","price":"0.00045904","timestamp":1656373245,"volume":"0.00017076","buyTxId":"6257fb951eff31759ef71249a33143b15a02c403-3","sellTxId":"f58e305364927e4168d1b2c882c4e607ea59cfe5"}
{"index": {"_index":"sim","_id":"3790317"}}
	{"id":3790317,"type":"buy","buyer":"cheftony","seller":"nftmart.fees","symbol":"SIM","quantity":"352.000","price":"0.00048498","timestamp":1656374031,"volume":"0.17071296","buyTxId":"877f8127f8013aa9724ccfdcc16ed3172ffbd133","sellTxId":"89f1692a6e34d4ee54e1b360ada228d0c0c398b2-0"}
{"index": {"_index":"sim","_id":"3790324"}}
	{"id":3790324,"type":"buy","buyer":"cheftony","seller":"balte","symbol":"SIM","quantity":"1203.528","price":"0.00048500","timestamp":1656374106,"volume":"0.58371108","buyTxId":"8e8bf8cb05ea0f0788bb573ff0e9ab322b26b6fd","sellTxId":"26bc99c68948bb80cf0fe8afabc04adcf449cc12"}
{"index": {"_index":"sim","_id":"3790325"}}
	{"id":3790325,"type":"buy","buyer":"cheftony","seller":"onlydoge","symbol":"SIM","quantity":"10414.496","price":"0.00049380","timestamp":1656374106,"volume":"5.14267812","buyTxId":"8e8bf8cb05ea0f0788bb573ff0e9ab322b26b6fd","sellTxId":"5ebc5f31cf6c8e1d26b07fddba1a910012b63ca0"}
{"index": {"_index":"sim","_id":"3790326"}}
	{"id":3790326,"type":"buy","buyer":"cheftony","seller":"medaymane","symbol":"SIM","quantity":"4751.900","price":"0.00049390","timestamp":1656374106,"volume":"2.34696341","buyTxId":"8e8bf8cb05ea0f0788bb573ff0e9ab322b26b6fd","sellTxId":"11e1400d26acf4e712d10f79f5767e350a2f0398"}
{"index": {"_index":"sim","_id":"3790338"}}
	{"id":3790338,"type":"sell","buyer":"cheftony","seller":"svirus","symbol":"SIM","quantity":"4552.880","price":"0.00049390","timestamp":1656374295,"volume":"2.24866743","buyTxId":"8e8bf8cb05ea0f0788bb573ff0e9ab322b26b6fd","sellTxId":"b3c0ede9a56ed35b47e05d487f89ef1aa8063d42-1"}
{"index": {"_index":"sim","_id":"3790339"}}
	{"id":3790339,"type":"sell","buyer":"cheftony","seller":"pjansen","symbol":"SIM","quantity":"0.004","price":"0.00049390","timestamp":1656374304,"volume":"0.00000198","buyTxId":"8e8bf8cb05ea0f0788bb573ff0e9ab322b26b6fd","sellTxId":"0e4a8f7120450d3fdebc609c8f04491baaec99f4"}
{"index": {"_index":"sim","_id":"3790340"}}
	{"id":3790340,"type":"sell","buyer":"he-index","seller":"pjansen","symbol":"SIM","quantity":"198.253","price":"0.00045901","timestamp":1656374304,"volume":"0.09100011","buyTxId":"c4bdb73eec26ea35106f74a994843127b283493f","sellTxId":"0e4a8f7120450d3fdebc609c8f04491baaec99f4"}
{"index": {"_index":"sim","_id":"3790341"}}
	{"id":3790341,"type":"sell","buyer":"jelly-cz","seller":"pjansen","symbol":"SIM","quantity":"4359.181","price":"0.00045900","timestamp":1656374304,"volume":"2.00086408","buyTxId":"MM-P-18603181-65595092-3-32-0","sellTxId":"0e4a8f7120450d3fdebc609c8f04491baaec99f4"}
{"index": {"_index":"sim","_id":"3790508"}}
	{"id":3790508,"type":"sell","buyer":"pi-trader","seller":"andy4475","symbol":"SIM","quantity":"155.341","price":"0.00045911","timestamp":1656376095,"volume":"0.07131861","buyTxId":"e5842b416e73fd64d4590fa567bb68b35072a090-1","sellTxId":"c62dc9866746e29c102ac5a0739ade73e0de272f"}
{"index": {"_index":"sim","_id":"3790559"}}
	{"id":3790559,"type":"sell","buyer":"pi-trader","seller":"dhedge-drips","symbol":"SIM","quantity":"12.999","price":"0.00045911","timestamp":1656377115,"volume":"0.00596797","buyTxId":"dead0340bd27d767476e1ff0c0778690ebb56300-3","sellTxId":"6d31227dbdad7745842e664d6a3633f8f2364f64"}
{"index": {"_index":"sim","_id":"3790629"}}
	{"id":3790629,"type":"buy","buyer":"floki-skarsgaard","seller":"pi-trader","symbol":"SIM","quantity":"25000.000","price":"0.00049393","timestamp":1656378024,"volume":"12.34825000","buyTxId":"904a743cddd98e9e21defac1e3c9a11dec4050e2","sellTxId":"8bd1d6a7b5790f1811c06622cbd1201f4a8b34e9-8"}
{"index": {"_index":"sim","_id":"3790847"}}
	{"id":3790847,"type":"sell","buyer":"pi-trader","seller":"jinstone","symbol":"SIM","quantity":"89260","price":"0.00045911","timestamp":1656380058,"volume":"40.98015860","buyTxId":"4eeccd2479ce473b6bfe415b347a186e5c0b04e0-3","sellTxId":"1fef80b7cfa1c5770046a6db1b4dd82a2b6f2392"}
{"index": {"_index":"sim","_id":"3791305"}}
	{"id":3791305,"type":"buy","buyer":"floki-skarsgaard","seller":"pi-trader","symbol":"SIM","quantity":"25000.000","price":"0.00049389","timestamp":1656382062,"volume":"12.34725000","buyTxId":"2f311e81544aa9433babc1f3305b69c5a57bd443","sellTxId":"f7bba97589cc2cce3fac1d8f0d369ce0562ac23e-7"}
{"index": {"_index":"sim","_id":"3791449"}}
	{"id":3791449,"type":"sell","buyer":"pi-trader","seller":"steem82868","symbol":"SIM","quantity":"0.800","price":"0.00045911","timestamp":1656382608,"volume":"0.00036729","buyTxId":"febd9283618a6b2b3ea1d4cb072d0126fc8b79b5-5","sellTxId":"3ecdc35fd0507934a54ce279b4ae4c35f6473c78"}
{"index": {"_index":"sim","_id":"3791887"}}
	{"id":3791887,"type":"buy","buyer":"maryjane.tech4","seller":"pi-trader","symbol":"SIM","quantity":"1500.000","price":"0.00049385","timestamp":1656384642,"volume":"0.74077500","buyTxId":"8760c1d06f1f009a48f2c1e21e6322034a19ec52","sellTxId":"7bf76ed40be663ab31dace020d4701c97ecbf253-9"}
