{"index": {"_index":"sim","_id":"2391500"}}
	{"id":2391500,"type":"sell","buyer":"jelly-cz","seller":"ubeautiful","symbol":"SIM","quantity":"17555.000","price":"0.00061208","timestamp":1640575281,"volume":"10.74506440","buyTxId":"MM-P-13402584-60389559-3-29-0","sellTxId":"96efe7f1acfdfc2fd34d6b25736bf60d146221b1"}
{"index": {"_index":"sim","_id":"2391684"}}
	{"id":2391684,"type":"sell","buyer":"jelly-cz","seller":"stickupboys","symbol":"SIM","quantity":"353.382","price":"0.00061208","timestamp":1640576610,"volume":"0.21629805","buyTxId":"MM-P-13402584-60389559-3-29-0","sellTxId":"d7c6c7971a2a6b57721e425cca12ea5e15d9bd83"}
{"index": {"_index":"sim","_id":"2391783"}}
	{"id":2391783,"type":"buy","buyer":"evernoticethat","seller":"pi-trader","symbol":"SIM","quantity":"111.370","price":"0.00063939","timestamp":1640577999,"volume":"0.07120886","buyTxId":"72901409441118acaaf0b33c51688fc0a6a64c44","sellTxId":"3fe79dee10c156495671a15cfbf589ba0722345e-3"}
{"index": {"_index":"sim","_id":"2391961"}}
	{"id":2391961,"type":"sell","buyer":"jelly-cz","seller":"retrodroid","symbol":"SIM","quantity":"7.129","price":"0.00061208","timestamp":1640580486,"volume":"0.00436352","buyTxId":"MM-P-13402584-60389559-3-29-0","sellTxId":"a2bc615be3ff46d1e890863cbeba0aeb6b82de96"}
{"index": {"_index":"sim","_id":"2391994"}}
	{"id":2391994,"type":"sell","buyer":"jelly-cz","seller":"themarkymark","symbol":"SIM","quantity":"5200.073","price":"0.00061208","timestamp":1640580822,"volume":"3.18286068","buyTxId":"MM-P-13402584-60389559-3-29-0","sellTxId":"082bc3ed0521a15df96bc7c9ccdadfa7a5b878d3"}
{"index": {"_index":"sim","_id":"2392110"}}
	{"id":2392110,"type":"sell","buyer":"jelly-cz","seller":"darth-azrael","symbol":"SIM","quantity":"20.367","price":"0.00061208","timestamp":1640582769,"volume":"0.01246623","buyTxId":"MM-P-13402584-60389559-3-29-0","sellTxId":"7fe696fcac329d1a190c555059372d846e73a5a3"}
{"index": {"_index":"sim","_id":"2392236"}}
	{"id":2392236,"type":"sell","buyer":"jelly-cz","seller":"lionsuit","symbol":"SIM","quantity":"0.958","price":"0.00061208","timestamp":1640584386,"volume":"0.00058637","buyTxId":"MM-P-13402584-60389559-3-29-0","sellTxId":"6b3d150ea707eff4f38800b22d99a5b8d10c8de1"}
{"index": {"_index":"sim","_id":"2392241"}}
	{"id":2392241,"type":"buy","buyer":"intellihandling","seller":"loro68","symbol":"SIM","quantity":"1104.000","price":"0.00062000","timestamp":1640584425,"volume":"0.68448000","buyTxId":"3d202984a5520cfb290b669fdda238e344267f53","sellTxId":"4fd767f8be211090bf137cf63f631692f62586f6"}
{"index": {"_index":"sim","_id":"2392242"}}
	{"id":2392242,"type":"buy","buyer":"intellihandling","seller":"alberimsi","symbol":"SIM","quantity":"4266.000","price":"0.00062500","timestamp":1640584425,"volume":"2.66625000","buyTxId":"3d202984a5520cfb290b669fdda238e344267f53","sellTxId":"51c56f877c5d2693423f33a369e4134dc54c7c0f"}
{"index": {"_index":"sim","_id":"2392243"}}
	{"id":2392243,"type":"buy","buyer":"intellihandling","seller":"quekery","symbol":"SIM","quantity":"2000.000","price":"0.00063940","timestamp":1640584425,"volume":"1.27880000","buyTxId":"3d202984a5520cfb290b669fdda238e344267f53","sellTxId":"d5776e484143bc731a881bbfe45722a8851b70a1"}
{"index": {"_index":"sim","_id":"2392244"}}
	{"id":2392244,"type":"buy","buyer":"intellihandling","seller":"brofi-market","symbol":"SIM","quantity":"0.003","price":"0.00063999","timestamp":1640584425,"volume":"0.00000192","buyTxId":"3d202984a5520cfb290b669fdda238e344267f53","sellTxId":"4be75e7b42d0332ccace50bcc8a680f3804c0afb"}
{"index": {"_index":"sim","_id":"2392245"}}
	{"id":2392245,"type":"buy","buyer":"intellihandling","seller":"pardinus","symbol":"SIM","quantity":"2629.997","price":"0.00064000","timestamp":1640584425,"volume":"1.68319808","buyTxId":"3d202984a5520cfb290b669fdda238e344267f53","sellTxId":"59377ab100627e9cd9e5f0bfd47dae8899ce562c"}
{"index": {"_index":"sim","_id":"2392527"}}
	{"id":2392527,"type":"sell","buyer":"jelly-cz","seller":"medaymane","symbol":"SIM","quantity":"832.000","price":"0.00061208","timestamp":1640587236,"volume":"0.50925056","buyTxId":"MM-P-13402584-60389559-3-29-0","sellTxId":"d657d2a42e59e574459fac1f1f423e03529074ad"}
{"index": {"_index":"sim","_id":"2392580"}}
	{"id":2392580,"type":"sell","buyer":"jelly-cz","seller":"hirohurl","symbol":"SIM","quantity":"42.153","price":"0.00061208","timestamp":1640587692,"volume":"0.02580101","buyTxId":"MM-P-13402584-60389559-3-29-0","sellTxId":"6f03c6f09ea5c3fa8e396c2981e3c816a7301582"}
{"index": {"_index":"sim","_id":"2392630"}}
	{"id":2392630,"type":"sell","buyer":"jelly-cz","seller":"zokka82","symbol":"SIM","quantity":"4.740","price":"0.00061208","timestamp":1640588238,"volume":"0.00290126","buyTxId":"MM-P-13402584-60389559-3-29-0","sellTxId":"18279731aab128e9e630590de8b29fe613d67cd4"}
{"index": {"_index":"sim","_id":"2392732"}}
	{"id":2392732,"type":"sell","buyer":"jelly-cz","seller":"taitux","symbol":"SIM","quantity":"497.100","price":"0.00061208","timestamp":1640589264,"volume":"0.30426497","buyTxId":"MM-P-13402584-60389559-3-29-0","sellTxId":"3c395b1a3cd527d2fa966a3110ccbf52fbbe5450"}
{"index": {"_index":"sim","_id":"2392789"}}
	{"id":2392789,"type":"sell","buyer":"jelly-cz","seller":"themarkymark","symbol":"SIM","quantity":"46791.300","price":"0.00061208","timestamp":1640589975,"volume":"28.64001890","buyTxId":"MM-P-13402584-60389559-3-29-0","sellTxId":"3c2c68016517c90a28d60cc71096543ce9f5ccf2"}
{"index": {"_index":"sim","_id":"2393187"}}
	{"id":2393187,"type":"sell","buyer":"speedtuning","seller":"anosys","symbol":"SIM","quantity":"34.003","price":"0.00061209","timestamp":1640593854,"volume":"0.02081290","buyTxId":"2f355a2f92b5badb211209b9ef1ff8396d95ed50","sellTxId":"6a7be734c9f19f1dd09fa7aefe1710a2c5d996c0"}
{"index": {"_index":"sim","_id":"2393294"}}
	{"id":2393294,"type":"sell","buyer":"speedtuning","seller":"tomathomas0","symbol":"SIM","quantity":"3106.064","price":"0.00061209","timestamp":1640595129,"volume":"1.90119071","buyTxId":"2f355a2f92b5badb211209b9ef1ff8396d95ed50","sellTxId":"19cc16a401262c506be553815748d6ef4a19ca01"}
{"index": {"_index":"sim","_id":"2393301"}}
	{"id":2393301,"type":"buy","buyer":"notak1","seller":"tomathomas0","symbol":"SIM","quantity":"4103.936","price":"0.00061209","timestamp":1640595159,"volume":"2.51197819","buyTxId":"8b507fde60584f558a7509c757f1ce1740e927ce","sellTxId":"19cc16a401262c506be553815748d6ef4a19ca01"}
{"index": {"_index":"sim","_id":"2393390"}}
	{"id":2393390,"type":"sell","buyer":"jelly-cz","seller":"minerthreat","symbol":"SIM","quantity":"13806.000","price":"0.00061208","timestamp":1640596368,"volume":"8.45037648","buyTxId":"MM-P-13402584-60389559-3-29-0","sellTxId":"05efede7db2e665d07751492a742e122886ad33d"}
{"index": {"_index":"sim","_id":"2393455"}}
	{"id":2393455,"type":"sell","buyer":"jelly-cz","seller":"farm1","symbol":"SIM","quantity":"27846.263","price":"0.00061208","timestamp":1640597130,"volume":"17.04414066","buyTxId":"MM-P-13402584-60389559-3-29-0","sellTxId":"4d582c9ffdbcfd0f00d388734bafffc9e142a75e"}
{"index": {"_index":"sim","_id":"2393456"}}
	{"id":2393456,"type":"sell","buyer":"jelly13","seller":"farm1","symbol":"SIM","quantity":"62331.737","price":"0.00061157","timestamp":1640597130,"volume":"38.12022040","buyTxId":"7af6025ee16ad1653fd0e6a3d26bf889e83b61da","sellTxId":"4d582c9ffdbcfd0f00d388734bafffc9e142a75e"}
{"index": {"_index":"sim","_id":"2393779"}}
	{"id":2393779,"type":"sell","buyer":"pi-trader","seller":"fiberfrau","symbol":"SIM","quantity":"14.088","price":"0.00061261","timestamp":1640601111,"volume":"0.00863045","buyTxId":"1f15fc409567522c8d720966dfe5303d70a5f48f-6","sellTxId":"a38aae159bcf6aff4ad51d98771500cefd60ab5d"}
{"index": {"_index":"sim","_id":"2393873"}}
	{"id":2393873,"type":"sell","buyer":"jelly-cz","seller":"marfonso","symbol":"SIM","quantity":"298.918","price":"0.00061416","timestamp":1640602023,"volume":"0.18358348","buyTxId":"MM-P-13414355-60401331-3-29-0","sellTxId":"1930e181b259568771ac1eb4a336252a55813ad6"}
{"index": {"_index":"sim","_id":"2393913"}}
	{"id":2393913,"type":"sell","buyer":"jelly-cz","seller":"chesatochi","symbol":"SIM","quantity":"31.061","price":"0.00061416","timestamp":1640602629,"volume":"0.01907642","buyTxId":"MM-P-13414355-60401331-3-29-0","sellTxId":"3af1f4175bf0a49530e41eb9a3453e8c0c204e3c"}
{"index": {"_index":"sim","_id":"2393981"}}
	{"id":2393981,"type":"sell","buyer":"jelly-cz","seller":"desyfit","symbol":"SIM","quantity":"159237.560","price":"0.00061416","timestamp":1640603433,"volume":"97.79733985","buyTxId":"MM-P-13414355-60401331-3-29-0","sellTxId":"8a1fe0272c836b50e20347e36136d75ba1f0e56b"}
{"index": {"_index":"sim","_id":"2393982"}}
	{"id":2393982,"type":"sell","buyer":"jelly13","seller":"desyfit","symbol":"SIM","quantity":"40762.440","price":"0.00061157","timestamp":1640603433,"volume":"24.92908543","buyTxId":"7af6025ee16ad1653fd0e6a3d26bf889e83b61da","sellTxId":"8a1fe0272c836b50e20347e36136d75ba1f0e56b"}
{"index": {"_index":"sim","_id":"2394009"}}
	{"id":2394009,"type":"buy","buyer":"monsterjamgold","seller":"pi-trader","symbol":"SIM","quantity":"202.000","price":"0.00063899","timestamp":1640603814,"volume":"0.12907598","buyTxId":"ca3d61b31ed4739745dbd02e64df7f408b0953bf","sellTxId":"43775de5d588707c76b28c2ee4f3d1a469f81041-3"}
{"index": {"_index":"sim","_id":"2394093"}}
	{"id":2394093,"type":"sell","buyer":"jelly-cz","seller":"deepresearch","symbol":"SIM","quantity":"120000.000","price":"0.00061416","timestamp":1640604783,"volume":"73.69920000","buyTxId":"MM-P-13415253-60402229-3-29-0","sellTxId":"ec769af21b590ca40685278d507f6ea754f4a2ea"}
{"index": {"_index":"sim","_id":"2394120"}}
	{"id":2394120,"type":"sell","buyer":"jelly-cz","seller":"willsaldeno","symbol":"SIM","quantity":"39567.539","price":"0.00061416","timestamp":1640604945,"volume":"24.30079975","buyTxId":"MM-P-13415253-60402229-3-29-0","sellTxId":"6c662889f0d1d3d148e789ae1ff624ac980b575b"}
{"index": {"_index":"sim","_id":"2394121"}}
	{"id":2394121,"type":"sell","buyer":"jelly13","seller":"willsaldeno","symbol":"SIM","quantity":"30635.461","price":"0.00061157","timestamp":1640604945,"volume":"18.73572888","buyTxId":"7af6025ee16ad1653fd0e6a3d26bf889e83b61da","sellTxId":"6c662889f0d1d3d148e789ae1ff624ac980b575b"}
{"index": {"_index":"sim","_id":"2394237"}}
	{"id":2394237,"type":"sell","buyer":"jelly-cz","seller":"elricmoonslayer","symbol":"SIM","quantity":"218.015","price":"0.00061501","timestamp":1640605839,"volume":"0.13408141","buyTxId":"MM-P-13415451-60402427-3-29-0","sellTxId":"5b2475f01b8997fe21d1c30e9e2ec42c70e3aab8"}
{"index": {"_index":"sim","_id":"2394346"}}
	{"id":2394346,"type":"sell","buyer":"jelly-cz","seller":"brofi-market","symbol":"SIM","quantity":"0.006","price":"0.00061501","timestamp":1640607075,"volume":"0.00000369","buyTxId":"MM-P-13415451-60402427-3-29-0","sellTxId":"b497fea0181648c00788083bdd25a3705320ea47"}
{"index": {"_index":"sim","_id":"2394549"}}
	{"id":2394549,"type":"sell","buyer":"jelly-cz","seller":"cmplxty","symbol":"SIM","quantity":"828.835","price":"0.00061501","timestamp":1640609277,"volume":"0.50974181","buyTxId":"MM-P-13415451-60402427-3-29-0","sellTxId":"c65e4804bf91c4027957321691df7bae77cefa76"}
{"index": {"_index":"sim","_id":"2394730"}}
	{"id":2394730,"type":"sell","buyer":"monsterjamgold","seller":"heikki1337","symbol":"SIM","quantity":"2178.000","price":"0.00061502","timestamp":1640611029,"volume":"1.33951356","buyTxId":"0a78c8fa8952de6564ba85ef06bee7a5c36a0b80","sellTxId":"3fb04190592623605e4955404cd9232a5f7f5b03"}
{"index": {"_index":"sim","_id":"2394737"}}
	{"id":2394737,"type":"buy","buyer":"svirus","seller":"heikki1337","symbol":"SIM","quantity":"7159.320","price":"0.00061502","timestamp":1640611032,"volume":"4.40312499","buyTxId":"17613c5e3fe4b9775c526d11eb766c852fcdb791-0","sellTxId":"3fb04190592623605e4955404cd9232a5f7f5b03"}
{"index": {"_index":"sim","_id":"2394793"}}
	{"id":2394793,"type":"buy","buyer":"monsterjamgold","seller":"heikki1337","symbol":"SIM","quantity":"0.003","price":"0.00061502","timestamp":1640611368,"volume":"0.00000185","buyTxId":"98cd5c5ef6034623ca3fec1e60e839926d2be000","sellTxId":"3fb04190592623605e4955404cd9232a5f7f5b03"}
{"index": {"_index":"sim","_id":"2394994"}}
	{"id":2394994,"type":"sell","buyer":"pi-trader","seller":"sozdemir","symbol":"SIM","quantity":"94.788","price":"0.00061762","timestamp":1640613498,"volume":"0.05854296","buyTxId":"0d26a49d658e349224300b9ee2c61e058d8e87e3-3","sellTxId":"3c96965accd239173957eb72872aeb8609dc4901"}
{"index": {"_index":"sim","_id":"2395159"}}
	{"id":2395159,"type":"sell","buyer":"jelly-cz","seller":"bib15hash","symbol":"SIM","quantity":"4374.000","price":"0.00061917","timestamp":1640614413,"volume":"2.70824958","buyTxId":"MM-P-13418443-60405421-3-29-0","sellTxId":"3d293779091291b9286c98b3ce33af660c3d3188"}
{"index": {"_index":"sim","_id":"2395508"}}
	{"id":2395508,"type":"sell","buyer":"jelly-cz","seller":"mfblack","symbol":"SIM","quantity":"119337.000","price":"0.00062021","timestamp":1640617209,"volume":"74.01400077","buyTxId":"MM-P-13419142-60406120-3-29-0","sellTxId":"3ed05dfa5fb4ceff736a340dd499cbfaf5da5a5c"}
{"index": {"_index":"sim","_id":"2395674"}}
	{"id":2395674,"type":"sell","buyer":"jelly-cz","seller":"tomhall","symbol":"SIM","quantity":"128.593","price":"0.00062021","timestamp":1640618475,"volume":"0.07975466","buyTxId":"MM-P-13419142-60406120-3-29-0","sellTxId":"aa3624c0e69aa9a0ed7bda666fa45d4fa3d9c717"}
{"index": {"_index":"sim","_id":"2395711"}}
	{"id":2395711,"type":"sell","buyer":"jelly-cz","seller":"virtualinsanity","symbol":"SIM","quantity":"12952.010","price":"0.00062021","timestamp":1640618655,"volume":"8.03296612","buyTxId":"MM-P-13419142-60406120-3-29-0","sellTxId":"8890b0f987a49e13b6ff144b3c929bace59b2ee9"}
{"index": {"_index":"sim","_id":"2395734"}}
	{"id":2395734,"type":"sell","buyer":"jelly-cz","seller":"konvik","symbol":"SIM","quantity":"25593.393","price":"0.00062021","timestamp":1640618823,"volume":"15.87327827","buyTxId":"MM-P-13419142-60406120-3-29-0","sellTxId":"3883ac0223c9dc10a34a321fcfab5e530d1fecf1-1"}
{"index": {"_index":"sim","_id":"2395735"}}
	{"id":2395735,"type":"sell","buyer":"jelly13","seller":"konvik","symbol":"SIM","quantity":"53607.722","price":"0.00061450","timestamp":1640618823,"volume":"32.94194517","buyTxId":"9f0d13b63374fb40d9617e764971210a78eebedd","sellTxId":"3883ac0223c9dc10a34a321fcfab5e530d1fecf1-1"}
{"index": {"_index":"sim","_id":"2395771"}}
	{"id":2395771,"type":"sell","buyer":"jelly13","seller":"elevator09","symbol":"SIM","quantity":"3822.000","price":"0.00061450","timestamp":1640618964,"volume":"2.34861900","buyTxId":"9f0d13b63374fb40d9617e764971210a78eebedd","sellTxId":"ac0c1afae828847532cd7635172c7e03bcaf0e61"}
{"index": {"_index":"sim","_id":"2395822"}}
	{"id":2395822,"type":"sell","buyer":"jelly-cz","seller":"elevator09","symbol":"SIM","quantity":"622.378","price":"0.00061501","timestamp":1640619126,"volume":"0.38276869","buyTxId":"MM-P-13420040-60407018-3-29-0","sellTxId":"3a1af12b9704f836fc80f006d6516fa83afd1c0e"}
{"index": {"_index":"sim","_id":"2395850"}}
	{"id":2395850,"type":"sell","buyer":"jelly-cz","seller":"notak1","symbol":"SIM","quantity":"15833.356","price":"0.00061552","timestamp":1640619531,"volume":"9.74574729","buyTxId":"MM-P-13420140-60407118-3-29-0","sellTxId":"003517c62e2fbd6d8134379574909b9915ea4c0b"}
{"index": {"_index":"sim","_id":"2395945"}}
	{"id":2395945,"type":"sell","buyer":"bambukah","seller":"lisamgentile1961","symbol":"SIM","quantity":"65.196","price":"0.00061501","timestamp":1640620398,"volume":"0.04009619","buyTxId":"6fe2d53447e563099fc560a272fb621b9d1cbbe1","sellTxId":"99bd6c3e6b685f5573199415b802becb6f95b5b5"}
{"index": {"_index":"sim","_id":"2396375"}}
	{"id":2396375,"type":"sell","buyer":"bambukah","seller":"nrg","symbol":"SIM","quantity":"1434.804","price":"0.00061501","timestamp":1640623449,"volume":"0.88241881","buyTxId":"6fe2d53447e563099fc560a272fb621b9d1cbbe1","sellTxId":"ef49d4fa2f9be17f72d2d6d09190f6b86353caef-3"}
{"index": {"_index":"sim","_id":"2396376"}}
	{"id":2396376,"type":"sell","buyer":"jelly13","seller":"nrg","symbol":"SIM","quantity":"4471.196","price":"0.00061157","timestamp":1640623449,"volume":"2.73444934","buyTxId":"7af6025ee16ad1653fd0e6a3d26bf889e83b61da","sellTxId":"ef49d4fa2f9be17f72d2d6d09190f6b86353caef-3"}
{"index": {"_index":"sim","_id":"2396770"}}
	{"id":2396770,"type":"sell","buyer":"jelly-cz","seller":"udontknowm3","symbol":"SIM","quantity":"25.131","price":"0.00061521","timestamp":1640625354,"volume":"0.01546084","buyTxId":"MM-P-13422136-60409114-3-29-0","sellTxId":"ebbf1215bc49f050d9f2821ebaa16bed6f5bcd2f"}
{"index": {"_index":"sim","_id":"2397103"}}
	{"id":2397103,"type":"sell","buyer":"pi-trader","seller":"tonytrillions","symbol":"SIM","quantity":"0.022","price":"0.00061782","timestamp":1640627697,"volume":"0.00001359","buyTxId":"daabf38935955b62046f57fcc17ac2b1ddc51aff-3","sellTxId":"dbeea0391077d19978b3b30db62edcc66598ff4c"}
{"index": {"_index":"sim","_id":"2397129"}}
	{"id":2397129,"type":"sell","buyer":"pi-trader","seller":"augustbrown","symbol":"SIM","quantity":"17.010","price":"0.00061834","timestamp":1640627856,"volume":"0.01051796","buyTxId":"b7e24dfcc19151d56a3b51bcf3d2921bcdd55d20-3","sellTxId":"fca8ba76af76f81cd17d38185223422bc78bd2b5"}
{"index": {"_index":"sim","_id":"2397317"}}
	{"id":2397317,"type":"buy","buyer":"dkid14","seller":"newsposter","symbol":"SIM","quantity":"3890.000","price":"0.00063000","timestamp":1640629311,"volume":"2.45070000","buyTxId":"65970c725346840013952b3c231e57199b628666","sellTxId":"7907e345fc0da80c61c1f2c7b8ba11de08c1abf0"}
{"index": {"_index":"sim","_id":"2397318"}}
	{"id":2397318,"type":"sell","buyer":"dkid14","seller":"svirus","symbol":"SIM","quantity":"16115.320","price":"0.00063000","timestamp":1640629314,"volume":"10.15265160","buyTxId":"65970c725346840013952b3c231e57199b628666","sellTxId":"97e19ff0dfb2ad6a846018d205c6c2a1030ca8b6-1"}
{"index": {"_index":"sim","_id":"2397319"}}
	{"id":2397319,"type":"sell","buyer":"dkid14","seller":"konvik","symbol":"SIM","quantity":"0.006","price":"0.00063000","timestamp":1640629314,"volume":"0.00000378","buyTxId":"65970c725346840013952b3c231e57199b628666","sellTxId":"7f0394c7e4b99471b1a35a9dce37f84248069e4d-1"}
{"index": {"_index":"sim","_id":"2397444"}}
	{"id":2397444,"type":"sell","buyer":"jelly-cz","seller":"kaeptn-iglo","symbol":"SIM","quantity":"11159.150","price":"0.00062041","timestamp":1640630139,"volume":"6.92324825","buyTxId":"MM-P-13423534-60410512-3-29-0","sellTxId":"e04607253eb2a2aa07d2c6ebad6f84193bd3ff68"}
{"index": {"_index":"sim","_id":"2397572"}}
	{"id":2397572,"type":"sell","buyer":"pi-trader","seller":"quirozrafa","symbol":"SIM","quantity":"882.195","price":"0.00062198","timestamp":1640631399,"volume":"0.54870765","buyTxId":"9ebd22bb184fda789864ed8389fae39f40c7c3da-5","sellTxId":"0ff2f412ecfc7ea25f5d9661e57737dd560386a3"}
{"index": {"_index":"sim","_id":"2397732"}}
	{"id":2397732,"type":"sell","buyer":"jelly-cz","seller":"steem-hodler","symbol":"SIM","quantity":"22000.000","price":"0.00062301","timestamp":1640633154,"volume":"13.70622000","buyTxId":"MM-P-13424331-60411309-3-29-0","sellTxId":"ebbdd4b8cc86839b186708f6f5dc71a8916eaebe"}
{"index": {"_index":"sim","_id":"2397771"}}
	{"id":2397771,"type":"sell","buyer":"jelly-cz","seller":"boycharliefamily","symbol":"SIM","quantity":"8003.028","price":"0.00062301","timestamp":1640633661,"volume":"4.98596647","buyTxId":"MM-P-13424331-60411309-3-29-0","sellTxId":"fa88d9839cced3c05d462367a612e4f59c960e61"}
{"index": {"_index":"sim","_id":"2397824"}}
	{"id":2397824,"type":"sell","buyer":"jelly-cz","seller":"steem-hodler","symbol":"SIM","quantity":"14600.000","price":"0.00062301","timestamp":1640634303,"volume":"9.09594600","buyTxId":"MM-P-13424331-60411309-3-29-0","sellTxId":"c4fb23aba9ae02063c79c563818f4dc383168474"}
{"index": {"_index":"sim","_id":"2397890"}}
	{"id":2397890,"type":"sell","buyer":"jelly-cz","seller":"imperij4427","symbol":"SIM","quantity":"19164.000","price":"0.00062301","timestamp":1640634954,"volume":"11.93936364","buyTxId":"MM-P-13424331-60411309-3-29-0","sellTxId":"e7f45dda58940ba604b72d3852cd21a4cf30b552"}
{"index": {"_index":"sim","_id":"2397936"}}
	{"id":2397936,"type":"sell","buyer":"jelly-cz","seller":"themarkymark","symbol":"SIM","quantity":"6205.123","price":"0.00062301","timestamp":1640635446,"volume":"3.86585368","buyTxId":"MM-P-13424331-60411309-3-29-0","sellTxId":"449086922e06cc93392fe0014fcde416680c6d8a"}
{"index": {"_index":"sim","_id":"2397964"}}
	{"id":2397964,"type":"sell","buyer":"jelly-cz","seller":"successforall","symbol":"SIM","quantity":"1500","price":"0.00062301","timestamp":1640635896,"volume":"0.93451500","buyTxId":"MM-P-13424331-60411309-3-29-0","sellTxId":"ba64b28dc45da2ce563bc444029f454ff8891ff6"}
{"index": {"_index":"sim","_id":"2398127"}}
	{"id":2398127,"type":"sell","buyer":"jelly-cz","seller":"rambo21","symbol":"SIM","quantity":"257.000","price":"0.00062301","timestamp":1640637321,"volume":"0.16011357","buyTxId":"MM-P-13424331-60411309-3-29-0","sellTxId":"f37bc104a2172237d3093f91be6829634219d6d6"}
{"index": {"_index":"sim","_id":"2398197"}}
	{"id":2398197,"type":"buy","buyer":"cowboyzlegend27","seller":"brofi-market","symbol":"SIM","quantity":"0.006","price":"0.00063899","timestamp":1640637888,"volume":"0.00000383","buyTxId":"deed3978d071ac9bc27d8809d3b7bbd389f7fdfe","sellTxId":"62ca8d085dfdaf3e816d28b93554fbe0ef2cd5f8"}
{"index": {"_index":"sim","_id":"2398198"}}
	{"id":2398198,"type":"buy","buyer":"cowboyzlegend27","seller":"pi-trader","symbol":"SIM","quantity":"163.214","price":"0.00063899","timestamp":1640637888,"volume":"0.10429211","buyTxId":"deed3978d071ac9bc27d8809d3b7bbd389f7fdfe","sellTxId":"b377b7182e9e364c4af9cac7ec2af869b5aa8f42-5"}
{"index": {"_index":"sim","_id":"2398206"}}
	{"id":2398206,"type":"sell","buyer":"jelly-cz","seller":"monsterjamgold","symbol":"SIM","quantity":"1654.477","price":"0.00062301","timestamp":1640637975,"volume":"1.03075572","buyTxId":"MM-P-13424331-60411309-3-29-0","sellTxId":"59827f39fabb7c92ea05adb20aa194b16b482d67"}
{"index": {"_index":"sim","_id":"2398307"}}
	{"id":2398307,"type":"buy","buyer":"rexikhan","seller":"pi-trader","symbol":"SIM","quantity":"800.000","price":"0.00063899","timestamp":1640638623,"volume":"0.51119200","buyTxId":"5de0f6e36ac0eebfa5e2744da9ae67f883ee695e","sellTxId":"9eb506059d6f27ec8624740986a3b5549a3c5998-6"}
{"index": {"_index":"sim","_id":"2398310"}}
	{"id":2398310,"type":"sell","buyer":"mervinthepogi","seller":"vincentnijman","symbol":"SIM","quantity":"2086.985","price":"0.00062302","timestamp":1640638665,"volume":"1.30023339","buyTxId":"570e1bd73e222cd1a6ff00012e29c044b8d79383","sellTxId":"ab14e7a48635868e51907854bee8314c01bc6526"}
{"index": {"_index":"sim","_id":"2398319"}}
	{"id":2398319,"type":"buy","buyer":"rexikhan","seller":"pi-trader","symbol":"SIM","quantity":"800.000","price":"0.00063899","timestamp":1640638752,"volume":"0.51119200","buyTxId":"277b34b6c24612b0618996f415ee7abfd897dfb0","sellTxId":"c0bc315224b103ec73b37d8cdd6698b265f690d6-4"}
{"index": {"_index":"sim","_id":"2398335"}}
	{"id":2398335,"type":"buy","buyer":"rexikhan","seller":"pi-trader","symbol":"SIM","quantity":"300.000","price":"0.00063899","timestamp":1640638929,"volume":"0.19169700","buyTxId":"9abe8a1357e0624c2af1d5afb71ded7fafca7c90","sellTxId":"35dbb06b05a78e00070883007e54e9d12c6f300e-2"}
{"index": {"_index":"sim","_id":"2398397"}}
	{"id":2398397,"type":"sell","buyer":"mervinthepogi","seller":"chekohler","symbol":"SIM","quantity":"0.009","price":"0.00062302","timestamp":1640639484,"volume":"0.00000561","buyTxId":"570e1bd73e222cd1a6ff00012e29c044b8d79383","sellTxId":"2b635cf80531b6fc5b9eb76a7c31a95af4040827"}
{"index": {"_index":"sim","_id":"2398399"}}
	{"id":2398399,"type":"sell","buyer":"mervinthepogi","seller":"cccf","symbol":"SIM","quantity":"7.067","price":"0.00062302","timestamp":1640639499,"volume":"0.00440288","buyTxId":"570e1bd73e222cd1a6ff00012e29c044b8d79383","sellTxId":"b19b2612df962bfe665f0e0da98020aee72fba25"}
{"index": {"_index":"sim","_id":"2398411"}}
	{"id":2398411,"type":"sell","buyer":"mervinthepogi","seller":"kaeptn-iglo","symbol":"SIM","quantity":"3559.000","price":"0.00062302","timestamp":1640639559,"volume":"2.21732818","buyTxId":"570e1bd73e222cd1a6ff00012e29c044b8d79383","sellTxId":"68c458953d64899171a8ccc235fd9b4e74e8fa88"}
{"index": {"_index":"sim","_id":"2398474"}}
	{"id":2398474,"type":"buy","buyer":"bambukah","seller":"pi-trader","symbol":"SIM","quantity":"400.000","price":"0.00063899","timestamp":1640640021,"volume":"0.25559600","buyTxId":"18d6546203b74a32f60a8890bab902e9a70cb8b9","sellTxId":"7bbad2f29f0d8e687212fb621420f6d53f0a92ba-2"}
{"index": {"_index":"sim","_id":"2398506"}}
	{"id":2398506,"type":"buy","buyer":"jjprac","seller":"pi-trader","symbol":"SIM","quantity":"7000.000","price":"0.00063899","timestamp":1640640165,"volume":"4.47293000","buyTxId":"6e3481cfc72523288d8d5ca01b6c641b944a1ff3","sellTxId":"9bac8cff708da985da2057d41819adb698290e2c-3"}
{"index": {"_index":"sim","_id":"2398586"}}
	{"id":2398586,"type":"sell","buyer":"mervinthepogi","seller":"dswap","symbol":"SIM","quantity":"0.076","price":"0.00062302","timestamp":1640640798,"volume":"0.00004735","buyTxId":"570e1bd73e222cd1a6ff00012e29c044b8d79383","sellTxId":"3dcde0e151e3819e6c2b2ef4c8517bfec1eb24d1"}
{"index": {"_index":"sim","_id":"2398820"}}
	{"id":2398820,"type":"sell","buyer":"mervinthepogi","seller":"maryjane.main","symbol":"SIM","quantity":"1346.863","price":"0.00062302","timestamp":1640642454,"volume":"0.83912259","buyTxId":"570e1bd73e222cd1a6ff00012e29c044b8d79383","sellTxId":"179fae9127c03bc1cf5c589076a6c71646e9ec10"}
{"index": {"_index":"sim","_id":"2398821"}}
	{"id":2398821,"type":"sell","buyer":"jelly-cz","seller":"maryjane.main","symbol":"SIM","quantity":"10433.187","price":"0.00062301","timestamp":1640642454,"volume":"6.49997983","buyTxId":"MM-P-13424331-60411309-3-29-0","sellTxId":"179fae9127c03bc1cf5c589076a6c71646e9ec10"}
{"index": {"_index":"sim","_id":"2398916"}}
	{"id":2398916,"type":"sell","buyer":"jelly-cz","seller":"lookplz","symbol":"SIM","quantity":"7677.401","price":"0.00062301","timestamp":1640643153,"volume":"4.78309760","buyTxId":"MM-P-13424331-60411309-3-29-0","sellTxId":"20ca33add98958fe34ed7c48951ce73f1ac77d6e"}
{"index": {"_index":"sim","_id":"2398972"}}
	{"id":2398972,"type":"sell","buyer":"jelly-cz","seller":"medaymane","symbol":"SIM","quantity":"2053.000","price":"0.00062301","timestamp":1640643480,"volume":"1.27903953","buyTxId":"MM-P-13424331-60411309-3-29-0","sellTxId":"adf99cf6866431d67b9cf4b3f7df49f1cd5404ef"}
{"index": {"_index":"sim","_id":"2398998"}}
	{"id":2398998,"type":"sell","buyer":"jelly-cz","seller":"thisisawesome","symbol":"SIM","quantity":"5.349","price":"0.00062301","timestamp":1640643708,"volume":"0.00333248","buyTxId":"MM-P-13424331-60411309-3-29-0","sellTxId":"a642dbc16ed53235d9aded1d9fdb6b11775a4d40"}
{"index": {"_index":"sim","_id":"2399022"}}
	{"id":2399022,"type":"sell","buyer":"jelly-cz","seller":"kevinnag58","symbol":"SIM","quantity":"1600","price":"0.00062301","timestamp":1640643900,"volume":"0.99681600","buyTxId":"MM-P-13424331-60411309-3-29-0","sellTxId":"74d09c6c52bf243d8ab34102eed2147ae81ea9f0"}
{"index": {"_index":"sim","_id":"2399029"}}
	{"id":2399029,"type":"sell","buyer":"jelly-cz","seller":"thranax","symbol":"SIM","quantity":"60.054","price":"0.00062301","timestamp":1640643990,"volume":"0.03741424","buyTxId":"MM-P-13424331-60411309-3-29-0","sellTxId":"4c7d9b0b8af312870c1103b1bab71db548ef9996"}
{"index": {"_index":"sim","_id":"2399079"}}
	{"id":2399079,"type":"buy","buyer":"kasaisoul","seller":"pi-trader","symbol":"SIM","quantity":"10.956","price":"0.00063899","timestamp":1640644449,"volume":"0.00700077","buyTxId":"01b87a4a236a5dd497a1f0936a501dc83be15f6a","sellTxId":"235368f9046667f43efd972a4eff941758ad27b1-7"}
{"index": {"_index":"sim","_id":"2399117"}}
	{"id":2399117,"type":"sell","buyer":"jelly-cz","seller":"daigorokoike","symbol":"SIM","quantity":"2700.000","price":"0.00062301","timestamp":1640644848,"volume":"1.68212700","buyTxId":"MM-P-13424331-60411309-3-29-0","sellTxId":"74a8be32e925746c9f0ee687265ebfb37b419b3e"}
{"index": {"_index":"sim","_id":"2399166"}}
	{"id":2399166,"type":"sell","buyer":"jelly-cz","seller":"balte","symbol":"SIM","quantity":"11000.000","price":"0.00062301","timestamp":1640645475,"volume":"6.85311000","buyTxId":"MM-P-13424331-60411309-3-29-0","sellTxId":"b674a683f76bbbb17c3c23a3614197e50df57d67"}
{"index": {"_index":"sim","_id":"2399192"}}
	{"id":2399192,"type":"sell","buyer":"jelly-cz","seller":"sharkthelion","symbol":"SIM","quantity":"225.140","price":"0.00062301","timestamp":1640645733,"volume":"0.14026447","buyTxId":"MM-P-13424331-60411309-3-29-0","sellTxId":"2a00ffbb0a8b40cd230f200a9bb1d9caa38e2e49"}
{"index": {"_index":"sim","_id":"2399212"}}
	{"id":2399212,"type":"sell","buyer":"jelly-cz","seller":"marfonso","symbol":"SIM","quantity":"269.159","price":"0.00062301","timestamp":1640645916,"volume":"0.16768875","buyTxId":"MM-P-13424331-60411309-3-29-0","sellTxId":"4ed748c06c55989ecc9975940383c922756c9834"}
{"index": {"_index":"sim","_id":"2399214"}}
	{"id":2399214,"type":"buy","buyer":"kasaisoul","seller":"pi-trader","symbol":"SIM","quantity":"0.677","price":"0.00063899","timestamp":1640645928,"volume":"0.00043260","buyTxId":"0ef41a836cd99d61b5f2cc66aba275f7a703e331","sellTxId":"4591f3ff0a9297e410bb54521eda48828023acc6-2"}
{"index": {"_index":"sim","_id":"2399259"}}
	{"id":2399259,"type":"sell","buyer":"jelly-cz","seller":"portugalcoin","symbol":"SIM","quantity":"5453.035","price":"0.00062301","timestamp":1640646393,"volume":"3.39729534","buyTxId":"MM-P-13424331-60411309-3-29-0","sellTxId":"9bc9182edd439a8c9d1adcd34f3821daf05f0c75"}
{"index": {"_index":"sim","_id":"2399266"}}
	{"id":2399266,"type":"buy","buyer":"theclasser1","seller":"pi-trader","symbol":"SIM","quantity":"1435.800","price":"0.00063899","timestamp":1640646483,"volume":"0.91746184","buyTxId":"9023e0b3b7628fb1dcbdedaeb01420a6c14d6522","sellTxId":"c70171231d127f7bbaf5131671d6c19bf464e726-6"}
{"index": {"_index":"sim","_id":"2399318"}}
	{"id":2399318,"type":"buy","buyer":"theclasser1","seller":"pi-trader","symbol":"SIM","quantity":"274.318","price":"0.00063899","timestamp":1640646936,"volume":"0.17528646","buyTxId":"8988923f9c953321514b54b310be0d8aed06cc8c","sellTxId":"c4ad06ac0ac699f7a6b15ca19d7090ee24600059-8"}
{"index": {"_index":"sim","_id":"2399364"}}
	{"id":2399364,"type":"sell","buyer":"jelly-cz","seller":"udontknowm3","symbol":"SIM","quantity":"21.588","price":"0.00062301","timestamp":1640647407,"volume":"0.01344954","buyTxId":"MM-P-13424331-60411309-3-29-0","sellTxId":"5ec665e2f02f1a276065ad5421bdbfc9a4cf8e38"}
{"index": {"_index":"sim","_id":"2399365"}}
	{"id":2399365,"type":"buy","buyer":"kasaisoul","seller":"pi-trader","symbol":"SIM","quantity":"32.849","price":"0.00063899","timestamp":1640647422,"volume":"0.02099018","buyTxId":"a3021b3ffb021fd0553b089d23fc6a6bc38dc9af","sellTxId":"8b584fef943a1752c6ced9de451ebee6842e22bc-6"}
{"index": {"_index":"sim","_id":"2399368"}}
	{"id":2399368,"type":"sell","buyer":"jelly-cz","seller":"elevator09","symbol":"SIM","quantity":"3278.000","price":"0.00062301","timestamp":1640647443,"volume":"2.04222678","buyTxId":"MM-P-13424331-60411309-3-29-0","sellTxId":"0d80274c83f036984e499d0aba96224d41053af9"}
{"index": {"_index":"sim","_id":"2399393"}}
	{"id":2399393,"type":"buy","buyer":"kasaisoul","seller":"pi-trader","symbol":"SIM","quantity":"1945.367","price":"0.00063899","timestamp":1640647767,"volume":"1.24307006","buyTxId":"1c339532b94ea90b94abcb27b1177cc224987ac5","sellTxId":"d631e42c98fc52c3151e8b17795e10af8b045b8c-6"}
{"index": {"_index":"sim","_id":"2399429"}}
	{"id":2399429,"type":"sell","buyer":"jelly-cz","seller":"quantumg","symbol":"SIM","quantity":"359.150","price":"0.00062301","timestamp":1640648133,"volume":"0.22375404","buyTxId":"MM-P-13424331-60411309-3-29-0","sellTxId":"d7f8f99924c82e6efda1534f7840a7f6c373a249"}
{"index": {"_index":"sim","_id":"2399462"}}
	{"id":2399462,"type":"sell","buyer":"jelly-cz","seller":"jrcornel","symbol":"SIM","quantity":"38782.155","price":"0.00062301","timestamp":1640648391,"volume":"24.16167039","buyTxId":"MM-P-13424331-60411309-3-29-0","sellTxId":"26ccc8e6bab3bbba43456aac9ce9160fcd10ca50"}
{"index": {"_index":"sim","_id":"2399466"}}
	{"id":2399466,"type":"sell","buyer":"pi-trader","seller":"jrcornel","symbol":"SIM","quantity":"97966.584","price":"0.00061161","timestamp":1640648433,"volume":"59.91734244","buyTxId":"91624baccd5cf030713769afe1853b96cd422a63","sellTxId":"0f719aeb9f00a392af8389bed0320f633a523b23"}
{"index": {"_index":"sim","_id":"2399550"}}
	{"id":2399550,"type":"buy","buyer":"dkid14","seller":"pi-trader","symbol":"SIM","quantity":"50000.000","price":"0.00063899","timestamp":1640649387,"volume":"31.94950000","buyTxId":"a7427b5875bb683de466b26f5900222bfdc7d686","sellTxId":"3af7ae5cf968341fba33ac539ac859d858bf3620-4"}
{"index": {"_index":"sim","_id":"2399551"}}
	{"id":2399551,"type":"sell","buyer":"dkid14","seller":"svirus","symbol":"SIM","quantity":"32262.910","price":"0.00063899","timestamp":1640649390,"volume":"20.61567686","buyTxId":"a7427b5875bb683de466b26f5900222bfdc7d686","sellTxId":"6e9b32d22afe990a44af98db11ee3f906051fb26-1"}
{"index": {"_index":"sim","_id":"2399553"}}
	{"id":2399553,"type":"sell","buyer":"dkid14","seller":"pi-trader","symbol":"SIM","quantity":"0.008","price":"0.00063899","timestamp":1640649408,"volume":"0.00000511","buyTxId":"a7427b5875bb683de466b26f5900222bfdc7d686","sellTxId":"abe60fb455ac32f22cdf2a0fb08cfe451e526e09-5"}
{"index": {"_index":"sim","_id":"2399697"}}
	{"id":2399697,"type":"sell","buyer":"pi-trader","seller":"brofi-market","symbol":"SIM","quantity":"0.003","price":"0.00061524","timestamp":1640650446,"volume":"0.00000185","buyTxId":"d6997db5355dec44a404079578686b8e5f710b7e-3","sellTxId":"5f0e9d6e100e11900355d236efe4eabcdb6f28d7"}
{"index": {"_index":"sim","_id":"2399709"}}
	{"id":2399709,"type":"sell","buyer":"pi-trader","seller":"ericburgoyne","symbol":"SIM","quantity":"61.488","price":"0.00061524","timestamp":1640650512,"volume":"0.03782988","buyTxId":"268ebb1f7ed8f957d1da75721120727fb1f08241-4","sellTxId":"b660ae60897993c07213425bf93806e5a562b109"}
{"index": {"_index":"sim","_id":"2399825"}}
	{"id":2399825,"type":"sell","buyer":"pi-trader","seller":"bitcoinflood","symbol":"SIM","quantity":"2391.686","price":"0.00061628","timestamp":1640651133,"volume":"1.47394825","buyTxId":"a9b23bad18ae1941e6ace250af864526133c02be-5","sellTxId":"fd987c60679f2ede493ccc98c48c0363af566fc6"}
{"index": {"_index":"sim","_id":"2399842"}}
	{"id":2399842,"type":"buy","buyer":"ressonlelong","seller":"pi-trader","symbol":"SIM","quantity":"486.000","price":"0.00063899","timestamp":1640651223,"volume":"0.31054914","buyTxId":"c55982b944d32138366f4b0c738f75b4dc70deaf","sellTxId":"595dcd7640039f9e00dca81d067267383e539129-2"}
{"index": {"_index":"sim","_id":"2399870"}}
	{"id":2399870,"type":"sell","buyer":"pi-trader","seller":"hirohurl","symbol":"SIM","quantity":"44.642","price":"0.00061680","timestamp":1640651442,"volume":"0.02753519","buyTxId":"f669d7128d116fbc138d84de16784c52ce5f2980-10","sellTxId":"0e4d68944e4b1b85234b75b54d63b71d1ede53a7"}
{"index": {"_index":"sim","_id":"2399985"}}
	{"id":2399985,"type":"buy","buyer":"lightcaptured","seller":"pi-trader","symbol":"SIM","quantity":"81.100","price":"0.00063898","timestamp":1640652432,"volume":"0.05182128","buyTxId":"eecdf6d37b4a52c367933c1b3affc7191d353f42","sellTxId":"b066302fdffb6b03238f13ce076393256c655cf8-7"}
{"index": {"_index":"sim","_id":"2400055"}}
	{"id":2400055,"type":"sell","buyer":"jelly-cz","seller":"votebetting","symbol":"SIM","quantity":"5.714","price":"0.00061835","timestamp":1640653230,"volume":"0.00353325","buyTxId":"MM-P-13431017-60417995-3-29-0","sellTxId":"b90f9e7d964fff90f0726ab192273a00417ab480"}
{"index": {"_index":"sim","_id":"2400170"}}
	{"id":2400170,"type":"sell","buyer":"jelly-cz","seller":"andy4475","symbol":"SIM","quantity":"20.068","price":"0.00061835","timestamp":1640654478,"volume":"0.01240905","buyTxId":"MM-P-13431017-60417995-3-29-0","sellTxId":"c5afea1c8dc4aab286fe71dbf38f36ef1e730420"}
{"index": {"_index":"sim","_id":"2400330"}}
	{"id":2400330,"type":"sell","buyer":"jelly-cz","seller":"elianaicgomes","symbol":"SIM","quantity":"1926.387","price":"0.00061835","timestamp":1640655681,"volume":"1.19118140","buyTxId":"MM-P-13431017-60417995-3-29-0","sellTxId":"872492a5f43fdf38c789e829eb409722e1624650"}
{"index": {"_index":"sim","_id":"2400375"}}
	{"id":2400375,"type":"sell","buyer":"jelly-cz","seller":"andy4475","symbol":"SIM","quantity":"29.836","price":"0.00061835","timestamp":1640655969,"volume":"0.01844909","buyTxId":"MM-P-13431017-60417995-3-29-0","sellTxId":"e8fe494abf9723b1075ea4280a9de4abf570a274"}
{"index": {"_index":"sim","_id":"2400387"}}
	{"id":2400387,"type":"buy","buyer":"kasaisoul","seller":"brofi-market","symbol":"SIM","quantity":"0.003","price":"0.00063899","timestamp":1640656038,"volume":"0.00000192","buyTxId":"a13ac7f55bbea3d2ca428f2793389e92a3ecff05","sellTxId":"9ef64c417c7dc7907fdb4a0bd9e9ae8c8d399d38"}
{"index": {"_index":"sim","_id":"2400388"}}
	{"id":2400388,"type":"buy","buyer":"kasaisoul","seller":"pi-trader","symbol":"SIM","quantity":"0.012","price":"0.00063899","timestamp":1640656038,"volume":"0.00000766","buyTxId":"a13ac7f55bbea3d2ca428f2793389e92a3ecff05","sellTxId":"8fba607b398da1643fc7f38e4d46a438e3293945-4"}
{"index": {"_index":"sim","_id":"2400745"}}
	{"id":2400745,"type":"buy","buyer":"svirus","seller":"themarkymark","symbol":"SIM","quantity":"5127.360","price":"0.00062000","timestamp":1640659704,"volume":"3.17896320","buyTxId":"abf61af29a62efcd4ffe207ac20d3f9953a41759-0","sellTxId":"4325d7f893463b75d2f8a45d8cd0d746bf5b2d88"}
{"index": {"_index":"sim","_id":"2400844"}}
	{"id":2400844,"type":"sell","buyer":"jelly-cz","seller":"nftmart.fees","symbol":"SIM","quantity":"15827.850","price":"0.00061835","timestamp":1640660985,"volume":"9.78715105","buyTxId":"MM-P-13431017-60417995-3-29-0","sellTxId":"6738febdf103b38731650ce08b84c7b1d4a05426"}
