{"_id":1144505,"type":"sell","buyer":"frugal-fun","seller":"kishan006","symbol":"SIM","quantity":"8282.274","price":"0.00087000","timestamp":1623736233,"volume":"7.20557838","buyTxId":"4889268ffc1eb5c66c2cd7005769715069867a35","sellTxId":"75cb25e509f19a91beccb80607e4c28cdc2452fb"},{"_id":1144506,"type":"buy","buyer":"konvik","seller":"kishan006","symbol":"SIM","quantity":"9345.726","price":"0.00087000","timestamp":1623736236,"volume":"8.13078162","buyTxId":"6c42c05642f50a76dba5ff71ac1b303ed472e33e-0","sellTxId":"75cb25e509f19a91beccb80607e4c28cdc2452fb"},{"_id":1144520,"type":"sell","buyer":"mapac","seller":"minnowspower","symbol":"SIM","quantity":"158.598","price":"0.00086000","timestamp":1623736722,"volume":"0.13639428","buyTxId":"d4fa080dfe6d1379e08f769e229906ca1ed2e423","sellTxId":"fd9cb3433fe28e58887ff42cc936b8097968c2f4"},{"_id":1144551,"type":"sell","buyer":"mapac","seller":"simbank","symbol":"SIM","quantity":"6634.373","price":"0.00086000","timestamp":1623737787,"volume":"5.70556078","buyTxId":"d4fa080dfe6d1379e08f769e229906ca1ed2e423","sellTxId":"21f24760e1d4bf61f8964c40259ff7569b73e479"},{"_id":1144553,"type":"sell","buyer":"enginemaker","seller":"simbank","symbol":"SIM","quantity":"18097.025","price":"0.00085500","timestamp":1623737844,"volume":"15.47295638","buyTxId":"MM-P-7756613-54732710-3-2-0","sellTxId":"6b365cd15de4dc013c7e87daf151f2df578cea5f"},{"_id":1144556,"type":"buy","buyer":"konvik","seller":"jelly-cz","symbol":"SIM","quantity":"67229.443","price":"0.00090661","timestamp":1623737949,"volume":"60.95088532","buyTxId":"7ff74e7511d25126f426ef57b1c39557dc8429aa-0","sellTxId":"MM-P-7818930-54795240-3-25-0"},{"_id":1144566,"type":"buy","buyer":"konvik","seller":"jelly-cz","symbol":"SIM","quantity":"67838.406","price":"0.00089658","timestamp":1623738249,"volume":"60.82255805","buyTxId":"9f62d21d3aecd2c0d4cb7ee800d245cbe683ace3-0","sellTxId":"MM-P-7819030-54795340-3-25-0"},{"_id":1144571,"type":"buy","buyer":"konvik","seller":"enginemaker","symbol":"SIM","quantity":"18097.025","price":"0.00088657","timestamp":1623738549,"volume":"16.04427945","buyTxId":"ff694dc83284c18b52d775e9fb567b4a0c4cd23b-0","sellTxId":"MM-P-7819130-54795440-3-2-0"},{"_id":1144595,"type":"sell","buyer":"enginemaker","seller":"theguruasia","symbol":"SIM","quantity":"112.000","price":"0.00085500","timestamp":1623739563,"volume":"0.09576000","buyTxId":"MM-P-7756613-54732710-3-2-0","sellTxId":"dd3a56a88c996397a923c778b75cbbb270c34ed8"},{"_id":1144597,"type":"buy","buyer":"konvik","seller":"enginemaker","symbol":"SIM","quantity":"112.000","price":"0.00088648","timestamp":1623739749,"volume":"0.09928576","buyTxId":"2364b6ac98fc03dcffc08b1d052b177f85c268c1-0","sellTxId":"MM-P-7819525-54795839-3-2-0"},{"_id":1144598,"type":"buy","buyer":"konvik","seller":"jelly-cz","symbol":"SIM","quantity":"27054.231","price":"0.00088998","timestamp":1623739749,"volume":"24.07772451","buyTxId":"2364b6ac98fc03dcffc08b1d052b177f85c268c1-0","sellTxId":"MM-P-7819525-54795839-3-25-0"},{"_id":1144610,"type":"sell","buyer":"enginemaker","seller":"cliffagreen","symbol":"SIM","quantity":"15.042","price":"0.00085500","timestamp":1623740490,"volume":"0.01286091","buyTxId":"MM-P-7756613-54732710-3-2-0","sellTxId":"fcf8fc3f34a3b99ab826d707e92baab0a67d5be9"},{"_id":1144685,"type":"sell","buyer":"enginemaker","seller":"ayhamyou","symbol":"SIM","quantity":"2389.000","price":"0.00085500","timestamp":1623742443,"volume":"2.04259500","buyTxId":"MM-P-7756613-54732710-3-2-0","sellTxId":"8283af426bd5406c4a5e15dbecfeb118001dc415"},{"_id":1144715,"type":"sell","buyer":"enginemaker","seller":"manoldonchev","symbol":"SIM","quantity":"8626.699","price":"0.00085500","timestamp":1623743880,"volume":"7.37582764","buyTxId":"MM-P-7756613-54732710-3-2-0","sellTxId":"28f653ef7b15984fa03574e6d20413bbb7b1157a"},{"_id":1144717,"type":"sell","buyer":"dcityfund","seller":"enginemaker","symbol":"SIM","quantity":"9653.564","price":"0.00084600","timestamp":1623743934,"volume":"8.16691514","buyTxId":"f6e0218d336f93ff3a3b9fce88b167e928fc6e1c","sellTxId":"MM-P-7820919-54797236-3-2-1"},{"_id":1144718,"type":"sell","buyer":"solovey6o2","seller":"enginemaker","symbol":"SIM","quantity":"1377.177","price":"0.00084501","timestamp":1623743934,"volume":"1.16372834","buyTxId":"fcef60008000278133f8c4f9c7c79de4c13077e5","sellTxId":"MM-P-7820919-54797236-3-2-1"},{"_id":1144723,"type":"buy","buyer":"konvik","seller":"solovey6o2","symbol":"SIM","quantity":"69562.543","price":"0.00084999","timestamp":1623744144,"volume":"59.12746592","buyTxId":"09eb4b956426f41bb344a84c74ecef951c4224fb-0","sellTxId":"56d5f126ff0845eb625be5c18d423bac5d39d4a0"},{"_id":1144724,"type":"buy","buyer":"konvik","seller":"manoldonchev","symbol":"SIM","quantity":"22000.000","price":"0.00085000","timestamp":1623744159,"volume":"18.70000000","buyTxId":"d64e9eb178597d9d2d0e75490ff3c320b7eb0558-0","sellTxId":"83a4583a40e0d5dc68480becd1979c93ba76673c"},{"_id":1144726,"type":"sell","buyer":"solovey6o2","seller":"manoldonchev","symbol":"SIM","quantity":"4997.139","price":"0.00084501","timestamp":1623744228,"volume":"4.22263242","buyTxId":"fcef60008000278133f8c4f9c7c79de4c13077e5","sellTxId":"51e30c6b721c547663bcf8e048ebb0dc084635af"},{"_id":1144727,"type":"sell","buyer":"solovey6o2","seller":"manoldonchev","symbol":"SIM","quantity":"43002.861","price":"0.00084501","timestamp":1623744228,"volume":"36.33784757","buyTxId":"5708074d27c75c89037bc46c3ef23dfd58fafd8b","sellTxId":"51e30c6b721c547663bcf8e048ebb0dc084635af"},{"_id":1144737,"type":"buy","buyer":"holoferncro","seller":"nftmart.fees","symbol":"SIM","quantity":"119.000","price":"0.00087987","timestamp":1623744747,"volume":"0.10470453","buyTxId":"c2223282a77470301feb55854e8d439d63db57b9","sellTxId":"d7ddfc52fc37f30e7a82769d83c030cb864c457d-0"},{"_id":1144738,"type":"buy","buyer":"holoferncro","seller":"solovey6o2","symbol":"SIM","quantity":"21839.000","price":"0.00088955","timestamp":1623744747,"volume":"19.42688245","buyTxId":"c2223282a77470301feb55854e8d439d63db57b9","sellTxId":"461d1aa77fdc19ef1d2fe46548e33bfe4b5961c2"},{"_id":1144744,"type":"sell","buyer":"solovey6o2","seller":"razam","symbol":"SIM","quantity":"3.000","price":"0.00084501","timestamp":1623745065,"volume":"0.00253503","buyTxId":"5708074d27c75c89037bc46c3ef23dfd58fafd8b","sellTxId":"af1576296106f46192b2afa5962f22cdc456a01a"},{"_id":1144797,"type":"sell","buyer":"solovey6o2","seller":"manoldonchev","symbol":"SIM","quantity":"10700.000","price":"0.00084501","timestamp":1623746331,"volume":"9.04160700","buyTxId":"5708074d27c75c89037bc46c3ef23dfd58fafd8b","sellTxId":"308f7b2681d7cab6b948307b3fac9b8395b72f75"},{"_id":1144811,"type":"sell","buyer":"solovey6o2","seller":"muenchen","symbol":"SIM","quantity":"792.300","price":"0.00084501","timestamp":1623746712,"volume":"0.66950142","buyTxId":"5708074d27c75c89037bc46c3ef23dfd58fafd8b","sellTxId":"b0f4275860095f5409b1984cd6152fe9cc4bca64"},{"_id":1144837,"type":"sell","buyer":"solovey6o2","seller":"cryptoblob","symbol":"SIM","quantity":"175.690","price":"0.00084501","timestamp":1623747591,"volume":"0.14845981","buyTxId":"5708074d27c75c89037bc46c3ef23dfd58fafd8b","sellTxId":"78249a7e10ad52c9388b743f026b1e826bfd75ad"},{"_id":1144857,"type":"sell","buyer":"solovey6o2","seller":"hive.miner","symbol":"SIM","quantity":"97.992","price":"0.00084501","timestamp":1623748692,"volume":"0.08280422","buyTxId":"5708074d27c75c89037bc46c3ef23dfd58fafd8b","sellTxId":"c51e2f8ee6eddd9acd90949ef5c01f85424bebdd"},{"_id":1144862,"type":"buy","buyer":"jujani","seller":"jelly-cz","symbol":"SIM","quantity":"87224.000","price":"0.00088914","timestamp":1623748782,"volume":"77.55434736","buyTxId":"6c623c3191965120faf4faa002c00a4794bd335b","sellTxId":"MM-P-7822509-54798833-3-25-0"},{"_id":1144868,"type":"buy","buyer":"jujani","seller":"nftmart.fees","symbol":"SIM","quantity":"105.000","price":"0.00088921","timestamp":1623749256,"volume":"0.09336705","buyTxId":"3ce4833874be5a57973cfa86f1c9c90656e79c94","sellTxId":"a99f7a1bb1d6f64edfe72b922b41aa6e7ba5f0fa-0"},{"_id":1144869,"type":"buy","buyer":"jujani","seller":"solovey6o2","symbol":"SIM","quantity":"9895.000","price":"0.00088997","timestamp":1623749256,"volume":"8.80625315","buyTxId":"3ce4833874be5a57973cfa86f1c9c90656e79c94","sellTxId":"c34d8530bf8f8db854a973fdaa6b463a77aeac1b"},{"_id":1144870,"type":"buy","buyer":"jujani","seller":"solovey6o2","symbol":"SIM","quantity":"28034.982","price":"0.00088997","timestamp":1623749310,"volume":"24.95029293","buyTxId":"8b016c268a2e4c0885cdc42e4474c69df580f7f8","sellTxId":"c34d8530bf8f8db854a973fdaa6b463a77aeac1b"},{"_id":1144871,"type":"buy","buyer":"jujani","seller":"jelly-cz","symbol":"SIM","quantity":"59189.018","price":"0.00088998","timestamp":1623749310,"volume":"52.67704224","buyTxId":"8b016c268a2e4c0885cdc42e4474c69df580f7f8","sellTxId":"MM-P-7822608-54798933-3-25-0"},{"_id":1144890,"type":"buy","buyer":"konvik","seller":"imperij4427","symbol":"SIM","quantity":"21139.000","price":"0.00085000","timestamp":1623750525,"volume":"17.96815000","buyTxId":"49f4484473ef4eabcb81d816158b76fe3f677100-0","sellTxId":"2cd7ed1ee1e836345bbe2bb7e115234ac0b8f63b"},{"_id":1144905,"type":"buy","buyer":"jujani","seller":"nftmart.fees","symbol":"SIM","quantity":"92.000","price":"0.00088996","timestamp":1623751506,"volume":"0.08187632","buyTxId":"24f59e421138d1651bcc21831b9498e780574fb3","sellTxId":"948cca3bee63d10473790a357854c73acfe3fdb1-0"},{"_id":1144906,"type":"buy","buyer":"jujani","seller":"jelly-cz","symbol":"SIM","quantity":"27942.982","price":"0.00088998","timestamp":1623751506,"volume":"24.86869512","buyTxId":"24f59e421138d1651bcc21831b9498e780574fb3","sellTxId":"MM-P-7822608-54798933-3-25-0"},{"_id":1144908,"type":"buy","buyer":"jujani","seller":"jelly-cz","symbol":"SIM","quantity":"92.000","price":"0.00088998","timestamp":1623751554,"volume":"0.08187816","buyTxId":"a0455b4b1b16e92276dba4d6ce619b2983745d21","sellTxId":"MM-P-7822608-54798933-3-25-0"},{"_id":1144909,"type":"buy","buyer":"jujani","seller":"atomcollector","symbol":"SIM","quantity":"9908.000","price":"0.00089000","timestamp":1623751554,"volume":"8.81812000","buyTxId":"a0455b4b1b16e92276dba4d6ce619b2983745d21","sellTxId":"41ecb4aa004f75e9133fed85b1d555794765bcfd"},{"_id":1144912,"type":"buy","buyer":"gerber","seller":"atomcollector","symbol":"SIM","quantity":"92.000","price":"0.00089000","timestamp":1623751770,"volume":"0.08188000","buyTxId":"ef683115e8fdfd0a55f1ff40d879435a94c39826","sellTxId":"41ecb4aa004f75e9133fed85b1d555794765bcfd"},{"_id":1144913,"type":"buy","buyer":"gerber","seller":"brofi-market","symbol":"SIM","quantity":"0.001","price":"0.00091736","timestamp":1623751770,"volume":"0.00000092","buyTxId":"ef683115e8fdfd0a55f1ff40d879435a94c39826","sellTxId":"bf4ccddbaf28b2c944104b240956471abbb89e78"},{"_id":1144914,"type":"buy","buyer":"gerber","seller":"brofi-market","symbol":"SIM","quantity":"101.041","price":"0.00091853","timestamp":1623751770,"volume":"0.09280919","buyTxId":"ef683115e8fdfd0a55f1ff40d879435a94c39826","sellTxId":"392edfe968d5744ccfd3f3322321be82ae01a05c"},{"_id":1144915,"type":"buy","buyer":"gerber","seller":"jelly-cz","symbol":"SIM","quantity":"87224.000","price":"0.00091947","timestamp":1623751770,"volume":"80.19985128","buyTxId":"ef683115e8fdfd0a55f1ff40d879435a94c39826","sellTxId":"MM-P-7823505-54799833-3-25-0"},{"_id":1144916,"type":"buy","buyer":"gerber","seller":"skoda-auto","symbol":"SIM","quantity":"75721.822","price":"0.00091949","timestamp":1623751770,"volume":"69.62545861","buyTxId":"ef683115e8fdfd0a55f1ff40d879435a94c39826","sellTxId":"76fe7c83458ac606c1730d585bcd0f703f4d4b90"},{"_id":1144921,"type":"buy","buyer":"jujani","seller":"dcityfund","symbol":"SIM","quantity":"6347.390","price":"0.00091900","timestamp":1623752238,"volume":"5.83325141","buyTxId":"d880e135771ea208ac04aeba375a8c405699a5f1","sellTxId":"ceabe3c91d85bda39b52db6d333c95e1173baea1"},{"_id":1144922,"type":"buy","buyer":"jujani","seller":"jelly-cz","symbol":"SIM","quantity":"62876.610","price":"0.00091947","timestamp":1623752238,"volume":"57.81315660","buyTxId":"d880e135771ea208ac04aeba375a8c405699a5f1","sellTxId":"MM-P-7823604-54799933-3-25-0"},{"_id":1144924,"type":"sell","buyer":"solovey6o2","seller":"andy4475","symbol":"SIM","quantity":"41.508","price":"0.00084801","timestamp":1623752376,"volume":"0.03519920","buyTxId":"d3f5e95d57aa662e43607f37aaacec47611359e7","sellTxId":"42a38fea1e4e914222032ac853257d56e16d24bf"},{"_id":1144927,"type":"sell","buyer":"solovey6o2","seller":"sra1992","symbol":"SIM","quantity":"246.000","price":"0.00084801","timestamp":1623752592,"volume":"0.20861046","buyTxId":"d3f5e95d57aa662e43607f37aaacec47611359e7","sellTxId":"c47222c34135f88a79a0f1b9d8d841106ded7972"},{"_id":1144992,"type":"sell","buyer":"solovey6o2","seller":"mary.janikowski","symbol":"SIM","quantity":"5675.000","price":"0.00084801","timestamp":1623755847,"volume":"4.81245675","buyTxId":"d3f5e95d57aa662e43607f37aaacec47611359e7","sellTxId":"27e96b8e09c52ebef1f32a2005752f21d97aa6c5"},{"_id":1145006,"type":"sell","buyer":"solovey6o2","seller":"mary.janikowski","symbol":"SIM","quantity":"5220.000","price":"0.00084901","timestamp":1623756726,"volume":"4.43183220","buyTxId":"8d0192f319392955abbbba80c3ff273240715686","sellTxId":"8299d08537ba6b40ed179ee177e3bb8cc0c3d0ca"},{"_id":1145043,"type":"sell","buyer":"solovey6o2","seller":"thegoliath","symbol":"SIM","quantity":"9974.775","price":"0.00084901","timestamp":1623758871,"volume":"8.46868372","buyTxId":"8d0192f319392955abbbba80c3ff273240715686","sellTxId":"0bfe91eebe7fdf42b0a859f644b0fc183ca4c97f"},{"_id":1145058,"type":"sell","buyer":"solovey6o2","seller":"bilpcoin.pay","symbol":"SIM","quantity":"9.062","price":"0.00084901","timestamp":1623759435,"volume":"0.00769373","buyTxId":"8d0192f319392955abbbba80c3ff273240715686","sellTxId":"9c47cedc3ca532c9aea71a2120319707feae2685"},{"_id":1145067,"type":"sell","buyer":"solovey6o2","seller":"myfreebtc","symbol":"SIM","quantity":"5565.527","price":"0.00084901","timestamp":1623759657,"volume":"4.72518808","buyTxId":"8d0192f319392955abbbba80c3ff273240715686","sellTxId":"66e802d16e9cce0e2a720a20a8d217af752df914"},{"_id":1145088,"type":"sell","buyer":"solovey6o2","seller":"tonytrillions","symbol":"SIM","quantity":"0.030","price":"0.00084901","timestamp":1623760377,"volume":"0.00002547","buyTxId":"8d0192f319392955abbbba80c3ff273240715686","sellTxId":"a90bc991ca84fe9a524b18b7c90aeb6832c0dbb7"},{"_id":1145151,"type":"sell","buyer":"solovey6o2","seller":"chireerocks","symbol":"SIM","quantity":"318.729","price":"0.00084901","timestamp":1623761664,"volume":"0.27060411","buyTxId":"8d0192f319392955abbbba80c3ff273240715686","sellTxId":"ae2c338d5163586ab9673780036399e2f9e2b3e9"},{"_id":1145199,"type":"buy","buyer":"vcelier","seller":"nftmart.fees","symbol":"SIM","quantity":"83.000","price":"0.00084995","timestamp":1623763446,"volume":"0.07054585","buyTxId":"029dea44fff3d2aaa39d827d394a7131140db20e","sellTxId":"ab5599779e4ba42fb67dc2b0920ffd96175efc08-0"},{"_id":1145202,"type":"buy","buyer":"vcelier","seller":"nftmart.fees","symbol":"SIM","quantity":"55.000","price":"0.00084999","timestamp":1623763488,"volume":"0.04674945","buyTxId":"d303764ac9bb68c6ba47cf55600e10e507cd864c","sellTxId":"7a7c50ae8e47c7197db847364e739343c6a63d4f-0"},{"_id":1145203,"type":"buy","buyer":"vcelier","seller":"nftmart.fees","symbol":"SIM","quantity":"27.000","price":"0.00084999","timestamp":1623763539,"volume":"0.02294973","buyTxId":"9c8cb1f4dc53ae3e86f1413a4c680ecbf7a7dd81","sellTxId":"7a7c50ae8e47c7197db847364e739343c6a63d4f-0"},{"_id":1145204,"type":"buy","buyer":"vcelier","seller":"fiberfrau","symbol":"SIM","quantity":"55.000","price":"0.00085000","timestamp":1623763539,"volume":"0.04675000","buyTxId":"9c8cb1f4dc53ae3e86f1413a4c680ecbf7a7dd81","sellTxId":"041f6bc534f16a1ebc8f49a491c173d2459b96d0"},{"_id":1145207,"type":"buy","buyer":"vcelier","seller":"medaymane","symbol":"SIM","quantity":"582.405","price":"0.00089801","timestamp":1623763566,"volume":"0.52300551","buyTxId":"5d8b16d2472de65c5b8e126d743db81474f6d083","sellTxId":"38a902b81f43011cc29da98ef5dcd540beebf193"},{"_id":1145380,"type":"sell","buyer":"solovey6o2","seller":"tomhall","symbol":"SIM","quantity":"236.872","price":"0.00084901","timestamp":1623767235,"volume":"0.20110670","buyTxId":"8d0192f319392955abbbba80c3ff273240715686","sellTxId":"4000515d71a59237bfb96e02371b421f838019bc"},{"_id":1145411,"type":"buy","buyer":"holoferncro","seller":"nftmart.fees","symbol":"SIM","quantity":"148.000","price":"0.00089797","timestamp":1623768492,"volume":"0.13289956","buyTxId":"eb785380cf1de7f5eb320f3c56465762999c26b0","sellTxId":"b20db78a1fb2fe32da8f7cbec171bbecdfd62387-0"},{"_id":1145452,"type":"sell","buyer":"holoferncro","seller":"tsnaks","symbol":"SIM","quantity":"550.000","price":"0.00089797","timestamp":1623770181,"volume":"0.49388350","buyTxId":"eb785380cf1de7f5eb320f3c56465762999c26b0","sellTxId":"6db6f362623910a0e9726ef36852456f4ffa8e26"},{"_id":1145568,"type":"sell","buyer":"holoferncro","seller":"elevator09","symbol":"SIM","quantity":"506.000","price":"0.00089797","timestamp":1623772971,"volume":"0.45437282","buyTxId":"eb785380cf1de7f5eb320f3c56465762999c26b0","sellTxId":"fb427b6ef6d91d873cdc59089a3bedd605ffc7f2"},{"_id":1145606,"type":"buy","buyer":"themightyvolcano","seller":"nftmart.fees","symbol":"SIM","quantity":"129.000","price":"0.00088998","timestamp":1623774771,"volume":"0.11480742","buyTxId":"4c2b2860cf9eef7a476750eecd134dc8d145893f","sellTxId":"c67a77773bb736a72c504bace3fea3c2f35dd142-0"},{"_id":1145607,"type":"buy","buyer":"themightyvolcano","seller":"elevator09","symbol":"SIM","quantity":"3279.000","price":"0.00089000","timestamp":1623774771,"volume":"2.91831000","buyTxId":"4c2b2860cf9eef7a476750eecd134dc8d145893f","sellTxId":"fb427b6ef6d91d873cdc59089a3bedd605ffc7f2"},{"_id":1145608,"type":"buy","buyer":"themightyvolcano","seller":"medaymane","symbol":"SIM","quantity":"1092.000","price":"0.00089801","timestamp":1623774771,"volume":"0.98062692","buyTxId":"4c2b2860cf9eef7a476750eecd134dc8d145893f","sellTxId":"38a902b81f43011cc29da98ef5dcd540beebf193"},{"_id":1145795,"type":"sell","buyer":"mmrx","seller":"monsterjamgold","symbol":"SIM","quantity":"1133.000","price":"0.00085102","timestamp":1623779955,"volume":"0.96420566","buyTxId":"MM-P-7831572-54807914-3-14-0","sellTxId":"a54d81bca2ee798a80eccfd91402b8809ae144a8"},{"_id":1145811,"type":"buy","buyer":"automaton","seller":"mmrx","symbol":"SIM","quantity":"900.000","price":"0.00089799","timestamp":1623780393,"volume":"0.80819100","buyTxId":"72275d2909d90c52a2425bdac34cafe3926b0ac4","sellTxId":"MM-P-7832963-54809309-3-14-0"},{"_id":1145812,"type":"buy","buyer":"ssjdynasty","seller":"mmrx","symbol":"SIM","quantity":"233.000","price":"0.00089797","timestamp":1623780564,"volume":"0.20922701","buyTxId":"f19f75ad37410004cc8ed26133e4ef436153bc70","sellTxId":"MM-P-7833063-54809409-3-14-0"},{"_id":1145813,"type":"buy","buyer":"ssjdynasty","seller":"nftmart.fees","symbol":"SIM","quantity":"165.000","price":"0.00089798","timestamp":1623780564,"volume":"0.14816670","buyTxId":"f19f75ad37410004cc8ed26133e4ef436153bc70","sellTxId":"3715eb793285c74e75b8b7abc743b0a236e3a618-0"},{"_id":1145814,"type":"buy","buyer":"ssjdynasty","seller":"medaymane","symbol":"SIM","quantity":"126.595","price":"0.00089801","timestamp":1623780564,"volume":"0.11368358","buyTxId":"f19f75ad37410004cc8ed26133e4ef436153bc70","sellTxId":"38a902b81f43011cc29da98ef5dcd540beebf193"},{"_id":1145815,"type":"buy","buyer":"ssjdynasty","seller":"jelly-cz","symbol":"SIM","quantity":"19475.405","price":"0.00091728","timestamp":1623780564,"volume":"17.86439950","buyTxId":"f19f75ad37410004cc8ed26133e4ef436153bc70","sellTxId":"MM-P-7833073-54809419-3-25-0"},{"_id":1145817,"type":"sell","buyer":"solovey6o2","seller":"muenchen","symbol":"SIM","quantity":"12004.000","price":"0.00086001","timestamp":1623780651,"volume":"10.32356004","buyTxId":"161b4939cc2463d12c7fee2feab121b1cbcece67","sellTxId":"bf4f222781a2e3332d44efaeb99f4842d2e263b0"},{"_id":1145818,"type":"sell","buyer":"solovey6o2","seller":"trumpman","symbol":"SIM","quantity":"1057.263","price":"0.00086001","timestamp":1623780738,"volume":"0.90925675","buyTxId":"161b4939cc2463d12c7fee2feab121b1cbcece67","sellTxId":"695ddedd6bd8e0665476eaafc20fdb222809c83d"},{"_id":1145820,"type":"sell","buyer":"solovey6o2","seller":"yintercept","symbol":"SIM","quantity":"4.677","price":"0.00086001","timestamp":1623780783,"volume":"0.00402227","buyTxId":"161b4939cc2463d12c7fee2feab121b1cbcece67","sellTxId":"ba901e134d54cced0c9168ed135e4814ee823811"},{"_id":1145822,"type":"sell","buyer":"solovey6o2","seller":"thepredator04","symbol":"SIM","quantity":"345.000","price":"0.00086001","timestamp":1623780879,"volume":"0.29670345","buyTxId":"161b4939cc2463d12c7fee2feab121b1cbcece67","sellTxId":"58cc9a8edd56ad683b8c68ac97a25734291aae3f"},{"_id":1145825,"type":"sell","buyer":"solovey6o2","seller":"ganjafarmer","symbol":"SIM","quantity":"1.091","price":"0.00086001","timestamp":1623780969,"volume":"0.00093827","buyTxId":"161b4939cc2463d12c7fee2feab121b1cbcece67","sellTxId":"76d32ed19f1340cf67f623f48dc356370c239a34"},{"_id":1145827,"type":"sell","buyer":"solovey6o2","seller":"willsaldeno","symbol":"SIM","quantity":"2482.000","price":"0.00086001","timestamp":1623780993,"volume":"2.13454482","buyTxId":"161b4939cc2463d12c7fee2feab121b1cbcece67","sellTxId":"43219d6c3f183f99f69a68f77ef66cf434112e24"},{"_id":1145860,"type":"buy","buyer":"vcelier","seller":"solovey6o2","symbol":"SIM","quantity":"8209.640","price":"0.00091715","timestamp":1623781995,"volume":"7.52947133","buyTxId":"92e0317a4f1a53586d368502cb144b8ab086a756","sellTxId":"84d50959433db990c165b69199ff3891334a9366"},{"_id":1145862,"type":"sell","buyer":"solovey6o2","seller":"bearbear613","symbol":"SIM","quantity":"524.603","price":"0.00086001","timestamp":1623782118,"volume":"0.45116383","buyTxId":"161b4939cc2463d12c7fee2feab121b1cbcece67","sellTxId":"3b9702dafc8ba1b473095158b2a9de1e792aa022"},{"_id":1145877,"type":"sell","buyer":"solovey6o2","seller":"elevator09","symbol":"SIM","quantity":"2785.000","price":"0.00086001","timestamp":1623782316,"volume":"2.39512785","buyTxId":"161b4939cc2463d12c7fee2feab121b1cbcece67","sellTxId":"e4615d34172aba625c854ec9103122079d3fb138"},{"_id":1145891,"type":"sell","buyer":"solovey6o2","seller":"monsterjamgold","symbol":"SIM","quantity":"118.000","price":"0.00086001","timestamp":1623782931,"volume":"0.10148118","buyTxId":"161b4939cc2463d12c7fee2feab121b1cbcece67","sellTxId":"a8ddba981361051b217224c680e22f58e0a4bebf"},{"_id":1145968,"type":"buy","buyer":"minerthreat","seller":"jelly-cz","symbol":"SIM","quantity":"191.000","price":"0.00091647","timestamp":1623784482,"volume":"0.17504577","buyTxId":"b7c77e081f29df0f233fabedea1efbda49736f6a","sellTxId":"MM-P-7834364-54810716-3-25-0"},{"_id":1145992,"type":"sell","buyer":"minerthreat","seller":"worldfinances","symbol":"SIM","quantity":"820.200","price":"0.00087000","timestamp":1623785256,"volume":"0.71357400","buyTxId":"da845cf77f31c525feda70f2c2db093610396ebf","sellTxId":"d50a7be1aab5cbef260887c1c204f7763b113090"},{"_id":1145997,"type":"sell","buyer":"minerthreat","seller":"grandjury","symbol":"SIM","quantity":"63.250","price":"0.00087000","timestamp":1623785358,"volume":"0.05502750","buyTxId":"da845cf77f31c525feda70f2c2db093610396ebf","sellTxId":"02949a66ad147117bb4737cedb5a979956820963"},{"_id":1146056,"type":"sell","buyer":"minerthreat","seller":"jrcornel","symbol":"SIM","quantity":"2862.032","price":"0.00087000","timestamp":1623787857,"volume":"2.48996784","buyTxId":"da845cf77f31c525feda70f2c2db093610396ebf","sellTxId":"136d48313e0278ccc02511aae0cd2aa32ec02e7c"},{"_id":1146057,"type":"sell","buyer":"solovey6o2","seller":"jrcornel","symbol":"SIM","quantity":"33386.600","price":"0.00086101","timestamp":1623787857,"volume":"28.74619647","buyTxId":"cc04ebf81e06667759a5147b49c26fae08adb773","sellTxId":"136d48313e0278ccc02511aae0cd2aa32ec02e7c"},{"_id":1146058,"type":"sell","buyer":"dcityfund","seller":"jrcornel","symbol":"SIM","quantity":"20956.368","price":"0.00086100","timestamp":1623787857,"volume":"18.04343285","buyTxId":"af7af57afe11f06e5ad08d8e7239dc2a1aba73fe","sellTxId":"136d48313e0278ccc02511aae0cd2aa32ec02e7c"},{"_id":1146095,"type":"buy","buyer":"dadspardan","seller":"solovey6o2","symbol":"SIM","quantity":"1093.000","price":"0.00091491","timestamp":1623788523,"volume":"0.99999663","buyTxId":"c97ab827aec3fc69d8f735aadbed22133723e85a","sellTxId":"b54406bf46dd78bcecfa5c1bec9609d6c3e0990f"},{"_id":1146128,"type":"sell","buyer":"dcityfund","seller":"steem-hodler","symbol":"SIM","quantity":"4555.355","price":"0.00086100","timestamp":1623790149,"volume":"3.92216065","buyTxId":"af7af57afe11f06e5ad08d8e7239dc2a1aba73fe","sellTxId":"1c2e4c88d83c3c8a4861d040913b02d354fcd577"},{"_id":1146129,"type":"sell","buyer":"dustindivitto","seller":"steem-hodler","symbol":"SIM","quantity":"38800.000","price":"0.00086000","timestamp":1623790149,"volume":"33.36800000","buyTxId":"a297751b6eb6838883803ea388ca28c86773c8b5","sellTxId":"1c2e4c88d83c3c8a4861d040913b02d354fcd577"},{"_id":1146130,"type":"sell","buyer":"dcityfund","seller":"steem-hodler","symbol":"SIM","quantity":"25644.645","price":"0.00085100","timestamp":1623790149,"volume":"21.82359290","buyTxId":"1531acfaf7a1896a40b623678d1affa578d4b269","sellTxId":"1c2e4c88d83c3c8a4861d040913b02d354fcd577"},{"_id":1146136,"type":"buy","buyer":"elevator09","seller":"solovey6o2","symbol":"SIM","quantity":"5905.422","price":"0.00089987","timestamp":1623790353,"volume":"5.31411210","buyTxId":"d66c813ab454c50e01d120bdc1229e575063d819","sellTxId":"95fc516a8323c9ef95381d389e1c9aa79fa79269"},{"_id":1146144,"type":"sell","buyer":"dcityfund","seller":"deathwing","symbol":"SIM","quantity":"763","price":"0.00085100","timestamp":1623790506,"volume":"0.64931300","buyTxId":"1531acfaf7a1896a40b623678d1affa578d4b269","sellTxId":"b79c821b4692666a5c088e0e05e7c9064e9058cb-0"},{"_id":1146158,"type":"sell","buyer":"dcityfund","seller":"steemstreems","symbol":"SIM","quantity":"1451.618","price":"0.00085100","timestamp":1623790785,"volume":"1.23532691","buyTxId":"1531acfaf7a1896a40b623678d1affa578d4b269","sellTxId":"73a8f19a223b3fbfa037edd0cc2cf84df53907d2"},{"_id":1146159,"type":"sell","buyer":"dcityfund","seller":"steemstreems","symbol":"SIM","quantity":"510.383","price":"0.00085000","timestamp":1623790785,"volume":"0.43382555","buyTxId":"c20d2a750b32bcc05ae68b6ad6a00c2feb0e8a10","sellTxId":"73a8f19a223b3fbfa037edd0cc2cf84df53907d2"},{"_id":1146164,"type":"sell","buyer":"dcityfund","seller":"otherbrandt","symbol":"SIM","quantity":"28000.000","price":"0.00085000","timestamp":1623791001,"volume":"23.80000000","buyTxId":"c20d2a750b32bcc05ae68b6ad6a00c2feb0e8a10","sellTxId":"0deb0964a565a9c6e384071791d29deb767a4e85"},{"_id":1146212,"type":"buy","buyer":"emergehealthier","seller":"solovey6o2","symbol":"SIM","quantity":"600.000","price":"0.00089960","timestamp":1623793065,"volume":"0.53976000","buyTxId":"3c05b16672f1989af100e0d9814adfe500fe08be","sellTxId":"d46ad5c859c40c8eebb9a5346ae2c7c0460d542e"},{"_id":1146234,"type":"buy","buyer":"holoferncro","seller":"solovey6o2","symbol":"SIM","quantity":"5306.000","price":"0.00089954","timestamp":1623793599,"volume":"4.77295924","buyTxId":"a3754698f21755ddf861b6602585cf4f5b11e67c","sellTxId":"6611ddc60dd7690b63ef3ac8b332892149ae63e4"},{"_id":1146259,"type":"sell","buyer":"mary.janikowski","seller":"muenchen","symbol":"SIM","quantity":"453.150","price":"0.00086000","timestamp":1623794052,"volume":"0.38970900","buyTxId":"3aaa9b164696d7e43be6b0122b9862ca3bb42acf","sellTxId":"a86e421164e498d21b222f5960018a7de628f42d"},{"_id":1146267,"type":"buy","buyer":"holoferncro","seller":"solovey6o2","symbol":"SIM","quantity":"5003.000","price":"0.00089948","timestamp":1623794229,"volume":"4.50009844","buyTxId":"14ed0626adbcbb305a147cbd67759f66df10a20e","sellTxId":"b87e23a7a25c9d4e303c7752dc4dbe53a9f227ae"},{"_id":1146305,"type":"buy","buyer":"emergehealthier","seller":"solovey6o2","symbol":"SIM","quantity":"120.000","price":"0.00089936","timestamp":1623795381,"volume":"0.10792320","buyTxId":"623f5724860111564f8479bf186395d776eee9f6","sellTxId":"ae473c745138f5f094dcab0ed05651da21267bfc"},{"_id":1146331,"type":"sell","buyer":"mary.janikowski","seller":"evernoticethat","symbol":"SIM","quantity":"1519.311","price":"0.00086000","timestamp":1623796203,"volume":"1.30660746","buyTxId":"3aaa9b164696d7e43be6b0122b9862ca3bb42acf","sellTxId":"ed2699134cfce2c72f751968a4ffe6af02f6749b"},{"_id":1146373,"type":"sell","buyer":"udabeu","seller":"thegoliath","symbol":"SIM","quantity":"1111.000","price":"0.00087000","timestamp":1623797571,"volume":"0.96657000","buyTxId":"3ca8689036eebca109de45c97487389706c5254a","sellTxId":"6fa0feba5469718362dad1c7176ec252cbe23ad8"},{"_id":1146374,"type":"sell","buyer":"mary.janikowski","seller":"thegoliath","symbol":"SIM","quantity":"2372.664","price":"0.00086000","timestamp":1623797571,"volume":"2.04049104","buyTxId":"3aaa9b164696d7e43be6b0122b9862ca3bb42acf","sellTxId":"6fa0feba5469718362dad1c7176ec252cbe23ad8"},{"_id":1146397,"type":"sell","buyer":"mary.janikowski","seller":"bitcoinflood","symbol":"SIM","quantity":"2472.763","price":"0.00086000","timestamp":1623798666,"volume":"2.12657618","buyTxId":"3aaa9b164696d7e43be6b0122b9862ca3bb42acf","sellTxId":"162263fb8784a82cededbe2211986bff5175c5b6"},{"_id":1146428,"type":"sell","buyer":"mary.janikowski","seller":"fantasycrypto","symbol":"SIM","quantity":"1795.112","price":"0.00086000","timestamp":1623799668,"volume":"1.54379632","buyTxId":"3aaa9b164696d7e43be6b0122b9862ca3bb42acf","sellTxId":"23a691008e289dc7a08dd3ddce782fe92fa6b0b2"},{"_id":1146429,"type":"sell","buyer":"dcityfund","seller":"fantasycrypto","symbol":"SIM","quantity":"478.504","price":"0.00085000","timestamp":1623799668,"volume":"0.40672840","buyTxId":"c20d2a750b32bcc05ae68b6ad6a00c2feb0e8a10","sellTxId":"23a691008e289dc7a08dd3ddce782fe92fa6b0b2"},{"_id":1146430,"type":"sell","buyer":"solovey6o2","seller":"fantasycrypto","symbol":"SIM","quantity":"7780.889","price":"0.00084901","timestamp":1623799668,"volume":"6.60605257","buyTxId":"e47579911eb7398719b2fe1da6b8a0deb2dfe324","sellTxId":"23a691008e289dc7a08dd3ddce782fe92fa6b0b2"},{"_id":1146431,"type":"sell","buyer":"solovey6o2","seller":"fantasycrypto","symbol":"SIM","quantity":"6126.344","price":"0.00084901","timestamp":1623799668,"volume":"5.20132732","buyTxId":"e705709e7cd2b53df8a38622eace2b973210ec61","sellTxId":"23a691008e289dc7a08dd3ddce782fe92fa6b0b2"},{"_id":1146432,"type":"sell","buyer":"solovey6o2","seller":"fantasycrypto","symbol":"SIM","quantity":"5468.151","price":"0.00084901","timestamp":1623799668,"volume":"4.64251488","buyTxId":"896e95d2a17ceff886c159946c414074f32a2f2c","sellTxId":"23a691008e289dc7a08dd3ddce782fe92fa6b0b2"},{"_id":1146452,"type":"sell","buyer":"solovey6o2","seller":"megalithic","symbol":"SIM","quantity":"3026.881","price":"0.00084901","timestamp":1623801024,"volume":"2.56985224","buyTxId":"896e95d2a17ceff886c159946c414074f32a2f2c","sellTxId":"0833f7b0560a45476460a45d17673ff7c3741582"},{"_id":1146453,"type":"sell","buyer":"solovey6o2","seller":"megalithic","symbol":"SIM","quantity":"6529.619","price":"0.00084901","timestamp":1623801024,"volume":"5.54371183","buyTxId":"1d53f6da5e9d1fd64e38f6a6f7583fa1d0a25f95","sellTxId":"0833f7b0560a45476460a45d17673ff7c3741582"},{"_id":1146454,"type":"sell","buyer":"dcityfund","seller":"megalithic","symbol":"SIM","quantity":"21381.500","price":"0.00084900","timestamp":1623801024,"volume":"18.15289350","buyTxId":"bd7b724b7e07489876a46b04a40656a6c0e94431","sellTxId":"0833f7b0560a45476460a45d17673ff7c3741582"},{"_id":1146460,"type":"sell","buyer":"dcityfund","seller":"daveks","symbol":"SIM","quantity":"6000.000","price":"0.00084900","timestamp":1623801270,"volume":"5.09400000","buyTxId":"bd7b724b7e07489876a46b04a40656a6c0e94431","sellTxId":"5738bea32f2a0b8f0ea4387358beb3c5774896ff"},{"_id":1146470,"type":"sell","buyer":"dcityfund","seller":"darmst5339","symbol":"SIM","quantity":"0.631","price":"0.00084900","timestamp":1623802110,"volume":"0.00053572","buyTxId":"bd7b724b7e07489876a46b04a40656a6c0e94431","sellTxId":"b5abd5fe33442384eb595d29afe1881cb15e4aea"},{"_id":1146480,"type":"sell","buyer":"dcityfund","seller":"enforcer48","symbol":"SIM","quantity":"2715.988","price":"0.00084900","timestamp":1623802464,"volume":"2.30587381","buyTxId":"bd7b724b7e07489876a46b04a40656a6c0e94431","sellTxId":"04d9dd8f3639cbb5ac8cea4fb65f14dc2181f3ec"},{"_id":1146506,"type":"buy","buyer":"konvik","seller":"looftee","symbol":"SIM","quantity":"7708.000","price":"0.00088000","timestamp":1623803352,"volume":"6.78304000","buyTxId":"6f04ec5d76caa9526b5a00e9a1da29d33b5289bf-0","sellTxId":"ddc0a4fe3ebf926504add0c79f6078201fccdd47"},{"_id":1146532,"type":"sell","buyer":"dcityfund","seller":"steem.services","symbol":"SIM","quantity":"371.145","price":"0.00084900","timestamp":1623804936,"volume":"0.31510211","buyTxId":"bd7b724b7e07489876a46b04a40656a6c0e94431","sellTxId":"4f3cbfb36dd2b779588f3a665dc1959c737d7c59"},{"_id":1146533,"type":"sell","buyer":"dcityfund","seller":"steem.services","symbol":"SIM","quantity":"31298.669","price":"0.00084800","timestamp":1623804936,"volume":"26.54127131","buyTxId":"c228b629fd9a1f8b493e7c64e8380590c8e29660","sellTxId":"4f3cbfb36dd2b779588f3a665dc1959c737d7c59"},{"_id":1146534,"type":"sell","buyer":"dcityfund","seller":"steem.services","symbol":"SIM","quantity":"32450.147","price":"0.00084700","timestamp":1623804936,"volume":"27.48527451","buyTxId":"81931077f4bd8d1a7def9fe1fa5f1a805b5bc3c8","sellTxId":"4f3cbfb36dd2b779588f3a665dc1959c737d7c59"},{"_id":1146535,"type":"sell","buyer":"dcityfund","seller":"steem.services","symbol":"SIM","quantity":"33922.764","price":"0.00084600","timestamp":1623804936,"volume":"28.69865834","buyTxId":"592c0d49bf4d1b67697d9245fbd1bf3e993c7e6f","sellTxId":"4f3cbfb36dd2b779588f3a665dc1959c737d7c59"},{"_id":1146536,"type":"sell","buyer":"dcityfund","seller":"steem.services","symbol":"SIM","quantity":"18503.634","price":"0.00084500","timestamp":1623804936,"volume":"15.63557073","buyTxId":"93add0295a5ab7ab5893be96de0bca41e658895c","sellTxId":"4f3cbfb36dd2b779588f3a665dc1959c737d7c59"},{"_id":1146537,"type":"sell","buyer":"dcityfund","seller":"steem.services","symbol":"SIM","quantity":"18014.983","price":"0.00084400","timestamp":1623804936,"volume":"15.20464565","buyTxId":"8c76860ee6b6f6280dde941dfc51df3b20abd003","sellTxId":"4f3cbfb36dd2b779588f3a665dc1959c737d7c59"},{"_id":1146538,"type":"sell","buyer":"mapac","seller":"steem.services","symbol":"SIM","quantity":"10000.000","price":"0.00084300","timestamp":1623804936,"volume":"8.43000000","buyTxId":"3a0d81dfc27f439f4af81cdb699b6d053b9e514e","sellTxId":"4f3cbfb36dd2b779588f3a665dc1959c737d7c59"},{"_id":1146539,"type":"sell","buyer":"dcityfund","seller":"steem.services","symbol":"SIM","quantity":"18693.653","price":"0.00083200","timestamp":1623804936,"volume":"15.55311930","buyTxId":"2f6c7a858a7565e9f658f466e74235363dbdaf29","sellTxId":"4f3cbfb36dd2b779588f3a665dc1959c737d7c59"},{"_id":1146540,"type":"sell","buyer":"dcityfund","seller":"steem.services","symbol":"SIM","quantity":"4111.005","price":"0.00083100","timestamp":1623804936,"volume":"3.41624516","buyTxId":"a4daf8413b940e9f22dc4331378aadba154e66fd","sellTxId":"4f3cbfb36dd2b779588f3a665dc1959c737d7c59"},{"_id":1146603,"type":"sell","buyer":"dcityfund","seller":"brofi-market","symbol":"SIM","quantity":"95.144","price":"0.00083100","timestamp":1623806337,"volume":"0.07906466","buyTxId":"a4daf8413b940e9f22dc4331378aadba154e66fd","sellTxId":"76507c024728bce48a1c62b45d5ab1aebc2ab4d2"},{"_id":1146680,"type":"sell","buyer":"dcityfund","seller":"valor2s","symbol":"SIM","quantity":"88.000","price":"0.00083100","timestamp":1623807876,"volume":"0.07312800","buyTxId":"a4daf8413b940e9f22dc4331378aadba154e66fd","sellTxId":"6b320caf13c5f1cebe0f5c520910ff2278883c0b"},{"_id":1146707,"type":"buy","buyer":"eythorphoto","seller":"nftmart.fees","symbol":"SIM","quantity":"214.000","price":"0.00088996","timestamp":1623809250,"volume":"0.19045144","buyTxId":"584a45cac8847332f96b0b4a37a5413a46dbf26a","sellTxId":"ca53c13f40bf9a9e2a5e606a89fd807bb1d7dab7-0"},{"_id":1146708,"type":"sell","buyer":"eythorphoto","seller":"thesimguru","symbol":"SIM","quantity":"1797.600","price":"0.00088996","timestamp":1623809304,"volume":"1.59979210","buyTxId":"584a45cac8847332f96b0b4a37a5413a46dbf26a","sellTxId":"3c2c3f07505b51622b8b46e82704cd948a0fe390"},{"_id":1146732,"type":"sell","buyer":"eythorphoto","seller":"winebank","symbol":"SIM","quantity":"1039.000","price":"0.00088996","timestamp":1623810630,"volume":"0.92466844","buyTxId":"584a45cac8847332f96b0b4a37a5413a46dbf26a","sellTxId":"d0b184a4e47ab3bdbe8af44d562fb6b683135abe"},{"_id":1146749,"type":"sell","buyer":"eythorphoto","seller":"otherbrandt","symbol":"SIM","quantity":"59549.000","price":"0.00088996","timestamp":1623810969,"volume":"52.99622804","buyTxId":"584a45cac8847332f96b0b4a37a5413a46dbf26a","sellTxId":"222fcdcdea577e0f71ae3e2674b5039422c62471"},{"_id":1146750,"type":"buy","buyer":"thatcryptodave","seller":"nftmart.fees","symbol":"SIM","quantity":"218.000","price":"0.00088997","timestamp":1623811005,"volume":"0.19401346","buyTxId":"407601cb72319a2cd3f8798e5a8f0b448dadece2","sellTxId":"e4d135456722288e5c962bf504a4ab60e95135c0-0"},{"_id":1146751,"type":"buy","buyer":"thatcryptodave","seller":"brofi-market","symbol":"SIM","quantity":"15.854","price":"0.00088998","timestamp":1623811005,"volume":"0.01410974","buyTxId":"407601cb72319a2cd3f8798e5a8f0b448dadece2","sellTxId":"a395ec53bbf6cf0a1de44f6fc9685a4135552d9a"},{"_id":1146757,"type":"sell","buyer":"eythorphoto","seller":"theguruasia","symbol":"SIM","quantity":"0.400","price":"0.00088996","timestamp":1623811158,"volume":"0.00035598","buyTxId":"584a45cac8847332f96b0b4a37a5413a46dbf26a","sellTxId":"c3fecb56ffe83b9c336297c99afa3ed26daa3102"},{"_id":1146758,"type":"sell","buyer":"dcityfund","seller":"theguruasia","symbol":"SIM","quantity":"426.207","price":"0.00083100","timestamp":1623811158,"volume":"0.35417802","buyTxId":"a4daf8413b940e9f22dc4331378aadba154e66fd","sellTxId":"c3fecb56ffe83b9c336297c99afa3ed26daa3102"},{"_id":1146764,"type":"sell","buyer":"dcityfund","seller":"otherbrandt","symbol":"SIM","quantity":"13600.000","price":"0.00083100","timestamp":1623811683,"volume":"11.30160000","buyTxId":"a4daf8413b940e9f22dc4331378aadba154e66fd","sellTxId":"e469caa464d8372f07222a3d7dd7e5f849f519f9"},{"_id":1146767,"type":"sell","buyer":"dcityfund","seller":"steemwija","symbol":"SIM","quantity":"80.981","price":"0.00083100","timestamp":1623811902,"volume":"0.06729521","buyTxId":"a4daf8413b940e9f22dc4331378aadba154e66fd","sellTxId":"e989fc47a0f1397bb6ac7a5518c213d506b7bcbd"},{"_id":1146768,"type":"sell","buyer":"dustindivitto","seller":"steemwija","symbol":"SIM","quantity":"223.689","price":"0.00080000","timestamp":1623811902,"volume":"0.17895120","buyTxId":"886ded97eb331ae75d44195ec3cd245a25b44155","sellTxId":"e989fc47a0f1397bb6ac7a5518c213d506b7bcbd"},{"_id":1146775,"type":"sell","buyer":"dustindivitto","seller":"thanya","symbol":"SIM","quantity":"9.079","price":"0.00080000","timestamp":1623812145,"volume":"0.00726320","buyTxId":"886ded97eb331ae75d44195ec3cd245a25b44155","sellTxId":"11044027b5dae3db34521745f680b0f7d0710e27"},{"_id":1146805,"type":"sell","buyer":"dustindivitto","seller":"brofi-market","symbol":"SIM","quantity":"0.001","price":"0.00080000","timestamp":1623813012,"volume":"0.00000080","buyTxId":"886ded97eb331ae75d44195ec3cd245a25b44155","sellTxId":"d67d084e841aad517b8de894d6f7d390606f85fc"},{"_id":1146816,"type":"sell","buyer":"dustindivitto","seller":"he-index","symbol":"SIM","quantity":"1.161","price":"0.00080000","timestamp":1623813369,"volume":"0.00092880","buyTxId":"886ded97eb331ae75d44195ec3cd245a25b44155","sellTxId":"dada849b6acceba001aed91d8d705c8233cb1f0d"},{"_id":1146843,"type":"sell","buyer":"dustindivitto","seller":"goldcoin","symbol":"SIM","quantity":"29.920","price":"0.00080000","timestamp":1623814527,"volume":"0.02393600","buyTxId":"886ded97eb331ae75d44195ec3cd245a25b44155","sellTxId":"c67af846ebc2d892177e4023585985b1bfb32fd3"},{"_id":1146846,"type":"sell","buyer":"dustindivitto","seller":"dhedge-drips","symbol":"SIM","quantity":"27.671","price":"0.00080000","timestamp":1623814578,"volume":"0.02213680","buyTxId":"886ded97eb331ae75d44195ec3cd245a25b44155","sellTxId":"76be37b7b74da0b3f9838fdb7907d6d97b9ad51c"},{"_id":1146932,"type":"buy","buyer":"boycharliefamily","seller":"nftmart.fees","symbol":"SIM","quantity":"189.000","price":"0.00088994","timestamp":1623817512,"volume":"0.16819866","buyTxId":"b6ed3f73a200eabc96c24ed38e38213d01e8f212","sellTxId":"7c93106837bd24a7f2a5517146c1f94bfad09c94-0"},{"_id":1146935,"type":"sell","buyer":"boycharliefamily","seller":"nftmart.fees","symbol":"SIM","quantity":"165.000","price":"0.00088994","timestamp":1623817695,"volume":"0.14684010","buyTxId":"b6ed3f73a200eabc96c24ed38e38213d01e8f212","sellTxId":"2184d074429ab655b61ee725c4eec4bd3b06b614-0"},{"_id":1146937,"type":"sell","buyer":"boycharliefamily","seller":"juanvegetarian","symbol":"SIM","quantity":"349.000","price":"0.00088994","timestamp":1623817737,"volume":"0.31058906","buyTxId":"b6ed3f73a200eabc96c24ed38e38213d01e8f212","sellTxId":"79fb97ca9ce8fa2b417ebab815cd77ee87dd6caa"},{"_id":1146964,"type":"sell","buyer":"boycharliefamily","seller":"jywahaha","symbol":"SIM","quantity":"17000.000","price":"0.00088994","timestamp":1623818376,"volume":"15.12898000","buyTxId":"b6ed3f73a200eabc96c24ed38e38213d01e8f212","sellTxId":"549009a73d0bf3ed223d31774895d474b12bd63c"},{"_id":1146969,"type":"sell","buyer":"boycharliefamily","seller":"jywahaha","symbol":"SIM","quantity":"365.046","price":"0.00088994","timestamp":1623818421,"volume":"0.32486904","buyTxId":"b6ed3f73a200eabc96c24ed38e38213d01e8f212","sellTxId":"661ebc2a723d7ad54a67e5cab017fc0f3f4359a4"},{"_id":1146970,"type":"sell","buyer":"dustindivitto","seller":"jywahaha","symbol":"SIM","quantity":"20316.954","price":"0.00080000","timestamp":1623818421,"volume":"16.25356320","buyTxId":"886ded97eb331ae75d44195ec3cd245a25b44155","sellTxId":"661ebc2a723d7ad54a67e5cab017fc0f3f4359a4"},{"_id":1147018,"type":"sell","buyer":"mmrx","seller":"robwillmann","symbol":"SIM","quantity":"1026.239","price":"0.00080001","timestamp":1623820563,"volume":"0.82100146","buyTxId":"MM-P-7845995-54822383-3-14-0","sellTxId":"4c4f3eed3503ad9c7d830bf619cb033354d863a0"},{"_id":1147036,"type":"sell","buyer":"mmrx","seller":"theguruasia","symbol":"SIM","quantity":"56.736","price":"0.00080001","timestamp":1623820944,"volume":"0.04538937","buyTxId":"MM-P-7845995-54822383-3-14-0","sellTxId":"a43c67d4077aff4f3e49f43d9013fbb54bc7980e"},{"_id":1147038,"type":"sell","buyer":"mmrx","seller":"tlundy47","symbol":"SIM","quantity":"0.020","price":"0.00080001","timestamp":1623821058,"volume":"0.00001600","buyTxId":"MM-P-7845995-54822383-3-14-0","sellTxId":"8e0fca7431bc2bf71b3747e9d5ba8df8f8c38ab0"},{"_id":1147091,"type":"sell","buyer":"mmrx","seller":"muenchen","symbol":"SIM","quantity":"613.700","price":"0.00080001","timestamp":1623821874,"volume":"0.49096614","buyTxId":"MM-P-7845995-54822383-3-14-0","sellTxId":"6f34246fb04b2fcc36c574dadfb47d39ba16ab31"},{"_id":1147092,"type":"buy","buyer":"edubs","seller":"mmrx","symbol":"SIM","quantity":"1082.995","price":"0.00088991","timestamp":1623821910,"volume":"0.96376808","buyTxId":"acaf7910f081ac88e35d297c6ab55ea9282c7912","sellTxId":"MM-P-7846592-54822982-3-14-0"