{"index": {"_index":"sim","_id":"2366376"}}
	{"id":2366376,"type":"buy","buyer":"dirego1","seller":"pi-trader","symbol":"SIM","quantity":"3225.000","price":"0.00064693","timestamp":1640317455,"volume":"2.08634925","buyTxId":"2f42f4d60c1eb00ec8cfc26593bf2ada044f6197","sellTxId":"69457a01c2fffee043c24970f28f8c19f463a276-10"}
{"index": {"_index":"sim","_id":"2366448"}}
	{"id":2366448,"type":"sell","buyer":"jelly-cz","seller":"lifeskills-tv","symbol":"SIM","quantity":"1392.580","price":"0.00063392","timestamp":1640318247,"volume":"0.88278431","buyTxId":"MM-P-13313336-60300292-3-29-0","sellTxId":"6da35a6515937f1b95d5913215c46d3601a116b0"}
{"index": {"_index":"sim","_id":"2366806"}}
	{"id":2366806,"type":"sell","buyer":"jelly-cz","seller":"he-index","symbol":"SIM","quantity":"3.480","price":"0.00063392","timestamp":1640322189,"volume":"0.00220604","buyTxId":"MM-P-13313336-60300292-3-29-0","sellTxId":"e64c075f7e06eb5669054fc9900830c07f795c1a"}
{"index": {"_index":"sim","_id":"2366828"}}
	{"id":2366828,"type":"buy","buyer":"kasaisoul","seller":"pi-trader","symbol":"SIM","quantity":"942.523","price":"0.00064659","timestamp":1640322435,"volume":"0.60942595","buyTxId":"ae809ee19a4a995e06e291023429ec170785c9d9","sellTxId":"eb580025b489825514067c589b2610271dc8efce-5"}
{"index": {"_index":"sim","_id":"2366846"}}
	{"id":2366846,"type":"buy","buyer":"kasaisoul","seller":"mmrx","symbol":"SIM","quantity":"469.095","price":"0.00064658","timestamp":1640322666,"volume":"0.30330745","buyTxId":"f1a5b47e005bbaed34c680a953830b8819185365","sellTxId":"MM-P-13321512-60308469-3-36-0"}
{"index": {"_index":"sim","_id":"2366870"}}
	{"id":2366870,"type":"buy","buyer":"kasaisoul","seller":"pi-trader","symbol":"SIM","quantity":"1407.812","price":"0.00064655","timestamp":1640323083,"volume":"0.91022085","buyTxId":"fbf0fae7a0270bb7b7a8d0987eee4189e02b7bdb","sellTxId":"f5bd462e96f7efdac6ca7e89f6b0515b3d4d3ee6-5"}
{"index": {"_index":"sim","_id":"2366947"}}
	{"id":2366947,"type":"sell","buyer":"jelly-cz","seller":"lookplz","symbol":"SIM","quantity":"3615.158","price":"0.00063392","timestamp":1640324136,"volume":"2.29172096","buyTxId":"MM-P-13313336-60300292-3-29-0","sellTxId":"51dc1a2ec436f225d819f6f1adf6b423915a58ec"}
{"index": {"_index":"sim","_id":"2366999"}}
	{"id":2366999,"type":"sell","buyer":"jelly-cz","seller":"daigorokoike","symbol":"SIM","quantity":"2795.000","price":"0.00063392","timestamp":1640324874,"volume":"1.77180640","buyTxId":"MM-P-13313336-60300292-3-29-0","sellTxId":"75ab0cf1fab9f2ba6f5662cf2e79a0f78f887f6e"}
{"index": {"_index":"sim","_id":"2367064"}}
	{"id":2367064,"type":"sell","buyer":"jelly-cz","seller":"binong","symbol":"SIM","quantity":"12495.000","price":"0.00063392","timestamp":1640325636,"volume":"7.92083040","buyTxId":"MM-P-13313336-60300292-3-29-0","sellTxId":"5c643526cc123f4ccba7c7bf9156b83f1324bd3e"}
{"index": {"_index":"sim","_id":"2367348"}}
	{"id":2367348,"type":"sell","buyer":"jelly-cz","seller":"medaymane","symbol":"SIM","quantity":"45.600","price":"0.00063392","timestamp":1640327757,"volume":"0.02890675","buyTxId":"MM-P-13313336-60300292-3-29-0","sellTxId":"f0b94d1e9168e334b7c0e7edaec5e9fb3da18efb"}
{"index": {"_index":"sim","_id":"2367354"}}
	{"id":2367354,"type":"sell","buyer":"jelly-cz","seller":"maryjane.main","symbol":"SIM","quantity":"15383.000","price":"0.00063392","timestamp":1640327853,"volume":"9.75159136","buyTxId":"MM-P-13313336-60300292-3-29-0","sellTxId":"bd9a53783862038a04af232cd6c5d54226113be6"}
{"index": {"_index":"sim","_id":"2367370"}}
	{"id":2367370,"type":"sell","buyer":"jelly-cz","seller":"mary-jane","symbol":"SIM","quantity":"14404.260","price":"0.00063392","timestamp":1640327976,"volume":"9.13114850","buyTxId":"MM-P-13313336-60300292-3-29-0","sellTxId":"de12cd1f9f4a2b3cb2647d821e8b9ad2c1bfc365"}
{"index": {"_index":"sim","_id":"2367377"}}
	{"id":2367377,"type":"sell","buyer":"jelly-cz","seller":"mary-jane","symbol":"SIM","quantity":"10000.000","price":"0.00063392","timestamp":1640328030,"volume":"6.33920000","buyTxId":"MM-P-13313336-60300292-3-29-0","sellTxId":"f4497d3d0fb6df8f57895a70c74e098a54758c1a"}
{"index": {"_index":"sim","_id":"2367490"}}
	{"id":2367490,"type":"sell","buyer":"jelly-cz","seller":"anosys","symbol":"SIM","quantity":"33.010","price":"0.00063392","timestamp":1640329008,"volume":"0.02092570","buyTxId":"MM-P-13313336-60300292-3-29-0","sellTxId":"1d7cc15d253a289409de164b735dbcbc1ad13912"}
{"index": {"_index":"sim","_id":"2367519"}}
	{"id":2367519,"type":"sell","buyer":"jelly-cz","seller":"agcoeficiente10","symbol":"SIM","quantity":"13986.988","price":"0.00063392","timestamp":1640329290,"volume":"8.86663143","buyTxId":"MM-P-13313336-60300292-3-29-0","sellTxId":"0827e3913727bc69f154c124672a8772ae74a429"}
{"index": {"_index":"sim","_id":"2367520"}}
	{"id":2367520,"type":"sell","buyer":"d-pend","seller":"agcoeficiente10","symbol":"SIM","quantity":"17054.042","price":"0.00062000","timestamp":1640329290,"volume":"10.57350604","buyTxId":"d78e682884c9d416e6a9ee95839adc699aff8586","sellTxId":"0827e3913727bc69f154c124672a8772ae74a429"}
{"index": {"_index":"sim","_id":"2367884"}}
	{"id":2367884,"type":"sell","buyer":"pi-trader","seller":"kapitanrosomak","symbol":"SIM","quantity":"74.000","price":"0.00062729","timestamp":1640333637,"volume":"0.04641946","buyTxId":"a587eede6c713c566f312f3a760bdbebc4e0a124-3","sellTxId":"784b1ea749cc5bcc793a4b8808fedaaf9fb48fc7"}
{"index": {"_index":"sim","_id":"2367921"}}
	{"id":2367921,"type":"buy","buyer":"stickupmusic","seller":"pi-trader","symbol":"SIM","quantity":"710.000","price":"0.00064581","timestamp":1640334093,"volume":"0.45852510","buyTxId":"8200b087c52d2df3d13ab9313545807ac9b29df1","sellTxId":"93eb6510f635d681fadc334e62d36f841461480e-7"}
{"index": {"_index":"sim","_id":"2367931"}}
	{"id":2367931,"type":"sell","buyer":"pi-trader","seller":"mary-jane","symbol":"SIM","quantity":"20000.000","price":"0.00062833","timestamp":1640334186,"volume":"12.56660000","buyTxId":"93eb6510f635d681fadc334e62d36f841461480e-3","sellTxId":"1ba677ebd32de99ed7e728a22d450e402dc8dad5"}
{"index": {"_index":"sim","_id":"2367966"}}
	{"id":2367966,"type":"sell","buyer":"jelly-cz","seller":"klye","symbol":"SIM","quantity":"104.510","price":"0.00062884","timestamp":1640334498,"volume":"0.06572007","buyTxId":"MM-P-13325404-60312362-3-29-0","sellTxId":"32041b2de3b5ee4b943336e8a4303278acf66cf5"}
{"index": {"_index":"sim","_id":"2368011"}}
	{"id":2368011,"type":"sell","buyer":"jelly-cz","seller":"reaverza","symbol":"SIM","quantity":"4572.000","price":"0.00062884","timestamp":1640334876,"volume":"2.87505648","buyTxId":"MM-P-13325404-60312362-3-29-0","sellTxId":"55e9b6cb06e3d6e53e5c234c11cfc29e3a38f85f"}
{"index": {"_index":"sim","_id":"2368031"}}
	{"id":2368031,"type":"sell","buyer":"jelly-cz","seller":"myvest","symbol":"SIM","quantity":"414.807","price":"0.00062884","timestamp":1640334972,"volume":"0.26084723","buyTxId":"MM-P-13325404-60312362-3-29-0","sellTxId":"5193cff80a14c64ebd093a2f3ba7dc79d90a5872"}
{"index": {"_index":"sim","_id":"2368041"}}
	{"id":2368041,"type":"buy","buyer":"dejan.vuckovic","seller":"pi-trader","symbol":"SIM","quantity":"250.000","price":"0.00064568","timestamp":1640335047,"volume":"0.16142000","buyTxId":"1c6d45d843c53d8e01bdc277bf439da6498d42f7","sellTxId":"724933cdb0ce3b0c1e89a8dd5ec7995d76061751-12"}
{"index": {"_index":"sim","_id":"2368115"}}
	{"id":2368115,"type":"buy","buyer":"notak1","seller":"mmrx","symbol":"SIM","quantity":"2423.810","price":"0.00062999","timestamp":1640335710,"volume":"1.52697606","buyTxId":"9c1c9810eb18d693ef03a2b577aff4d2638ad237","sellTxId":"MM-P-13325803-60312761-3-36-0"}
{"index": {"_index":"sim","_id":"2368160"}}
	{"id":2368160,"type":"buy","buyer":"notak1","seller":"mango-juice","symbol":"SIM","quantity":"942.006","price":"0.00063000","timestamp":1640336232,"volume":"0.59346378","buyTxId":"2d95d668c47cb71f1cf00611a1f7b92d55573918","sellTxId":"989221e0d554d444ca2d468492d3578f2457c1d1"}
{"index": {"_index":"sim","_id":"2368199"}}
	{"id":2368199,"type":"buy","buyer":"stickupboys","seller":"pi-trader","symbol":"SIM","quantity":"489.000","price":"0.00064569","timestamp":1640336607,"volume":"0.31574241","buyTxId":"e5b6a158d05899ef882b409fbf5e8500d29f073d","sellTxId":"ea8303536248e73cd1c4775cfdfe33bf4963d9b8"}
{"index": {"_index":"sim","_id":"2368295"}}
	{"id":2368295,"type":"buy","buyer":"notak1","seller":"knowhow92","symbol":"SIM","quantity":"755.307","price":"0.00063000","timestamp":1640337939,"volume":"0.47584341","buyTxId":"20c4d90d0651ccfc723c68b1a547b09820cf4c71","sellTxId":"9fbdc33b7b28448ffcbfc751ece516ad7cbe0231"}
{"index": {"_index":"sim","_id":"2368433"}}
	{"id":2368433,"type":"sell","buyer":"jelly-cz","seller":"shaidon","symbol":"SIM","quantity":"2000.000","price":"0.00062884","timestamp":1640339385,"volume":"1.25768000","buyTxId":"MM-P-13325404-60312362-3-29-0","sellTxId":"b166315591d1b283ac776841294e3874a6ae1401"}
{"index": {"_index":"sim","_id":"2368549"}}
	{"id":2368549,"type":"sell","buyer":"jelly-cz","seller":"successforall","symbol":"SIM","quantity":"800","price":"0.00062884","timestamp":1640340654,"volume":"0.50307200","buyTxId":"MM-P-13325404-60312362-3-29-0","sellTxId":"d4264dfa6a39723f49d3d0f461b7cf8ca51109b3"}
{"index": {"_index":"sim","_id":"2368887"}}
	{"id":2368887,"type":"sell","buyer":"jelly-cz","seller":"sisygoboom","symbol":"SIM","quantity":"48203.010","price":"0.00062884","timestamp":1640344389,"volume":"30.31198081","buyTxId":"MM-P-13325404-60312362-3-29-0","sellTxId":"93a8cf7b924ca9df13e70af07d9454f399d60b78"}
{"index": {"_index":"sim","_id":"2368898"}}
	{"id":2368898,"type":"sell","buyer":"jelly-cz","seller":"pele23","symbol":"SIM","quantity":"0.008","price":"0.00062884","timestamp":1640344524,"volume":"0.00000503","buyTxId":"MM-P-13325404-60312362-3-29-0","sellTxId":"11b3dda94aed7087e3f426a8cb0a11649594f56c"}
{"index": {"_index":"sim","_id":"2369012"}}
	{"id":2369012,"type":"sell","buyer":"jelly-cz","seller":"gamsam","symbol":"SIM","quantity":"17819","price":"0.00062884","timestamp":1640346156,"volume":"11.20529996","buyTxId":"MM-P-13325404-60312362-3-29-0","sellTxId":"c83478bc218c7b5f87ba7d606fe508a35f08d6da"}
{"index": {"_index":"sim","_id":"2369042"}}
	{"id":2369042,"type":"sell","buyer":"jelly-cz","seller":"yameen","symbol":"SIM","quantity":"3270.680","price":"0.00062884","timestamp":1640346531,"volume":"2.05673441","buyTxId":"MM-P-13325404-60312362-3-29-0","sellTxId":"81617df59b0bdfbba3b302b1f41d1c58e78e303c"}
{"index": {"_index":"sim","_id":"2369080"}}
	{"id":2369080,"type":"buy","buyer":"evernoticethat","seller":"pi-trader","symbol":"SIM","quantity":"1000.000","price":"0.00064569","timestamp":1640346798,"volume":"0.64569000","buyTxId":"ca927af9fc37f14a30e80ebc49828d3bb3843403","sellTxId":"32618aa6745abaedbe99b1c09109ab7507c0a8bf-4"}
{"index": {"_index":"sim","_id":"2369087"}}
	{"id":2369087,"type":"sell","buyer":"jelly-cz","seller":"fiberfrau","symbol":"SIM","quantity":"17.176","price":"0.00062884","timestamp":1640346864,"volume":"0.01080096","buyTxId":"MM-P-13325404-60312362-3-29-0","sellTxId":"a6b9f61e08dad34fbd57a8a07dd119426b4aa5a4"}
{"index": {"_index":"sim","_id":"2369159"}}
	{"id":2369159,"type":"sell","buyer":"jelly-cz","seller":"elevator09","symbol":"SIM","quantity":"6546.832","price":"0.00062884","timestamp":1640347191,"volume":"4.11690983","buyTxId":"MM-P-13325404-60312362-3-29-0","sellTxId":"5af8877291d4303e39ba753150d4afd95ff09fad"}
{"index": {"_index":"sim","_id":"2369234"}}
	{"id":2369234,"type":"sell","buyer":"jelly-cz","seller":"brofi-market","symbol":"SIM","quantity":"0.005","price":"0.00062884","timestamp":1640347821,"volume":"0.00000314","buyTxId":"MM-P-13325404-60312362-3-29-0","sellTxId":"232ef399fba4a46efaa172d1578614aca7c668ad"}
{"index": {"_index":"sim","_id":"2369335"}}
	{"id":2369335,"type":"buy","buyer":"svirus","seller":"kaeptn-iglo","symbol":"SIM","quantity":"30161.450","price":"0.00063000","timestamp":1640349087,"volume":"19.00171350","buyTxId":"4c137461373b7c12b6fb919a6f2f088406a46e54-0","sellTxId":"fbcda97596184237b24c9f0fe530de23753460a7"}
{"index": {"_index":"sim","_id":"2369643"}}
	{"id":2369643,"type":"sell","buyer":"jelly-cz","seller":"tonytrillions","symbol":"SIM","quantity":"0.023","price":"0.00062884","timestamp":1640352207,"volume":"0.00001446","buyTxId":"MM-P-13325404-60312362-3-29-0","sellTxId":"077fc5f95211347027aeeb85a106ef6703a89143"}
{"index": {"_index":"sim","_id":"2369867"}}
	{"id":2369867,"type":"buy","buyer":"pompeylad","seller":"pi-trader","symbol":"SIM","quantity":"7168.455","price":"0.00064569","timestamp":1640354133,"volume":"4.62859971","buyTxId":"c7e1d4a044bd9e0fcf5a7e3e6ea99c2131c0130a","sellTxId":"083e36fa52a19ca8edee14046b05672e3cd8a7de-2"}
{"index": {"_index":"sim","_id":"2370055"}}
	{"id":2370055,"type":"buy","buyer":"pompeylad","seller":"pi-trader","symbol":"SIM","quantity":"748.925","price":"0.00064568","timestamp":1640355699,"volume":"0.48356589","buyTxId":"226bd4baf2909eb22a66440687d2af5d6ceee4af","sellTxId":"12f97b965c502d37408992fdc70b25a03c937fc7-7"}
{"index": {"_index":"sim","_id":"2370590"}}
	{"id":2370590,"type":"sell","buyer":"pi-trader","seller":"joheredia21","symbol":"SIM","quantity":"5955","price":"0.00062803","timestamp":1640360115,"volume":"3.73991865","buyTxId":"276fec8cc706efee31328c5e2f934dfb0361adee-3","sellTxId":"dfc223627017781ba07c4e1fe27f2296b288a354"}
{"index": {"_index":"sim","_id":"2370736"}}
	{"id":2370736,"type":"sell","buyer":"pi-trader","seller":"heikki1337","symbol":"SIM","quantity":"7092.410","price":"0.00062959","timestamp":1640361384,"volume":"4.46531041","buyTxId":"f29da93d6b5f36386a7308ce97e24bd134ec2192-3","sellTxId":"8ab553f2d0a1855c08aa66d47972f6746db97083"}
{"index": {"_index":"sim","_id":"2370775"}}
	{"id":2370775,"type":"sell","buyer":"pi-trader","seller":"captaincryptic","symbol":"SIM","quantity":"3455.035","price":"0.00063011","timestamp":1640361762,"volume":"2.17705210","buyTxId":"0b4edfe6ac3a3689921ffd030c80c7373fe1b21c-3","sellTxId":"eea3b2862d3aaf48de8f6a8c69e8a9aac0a4d342"}
{"index": {"_index":"sim","_id":"2370842"}}
	{"id":2370842,"type":"sell","buyer":"pi-trader","seller":"brofi-market","symbol":"SIM","quantity":"0.001","price":"0.00063115","timestamp":1640362449,"volume":"0.00000063","buyTxId":"52732bbd02ae3b0c883d77ca72cda379f4f4f90f-3","sellTxId":"06e4791ac8b885fcc77c3993cf721c931b5cb766"}
{"index": {"_index":"sim","_id":"2371414"}}
	{"id":2371414,"type":"buy","buyer":"theclasser1","seller":"kharma.scribbles","symbol":"SIM","quantity":"3.020","price":"0.00064000","timestamp":1640367015,"volume":"0.00193280","buyTxId":"9b0d7121c83cf97a7d5ae272e03b8cbf309e36aa","sellTxId":"21a3f83e9f134cc27cae85fcc69af3fd2262abe3"}
{"index": {"_index":"sim","_id":"2371418"}}
	{"id":2371418,"type":"buy","buyer":"dswap","seller":"pi-trader","symbol":"SIM","quantity":"835.185","price":"0.00064568","timestamp":1640367087,"volume":"0.53926285","buyTxId":"47144316e3a0e2555e24a2324f1535b803c08782","sellTxId":"ecd50bf6a06ac4ff37448773e9ca9442562066b6-6"}
{"index": {"_index":"sim","_id":"2371424"}}
	{"id":2371424,"type":"buy","buyer":"theclasser1","seller":"pi-trader","symbol":"SIM","quantity":"26060.711","price":"0.00064567","timestamp":1640367132,"volume":"16.82661927","buyTxId":"b141d097af2fdacccb40a1dc908e7014df3bd6f5","sellTxId":"1ab7f2a8d3b2784a4d865ddbf020bc65cfd385a7-4"}
{"index": {"_index":"sim","_id":"2371798"}}
	{"id":2371798,"type":"sell","buyer":"jelly-cz","seller":"kasaisoul","symbol":"SIM","quantity":"38.858","price":"0.00063218","timestamp":1640369940,"volume":"0.02456525","buyTxId":"MM-P-13334872-60321834-3-29-0","sellTxId":"8bc06ad55e39c539aaadd5f2bef9dec46f45589b"}
{"index": {"_index":"sim","_id":"2372100"}}
	{"id":2372100,"type":"sell","buyer":"jelly-cz","seller":"aliveprojects","symbol":"SIM","quantity":"15.387","price":"0.00063218","timestamp":1640372778,"volume":"0.00972735","buyTxId":"MM-P-13334872-60321834-3-29-0","sellTxId":"1020230e4a6b370571537ebf26650aaf849eb6b9"}
{"index": {"_index":"sim","_id":"2372108"}}
	{"id":2372108,"type":"sell","buyer":"jelly-cz","seller":"curatorcat","symbol":"SIM","quantity":"15.075","price":"0.00063218","timestamp":1640372889,"volume":"0.00953011","buyTxId":"MM-P-13334872-60321834-3-29-0","sellTxId":"1da6fad8c5caef845c72fc9fc15d16acb6835c0c"}
{"index": {"_index":"sim","_id":"2372157"}}
	{"id":2372157,"type":"buy","buyer":"alphamz","seller":"pi-trader","symbol":"SIM","quantity":"860.000","price":"0.00064567","timestamp":1640373267,"volume":"0.55527620","buyTxId":"36b5d5abfd24d986b9219c650f3b734ba17bb85a","sellTxId":"e08e9f8e6fb5923cfa262f6bf7dcaf0ad7238b31-4"}
{"index": {"_index":"sim","_id":"2372170"}}
	{"id":2372170,"type":"sell","buyer":"jelly-cz","seller":"gamsam","symbol":"SIM","quantity":"20000","price":"0.00063218","timestamp":1640373450,"volume":"12.64360000","buyTxId":"MM-P-13334872-60321834-3-29-0","sellTxId":"266e4a6b27304f1a1bae11dd235b63a1f5c9642c"}
{"index": {"_index":"sim","_id":"2372405"}}
	{"id":2372405,"type":"sell","buyer":"jelly-cz","seller":"atomcollector","symbol":"SIM","quantity":"10860.000","price":"0.00063218","timestamp":1640376234,"volume":"6.86547480","buyTxId":"MM-P-13334872-60321834-3-29-0","sellTxId":"9966cf821f3344821d83d6e5d7fbc88a42dd4216"}
{"index": {"_index":"sim","_id":"2372567"}}
	{"id":2372567,"type":"sell","buyer":"jelly-cz","seller":"medaymane","symbol":"SIM","quantity":"990.000","price":"0.00063218","timestamp":1640378307,"volume":"0.62585820","buyTxId":"MM-P-13334872-60321834-3-29-0","sellTxId":"bd7d849b49f7587087ed78e45c560f8e7fcb2268"}
{"index": {"_index":"sim","_id":"2372579"}}
	{"id":2372579,"type":"sell","buyer":"jelly-cz","seller":"taskmaster4450","symbol":"SIM","quantity":"340.468","price":"0.00063218","timestamp":1640378424,"volume":"0.21523706","buyTxId":"MM-P-13334872-60321834-3-29-0","sellTxId":"14233ab5d41eb44921bd594326b15e3de1050d33"}
{"index": {"_index":"sim","_id":"2372692"}}
	{"id":2372692,"type":"sell","buyer":"jelly-cz","seller":"cryptomaniacsgr","symbol":"SIM","quantity":"323.948","price":"0.00063218","timestamp":1640379522,"volume":"0.20479345","buyTxId":"MM-P-13334872-60321834-3-29-0","sellTxId":"f478bad74895e350839e6e57295be886c471881b"}
{"index": {"_index":"sim","_id":"2372727"}}
	{"id":2372727,"type":"sell","buyer":"d-pend","seller":"konvik","symbol":"SIM","quantity":"99900.997","price":"0.00064000","timestamp":1640379813,"volume":"63.93663808","buyTxId":"18f9e2ce182148e01d206702c69a11aa2a3771d9","sellTxId":"510ab5b42b14f08ca75e3c72dfc2294d1e05e0f3-1"}
{"index": {"_index":"sim","_id":"2372823"}}
	{"id":2372823,"type":"sell","buyer":"d-pend","seller":"metafemboy","symbol":"SIM","quantity":"99.003","price":"0.00064000","timestamp":1640381097,"volume":"0.06336192","buyTxId":"18f9e2ce182148e01d206702c69a11aa2a3771d9","sellTxId":"a525557f311ed85a3a2a9e2cf6597e7bbc4bf298"}
{"index": {"_index":"sim","_id":"2372824"}}
	{"id":2372824,"type":"sell","buyer":"jelly-cz","seller":"metafemboy","symbol":"SIM","quantity":"2447.622","price":"0.00063322","timestamp":1640381097,"volume":"1.54988320","buyTxId":"MM-P-13340657-60327620-3-29-0","sellTxId":"a525557f311ed85a3a2a9e2cf6597e7bbc4bf298"}
{"index": {"_index":"sim","_id":"2372947"}}
	{"id":2372947,"type":"sell","buyer":"jelly-cz","seller":"nrg","symbol":"SIM","quantity":"4671.000","price":"0.00063322","timestamp":1640382267,"volume":"2.95777062","buyTxId":"MM-P-13340657-60327620-3-29-0","sellTxId":"7d33cfef8df68c071054b10135850a69e094376d-2"}
{"index": {"_index":"sim","_id":"2373235"}}
	{"id":2373235,"type":"buy","buyer":"princekham","seller":"brofi-market","symbol":"SIM","quantity":"0.001","price":"0.00064568","timestamp":1640384961,"volume":"0.00000065","buyTxId":"bd5e21211c0b31de76fda41bc1319cff6e3f6afc","sellTxId":"5f7020f75a0166c1966fd181b157a8a2b099f3b6"}
{"index": {"_index":"sim","_id":"2373236"}}
	{"id":2373236,"type":"buy","buyer":"princekham","seller":"brofi-market","symbol":"SIM","quantity":"0.005","price":"0.00064569","timestamp":1640384961,"volume":"0.00000323","buyTxId":"bd5e21211c0b31de76fda41bc1319cff6e3f6afc","sellTxId":"a59c20031f031a2e4b944096221e0defebb0d7ab"}
{"index": {"_index":"sim","_id":"2373237"}}
	{"id":2373237,"type":"buy","buyer":"princekham","seller":"pi-trader","symbol":"SIM","quantity":"1599.994","price":"0.00064569","timestamp":1640384961,"volume":"1.03310012","buyTxId":"bd5e21211c0b31de76fda41bc1319cff6e3f6afc","sellTxId":"8127279cb5f32b6bac6793cac1da8fdae0e1b83c-8"}
{"index": {"_index":"sim","_id":"2373259"}}
	{"id":2373259,"type":"sell","buyer":"jelly-cz","seller":"maryjane.main","symbol":"SIM","quantity":"17584.000","price":"0.00063322","timestamp":1640385144,"volume":"11.13454048","buyTxId":"MM-P-13340657-60327620-3-29-0","sellTxId":"86865e5c9c9151e38e99c8d19bd50250a1fdcee5"}
{"index": {"_index":"sim","_id":"2373326"}}
	{"id":2373326,"type":"sell","buyer":"jelly-cz","seller":"he-index","symbol":"SIM","quantity":"197.875","price":"0.00063322","timestamp":1640385975,"volume":"0.12529841","buyTxId":"MM-P-13340657-60327620-3-29-0","sellTxId":"8d632634fc16dafaae2f5e9116da4f8ccb980e5c"}
{"index": {"_index":"sim","_id":"2373428"}}
	{"id":2373428,"type":"sell","buyer":"jelly-cz","seller":"luca-legend","symbol":"SIM","quantity":"9600.000","price":"0.00063374","timestamp":1640387247,"volume":"6.08390400","buyTxId":"MM-P-13342749-60329713-3-29-0","sellTxId":"1ebe9388e2e71dee1eb0af5641e76c4c3bc4ac31"}
{"index": {"_index":"sim","_id":"2373485"}}
	{"id":2373485,"type":"buy","buyer":"alphamz","seller":"pi-trader","symbol":"SIM","quantity":"821.000","price":"0.00064569","timestamp":1640387688,"volume":"0.53011149","buyTxId":"a5bc2d225f20cba16cbddfa494ce21f91a78acdd","sellTxId":"0511475438990314f60c475bd0910259c76c4b95-4"}
{"index": {"_index":"sim","_id":"2373551"}}
	{"id":2373551,"type":"sell","buyer":"jelly-cz","seller":"alphamz","symbol":"SIM","quantity":"2618.762","price":"0.00063374","timestamp":1640388261,"volume":"1.65961423","buyTxId":"MM-P-13342749-60329713-3-29-0","sellTxId":"ec58ea5610d555f86a4fc5a1c61c52d16d44c100"}
{"index": {"_index":"sim","_id":"2373568"}}
	{"id":2373568,"type":"sell","buyer":"jelly-cz","seller":"kasaisoul","symbol":"SIM","quantity":"30.000","price":"0.00063374","timestamp":1640388450,"volume":"0.01901220","buyTxId":"MM-P-13342749-60329713-3-29-0","sellTxId":"58f1866f904e89043e61cf8e7b09d4a85c6f8510"}
{"index": {"_index":"sim","_id":"2373785"}}
	{"id":2373785,"type":"sell","buyer":"jelly-cz","seller":"brofi-market","symbol":"SIM","quantity":"0.002","price":"0.00063374","timestamp":1640391300,"volume":"0.00000127","buyTxId":"MM-P-13342749-60329713-3-29-0","sellTxId":"57b28c8488c813ca7d811c83b772a29826f5e66d"}
{"index": {"_index":"sim","_id":"2373803"}}
	{"id":2373803,"type":"sell","buyer":"jelly-cz","seller":"piotr42","symbol":"SIM","quantity":"318.000","price":"0.00063374","timestamp":1640391552,"volume":"0.20152932","buyTxId":"MM-P-13342749-60329713-3-29-0","sellTxId":"28ff516767e960cead829ccddad8a0c6922ca11e"}
{"index": {"_index":"sim","_id":"2373887"}}
	{"id":2373887,"type":"sell","buyer":"jelly-cz","seller":"kasaisoul","symbol":"SIM","quantity":"100.000","price":"0.00063374","timestamp":1640392803,"volume":"0.06337400","buyTxId":"MM-P-13342749-60329713-3-29-0","sellTxId":"69728053024f8a68c2e0131cad6e47cc56b465e1"}
{"index": {"_index":"sim","_id":"2373921"}}
	{"id":2373921,"type":"sell","buyer":"jelly-cz","seller":"captaincryptic","symbol":"SIM","quantity":"724.000","price":"0.00063374","timestamp":1640393319,"volume":"0.45882776","buyTxId":"MM-P-13342749-60329713-3-29-0","sellTxId":"4347254bada1d5e9384253c180f2e5a0f0a134ce"}
{"index": {"_index":"sim","_id":"2373974"}}
	{"id":2373974,"type":"sell","buyer":"jelly-cz","seller":"dwinblood","symbol":"SIM","quantity":"0.049","price":"0.00063374","timestamp":1640393940,"volume":"0.00003105","buyTxId":"MM-P-13342749-60329713-3-29-0","sellTxId":"db4a5f31f53d43bea448edb748ac3a22c4547856"}
{"index": {"_index":"sim","_id":"2374335"}}
	{"id":2374335,"type":"buy","buyer":"dkid14","seller":"brofi-market","symbol":"SIM","quantity":"0.002","price":"0.00064569","timestamp":1640397945,"volume":"0.00000129","buyTxId":"ec0bf29d4b931cbc814ab61229b255d633bd62ed","sellTxId":"f839b43eab42446816a414b23363d7c1358592b5"}
{"index": {"_index":"sim","_id":"2374336"}}
	{"id":2374336,"type":"buy","buyer":"dkid14","seller":"pi-trader","symbol":"SIM","quantity":"10871.859","price":"0.00064569","timestamp":1640397945,"volume":"7.01985064","buyTxId":"ec0bf29d4b931cbc814ab61229b255d633bd62ed","sellTxId":"6c356032617d59b63fb62b3f60f09b9496f05912-4"}
{"index": {"_index":"sim","_id":"2374430"}}
	{"id":2374430,"type":"sell","buyer":"jelly-cz","seller":"jrcornel","symbol":"SIM","quantity":"29978.000","price":"0.00063374","timestamp":1640398728,"volume":"18.99825772","buyTxId":"MM-P-13342749-60329713-3-29-0","sellTxId":"8ba48ad06a3f7feb227b40e052179e7910da055b"}
{"index": {"_index":"sim","_id":"2374436"}}
	{"id":2374436,"type":"sell","buyer":"jelly-cz","seller":"andy4475","symbol":"SIM","quantity":"42.458","price":"0.00063374","timestamp":1640398776,"volume":"0.02690733","buyTxId":"MM-P-13342749-60329713-3-29-0","sellTxId":"695349de82d55b1a3b65b9914335666b93f7276d"}
{"index": {"_index":"sim","_id":"2374799"}}
	{"id":2374799,"type":"sell","buyer":"jelly-cz","seller":"augustbrown","symbol":"SIM","quantity":"28.000","price":"0.00063374","timestamp":1640403174,"volume":"0.01774472","buyTxId":"MM-P-13342749-60329713-3-29-0","sellTxId":"4ba2a56888ad7417c62005b0fa6b41685ac1a82b"}
{"index": {"_index":"sim","_id":"2374816"}}
	{"id":2374816,"type":"sell","buyer":"jelly-cz","seller":"kasaisoul","symbol":"SIM","quantity":"200.000","price":"0.00063374","timestamp":1640403435,"volume":"0.12674800","buyTxId":"MM-P-13342749-60329713-3-29-0","sellTxId":"281200734fb29e2aaecc7f950eb3ce89bfe4b32a"}
