{"index": {"_index":"sim","_id":"1156912"}}
	{"id":1156912,"type":"sell","buyer":"jelly-cz","seller":"junokeo","symbol":"SIM","quantity":"0.630","price":"0.00077202","timestamp":1624157652,"volume":"0.00048637","buyTxId":"MM-P-7954070-54930859-3-25-0","sellTxId":"0656fd03fcb7b90660f9366e92fb6ddc7d24ae97"}
{"index": {"_index":"sim","_id":"1156963"}}
	{"id":1156963,"type":"sell","buyer":"jelly-cz","seller":"bearbear613","symbol":"SIM","quantity":"768.927","price":"0.00077202","timestamp":1624160502,"volume":"0.59362702","buyTxId":"MM-P-7954070-54930859-3-25-0","sellTxId":"f8e9533776b599f43a9aa2032d0ffe56a5f56b80"}
{"index": {"_index":"sim","_id":"1157015"}}
	{"id":1157015,"type":"sell","buyer":"jelly-cz","seller":"megalithic","symbol":"SIM","quantity":"15354.685","price":"0.00077202","timestamp":1624162857,"volume":"11.85412391","buyTxId":"MM-P-7954070-54930859-3-25-0","sellTxId":"daad4c0d0e3f5f7305895652dfc08546b6001801"}
{"index": {"_index":"sim","_id":"1157016"}}
	{"id":1157016,"type":"sell","buyer":"dcityfund","seller":"megalithic","symbol":"SIM","quantity":"1456.315","price":"0.00077200","timestamp":1624162857,"volume":"1.12427518","buyTxId":"1e4ef6ca752c0b8371d33d3371b28e68c68905c8","sellTxId":"daad4c0d0e3f5f7305895652dfc08546b6001801"}
{"index": {"_index":"sim","_id":"1157058"}}
	{"id":1157058,"type":"sell","buyer":"jelly-cz","seller":"hive.miner","symbol":"SIM","quantity":"103.992","price":"0.00077202","timestamp":1624165620,"volume":"0.08028390","buyTxId":"MM-P-7959857-54936751-3-25-0","sellTxId":"353dbade69c32aab7c0690599e81dcda050f510f"}
{"index": {"_index":"sim","_id":"1157076"}}
	{"id":1157076,"type":"sell","buyer":"jelly-cz","seller":"he-index","symbol":"SIM","quantity":"617.469","price":"0.00077202","timestamp":1624165986,"volume":"0.47669842","buyTxId":"MM-P-7959857-54936751-3-25-0","sellTxId":"39b431f733526e3dcc5594729e93e264c056224d"}
{"index": {"_index":"sim","_id":"1157167"}}
	{"id":1157167,"type":"sell","buyer":"jelly-cz","seller":"manoldonchev","symbol":"SIM","quantity":"17670.000","price":"0.00077202","timestamp":1624169298,"volume":"13.64159340","buyTxId":"MM-P-7959857-54936751-3-25-0","sellTxId":"a0172b7992a41745083a0ae8fa41b88492121625"}
{"index": {"_index":"sim","_id":"1157189"}}
	{"id":1157189,"type":"buy","buyer":"eythorphoto","seller":"nftmart.fees","symbol":"SIM","quantity":"562.000","price":"0.00084399","timestamp":1624170936,"volume":"0.47432238","buyTxId":"2a680a6637088f52dfb7b71b08d3016f50b2d912","sellTxId":"44e9b921c7c21052c75a398e4995249c4cd6d571-0"}
{"index": {"_index":"sim","_id":"1157210"}}
	{"id":1157210,"type":"sell","buyer":"eythorphoto","seller":"nftmart.fees","symbol":"SIM","quantity":"488.000","price":"0.00084399","timestamp":1624171695,"volume":"0.41186712","buyTxId":"2a680a6637088f52dfb7b71b08d3016f50b2d912","sellTxId":"f0368068354b326e0c13decf9807e86f3c026dc2-0"}
{"index": {"_index":"sim","_id":"1157215"}}
	{"id":1157215,"type":"buy","buyer":"eythorphoto","seller":"rachaeldwatson","symbol":"SIM","quantity":"10.799","price":"0.00084400","timestamp":1624171992,"volume":"0.00911436","buyTxId":"60f445f0035f5741c5ad80a0d3ddad2c5e4aba71","sellTxId":"51d18e1b1daae91d023e072c5808c981e0cf3cfc"}
{"index": {"_index":"sim","_id":"1157240"}}
	{"id":1157240,"type":"sell","buyer":"eythorphoto","seller":"bhoa","symbol":"SIM","quantity":"9658.569","price":"0.00084400","timestamp":1624174053,"volume":"8.15183223","buyTxId":"60f445f0035f5741c5ad80a0d3ddad2c5e4aba71","sellTxId":"1cf7269f644a8a4cb4fd4ac21f09c5f4535c9974"}
{"index": {"_index":"sim","_id":"1157241"}}
	{"id":1157241,"type":"buy","buyer":"konvik","seller":"bhoa","symbol":"SIM","quantity":"42631.066","price":"0.00084400","timestamp":1624174056,"volume":"35.98061970","buyTxId":"527529b93a40a942e3be8d38b87b9a1f039be32d-0","sellTxId":"1cf7269f644a8a4cb4fd4ac21f09c5f4535c9974"}
{"index": {"_index":"sim","_id":"1157242"}}
	{"id":1157242,"type":"sell","buyer":"eythorphoto","seller":"nftmart.fees","symbol":"SIM","quantity":"430.000","price":"0.00084399","timestamp":1624174095,"volume":"0.36291570","buyTxId":"2a680a6637088f52dfb7b71b08d3016f50b2d912","sellTxId":"8db10c152a6c10fb2a8836517cf522803dcfdc7b-0"}
{"index": {"_index":"sim","_id":"1157246"}}
	{"id":1157246,"type":"sell","buyer":"eythorphoto","seller":"bhoa","symbol":"SIM","quantity":"5190.000","price":"0.00084399","timestamp":1624174206,"volume":"4.38030810","buyTxId":"2a680a6637088f52dfb7b71b08d3016f50b2d912","sellTxId":"b2ea702b9e093306441ea2f71d9a70ccf4fdd731"}
{"index": {"_index":"sim","_id":"1157253"}}
	{"id":1157253,"type":"sell","buyer":"jelly-cz","seller":"steem-hodler","symbol":"SIM","quantity":"27895.000","price":"0.00077202","timestamp":1624174671,"volume":"21.53549790","buyTxId":"MM-P-7959857-54936751-3-25-0","sellTxId":"ff61c35b3e5813eb7a96765a33f7f85bdcdf3e9c"}
{"index": {"_index":"sim","_id":"1157338"}}
	{"id":1157338,"type":"buy","buyer":"konvik","seller":"atomcollector","symbol":"SIM","quantity":"10000.000","price":"0.00083000","timestamp":1624175973,"volume":"8.30000000","buyTxId":"bed729ce76a8964206619e6246096d98e8188f34-0","sellTxId":"0b9fdcf5e5000611808af012fcba8120781e4ea0"}
{"index": {"_index":"sim","_id":"1157342"}}
	{"id":1157342,"type":"sell","buyer":"konvik","seller":"oks2crypto","symbol":"SIM","quantity":"0.002","price":"0.00083000","timestamp":1624176288,"volume":"0.00000166","buyTxId":"bed729ce76a8964206619e6246096d98e8188f34-0","sellTxId":"1e2933a50b85d3f397491a31cc49c18d3965dee8"}
{"index": {"_index":"sim","_id":"1157388"}}
	{"id":1157388,"type":"sell","buyer":"jelly-cz","seller":"nathanpieters","symbol":"SIM","quantity":"190.000","price":"0.00077202","timestamp":1624178781,"volume":"0.14668380","buyTxId":"MM-P-7959857-54936751-3-25-0","sellTxId":"0f883c0969376a056886b646610effd48ba42dff"}
{"index": {"_index":"sim","_id":"1157443"}}
	{"id":1157443,"type":"sell","buyer":"jelly-cz","seller":"trumpman","symbol":"SIM","quantity":"999.368","price":"0.00077402","timestamp":1624182363,"volume":"0.77353082","buyTxId":"MM-P-7965962-54942941-3-25-0","sellTxId":"126b04d0dc7ac3d92ea32e6e568daed21b23a663"}
{"index": {"_index":"sim","_id":"1157455"}}
	{"id":1157455,"type":"sell","buyer":"jelly-cz","seller":"thegoliath","symbol":"SIM","quantity":"113984.741","price":"0.00077402","timestamp":1624183908,"volume":"88.22646923","buyTxId":"MM-P-7965962-54942941-3-25-0","sellTxId":"c5a4f44b7e3aa5b13a378f69b77a33357ae7590d"}
{"index": {"_index":"sim","_id":"1157456"}}
	{"id":1157456,"type":"sell","buyer":"dcityfund","seller":"thegoliath","symbol":"SIM","quantity":"38946.478","price":"0.00077400","timestamp":1624183908,"volume":"30.14457397","buyTxId":"eeae4be1cf1d9824b7e16626fe4fdeb561720393","sellTxId":"c5a4f44b7e3aa5b13a378f69b77a33357ae7590d"}
{"index": {"_index":"sim","_id":"1157457"}}
	{"id":1157457,"type":"sell","buyer":"dcityfund","seller":"thegoliath","symbol":"SIM","quantity":"40698.031","price":"0.00077300","timestamp":1624183908,"volume":"31.45957796","buyTxId":"73245ebd529622792cf66c2162b412434c7e3a12","sellTxId":"c5a4f44b7e3aa5b13a378f69b77a33357ae7590d"}
{"index": {"_index":"sim","_id":"1157458"}}
	{"id":1157458,"type":"sell","buyer":"dcityfund","seller":"thegoliath","symbol":"SIM","quantity":"7598.591","price":"0.00077200","timestamp":1624183908,"volume":"5.86611225","buyTxId":"1e4ef6ca752c0b8371d33d3371b28e68c68905c8","sellTxId":"c5a4f44b7e3aa5b13a378f69b77a33357ae7590d"}
{"index": {"_index":"sim","_id":"1157493"}}
	{"id":1157493,"type":"buy","buyer":"thegoliath","seller":"nftmart.fees","symbol":"SIM","quantity":"377.000","price":"0.00084398","timestamp":1624185702,"volume":"0.31818046","buyTxId":"60223c80d7edae6b4f157758d0e104c9d2ee9d4f","sellTxId":"5390a8d2f4b9ad3812644d914b8493dec4553bae-0"}
{"index": {"_index":"sim","_id":"1157494"}}
	{"id":1157494,"type":"buy","buyer":"thegoliath","seller":"bhoa","symbol":"SIM","quantity":"12498.955","price":"0.00084399","timestamp":1624185702,"volume":"10.54899303","buyTxId":"60223c80d7edae6b4f157758d0e104c9d2ee9d4f","sellTxId":"b2ea702b9e093306441ea2f71d9a70ccf4fdd731"}
{"index": {"_index":"sim","_id":"1157495"}}
	{"id":1157495,"type":"buy","buyer":"thegoliath","seller":"dcityfund","symbol":"SIM","quantity":"10125.427","price":"0.00084400","timestamp":1624185702,"volume":"8.54586039","buyTxId":"60223c80d7edae6b4f157758d0e104c9d2ee9d4f","sellTxId":"89d6f51b377d654dd812407d3c330e69196075c7"}
{"index": {"_index":"sim","_id":"1157496"}}
	{"id":1157496,"type":"buy","buyer":"thegoliath","seller":"dcityfund","symbol":"SIM","quantity":"2511.900","price":"0.00084400","timestamp":1624185702,"volume":"2.12004360","buyTxId":"60223c80d7edae6b4f157758d0e104c9d2ee9d4f","sellTxId":"038baae9fc38ef413b35ff0d2d9ca292e2130a38"}
{"index": {"_index":"sim","_id":"1157497"}}
	{"id":1157497,"type":"buy","buyer":"thegoliath","seller":"brofi-market","symbol":"SIM","quantity":"99.083","price":"0.00084499","timestamp":1624185702,"volume":"0.08372414","buyTxId":"60223c80d7edae6b4f157758d0e104c9d2ee9d4f","sellTxId":"01a4b98048752142f812c5cb69b54db11be50865"}
{"index": {"_index":"sim","_id":"1157498"}}
	{"id":1157498,"type":"buy","buyer":"thegoliath","seller":"daveks","symbol":"SIM","quantity":"7684.000","price":"0.00084500","timestamp":1624185702,"volume":"6.49298000","buyTxId":"60223c80d7edae6b4f157758d0e104c9d2ee9d4f","sellTxId":"fc9bde165d91771c1f8e4b862949200dd693e5fa"}
{"index": {"_index":"sim","_id":"1157499"}}
	{"id":1157499,"type":"buy","buyer":"thegoliath","seller":"jelly-cz","symbol":"SIM","quantity":"87224.000","price":"0.00085398","timestamp":1624185702,"volume":"74.48755152","buyTxId":"60223c80d7edae6b4f157758d0e104c9d2ee9d4f","sellTxId":"MM-P-7963281-54940247-3-25-0"}
{"index": {"_index":"sim","_id":"1157500"}}
	{"id":1157500,"type":"buy","buyer":"thegoliath","seller":"shaktidas2020","symbol":"SIM","quantity":"27000.000","price":"0.00085500","timestamp":1624185702,"volume":"23.08500000","buyTxId":"60223c80d7edae6b4f157758d0e104c9d2ee9d4f","sellTxId":"16b4281ac97faaabb4ac90472a1aef544dbe698d"}
{"index": {"_index":"sim","_id":"1157501"}}
	{"id":1157501,"type":"buy","buyer":"thegoliath","seller":"solovey6o2","symbol":"SIM","quantity":"69035.986","price":"0.00085632","timestamp":1624185702,"volume":"59.11689553","buyTxId":"60223c80d7edae6b4f157758d0e104c9d2ee9d4f","sellTxId":"289b93615a210d8650983ecacf31cc865df98662"}
{"index": {"_index":"sim","_id":"1157502"}}
	{"id":1157502,"type":"buy","buyer":"thegoliath","seller":"dcityfund","symbol":"SIM","quantity":"9372.041","price":"0.00085800","timestamp":1624185702,"volume":"8.04121118","buyTxId":"60223c80d7edae6b4f157758d0e104c9d2ee9d4f","sellTxId":"7b2f74a870f3a008053cde7d1248708727b75444"}
{"index": {"_index":"sim","_id":"1157503"}}
	{"id":1157503,"type":"buy","buyer":"thegoliath","seller":"brofi-market","symbol":"SIM","quantity":"0.001","price":"0.00085996","timestamp":1624185702,"volume":"0.00000086","buyTxId":"60223c80d7edae6b4f157758d0e104c9d2ee9d4f","sellTxId":"2d0b7b6a0137030a4e92443993ccb0c9df509503"}
{"index": {"_index":"sim","_id":"1157504"}}
	{"id":1157504,"type":"buy","buyer":"thegoliath","seller":"atomcollector","symbol":"SIM","quantity":"10000.000","price":"0.00086000","timestamp":1624185702,"volume":"8.60000000","buyTxId":"60223c80d7edae6b4f157758d0e104c9d2ee9d4f","sellTxId":"9125c3b5e011be9d9ea5685bd8aca8bc4a7f1753"}
{"index": {"_index":"sim","_id":"1157505"}}
	{"id":1157505,"type":"buy","buyer":"thegoliath","seller":"mapac","symbol":"SIM","quantity":"234.000","price":"0.00086000","timestamp":1624185702,"volume":"0.20124000","buyTxId":"60223c80d7edae6b4f157758d0e104c9d2ee9d4f","sellTxId":"e2083b84a3cc81ddfcf0713155c1486b9ffd31bc"}
{"index": {"_index":"sim","_id":"1157506"}}
	{"id":1157506,"type":"buy","buyer":"thegoliath","seller":"atomcollector","symbol":"SIM","quantity":"10000.000","price":"0.00087000","timestamp":1624185702,"volume":"8.70000000","buyTxId":"60223c80d7edae6b4f157758d0e104c9d2ee9d4f","sellTxId":"b5fd0db12e30e44a701d2027ec5c61e0be88edfc"}
{"index": {"_index":"sim","_id":"1157507"}}
	{"id":1157507,"type":"buy","buyer":"thegoliath","seller":"dcityfund","symbol":"SIM","quantity":"9017.081","price":"0.00087000","timestamp":1624185702,"volume":"7.84486047","buyTxId":"60223c80d7edae6b4f157758d0e104c9d2ee9d4f","sellTxId":"22a3e12ad86d57fdb224ea5caf71112ec315945a"}
{"index": {"_index":"sim","_id":"1157508"}}
	{"id":1157508,"type":"buy","buyer":"thegoliath","seller":"dcityfund","symbol":"SIM","quantity":"8931.363","price":"0.00087000","timestamp":1624185702,"volume":"7.77028581","buyTxId":"60223c80d7edae6b4f157758d0e104c9d2ee9d4f","sellTxId":"b0bbd580dc457f493efa85d038320972f816c3a3"}
{"index": {"_index":"sim","_id":"1157509"}}
	{"id":1157509,"type":"buy","buyer":"thegoliath","seller":"dcityfund","symbol":"SIM","quantity":"8739.540","price":"0.00087000","timestamp":1624185702,"volume":"7.60339980","buyTxId":"60223c80d7edae6b4f157758d0e104c9d2ee9d4f","sellTxId":"4401ec69e95a1ae7323787a29c06b945cc20283d"}
{"index": {"_index":"sim","_id":"1157510"}}
	{"id":1157510,"type":"buy","buyer":"thegoliath","seller":"dcityfund","symbol":"SIM","quantity":"8651.611","price":"0.00087000","timestamp":1624185702,"volume":"7.52690157","buyTxId":"60223c80d7edae6b4f157758d0e104c9d2ee9d4f","sellTxId":"a2b83a472ac85bc9305b012c5c9b98ae50746796"}
{"index": {"_index":"sim","_id":"1157511"}}
	{"id":1157511,"type":"buy","buyer":"thegoliath","seller":"dcityfund","symbol":"SIM","quantity":"8559.509","price":"0.00087000","timestamp":1624185702,"volume":"7.44677283","buyTxId":"60223c80d7edae6b4f157758d0e104c9d2ee9d4f","sellTxId":"0b008cb1ab7d0256a619500f3bd466a1b6c49c74"}
{"index": {"_index":"sim","_id":"1157512"}}
	{"id":1157512,"type":"buy","buyer":"thegoliath","seller":"accelerator","symbol":"SIM","quantity":"222.000","price":"0.00087000","timestamp":1624185702,"volume":"0.19314000","buyTxId":"60223c80d7edae6b4f157758d0e104c9d2ee9d4f","sellTxId":"3830e32f4056f06e688708b260b659a3d641ce6b"}
{"index": {"_index":"sim","_id":"1157513"}}
	{"id":1157513,"type":"buy","buyer":"thegoliath","seller":"dcityfund","symbol":"SIM","quantity":"8094.250","price":"0.00087000","timestamp":1624185702,"volume":"7.04199750","buyTxId":"60223c80d7edae6b4f157758d0e104c9d2ee9d4f","sellTxId":"c99f30ba1cf5097263291fdbdc0d614a2b31d76b"}
{"index": {"_index":"sim","_id":"1157514"}}
	{"id":1157514,"type":"buy","buyer":"thegoliath","seller":"dcityfund","symbol":"SIM","quantity":"1622.253","price":"0.00087000","timestamp":1624185702,"volume":"1.41136011","buyTxId":"60223c80d7edae6b4f157758d0e104c9d2ee9d4f","sellTxId":"ca7d1fbb61465796f8cb2d24df0a98df32dc9b7b"}
{"index": {"_index":"sim","_id":"1157565"}}
	{"id":1157565,"type":"sell","buyer":"dcityfund","seller":"cryptoblob","symbol":"SIM","quantity":"64.020","price":"0.00077200","timestamp":1624186683,"volume":"0.04942344","buyTxId":"1e4ef6ca752c0b8371d33d3371b28e68c68905c8","sellTxId":"2b00b2e29486adf4ee6db44ed359dcdc03fd00dc"}
{"index": {"_index":"sim","_id":"1157614"}}
	{"id":1157614,"type":"sell","buyer":"dcityfund","seller":"flaxz","symbol":"SIM","quantity":"0.189","price":"0.00077200","timestamp":1624187868,"volume":"0.00014591","buyTxId":"1e4ef6ca752c0b8371d33d3371b28e68c68905c8","sellTxId":"a470e11e06ac50f8b1217f7e230a91d0548b5656"}
{"index": {"_index":"sim","_id":"1157650"}}
	{"id":1157650,"type":"sell","buyer":"dcityfund","seller":"balte","symbol":"SIM","quantity":"9382.079","price":"0.00077200","timestamp":1624188642,"volume":"7.24296499","buyTxId":"1e4ef6ca752c0b8371d33d3371b28e68c68905c8","sellTxId":"bc0f45663f69db505379c70a578029b014b3f6e2"}
{"index": {"_index":"sim","_id":"1157651"}}
	{"id":1157651,"type":"sell","buyer":"jelly-cz","seller":"balte","symbol":"SIM","quantity":"7499.921","price":"0.00077102","timestamp":1624188642,"volume":"5.78258909","buyTxId":"MM-P-7966751-54943741-3-25-0","sellTxId":"bc0f45663f69db505379c70a578029b014b3f6e2"}
{"index": {"_index":"sim","_id":"1157708"}}
	{"id":1157708,"type":"sell","buyer":"jelly-cz","seller":"andy4475","symbol":"SIM","quantity":"41.795","price":"0.00077102","timestamp":1624189926,"volume":"0.03222478","buyTxId":"MM-P-7966751-54943741-3-25-0","sellTxId":"caa98a3f37e4bb11a35d4f0d60a5850a5171d4c2"}
{"index": {"_index":"sim","_id":"1157744"}}
	{"id":1157744,"type":"sell","buyer":"jelly-cz","seller":"tonytrillions","symbol":"SIM","quantity":"0.002","price":"0.00077102","timestamp":1624191594,"volume":"0.00000154","buyTxId":"MM-P-7966751-54943741-3-25-0","sellTxId":"459b16e8ba1c5dd62d41bac5eb208351c566b554"}
{"index": {"_index":"sim","_id":"1157760"}}
	{"id":1157760,"type":"buy","buyer":"vcelier","seller":"nftmart.fees","symbol":"SIM","quantity":"328.000","price":"0.00086999","timestamp":1624192239,"volume":"0.28535672","buyTxId":"260790dd0e6196ce089f2923f1ed5a76f184e142","sellTxId":"7d97462b2b2541d677068c0c4bf8e65acb538311-0"}
{"index": {"_index":"sim","_id":"1157761"}}
	{"id":1157761,"type":"buy","buyer":"vcelier","seller":"dcityfund","symbol":"SIM","quantity":"234.000","price":"0.00087000","timestamp":1624192269,"volume":"0.20358000","buyTxId":"64b30c4adb0286c1c45807fefccdf3f82c68b250","sellTxId":"ca7d1fbb61465796f8cb2d24df0a98df32dc9b7b"}
{"index": {"_index":"sim","_id":"1157762"}}
	{"id":1157762,"type":"buy","buyer":"vcelier","seller":"dcityfund","symbol":"SIM","quantity":"234.000","price":"0.00087000","timestamp":1624192308,"volume":"0.20358000","buyTxId":"518bae05d884bb26e88fd60fb272521e0b597ce3","sellTxId":"ca7d1fbb61465796f8cb2d24df0a98df32dc9b7b"}
{"index": {"_index":"sim","_id":"1157763"}}
	{"id":1157763,"type":"buy","buyer":"vcelier","seller":"dcityfund","symbol":"SIM","quantity":"112.050","price":"0.00087000","timestamp":1624192338,"volume":"0.09748350","buyTxId":"d82d243925134cf92a06b73573f8f58f3295dd23","sellTxId":"ca7d1fbb61465796f8cb2d24df0a98df32dc9b7b"}
{"index": {"_index":"sim","_id":"1157769"}}
	{"id":1157769,"type":"sell","buyer":"jelly-cz","seller":"tonytrillions","symbol":"SIM","quantity":"0.028","price":"0.00077102","timestamp":1624192782,"volume":"0.00002159","buyTxId":"MM-P-7966751-54943741-3-25-0","sellTxId":"1f1bee7be9ea96010cb62deb01848ee642c67523"}
{"index": {"_index":"sim","_id":"1157873"}}
	{"id":1157873,"type":"buy","buyer":"emergehealthier","seller":"nftmart.fees","symbol":"SIM","quantity":"285.000","price":"0.00086997","timestamp":1624197282,"volume":"0.24794145","buyTxId":"18eac13b31724251043ba2b31c74d0017f26012e","sellTxId":"545d33a7259957838d74935021288963f5f0d3fb-0"}
{"index": {"_index":"sim","_id":"1157875"}}
	{"id":1157875,"type":"buy","buyer":"emergehealthier","seller":"jelly-cz","symbol":"SIM","quantity":"400.000","price":"0.00086998","timestamp":1624197438,"volume":"0.34799200","buyTxId":"0243c9e6a8f761b1cbf17d14462db9df2503be56","sellTxId":"MM-P-7970724-54947736-3-25-0"}
{"index": {"_index":"sim","_id":"1158000"}}
	{"id":1158000,"type":"sell","buyer":"jelly-cz","seller":"steemstreems","symbol":"SIM","quantity":"2055.401","price":"0.00077102","timestamp":1624202625,"volume":"1.58475528","buyTxId":"MM-P-7966751-54943741-3-25-0","sellTxId":"ce90ad48428aad7d9ec3c0ea7bbc5af3b679f1f1"}
{"index": {"_index":"sim","_id":"1158082"}}
	{"id":1158082,"type":"buy","buyer":"whitelightxpress","seller":"nftmart.fees","symbol":"SIM","quantity":"6.060","price":"0.00086997","timestamp":1624205130,"volume":"0.00527202","buyTxId":"6ed4c9c9e0b3b5c70f2ef277179a832ff65d8bf1","sellTxId":"17ff9f55c5b9c67bb74e2b6d155f33d265d9c318-0"}
{"index": {"_index":"sim","_id":"1158102"}}
	{"id":1158102,"type":"sell","buyer":"notaboutme","seller":"willsaldeno","symbol":"SIM","quantity":"2574.000","price":"0.00078000","timestamp":1624205805,"volume":"2.00772000","buyTxId":"46a6efc91b5305347d40a1a0221e8ca8873ae0b5","sellTxId":"9dc4eeaf6cafbcddef102e0142494d62117126ce"}
{"index": {"_index":"sim","_id":"1158112"}}
	{"id":1158112,"type":"sell","buyer":"notaboutme","seller":"ganjafarmer","symbol":"SIM","quantity":"1.118","price":"0.00078000","timestamp":1624205901,"volume":"0.00087204","buyTxId":"46a6efc91b5305347d40a1a0221e8ca8873ae0b5","sellTxId":"463964b7a03e43c2f839914fe8f87dfe9c603737"}
{"index": {"_index":"sim","_id":"1158119"}}
	{"id":1158119,"type":"buy","buyer":"rambo21","seller":"nftmart.fees","symbol":"SIM","quantity":"369.000","price":"0.00086997","timestamp":1624206366,"volume":"0.32101893","buyTxId":"360bfecfe4fcd3141d8fecd40828af7bf3860e69","sellTxId":"4f7f03b2d79a11c2d6a0a9f18cc4af3fce6bab66-0"}
{"index": {"_index":"sim","_id":"1158120"}}
	{"id":1158120,"type":"buy","buyer":"rambo21","seller":"jelly-cz","symbol":"SIM","quantity":"2131.000","price":"0.00086998","timestamp":1624206366,"volume":"1.85392738","buyTxId":"360bfecfe4fcd3141d8fecd40828af7bf3860e69","sellTxId":"MM-P-7970724-54947736-3-25-0"}
{"index": {"_index":"sim","_id":"1158215"}}
	{"id":1158215,"type":"buy","buyer":"automaton","seller":"nftmart.fees","symbol":"SIM","quantity":"284.000","price":"0.00086995","timestamp":1624209627,"volume":"0.24706580","buyTxId":"fb4b15120eb73b16d5a01098296667d4787325a1","sellTxId":"1ceefb3a31e5646d730ab95cc34bc6578f49ff2d-0"}
{"index": {"_index":"sim","_id":"1158216"}}
	{"id":1158216,"type":"buy","buyer":"automaton","seller":"jelly-cz","symbol":"SIM","quantity":"1216.000","price":"0.00086998","timestamp":1624209627,"volume":"1.05789568","buyTxId":"fb4b15120eb73b16d5a01098296667d4787325a1","sellTxId":"MM-P-7970724-54947736-3-25-0"}
{"index": {"_index":"sim","_id":"1158225"}}
	{"id":1158225,"type":"buy","buyer":"thatcryptodave","seller":"jelly-cz","symbol":"SIM","quantity":"2368.053","price":"0.00086998","timestamp":1624209741,"volume":"2.06015875","buyTxId":"a806202ab4e1c3cb1345d81da58b19c7a0d82111","sellTxId":"MM-P-7970724-54947736-3-25-0"}
{"index": {"_index":"sim","_id":"1158310"}}
	{"id":1158310,"type":"buy","buyer":"automaton","seller":"nftmart.fees","symbol":"SIM","quantity":"284.000","price":"0.00086997","timestamp":1624210674,"volume":"0.24707148","buyTxId":"ca952f1f08f8764f0e87b57e1bc936857e3118c0","sellTxId":"501f68e9aa0534a7c721f10b683e12254911bf67-0"}
{"index": {"_index":"sim","_id":"1158311"}}
	{"id":1158311,"type":"buy","buyer":"automaton","seller":"jelly-cz","symbol":"SIM","quantity":"816.000","price":"0.00086998","timestamp":1624210674,"volume":"0.70990368","buyTxId":"ca952f1f08f8764f0e87b57e1bc936857e3118c0","sellTxId":"MM-P-7970724-54947736-3-25-0"}
{"index": {"_index":"sim","_id":"1158362"}}
	{"id":1158362,"type":"sell","buyer":"notaboutme","seller":"joebabana","symbol":"SIM","quantity":"6574.882","price":"0.00078000","timestamp":1624211667,"volume":"5.12840796","buyTxId":"46a6efc91b5305347d40a1a0221e8ca8873ae0b5","sellTxId":"e14dd55b728ab211a6efd273599ac9ef88d5fe1b"}
{"index": {"_index":"sim","_id":"1158363"}}
	{"id":1158363,"type":"sell","buyer":"jelly-cz","seller":"joebabana","symbol":"SIM","quantity":"6486.118","price":"0.00077102","timestamp":1624211667,"volume":"5.00092670","buyTxId":"MM-P-7966751-54943741-3-25-0","sellTxId":"e14dd55b728ab211a6efd273599ac9ef88d5fe1b"}
{"index": {"_index":"sim","_id":"1158432"}}
	{"id":1158432,"type":"buy","buyer":"automaton","seller":"nftmart.fees","symbol":"SIM","quantity":"282.000","price":"0.00086946","timestamp":1624213008,"volume":"0.24518772","buyTxId":"531013e2a52ec33beb11282bbf1a3fc7fa845af7","sellTxId":"9a622bc8547553b28e1e680edf7c98b0e532f41f-0"}
{"index": {"_index":"sim","_id":"1158433"}}
	{"id":1158433,"type":"buy","buyer":"automaton","seller":"jelly-cz","symbol":"SIM","quantity":"618.000","price":"0.00086947","timestamp":1624213008,"volume":"0.53733246","buyTxId":"531013e2a52ec33beb11282bbf1a3fc7fa845af7","sellTxId":"MM-P-7975798-54952832-3-25-0"}
{"index": {"_index":"sim","_id":"1158455"}}
	{"id":1158455,"type":"buy","buyer":"dadspardan","seller":"jelly-cz","symbol":"SIM","quantity":"11501.000","price":"0.00086947","timestamp":1624213467,"volume":"9.99977447","buyTxId":"8fcf5581580ff3ce41e9fbc91257e5b8bd76f9c2","sellTxId":"MM-P-7975798-54952832-3-25-0"}
{"index": {"_index":"sim","_id":"1158460"}}
	{"id":1158460,"type":"buy","buyer":"soteyapanbot","seller":"nftmart.fees","symbol":"SIM","quantity":"278.000","price":"0.00086946","timestamp":1624213761,"volume":"0.24170988","buyTxId":"7cc15f13190219772128540eb3b91c06fade9081","sellTxId":"8aff6e2747faebc55ea46253cc48c92c0bd1334a-0"}
{"index": {"_index":"sim","_id":"1158461"}}
	{"id":1158461,"type":"sell","buyer":"soteyapanbot","seller":"konvik","symbol":"SIM","quantity":"7684.384","price":"0.00086946","timestamp":1624213764,"volume":"6.68126451","buyTxId":"7cc15f13190219772128540eb3b91c06fade9081","sellTxId":"037e6c64cbfd3ece73c633a7069146d1f6bb30fa-1"}
{"index": {"_index":"sim","_id":"1158470"}}
	{"id":1158470,"type":"buy","buyer":"notaboutme","seller":"jelly-cz","symbol":"SIM","quantity":"22500.000","price":"0.00086947","timestamp":1624213977,"volume":"19.56307500","buyTxId":"37c2335e93e2f0375816dba2d078efafb6f9d18a","sellTxId":"MM-P-7975798-54952832-3-25-0"}
{"index": {"_index":"sim","_id":"1158471"}}
	{"id":1158471,"type":"buy","buyer":"holoferncro","seller":"jelly-cz","symbol":"SIM","quantity":"7126.856","price":"0.00086947","timestamp":1624214061,"volume":"6.19658749","buyTxId":"a5aba94bfec7c038077911894d1ea12c0827d467","sellTxId":"MM-P-7975798-54952832-3-25-0"}
{"index": {"_index":"sim","_id":"1158475"}}
	{"id":1158475,"type":"sell","buyer":"soteyapanbot","seller":"dcityfund","symbol":"SIM","quantity":"7.616","price":"0.00086946","timestamp":1624214205,"volume":"0.00662181","buyTxId":"7cc15f13190219772128540eb3b91c06fade9081","sellTxId":"6c8e49f1c20aed3f8e643104c9269617de62c62d"}
{"index": {"_index":"sim","_id":"1158486"}}
	{"id":1158486,"type":"buy","buyer":"dadspardan","seller":"daveks","symbol":"SIM","quantity":"7300.000","price":"0.00086600","timestamp":1624214598,"volume":"6.32180000","buyTxId":"7476b7fad23594f3b4b93a3dc5f71e1308be54be","sellTxId":"a9e2bb10ca27a71057461f185d105bac1eeaa82f"}
{"index": {"_index":"sim","_id":"1158487"}}
	{"id":1158487,"type":"sell","buyer":"dadspardan","seller":"konvik","symbol":"SIM","quantity":"32367.922","price":"0.00086600","timestamp":1624214601,"volume":"28.03062045","buyTxId":"7476b7fad23594f3b4b93a3dc5f71e1308be54be","sellTxId":"badbe6bf7d00aded7ea681f67ce28654c45f593d-1"}
{"index": {"_index":"sim","_id":"1158501"}}
	{"id":1158501,"type":"buy","buyer":"konvik","seller":"nftmart.fees","symbol":"SIM","quantity":"567.000","price":"0.00086897","timestamp":1624215684,"volume":"0.49270599","buyTxId":"b522475103e9e19609f8c0bd6003e67d5747ee59-0","sellTxId":"06e0d45cae48d9e42ddf3ddadede4a0965b404b4-0"}
{"index": {"_index":"sim","_id":"1158502"}}
	{"id":1158502,"type":"buy","buyer":"konvik","seller":"jelly-cz","symbol":"SIM","quantity":"86657.872","price":"0.00086898","timestamp":1624215684,"volume":"75.30395761","buyTxId":"b522475103e9e19609f8c0bd6003e67d5747ee59-0","sellTxId":"MM-P-7976893-54953930-3-25-0"}
{"index": {"_index":"sim","_id":"1158507"}}
	{"id":1158507,"type":"buy","buyer":"konvik","seller":"jelly-cz","symbol":"SIM","quantity":"566.128","price":"0.00086898","timestamp":1624215783,"volume":"0.49195391","buyTxId":"3e2d7b71e798739434c067fd91ad0dfe7be4f0df-0","sellTxId":"MM-P-7976893-54953930-3-25-0"}
{"index": {"_index":"sim","_id":"1158508"}}
	{"id":1158508,"type":"buy","buyer":"konvik","seller":"dcityfund","symbol":"SIM","quantity":"2448.208","price":"0.00086900","timestamp":1624215783,"volume":"2.12749275","buyTxId":"3e2d7b71e798739434c067fd91ad0dfe7be4f0df-0","sellTxId":"6c8e49f1c20aed3f8e643104c9269617de62c62d"}
{"index": {"_index":"sim","_id":"1158509"}}
	{"id":1158509,"type":"buy","buyer":"konvik","seller":"tussar11","symbol":"SIM","quantity":"25876.952","price":"0.00086900","timestamp":1624215783,"volume":"22.48707129","buyTxId":"3e2d7b71e798739434c067fd91ad0dfe7be4f0df-0","sellTxId":"f8ef2d24e5df7622bffe0232baa82d62f1344e87"}
{"index": {"_index":"sim","_id":"1158510"}}
	{"id":1158510,"type":"sell","buyer":"dadspardan","seller":"steem-hodler","symbol":"SIM","quantity":"32.078","price":"0.00086600","timestamp":1624215834,"volume":"0.02777955","buyTxId":"7476b7fad23594f3b4b93a3dc5f71e1308be54be","sellTxId":"1f34ac4e493db2b29bef5129b798e3340695541e"}
{"index": {"_index":"sim","_id":"1158511"}}
	{"id":1158511,"type":"buy","buyer":"konvik","seller":"steem-hodler","symbol":"SIM","quantity":"24967.922","price":"0.00085000","timestamp":1624215837,"volume":"21.22273370","buyTxId":"8ba781fa1245a34631e39ef8caf692ed637d3493-0","sellTxId":"1f34ac4e493db2b29bef5129b798e3340695541e"}
{"index": {"_index":"sim","_id":"1158517"}}
	{"id":1158517,"type":"buy","buyer":"vcelier","seller":"nftmart.fees","symbol":"SIM","quantity":"493.000","price":"0.00085899","timestamp":1624216227,"volume":"0.42348207","buyTxId":"7fc0e8a44b717c15ead9e0116f00f9153ce1b52f","sellTxId":"5c3dbe42c2432e5e3d7d21fde331b63f4b2450e3-0"}
{"index": {"_index":"sim","_id":"1158519"}}
	{"id":1158519,"type":"buy","buyer":"vcelier","seller":"freebornsociety","symbol":"SIM","quantity":"2.404","price":"0.00085900","timestamp":1624216266,"volume":"0.00206504","buyTxId":"9c093b759d5dc863a6ec8bfd99a0d0e13a96dabe","sellTxId":"MM-P-7977324-54954366-3-4-1"}
{"index": {"_index":"sim","_id":"1158520"}}
	{"id":1158520,"type":"buy","buyer":"vcelier","seller":"tussar11","symbol":"SIM","quantity":"2414.918","price":"0.00086900","timestamp":1624216341,"volume":"2.09856374","buyTxId":"ea768222ab79e5c7695836cd9013ec79438a8213","sellTxId":"f8ef2d24e5df7622bffe0232baa82d62f1344e87"}
{"index": {"_index":"sim","_id":"1158521"}}
	{"id":1158521,"type":"buy","buyer":"vcelier","seller":"ecuaminte","symbol":"SIM","quantity":"2191.000","price":"0.00086800","timestamp":1624216392,"volume":"1.90178800","buyTxId":"a6147026d76e637c429561936e7414f6a92161b7","sellTxId":"d00237868fb1a5e4b7a16acca57df78c1a25cf16"}
{"index": {"_index":"sim","_id":"1158522"}}
	{"id":1158522,"type":"buy","buyer":"vcelier","seller":"tussar11","symbol":"SIM","quantity":"223.918","price":"0.00086900","timestamp":1624216392,"volume":"0.19458474","buyTxId":"a6147026d76e637c429561936e7414f6a92161b7","sellTxId":"f8ef2d24e5df7622bffe0232baa82d62f1344e87"}
{"index": {"_index":"sim","_id":"1158524"}}
	{"id":1158524,"type":"buy","buyer":"vcelier","seller":"tussar11","symbol":"SIM","quantity":"375.212","price":"0.00086900","timestamp":1624216437,"volume":"0.32605923","buyTxId":"fd985a65a9ed9b3b8a6d5aac88756ce20a668dd0","sellTxId":"f8ef2d24e5df7622bffe0232baa82d62f1344e87"}
{"index": {"_index":"sim","_id":"1158525"}}
	{"id":1158525,"type":"buy","buyer":"vcelier","seller":"dcityfund","symbol":"SIM","quantity":"2039.706","price":"0.00086900","timestamp":1624216437,"volume":"1.77250451","buyTxId":"fd985a65a9ed9b3b8a6d5aac88756ce20a668dd0","sellTxId":"7653c5bf0ae33f55b66fee72c821ec63dd47f78c"}
{"index": {"_index":"sim","_id":"1158526"}}
	{"id":1158526,"type":"buy","buyer":"vcelier","seller":"dcityfund","symbol":"SIM","quantity":"375.212","price":"0.00086900","timestamp":1624216470,"volume":"0.32605923","buyTxId":"0c9d6945de69246137b095ef59e7eb72a2fde650","sellTxId":"7653c5bf0ae33f55b66fee72c821ec63dd47f78c"}
{"index": {"_index":"sim","_id":"1158527"}}
	{"id":1158527,"type":"buy","buyer":"vcelier","seller":"dcityfund","symbol":"SIM","quantity":"656.709","price":"0.00086900","timestamp":1624216470,"volume":"0.57068012","buyTxId":"0c9d6945de69246137b095ef59e7eb72a2fde650","sellTxId":"181273a80b9981a99d5669846f9b27bf733deb65"}
{"index": {"_index":"sim","_id":"1158553"}}
	{"id":1158553,"type":"sell","buyer":"freebornsociety","seller":"razam","symbol":"SIM","quantity":"7.000","price":"0.00079600","timestamp":1624217340,"volume":"0.00557200","buyTxId":"MM-P-7977722-54954764-3-4-0","sellTxId":"449410f2dd93521596761f2de6153d58e70a7167"}
{"index": {"_index":"sim","_id":"1158556"}}
	{"id":1158556,"type":"sell","buyer":"freebornsociety","seller":"fantasycrypto","symbol":"SIM","quantity":"6274.407","price":"0.00079600","timestamp":1624217379,"volume":"4.99442797","buyTxId":"MM-P-7977722-54954764-3-4-0","sellTxId":"8b19f4ec807ed8e0957c367d3e7e26b8e3e066dc"}
{"index": {"_index":"sim","_id":"1158557"}}
	{"id":1158557,"type":"sell","buyer":"dcityfund","seller":"fantasycrypto","symbol":"SIM","quantity":"16329.593","price":"0.00078600","timestamp":1624217379,"volume":"12.83506010","buyTxId":"aa071c2988f20d6ccaf73ecbd41337289c63a785","sellTxId":"8b19f4ec807ed8e0957c367d3e7e26b8e3e066dc"}
{"index": {"_index":"sim","_id":"1158560"}}
	{"id":1158560,"type":"buy","buyer":"konvik","seller":"freebornsociety","symbol":"SIM","quantity":"6281.407","price":"0.00085899","timestamp":1624217481,"volume":"5.39566580","buyTxId":"278704352c0c95313de1547d5c97980fcbf900ed-0","sellTxId":"MM-P-7977822-54954864-3-4-1"}
{"index": {"_index":"sim","_id":"1158569"}}
	{"id":1158569,"type":"buy","buyer":"automaton","seller":"nftmart.fees","symbol":"SIM","quantity":"434.000","price":"0.00086899","timestamp":1624217679,"volume":"0.37714166","buyTxId":"1c240fdc3ca1df3a85ae8f72774a9870ce47128e","sellTxId":"39a7bfd015d8f36ba5ab2ed5c018957af6d3fc79-0"}
{"index": {"_index":"sim","_id":"1158570"}}
	{"id":1158570,"type":"buy","buyer":"automaton","seller":"dcityfund","symbol":"SIM","quantity":"666.000","price":"0.00086900","timestamp":1624217679,"volume":"0.57875400","buyTxId":"1c240fdc3ca1df3a85ae8f72774a9870ce47128e","sellTxId":"181273a80b9981a99d5669846f9b27bf733deb65"}
{"index": {"_index":"sim","_id":"1158590"}}
	{"id":1158590,"type":"buy","buyer":"automaton","seller":"dcityfund","symbol":"SIM","quantity":"1200.000","price":"0.00086900","timestamp":1624218438,"volume":"1.04280000","buyTxId":"389e69596f653a36f3adcad1305c2252b10550a9","sellTxId":"181273a80b9981a99d5669846f9b27bf733deb65"}
{"index": {"_index":"sim","_id":"1158612"}}
	{"id":1158612,"type":"buy","buyer":"konvik","seller":"vetrnik","symbol":"SIM","quantity":"139090.819","price":"0.00084949","timestamp":1624219209,"volume":"118.15625983","buyTxId":"194ea9e8464c22ffb6f2d1526c7d615ba07f4316-0","sellTxId":"9d4332d499616cdbbd6f21573cf1ce56a1a91567"}
{"index": {"_index":"sim","_id":"1158622"}}
	{"id":1158622,"type":"buy","buyer":"dustindivitto","seller":"vetrnik","symbol":"SIM","quantity":"41500.000","price":"0.00084949","timestamp":1624219380,"volume":"35.25383500","buyTxId":"3d4ed7e05074847d75cc3a30b24f509d0eac7148","sellTxId":"9d4332d499616cdbbd6f21573cf1ce56a1a91567"}
{"index": {"_index":"sim","_id":"1158634"}}
	{"id":1158634,"type":"sell","buyer":"freebornsociety","seller":"chorock","symbol":"SIM","quantity":"6097.561","price":"0.00082000","timestamp":1624219620,"volume":"5.00000002","buyTxId":"MM-P-7978518-54955563-3-4-0","sellTxId":"2ac2c904b276b9994140f7e9877a27559b0eb7d3"}
{"index": {"_index":"sim","_id":"1158635"}}
	{"id":1158635,"type":"sell","buyer":"dustindivitto","seller":"chorock","symbol":"SIM","quantity":"225.000","price":"0.00081000","timestamp":1624219620,"volume":"0.18225000","buyTxId":"ce04a86fa9c68ed2b5914cbfb4039561baf7d014","sellTxId":"2ac2c904b276b9994140f7e9877a27559b0eb7d3"}
{"index": {"_index":"sim","_id":"1158636"}}
	{"id":1158636,"type":"buy","buyer":"konvik","seller":"chorock","symbol":"SIM","quantity":"8360.439","price":"0.00080000","timestamp":1624219623,"volume":"6.68835120","buyTxId":"1372e70bb632c0b0e6aaeaa9233246c967766659-0","sellTxId":"2ac2c904b276b9994140f7e9877a27559b0eb7d3"}
{"index": {"_index":"sim","_id":"1158640"}}
	{"id":1158640,"type":"sell","buyer":"solovey6o2","seller":"muenchen","symbol":"SIM","quantity":"12729.350","price":"0.00079701","timestamp":1624219827,"volume":"10.14541924","buyTxId":"cfb7804f18e9e7772a0e24b244b29ab1eac0a6f1","sellTxId":"206c490ebd0017d2de067012c128ecba5312bed1"}
{"index": {"_index":"sim","_id":"1158642"}}
	{"id":1158642,"type":"buy","buyer":"konvik","seller":"freebornsociety","symbol":"SIM","quantity":"6097.561","price":"0.00081999","timestamp":1624219881,"volume":"4.99993904","buyTxId":"2b11e87082ebbba68309993821e83abad0b5da1c-0","sellTxId":"MM-P-7978618-54955663-3-4-1"}
{"index": {"_index":"sim","_id":"1158680"}}
	{"id":1158680,"type":"sell","buyer":"freebornsociety","seller":"ironshield","symbol":"SIM","quantity":"6000.000","price":"0.00080701","timestamp":1624220646,"volume":"4.84206000","buyTxId":"MM-P-7978618-54955663-3-4-0","sellTxId":"4551380c0c50de7a85768c54ca37b1e2b705efea"}
{"index": {"_index":"sim","_id":"1158688"}}
	{"id":1158688,"type":"sell","buyer":"freebornsociety","seller":"artistparthoroy","symbol":"SIM","quantity":"195.710","price":"0.00080701","timestamp":1624220748,"volume":"0.15793993","buyTxId":"MM-P-7978618-54955663-3-4-0","sellTxId":"063c362174bcdaac5eebe0f7962fd2b627380d96"}
{"index": {"_index":"sim","_id":"1158758"}}
	{"id":1158758,"type":"sell","buyer":"solovey6o2","seller":"deathwing","symbol":"SIM","quantity":"616","price":"0.00079701","timestamp":1624222506,"volume":"0.49095816","buyTxId":"cfb7804f18e9e7772a0e24b244b29ab1eac0a6f1","sellTxId":"5a6e4c11331afdcb9fea397d9af8901f6f1e642a-1"}
{"index": {"_index":"sim","_id":"1158800"}}
	{"id":1158800,"type":"sell","buyer":"solovey6o2","seller":"worldfinances","symbol":"SIM","quantity":"1023.200","price":"0.00079701","timestamp":1624224498,"volume":"0.81550063","buyTxId":"cfb7804f18e9e7772a0e24b244b29ab1eac0a6f1","sellTxId":"77a69fa19785789db2c51b10b27f6154bcead763"}
{"index": {"_index":"sim","_id":"1158805"}}
	{"id":1158805,"type":"buy","buyer":"konvik","seller":"nftmart.fees","symbol":"SIM","quantity":"377.000","price":"0.00080700","timestamp":1624224588,"volume":"0.30423900","buyTxId":"165752054d074ac37a1c2b06ad79749a003c3486-0","sellTxId":"573886d9e039438552b86a00564d48d37c63bafb-0"}
{"index": {"_index":"sim","_id":"1158806"}}
	{"id":1158806,"type":"buy","buyer":"konvik","seller":"bhoa","symbol":"SIM","quantity":"41682.803","price":"0.00080700","timestamp":1624224588,"volume":"33.63802202","buyTxId":"165752054d074ac37a1c2b06ad79749a003c3486-0","sellTxId":"2c9066b01960d658dbb0eef9e45ad292d8a30f7b"}
{"index": {"_index":"sim","_id":"1158819"}}
	{"id":1158819,"type":"sell","buyer":"solovey6o2","seller":"dera123","symbol":"SIM","quantity":"48492.081","price":"0.00079701","timestamp":1624224891,"volume":"38.64867348","buyTxId":"cfb7804f18e9e7772a0e24b244b29ab1eac0a6f1","sellTxId":"f55843da1c541b3920d44f09bb5b00840b2632a9"}
{"index": {"_index":"sim","_id":"1158823"}}
	{"id":1158823,"type":"sell","buyer":"solovey6o2","seller":"ironshield","symbol":"SIM","quantity":"8591.859","price":"0.00079701","timestamp":1624225248,"volume":"6.84779754","buyTxId":"cfb7804f18e9e7772a0e24b244b29ab1eac0a6f1","sellTxId":"15d0a56210f4afab9ab8fd4b00a5d6a344130ac2"}
{"index": {"_index":"sim","_id":"1158824"}}
	{"id":1158824,"type":"sell","buyer":"solovey6o2","seller":"ironshield","symbol":"SIM","quantity":"10286.174","price":"0.00079701","timestamp":1624225248,"volume":"8.19818354","buyTxId":"88895ed8c7b9480fc5e9950765cb10022c3e2acc","sellTxId":"15d0a56210f4afab9ab8fd4b00a5d6a344130ac2"}
{"index": {"_index":"sim","_id":"1158825"}}
	{"id":1158825,"type":"sell","buyer":"dcityfund","seller":"ironshield","symbol":"SIM","quantity":"226.967","price":"0.00079700","timestamp":1624225248,"volume":"0.18089270","buyTxId":"a082c0b1d5cbac6e48c053ff79da5b8a371792f6","sellTxId":"15d0a56210f4afab9ab8fd4b00a5d6a344130ac2"}
{"index": {"_index":"sim","_id":"1158827"}}
	{"id":1158827,"type":"buy","buyer":"rambo21","seller":"bhoa","symbol":"SIM","quantity":"376.580","price":"0.00080700","timestamp":1624225365,"volume":"0.30390006","buyTxId":"2bb0717488193b902ec75bb3e2cc8d083248a937","sellTxId":"2c9066b01960d658dbb0eef9e45ad292d8a30f7b"}
{"index": {"_index":"sim","_id":"1158828"}}
	{"id":1158828,"type":"buy","buyer":"rambo21","seller":"artistparthoroy","symbol":"SIM","quantity":"972.290","price":"0.00080701","timestamp":1624225365,"volume":"0.78464775","buyTxId":"2bb0717488193b902ec75bb3e2cc8d083248a937","sellTxId":"063c362174bcdaac5eebe0f7962fd2b627380d96"}
{"index": {"_index":"sim","_id":"1158829"}}
	{"id":1158829,"type":"buy","buyer":"rambo21","seller":"schlees","symbol":"SIM","quantity":"1051.130","price":"0.00083000","timestamp":1624225365,"volume":"0.87243790","buyTxId":"2bb0717488193b902ec75bb3e2cc8d083248a937","sellTxId":"2d351710ee7a0c811038ec565fb6e55d02237b36"}
{"index": {"_index":"sim","_id":"1158835"}}
	{"id":1158835,"type":"buy","buyer":"konvik","seller":"freebornsociety","symbol":"SIM","quantity":"6195.710","price":"0.00082000","timestamp":1624225581,"volume":"5.08048220","buyTxId":"391fe1d72331e3fedc14b31484e25e09dd0a7a88-0","sellTxId":"MM-P-7980510-54957562-3-4-1"}
{"index": {"_index":"sim","_id":"1158836"}}
	{"id":1158836,"type":"sell","buyer":"konvik","seller":"johndough","symbol":"SIM","quantity":"0.061","price":"0.00082000","timestamp":1624225659,"volume":"0.00005002","buyTxId":"391fe1d72331e3fedc14b31484e25e09dd0a7a88-0","sellTxId":"abe3e50f97994d5a458eed8f4dfc11c1a374ffd7"}
{"index": {"_index":"sim","_id":"1158837"}}
	{"id":1158837,"type":"sell","buyer":"freebornsociety","seller":"johndough","symbol":"SIM","quantity":"6195.787","price":"0.00080700","timestamp":1624225659,"volume":"5.00000011","buyTxId":"MM-P-7980510-54957562-3-4-0","sellTxId":"abe3e50f97994d5a458eed8f4dfc11c1a374ffd7"}
{"index": {"_index":"sim","_id":"1158838"}}
	{"id":1158838,"type":"buy","buyer":"konvik","seller":"johndough","symbol":"SIM","quantity":"41518.432","price":"0.00080000","timestamp":1624225662,"volume":"33.21474560","buyTxId":"9fd771cf109e89592f56fced2b2214405318ee09-0","sellTxId":"abe3e50f97994d5a458eed8f4dfc11c1a374ffd7"}
{"index": {"_index":"sim","_id":"1158841"}}
	{"id":1158841,"type":"sell","buyer":"dcityfund","seller":"thegoliath","symbol":"SIM","quantity":"31617.428","price":"0.00079700","timestamp":1624225836,"volume":"25.19909012","buyTxId":"a082c0b1d5cbac6e48c053ff79da5b8a371792f6","sellTxId":"b3113c9faaf2c8f7dd8c27a4577cf287f97019e6"}
{"index": {"_index":"sim","_id":"1158842"}}
	{"id":1158842,"type":"sell","buyer":"dcityfund","seller":"thegoliath","symbol":"SIM","quantity":"18488.849","price":"0.00078600","timestamp":1624225836,"volume":"14.53223531","buyTxId":"aa071c2988f20d6ccaf73ecbd41337289c63a785","sellTxId":"b3113c9faaf2c8f7dd8c27a4577cf287f97019e6"}
{"index": {"_index":"sim","_id":"1158843"}}
	{"id":1158843,"type":"sell","buyer":"jelly-cz","seller":"thegoliath","symbol":"SIM","quantity":"91814.414","price":"0.00077502","timestamp":1624225836,"volume":"71.15800714","buyTxId":"MM-P-7977289-54954330-3-25-0","sellTxId":"b3113c9faaf2c8f7dd8c27a4577cf287f97019e6"}
{"index": {"_index":"sim","_id":"1158845"}}
	{"id":1158845,"type":"buy","buyer":"konvik","seller":"freebornsociety","symbol":"SIM","quantity":"6195.787","price":"0.00081999","timestamp":1624225881,"volume":"5.08048338","buyTxId":"b1165a64f9700f7baf80547afd920879257bc409-0","sellTxId":"MM-P-7980610-54957662-3-4-1"}
{"index": {"_index":"sim","_id":"1158856"}}
	{"id":1158856,"type":"buy","buyer":"thatcryptodave","seller":"nftmart.fees","symbol":"SIM","quantity":"292.000","price":"0.00082999","timestamp":1624226181,"volume":"0.24235708","buyTxId":"137319947d8c8d29b7285d1315419d1844985002","sellTxId":"1483dc09040476c64a92a4231a74db604a4b076a-0"}
{"index": {"_index":"sim","_id":"1158858"}}
	{"id":1158858,"type":"sell","buyer":"freebornsociety","seller":"lionsuit","symbol":"SIM","quantity":"6.774","price":"0.00078502","timestamp":1624226211,"volume":"0.00531773","buyTxId":"MM-P-7980610-54957662-3-4-0","sellTxId":"d1f2e5e10080044382a3006fe427c140bec439d3"}
{"index": {"_index":"sim","_id":"1158869"}}
	{"id":1158869,"type":"sell","buyer":"freebornsociety","seller":"manoldonchev","symbol":"SIM","quantity":"6362.490","price":"0.00078502","timestamp":1624226661,"volume":"4.99468190","buyTxId":"MM-P-7980610-54957662-3-4-0","sellTxId":"9edd4b0c7997354ef1b7327917474f1dad88bc46"}
{"index": {"_index":"sim","_id":"1158870"}}
	{"id":1158870,"type":"buy","buyer":"konvik","seller":"manoldonchev","symbol":"SIM","quantity":"11084.510","price":"0.00078502","timestamp":1624226664,"volume":"8.70156204","buyTxId":"e5fd65ef11f08e9cafc6248792b8108a88e3cf48-0","sellTxId":"9edd4b0c7997354ef1b7327917474f1dad88bc46"}
{"index": {"_index":"sim","_id":"1158888"}}
	{"id":1158888,"type":"buy","buyer":"konvik","seller":"freebornsociety","symbol":"SIM","quantity":"6369.264","price":"0.00081999","timestamp":1624227081,"volume":"5.22273279","buyTxId":"07fecde323f3adc833a988dc41312806b7f8a74a-0","sellTxId":"MM-P-7981009-54958062-3-4-0"}
{"index": {"_index":"sim","_id":"1158904"}}
	{"id":1158904,"type":"sell","buyer":"freebornsociety","seller":"loganhate","symbol":"SIM","quantity":"197.000","price":"0.00078502","timestamp":1624228074,"volume":"0.15464894","buyTxId":"MM-P-7980910-54957962-3-4-0","sellTxId":"2df5a30215d0a8233317fd3a1233aa666324c250"}
{"index": {"_index":"sim","_id":"1158926"}}
	{"id":1158926,"type":"sell","buyer":"freebornsociety","seller":"balte","symbol":"SIM","quantity":"6172.264","price":"0.00078502","timestamp":1624228911,"volume":"4.84535069","buyTxId":"MM-P-7980910-54957962-3-4-0","sellTxId":"1af8c01bd01ec12d0745bdc9939bb228e66a7d95"}
{"index": {"_index":"sim","_id":"1158927"}}
	{"id":1158927,"type":"sell","buyer":"jelly-cz","seller":"balte","symbol":"SIM","quantity":"10341.736","price":"0.00077502","timestamp":1624228911,"volume":"8.01505223","buyTxId":"MM-P-7977289-54954330-3-25-0","sellTxId":"1af8c01bd01ec12d0745bdc9939bb228e66a7d95"}
{"index": {"_index":"sim","_id":"1158936"}}
	{"id":1158936,"type":"buy","buyer":"konvik","seller":"freebornsociety","symbol":"SIM","quantity":"6000.000","price":"0.00080998","timestamp":1624229481,"volume":"4.85988000","buyTxId":"e8429d2226f56f0b834c809b60eb187bab1ec8c1-0","sellTxId":"MM-P-7981803-54958862-3-4-0"}
{"index": {"_index":"sim","_id":"1158974"}}
	{"id":1158974,"type":"buy","buyer":"konvik","seller":"libertycrypto27","symbol":"SIM","quantity":"4191.000","price":"0.00079000","timestamp":1624230375,"volume":"3.31089000","buyTxId":"60bd6870d7e1913fdbdd411b607fab6ca630b5bb-0","sellTxId":"ce0b160b5ad018b830e03b93e29c347131776a18"}
{"index": {"_index":"sim","_id":"1158976"}}
	{"id":1158976,"type":"sell","buyer":"konvik","seller":"cliffagreen","symbol":"SIM","quantity":"0.041","price":"0.00079000","timestamp":1624230453,"volume":"0.00003239","buyTxId":"60bd6870d7e1913fdbdd411b607fab6ca630b5bb-0","sellTxId":"2e722dbfeead771e31107364266e8e9fd003dbc8"}
{"index": {"_index":"sim","_id":"1158985"}}
	{"id":1158985,"type":"buy","buyer":"konvik","seller":"nftmart.fees","symbol":"SIM","quantity":"575.000","price":"0.00078999","timestamp":1624230978,"volume":"0.45424425","buyTxId":"d4c897c894eda5910d267111585b56ceb7466f8c-0","sellTxId":"006dbf22a044f5895e35efdaf1c283986235f110-0"}
{"index": {"_index":"sim","_id":"1158986"}}
	{"id":1158986,"type":"buy","buyer":"konvik","seller":"cliffagreen","symbol":"SIM","quantity":"2.868","price":"0.00079000","timestamp":1624230978,"volume":"0.00226572","buyTxId":"d4c897c894eda5910d267111585b56ceb7466f8c-0","sellTxId":"2e722dbfeead771e31107364266e8e9fd003dbc8"}
{"index": {"_index":"sim","_id":"1158987"}}
	{"id":1158987,"type":"buy","buyer":"konvik","seller":"haitch","symbol":"SIM","quantity":"91007.000","price":"0.00079000","timestamp":1624230978,"volume":"71.89553000","buyTxId":"d4c897c894eda5910d267111585b56ceb7466f8c-0","sellTxId":"685fe9aa68211dfdc93168a7985931dd606bbff4"}
{"index": {"_index":"sim","_id":"1158991"}}
	{"id":1158991,"type":"sell","buyer":"freebornsociety","seller":"bitcoinflood","symbol":"SIM","quantity":"2662.712","price":"0.00078502","timestamp":1624231188,"volume":"2.09028217","buyTxId":"MM-P-7981703-54958762-3-4-0","sellTxId":"efc03aea712dd455b6914e3794c4b82f40b7d971"}
{"index": {"_index":"sim","_id":"1159011"}}
	{"id":1159011,"type":"sell","buyer":"freebornsociety","seller":"liaminit1","symbol":"SIM","quantity":"40.018","price":"0.00078502","timestamp":1624232232,"volume":"0.03141493","buyTxId":"MM-P-7981703-54958762-3-4-0","sellTxId":"41bef8b549cf05610598eedc16b542df62ef9cdb"}
{"index": {"_index":"sim","_id":"1159056"}}
	{"id":1159056,"type":"sell","buyer":"freebornsociety","seller":"nftmart.fees","symbol":"SIM","quantity":"4045.960","price":"0.00078502","timestamp":1624233864,"volume":"3.17615952","buyTxId":"MM-P-7981703-54958762-3-4-0","sellTxId":"fce0043009467a4138f0913a160519ee662a72ca"}
{"index": {"_index":"sim","_id":"1159099"}}
	{"id":1159099,"type":"sell","buyer":"freebornsociety","seller":"preparedwombat","symbol":"SIM","quantity":"39.320","price":"0.00078502","timestamp":1624235175,"volume":"0.03086699","buyTxId":"MM-P-7981703-54958762-3-4-0","sellTxId":"031547a227e55e28b044853dc199b419dc548b6b"}
{"index": {"_index":"sim","_id":"1159103"}}
	{"id":1159103,"type":"buy","buyer":"pinkfloyd878","seller":"nftmart.fees","symbol":"SIM","quantity":"76.000","price":"0.00078999","timestamp":1624235577,"volume":"0.06003924","buyTxId":"615013d4f77f030d48cbdd45a98b537355688c47","sellTxId":"d8deb8ce9aa516d1d7609f66e1d13aad930bb668-0"}
{"index": {"_index":"sim","_id":"1159106"}}
	{"id":1159106,"type":"buy","buyer":"pinkfloyd878","seller":"haitch","symbol":"SIM","quantity":"576.953","price":"0.00079000","timestamp":1624235691,"volume":"0.45579287","buyTxId":"314679d0d07da8cc201cba4c1c9889409fca2e93","sellTxId":"685fe9aa68211dfdc93168a7985931dd606bbff4"}
{"index": {"_index":"sim","_id":"1159108"}}
	{"id":1159108,"type":"buy","buyer":"pinkfloyd878","seller":"freebornsociety","symbol":"SIM","quantity":"369.264","price":"0.00080998","timestamp":1624235820,"volume":"0.29909645","buyTxId":"50d62e6413e1c001d23ef550b5e6a97b6c0fc8c0","sellTxId":"MM-P-7981903-54958962-3-4-0"}
{"index": {"_index":"sim","_id":"1159112"}}
	{"id":1159112,"type":"sell","buyer":"freebornsociety","seller":"willsaldeno","symbol":"SIM","quantity":"2562.000","price":"0.00078502","timestamp":1624236522,"volume":"2.01122124","buyTxId":"MM-P-7981703-54958762-3-4-0","sellTxId":"ac3de4a24b4122171cb47b86e69fdc0e664ee6e6"}
{"index": {"_index":"sim","_id":"1159126"}}
	{"id":1159126,"type":"sell","buyer":"freebornsociety","seller":"wdougwatson","symbol":"SIM","quantity":"20.249","price":"0.00078502","timestamp":1624237785,"volume":"0.01589587","buyTxId":"MM-P-7981703-54958762-3-4-0","sellTxId":"dd02a7c53b98d1f7220fa42a2e39047f00db0982"}
{"index": {"_index":"sim","_id":"1159130"}}
	{"id":1159130,"type":"buy","buyer":"konvik","seller":"freebornsociety","symbol":"SIM","quantity":"6000.000","price":"0.00080999","timestamp":1624237881,"volume":"4.85994000","buyTxId":"d1c1cce8fecb6bf7ea8c98135fd04b4fdcb91063-0","sellTxId":"MM-P-7984585-54961659-3-4-0"}
{"index": {"_index":"sim","_id":"1159136"}}
	{"id":1159136,"type":"sell","buyer":"konvik","seller":"freebornsociety","symbol":"SIM","quantity":"0.059","price":"0.00080999","timestamp":1624238166,"volume":"0.00004779","buyTxId":"d1c1cce8fecb6bf7ea8c98135fd04b4fdcb91063-0","sellTxId":"MM-P-7984683-54961758-3-4-0"}
{"index": {"_index":"sim","_id":"1159138"}}
	{"id":1159138,"type":"buy","buyer":"emergehealthier","seller":"freebornsociety","symbol":"SIM","quantity":"420.950","price":"0.00080999","timestamp":1624238211,"volume":"0.34096529","buyTxId":"b935f6e17f1c55153b9037ecf3c46c829dc0f23b","sellTxId":"MM-P-7984683-54961758-3-4-0"}
{"index": {"_index":"sim","_id":"1159165"}}
	{"id":1159165,"type":"buy","buyer":"pinkfloyd878","seller":"nftmart.fees","symbol":"SIM","quantity":"57.000","price":"0.00078999","timestamp":1624239333,"volume":"0.04502943","buyTxId":"4c41697ab66d6195f172d4a5e2a553d82468f7f6","sellTxId":"8ab2cb23e7098af81e718cde084a2ece26436c91-0"}
{"index": {"_index":"sim","_id":"1159166"}}
	{"id":1159166,"type":"buy","buyer":"pinkfloyd878","seller":"nextus22","symbol":"SIM","quantity":"357.000","price":"0.00079000","timestamp":1624239366,"volume":"0.28203000","buyTxId":"b0df71a891b12a74f4d41f92827c132516cf4676","sellTxId":"65d53d2775e0990a7cc208bf0070661395dd1615"}
{"index": {"_index":"sim","_id":"1159168"}}
	{"id":1159168,"type":"buy","buyer":"pinkfloyd878","seller":"nextus22","symbol":"SIM","quantity":"0.107","price":"0.00079000","timestamp":1624239435,"volume":"0.00008453","buyTxId":"2cf89aa90719b34d39b4b5b5c4e553f42658a592","sellTxId":"65d53d2775e0990a7cc208bf0070661395dd1615"}
{"index": {"_index":"sim","_id":"1159169"}}
	{"id":1159169,"type":"buy","buyer":"pinkfloyd878","seller":"freebornsociety","symbol":"SIM","quantity":"999.893","price":"0.00080999","timestamp":1624239435,"volume":"0.80990333","buyTxId":"2cf89aa90719b34d39b4b5b5c4e553f42658a592","sellTxId":"MM-P-7984683-54961758-3-4-0"}
{"index": {"_index":"sim","_id":"1159201"}}
	{"id":1159201,"type":"buy","buyer":"konvik","seller":"thesimguru","symbol":"SIM","quantity":"9336.640","price":"0.00080000","timestamp":1624240737,"volume":"7.46931200","buyTxId":"f6a3ef5ba16c0428da4ae16f4f513d214de0166d-0","sellTxId":"03e61c99a562669b465735b3c3be01665304cd34"}
{"index": {"_index":"sim","_id":"1159239"}}
	{"id":1159239,"type":"sell","buyer":"freebornsociety","seller":"brofi-market","symbol":"SIM","quantity":"97.820","price":"0.00078502","timestamp":1624241625,"volume":"0.07679066","buyTxId":"MM-P-7981703-54958762-3-4-0","sellTxId":"7bfe18566ad3db487f8be8266d20ff168122e7ae"}
{"index": {"_index":"sim","_id":"1159263"}}
	{"id":1159263,"type":"buy","buyer":"pinkfloyd878","seller":"minnowspower","symbol":"SIM","quantity":"72.286","price":"0.00080000","timestamp":1624242060,"volume":"0.05782880","buyTxId":"c5a3c7c471a8e3c60df7c2238ac1f0912e150779","sellTxId":"f27a63edbbe69e006ce2b22ff4564a67e6f2ed21"}
{"index": {"_index":"sim","_id":"1159264"}}
	{"id":1159264,"type":"buy","buyer":"pinkfloyd878","seller":"brofi-market","symbol":"SIM","quantity":"97.820","price":"0.00080000","timestamp":1624242060,"volume":"0.07825600","buyTxId":"c5a3c7c471a8e3c60df7c2238ac1f0912e150779","sellTxId":"d4fdfd4dc883a98b6fe3355d22506af681d5974a"}
{"index": {"_index":"sim","_id":"1159265"}}
	{"id":1159265,"type":"buy","buyer":"pinkfloyd878","seller":"nftmart.fees","symbol":"SIM","quantity":"59.000","price":"0.00080998","timestamp":1624242060,"volume":"0.04778882","buyTxId":"c5a3c7c471a8e3c60df7c2238ac1f0912e150779","sellTxId":"dd338b8ee7015cd92e9ecf339bc1cb137eae885d-0"}
{"index": {"_index":"sim","_id":"1159266"}}
	{"id":1159266,"type":"buy","buyer":"pinkfloyd878","seller":"freebornsociety","symbol":"SIM","quantity":"609.894","price":"0.00080999","timestamp":1624242060,"volume":"0.49400804","buyTxId":"c5a3c7c471a8e3c60df7c2238ac1f0912e150779","sellTxId":"MM-P-7984683-54961758-3-4-0"}
{"index": {"_index":"sim","_id":"1159268"}}
	{"id":1159268,"type":"sell","buyer":"freebornsociety","seller":"goldcoin","symbol":"SIM","quantity":"31.268","price":"0.00078502","timestamp":1624242141,"volume":"0.02454601","buyTxId":"MM-P-7981703-54958762-3-4-0","sellTxId":"498e5048bcf70304feb8455625f0f4c73f038653"}
{"index": {"_index":"sim","_id":"1159278"}}
	{"id":1159278,"type":"buy","buyer":"thatcryptodave","seller":"nftmart.fees","symbol":"SIM","quantity":"51.000","price":"0.00080998","timestamp":1624242549,"volume":"0.04130898","buyTxId":"c685cb9d486ae363d41ad0b69b3edc66b8d34cde","sellTxId":"1cf83cdb74b6869615ac9d67b457eb0d5612de7d-0"}
{"index": {"_index":"sim","_id":"1159279"}}
	{"id":1159279,"type":"buy","buyer":"thatcryptodave","seller":"freebornsociety","symbol":"SIM","quantity":"184.002","price":"0.00080999","timestamp":1624242549,"volume":"0.14903978","buyTxId":"c685cb9d486ae363d41ad0b69b3edc66b8d34cde","sellTxId":"MM-P-7984683-54961758-3-4-0"}
{"index": {"_index":"sim","_id":"1159292"}}
	{"id":1159292,"type":"buy","buyer":"konvik","seller":"theguruasia","symbol":"SIM","quantity":"4331.876","price":"0.00080000","timestamp":1624242972,"volume":"3.46550080","buyTxId":"a28730b636a26d2c4029a493623462d53d070826-0","sellTxId":"bcebd737a4c2ba215e80da818cce9011ade2cc84"}
