{"index": {"_index":"sim","_id":"2547150"}}
	{"id":2547150,"type":"sell","buyer":"pi-trader","seller":"theshaki","symbol":"SIM","quantity":"91.638","price":"0.00066101","timestamp":1642218450,"volume":"0.06057363","buyTxId":"5c84458f7056afbfa7d415d76a01d370e06141b6-1","sellTxId":"d0dbd79351ab27777de6dce3f0c7db6b57958ed2"}
{"index": {"_index":"sim","_id":"2547220"}}
	{"id":2547220,"type":"sell","buyer":"pi-trader","seller":"brofi-market","symbol":"SIM","quantity":"0.001","price":"0.00066101","timestamp":1642219872,"volume":"0.00000066","buyTxId":"cf0a607494cf14de264c250e4a687460fe254dc7-3","sellTxId":"5df26d5ddc5e0320e25d130b9220c27d28a0c489"}
{"index": {"_index":"sim","_id":"2547389"}}
	{"id":2547389,"type":"buy","buyer":"dkid14","seller":"pi-trader","symbol":"SIM","quantity":"9000.000","price":"0.00069699","timestamp":1642221414,"volume":"6.27291000","buyTxId":"f159d091235845f3612cf4af0780351ac80d8a66","sellTxId":"80f9ffc8d14f795c88bbf0fd0c27e49d6d430562-3"}
{"index": {"_index":"sim","_id":"2547530"}}
	{"id":2547530,"type":"sell","buyer":"maryjane.main","seller":"thatcryptodave","symbol":"SIM","quantity":"1250.000","price":"0.00067000","timestamp":1642224279,"volume":"0.83750000","buyTxId":"6df6e8a769e69684a4506dd29194d055d9f557a3","sellTxId":"7ca65c9d6f4ea38e2f95804fc824fc153afe9b58"}
{"index": {"_index":"sim","_id":"2547710"}}
	{"id":2547710,"type":"sell","buyer":"maryjane.main","seller":"onestrong","symbol":"SIM","quantity":"1072.006","price":"0.00067000","timestamp":1642227156,"volume":"0.71824402","buyTxId":"6df6e8a769e69684a4506dd29194d055d9f557a3","sellTxId":"22d6df7ded7b5b78517330fd7dc6c7f01c085167"}
{"index": {"_index":"sim","_id":"2547819"}}
	{"id":2547819,"type":"sell","buyer":"maryjane.main","seller":"pimpstudio","symbol":"SIM","quantity":"2925.000","price":"0.00067000","timestamp":1642229994,"volume":"1.95975000","buyTxId":"6df6e8a769e69684a4506dd29194d055d9f557a3","sellTxId":"8a22d5a7a59b3297dec1240ab4a35c8ec4db3a86"}
{"index": {"_index":"sim","_id":"2547942"}}
	{"id":2547942,"type":"sell","buyer":"maryjane.main","seller":"manoldonchev","symbol":"SIM","quantity":"190.994","price":"0.00067000","timestamp":1642232571,"volume":"0.12796598","buyTxId":"6df6e8a769e69684a4506dd29194d055d9f557a3","sellTxId":"a1d5d8e10b4ec76e1877ffff0b00bbc2bc5e2ebf"}
{"index": {"_index":"sim","_id":"2547943"}}
	{"id":2547943,"type":"buy","buyer":"svirus","seller":"manoldonchev","symbol":"SIM","quantity":"4809.000","price":"0.00067000","timestamp":1642232574,"volume":"3.22203000","buyTxId":"dec9a84907a57d43c0277502e80f8600f95876d4-0","sellTxId":"a1d5d8e10b4ec76e1877ffff0b00bbc2bc5e2ebf"}
{"index": {"_index":"sim","_id":"2548156"}}
	{"id":2548156,"type":"sell","buyer":"pi-trader","seller":"medaymane","symbol":"SIM","quantity":"148.200","price":"0.00066101","timestamp":1642237704,"volume":"0.09796168","buyTxId":"fb2b4086cb6dd74afeb0d2e6e6aafe30d52e1afa-1","sellTxId":"bb1ec3257cd42603230abcfc56a2d6c85eaf9c44"}
{"index": {"_index":"sim","_id":"2548276"}}
	{"id":2548276,"type":"sell","buyer":"pi-trader","seller":"heikki1337","symbol":"SIM","quantity":"2668.352","price":"0.00066101","timestamp":1642239399,"volume":"1.76380736","buyTxId":"abaf77b73882d4e65f1c4d918ada2457c54a0386-3","sellTxId":"aaab7b264535120841c2ddec22a114b8cc1971ee"}
{"index": {"_index":"sim","_id":"2548713"}}
	{"id":2548713,"type":"sell","buyer":"pi-trader","seller":"anosys","symbol":"SIM","quantity":"30.005","price":"0.00066101","timestamp":1642243461,"volume":"0.01983361","buyTxId":"0ba44696ddce9f859393116effd912023002f1b9-3","sellTxId":"5194ec82eeca3d410a37340de7b77817f7f36d31"}
{"index": {"_index":"sim","_id":"2548774"}}
	{"id":2548774,"type":"buy","buyer":"nyxlabs","seller":"pi-trader","symbol":"SIM","quantity":"750.000","price":"0.00069698","timestamp":1642244718,"volume":"0.52273500","buyTxId":"eaeab91b2987d3fabc8c35fd4985793fd7ca67a9","sellTxId":"8bd1d245ec6635baa59cde46e559b33b210a11af-6"}
{"index": {"_index":"sim","_id":"2548820"}}
	{"id":2548820,"type":"sell","buyer":"pi-trader","seller":"balte","symbol":"SIM","quantity":"17000.000","price":"0.00066101","timestamp":1642245276,"volume":"11.23717000","buyTxId":"5978c466a9c72f115aab164629114db095de96b4-1","sellTxId":"758ec64ddf759607b4e4ee4ac60514db7b346361"}
{"index": {"_index":"sim","_id":"2548842"}}
	{"id":2548842,"type":"sell","buyer":"pi-trader","seller":"sra1992","symbol":"SIM","quantity":"14779.172","price":"0.00066101","timestamp":1642245513,"volume":"9.76918048","buyTxId":"1f40a074dc9abfacabe9f338868ea74ce1f80f06-5","sellTxId":"eb91ef99ff452458107d8cc51a10f72762c6070a"}
{"index": {"_index":"sim","_id":"2548932"}}
	{"id":2548932,"type":"sell","buyer":"pi-trader","seller":"marfonso","symbol":"SIM","quantity":"432.461","price":"0.00066101","timestamp":1642246500,"volume":"0.28586105","buyTxId":"e3ed59ac1cf7f3353910bfb14afce23d077d44d4-3","sellTxId":"8e56ab00a09de74495c68026a2d3dcb4519815c6"}
{"index": {"_index":"sim","_id":"2549067"}}
	{"id":2549067,"type":"sell","buyer":"pi-trader","seller":"bit4bit","symbol":"SIM","quantity":"3581.088","price":"0.00066101","timestamp":1642248435,"volume":"2.36713498","buyTxId":"77249df5ef02625424bf0c3796825ce0a2e449d6-4","sellTxId":"43efd1426962ccb524a9b0175e634177c206a606"}
{"index": {"_index":"sim","_id":"2549097"}}
	{"id":2549097,"type":"sell","buyer":"pi-trader","seller":"brofi-market","symbol":"SIM","quantity":"0.004","price":"0.00066101","timestamp":1642249044,"volume":"0.00000264","buyTxId":"6fae210780e06db7a73be3a5e1c06f8c8db01a8d-3","sellTxId":"80ee5584376aed8ea9c2a07a52eb1b9308400ec1"}
{"index": {"_index":"sim","_id":"2549177"}}
	{"id":2549177,"type":"sell","buyer":"pi-trader","seller":"thegoliath","symbol":"SIM","quantity":"4952.708","price":"0.00066101","timestamp":1642249716,"volume":"3.27378952","buyTxId":"e58a0fd5287a10aa9ec6f993e72b1ca53176357b-1","sellTxId":"9c09dbc62e0b0099bd2ffa488f2d18bb4b830009"}
{"index": {"_index":"sim","_id":"2549260"}}
	{"id":2549260,"type":"sell","buyer":"pi-trader","seller":"thegoliath","symbol":"SIM","quantity":"23085.000","price":"0.00066101","timestamp":1642250496,"volume":"15.25941585","buyTxId":"f134e56660401e519b7ca96c2c2177ab9d56b403-4","sellTxId":"8c7345f3cf41a58f2997ddb4fdf8583e2a2a7be9"}
{"index": {"_index":"sim","_id":"2549433"}}
	{"id":2549433,"type":"sell","buyer":"pi-trader","seller":"thegoliath","symbol":"SIM","quantity":"38550.039","price":"0.00066101","timestamp":1642251867,"volume":"25.48196128","buyTxId":"d4eb7925d2d5d1010706d9f13c44c071a20cf2f3-3","sellTxId":"2a3ae3e659a87ab1cdf7b3674b497a9f16c4c8a5"}
{"index": {"_index":"sim","_id":"2549521"}}
	{"id":2549521,"type":"sell","buyer":"pi-trader","seller":"elevator09","symbol":"SIM","quantity":"4591.112","price":"0.00066101","timestamp":1642252674,"volume":"3.03477094","buyTxId":"b9a63d9fe429204b4d6ca9b18840069a3d6024b7-5","sellTxId":"ea6c98cec876c05e98c69c513dc65a1ebc7d9b5d"}
{"index": {"_index":"sim","_id":"2549652"}}
	{"id":2549652,"type":"sell","buyer":"pi-trader","seller":"iamalivechalleng","symbol":"SIM","quantity":"2.912","price":"0.00066101","timestamp":1642253958,"volume":"0.00192486","buyTxId":"6cbd8f82d65f73f6f0a0f0ab69558006c8583bcd-3","sellTxId":"55b3ec727417130599f24f2b82ba10b8776b093b"}
{"index": {"_index":"sim","_id":"2549883"}}
	{"id":2549883,"type":"sell","buyer":"pi-trader","seller":"ledrox","symbol":"SIM","quantity":"57.240","price":"0.00066101","timestamp":1642256103,"volume":"0.03783621","buyTxId":"dd9334445d699145f93a9fce61c1dee307699868-1","sellTxId":"42bb615e1e5385e013dcd280decd2fe9255c39ce"}
{"index": {"_index":"sim","_id":"2550246"}}
	{"id":2550246,"type":"sell","buyer":"pi-trader","seller":"chittysity","symbol":"SIM","quantity":"100000.000","price":"0.00066101","timestamp":1642258728,"volume":"66.10100000","buyTxId":"fe48cbe4c33ca07a1a99fcfaf0a0d11124575f1d-1","sellTxId":"35e8aa65451b2925f27c40f162177c9fedd811c6"}
{"index": {"_index":"sim","_id":"2550247"}}
	{"id":2550247,"type":"buy","buyer":"konvik","seller":"chittysity","symbol":"SIM","quantity":"52372.000","price":"0.00066101","timestamp":1642258731,"volume":"34.61841572","buyTxId":"2cd90d6c3bf67cf713d6462010288280a03ce440-25","sellTxId":"35e8aa65451b2925f27c40f162177c9fedd811c6"}
{"index": {"_index":"sim","_id":"2550582"}}
	{"id":2550582,"type":"buy","buyer":"evernoticethat","seller":"pi-trader","symbol":"SIM","quantity":"5000.000","price":"0.00069698","timestamp":1642261266,"volume":"3.48490000","buyTxId":"b2499285cc071b3203ad5314ce1f6b7673488e33","sellTxId":"4e642dd63188e41fb819a40a33a71e88055eab83-4"}
{"index": {"_index":"sim","_id":"2550717"}}
	{"id":2550717,"type":"sell","buyer":"pi-trader","seller":"pele23","symbol":"SIM","quantity":"0.036","price":"0.00066102","timestamp":1642262676,"volume":"0.00002380","buyTxId":"525100560d8c349afb3d40c7e0858b8410d7e8a4-6","sellTxId":"a2c7dcc7942656d30e0aa1d33bc7b71bf1c69ab8"}
{"index": {"_index":"sim","_id":"2550733"}}
	{"id":2550733,"type":"sell","buyer":"pi-trader","seller":"linco","symbol":"SIM","quantity":"470.000","price":"0.00066101","timestamp":1642262976,"volume":"0.31067470","buyTxId":"876fca833140a9e8f804cd95934c9ab1a1cc069a-1","sellTxId":"f50dcd8d6ac12d8781abe1715f54b10292114e03"}
{"index": {"_index":"sim","_id":"2550752"}}
	{"id":2550752,"type":"sell","buyer":"pi-trader","seller":"brofi-market","symbol":"SIM","quantity":"0.001","price":"0.00066101","timestamp":1642263147,"volume":"0.00000066","buyTxId":"35c00a0eb45c50ef0f3aa1628973b968cc5a4ae0-3","sellTxId":"e6e7320b9a6753776f4e0fa893a60a3ff2d944ba"}
{"index": {"_index":"sim","_id":"2550830"}}
	{"id":2550830,"type":"buy","buyer":"stickupcash","seller":"pi-trader","symbol":"SIM","quantity":"2592.000","price":"0.00069697","timestamp":1642264065,"volume":"1.80654624","buyTxId":"d299e00d77b0809e170916c2a7230b688fa598da","sellTxId":"86dd7d8c181a4dcf18fb9eda32e7a70f9864071e-4"}
{"index": {"_index":"sim","_id":"2551029"}}
	{"id":2551029,"type":"buy","buyer":"monsterjamgold","seller":"pi-trader","symbol":"SIM","quantity":"7926.000","price":"0.00069696","timestamp":1642265355,"volume":"5.52410496","buyTxId":"dabf9b5539acdbb3b3f3f32661ad69add94e98c7","sellTxId":"48ea97f7f263feeb0a68d52cd437762c889e056b-7"}
{"index": {"_index":"sim","_id":"2551043"}}
	{"id":2551043,"type":"buy","buyer":"monsterjamgold","seller":"pi-trader","symbol":"SIM","quantity":"911.482","price":"0.00069696","timestamp":1642265424,"volume":"0.63526649","buyTxId":"e734d919c9edfc00548a37d2ac2508bd704a1bbf","sellTxId":"c206f57ca2e525759d6d1743ac3d397f42745ef2-5"}
{"index": {"_index":"sim","_id":"2551081"}}
	{"id":2551081,"type":"buy","buyer":"monsterjamgold","seller":"pi-trader","symbol":"SIM","quantity":"97.486","price":"0.00069696","timestamp":1642265565,"volume":"0.06794384","buyTxId":"3cb6e3532ba31ed3b3b8bc113d2a92b8ad009649","sellTxId":"36143f389dcc36615ce82a8fdc622392e007227a-7"}
{"index": {"_index":"sim","_id":"2551380"}}
	{"id":2551380,"type":"buy","buyer":"sirdemian","seller":"pi-trader","symbol":"SIM","quantity":"1434.802","price":"0.00069696","timestamp":1642268085,"volume":"1","buyTxId":"ef69d5c8d2fa57679e4bfab5444d3a7082b84315","sellTxId":"59b2c65e00e04b899f85e63f04540c4f5b0bbb51-2"}
{"index": {"_index":"sim","_id":"2551469"}}
	{"id":2551469,"type":"buy","buyer":"dkid14","seller":"pi-trader","symbol":"SIM","quantity":"50000.000","price":"0.00069696","timestamp":1642269267,"volume":"34.84800000","buyTxId":"0c3294bd100e6ee8fd9a225f9cfceef62095ce27","sellTxId":"06a7dde28710b6f6eae2aed0e7e0a230aba834e8-7"}
{"index": {"_index":"sim","_id":"2551470"}}
	{"id":2551470,"type":"sell","buyer":"dkid14","seller":"svirus","symbol":"SIM","quantity":"6263.260","price":"0.00069696","timestamp":1642269270,"volume":"4.36524169","buyTxId":"0c3294bd100e6ee8fd9a225f9cfceef62095ce27","sellTxId":"d0f6d3f76da6705b482ced3fe102189136533f5b-1"}
{"index": {"_index":"sim","_id":"2551471"}}
	{"id":2551471,"type":"sell","buyer":"dkid14","seller":"konvik","symbol":"SIM","quantity":"0.005","price":"0.00069696","timestamp":1642269276,"volume":"0.00000348","buyTxId":"0c3294bd100e6ee8fd9a225f9cfceef62095ce27","sellTxId":"69058b2751d98e65d64629fecde7dafd26761052-2"}
{"index": {"_index":"sim","_id":"2551474"}}
	{"id":2551474,"type":"buy","buyer":"cardi0","seller":"pi-trader","symbol":"SIM","quantity":"50000.000","price":"0.00069695","timestamp":1642269306,"volume":"34.84750000","buyTxId":"a4ba964d30dfcaebb821cd1a37abdc99001e8e55","sellTxId":"47c7e182a4b6c29170eca8f456f75fee74eebccc-2"}
{"index": {"_index":"sim","_id":"2551475"}}
	{"id":2551475,"type":"buy","buyer":"cardi0","seller":"brofi-market","symbol":"SIM","quantity":"0.001","price":"0.00069697","timestamp":1642269306,"volume":"0.00000070","buyTxId":"a4ba964d30dfcaebb821cd1a37abdc99001e8e55","sellTxId":"e17e44c7313a0f8a543428915cd53a58a6aa86e5"}
{"index": {"_index":"sim","_id":"2551518"}}
	{"id":2551518,"type":"sell","buyer":"cardi0","seller":"braaiboy","symbol":"SIM","quantity":"1028.000","price":"0.00069697","timestamp":1642269807,"volume":"0.71648516","buyTxId":"a4ba964d30dfcaebb821cd1a37abdc99001e8e55","sellTxId":"532287559e99f06ce99b48ed6238faac003b13d8"}
{"index": {"_index":"sim","_id":"2551744"}}
	{"id":2551744,"type":"buy","buyer":"tdctunes","seller":"brofi-market","symbol":"SIM","quantity":"0.004","price":"0.00069698","timestamp":1642272693,"volume":"0.00000279","buyTxId":"df6bd183554b4af892fa4b6348e079b605cccc35","sellTxId":"5dc19c5aa0bd15b58b00c3944d0fb5551e371952"}
{"index": {"_index":"sim","_id":"2551745"}}
	{"id":2551745,"type":"buy","buyer":"tdctunes","seller":"brofi-market","symbol":"SIM","quantity":"0.001","price":"0.00069699","timestamp":1642272693,"volume":"0.00000070","buyTxId":"df6bd183554b4af892fa4b6348e079b605cccc35","sellTxId":"05d173946e4fde76a784e2e6e69f89ffb8b2dcc8"}
{"index": {"_index":"sim","_id":"2551746"}}
	{"id":2551746,"type":"buy","buyer":"tdctunes","seller":"pi-trader","symbol":"SIM","quantity":"50000.000","price":"0.00069699","timestamp":1642272693,"volume":"34.84950000","buyTxId":"df6bd183554b4af892fa4b6348e079b605cccc35","sellTxId":"cb1bfeeb128c85d595561a187649c118f089dbcd-3"}
{"index": {"_index":"sim","_id":"2551747"}}
	{"id":2551747,"type":"buy","buyer":"tdctunes","seller":"mapac","symbol":"SIM","quantity":"2336.000","price":"0.00069700","timestamp":1642272693,"volume":"1.62819200","buyTxId":"df6bd183554b4af892fa4b6348e079b605cccc35","sellTxId":"ec41841375e6ed4a57519bb653d546b59c97177c"}
{"index": {"_index":"sim","_id":"2551748"}}
	{"id":2551748,"type":"sell","buyer":"tdctunes","seller":"konvik","symbol":"SIM","quantity":"197663.995","price":"0.00069800","timestamp":1642272696,"volume":"137.96946851","buyTxId":"df6bd183554b4af892fa4b6348e079b605cccc35","sellTxId":"07311d166bcdf1cbc0137198bbdd0b52c901448f-1"}
{"index": {"_index":"sim","_id":"2551749"}}
	{"id":2551749,"type":"sell","buyer":"cardi0","seller":"konvik","symbol":"SIM","quantity":"834.747","price":"0.00069697","timestamp":1642272696,"volume":"0.58179362","buyTxId":"a4ba964d30dfcaebb821cd1a37abdc99001e8e55","sellTxId":"07311d166bcdf1cbc0137198bbdd0b52c901448f-1"}
{"index": {"_index":"sim","_id":"2551763"}}
	{"id":2551763,"type":"buy","buyer":"tdctunes","seller":"pi-trader","symbol":"SIM","quantity":"23530.762","price":"0.00069696","timestamp":1642272819,"volume":"16.4","buyTxId":"22bf037da59b91530ed3196480a367388c9e05e3","sellTxId":"52e7c164d1876fa2a0b72c05b63ade6c4ab7e002-6"}
{"index": {"_index":"sim","_id":"2551830"}}
	{"id":2551830,"type":"buy","buyer":"automaton","seller":"pi-trader","symbol":"SIM","quantity":"400.000","price":"0.00069808","timestamp":1642273923,"volume":"0.27923200","buyTxId":"4ad74fc28e0a849e4b6c940150ef3d52cbac1813","sellTxId":"b41017f014ec250fe7414ac82452be2f9d2fee35-7"}
{"index": {"_index":"sim","_id":"2551919"}}
	{"id":2551919,"type":"sell","buyer":"pi-trader","seller":"princekham","symbol":"SIM","quantity":"100.000","price":"0.00066001","timestamp":1642275018,"volume":"0.06600100","buyTxId":"86256cf5810ac5b322cdbc41f0f0e97d785950e5-1","sellTxId":"a3dd7223b48352efaefc7070f8b2a64dc81826b1"}
{"index": {"_index":"sim","_id":"2552048"}}
	{"id":2552048,"type":"buy","buyer":"idigjapanesechix","seller":"pi-trader","symbol":"SIM","quantity":"1860.000","price":"0.00069808","timestamp":1642276629,"volume":"1.29842880","buyTxId":"e9d9891a0b94422b745ce6f697e6a2c7e591a861","sellTxId":"0fd7e6b827a73880f2e40d7a590d74c79bb58c6b-6"}
{"index": {"_index":"sim","_id":"2552226"}}
	{"id":2552226,"type":"sell","buyer":"pi-trader","seller":"adhammer","symbol":"SIM","quantity":"5.362","price":"0.00066001","timestamp":1642277955,"volume":"0.00353897","buyTxId":"f8f35cb8f4bcecf712b8fede67741d513af0208e-1","sellTxId":"c45e01be8e1a41ab3369e07ea604b8bef907f323"}
{"index": {"_index":"sim","_id":"2552333"}}
	{"id":2552333,"type":"sell","buyer":"pi-trader","seller":"braaiboy","symbol":"SIM","quantity":"1100.000","price":"0.00066001","timestamp":1642278591,"volume":"0.72601100","buyTxId":"edc66ac28d0f0225d4a6b44cc529269aec6413d8-1","sellTxId":"218b373128bacad9ecda932f3130394120e15a88"}
{"index": {"_index":"sim","_id":"2552454"}}
	{"id":2552454,"type":"sell","buyer":"pi-trader","seller":"curatorcat","symbol":"SIM","quantity":"46.586","price":"0.00066001","timestamp":1642279494,"volume":"0.03074723","buyTxId":"151fa7e66e54044be074d40cd035cca2c24444eb-3","sellTxId":"57977b75aa206526248a8e80ea56a5b0b9399fe6"}
{"index": {"_index":"sim","_id":"2552576"}}
	{"id":2552576,"type":"buy","buyer":"jjprac","seller":"pi-trader","symbol":"SIM","quantity":"4000.000","price":"0.00069808","timestamp":1642280604,"volume":"2.79232000","buyTxId":"ff20591f9e3b2a60a1a0cb3ad86e3eac03d1825f","sellTxId":"1a700dc122bc33a9693b972b641679c5339429af-5"}
{"index": {"_index":"sim","_id":"2552682"}}
	{"id":2552682,"type":"buy","buyer":"robertkdk","seller":"pi-trader","symbol":"SIM","quantity":"1530.000","price":"0.00069808","timestamp":1642282158,"volume":"1.06806240","buyTxId":"d963b412625e96313733d672213d1490afecdb68","sellTxId":"c62f7f1fee027d755bc099a743b14a4f47b915b3-2"}
{"index": {"_index":"sim","_id":"2552748"}}
	{"id":2552748,"type":"sell","buyer":"pi-trader","seller":"ericburgoyne","symbol":"SIM","quantity":"30.543","price":"0.00066001","timestamp":1642283097,"volume":"0.02015869","buyTxId":"08088074c4a1df40700017f86e076f0a6be305f0-3","sellTxId":"6ea12fb9a01ffe8807854f32acbb2a0233c41c93"}
{"index": {"_index":"sim","_id":"2552763"}}
	{"id":2552763,"type":"buy","buyer":"robertkdk","seller":"medaymane","symbol":"SIM","quantity":"2575.100","price":"0.00067001","timestamp":1642283256,"volume":"1.72534275","buyTxId":"4a821f05fdf11138a29a06750e390402b50b0d84","sellTxId":"0d73f2e2e6e56ef16bed4d0d978febe038fb3abc"}
{"index": {"_index":"sim","_id":"2552764"}}
	{"id":2552764,"type":"buy","buyer":"robertkdk","seller":"pi-trader","symbol":"SIM","quantity":"2824.900","price":"0.00069808","timestamp":1642283256,"volume":"1.97200619","buyTxId":"4a821f05fdf11138a29a06750e390402b50b0d84","sellTxId":"d75c26650cec2c0a9c1e779afac4bd8caf95230d-2"}
{"index": {"_index":"sim","_id":"2552862"}}
	{"id":2552862,"type":"sell","buyer":"pi-trader","seller":"vincentnijman","symbol":"SIM","quantity":"1459.000","price":"0.00066001","timestamp":1642285566,"volume":"0.96295459","buyTxId":"d03344d26bb5f70f744273e5f2b655eb78ccc591-1","sellTxId":"4e5cb87f2d4b3de992a40e483708718d37362e88"}
{"index": {"_index":"sim","_id":"2552897"}}
	{"id":2552897,"type":"sell","buyer":"pi-trader","seller":"einfachnathi","symbol":"SIM","quantity":"1042.012","price":"0.00066001","timestamp":1642285950,"volume":"0.68773834","buyTxId":"2a844544d362d452aa9dcf4af038bbb5b8f5a509-7","sellTxId":"44a66d4427c06d158c2cb7e044d319093419495d"}
{"index": {"_index":"sim","_id":"2552911"}}
	{"id":2552911,"type":"sell","buyer":"pi-trader","seller":"bitcoinflood","symbol":"SIM","quantity":"2936.518","price":"0.00066001","timestamp":1642286349,"volume":"1.93813125","buyTxId":"5f904dcf2b8559ad8b4ab754c9e4dff90b8e3c14-3","sellTxId":"d4822328a80fe26add877b457292658a2faff6aa"}
{"index": {"_index":"sim","_id":"2552970"}}
	{"id":2552970,"type":"sell","buyer":"pi-trader","seller":"balte","symbol":"SIM","quantity":"15000.000","price":"0.00066001","timestamp":1642287324,"volume":"9.90015000","buyTxId":"1d942e63f5473ac98877ecaccc338c030af6f6b6-3","sellTxId":"6b18b99d095998a9953bce1617383bc598b7f4b0"}
{"index": {"_index":"sim","_id":"2553081"}}
	{"id":2553081,"type":"sell","buyer":"pi-trader","seller":"thegoliath","symbol":"SIM","quantity":"43479.100","price":"0.00066001","timestamp":1642288764,"volume":"28.69664079","buyTxId":"e325e00696f8141e503bd63683957cf3534bcf50-3","sellTxId":"1f71a8609b20d422529b26a3b3085a2afd9e22c9"}
{"index": {"_index":"sim","_id":"2553110"}}
	{"id":2553110,"type":"sell","buyer":"pi-trader","seller":"thegoliath","symbol":"SIM","quantity":"30162.500","price":"0.00066001","timestamp":1642289307,"volume":"19.90755163","buyTxId":"cd4a7706af27bfb7aee8b27037607804578e4281-4","sellTxId":"d2e7a05e93ce629e1add8771f737e60aef888864"}
{"index": {"_index":"sim","_id":"2553131"}}
	{"id":2553131,"type":"sell","buyer":"pi-trader","seller":"thegoliath","symbol":"SIM","quantity":"48992.450","price":"0.00066001","timestamp":1642289778,"volume":"32.33550692","buyTxId":"af291044c3a5aabdf8ea7a25d72c531c8afc3c1c-5","sellTxId":"365a0650cb93f970748c4fa7476698de274df7ab"}
{"index": {"_index":"sim","_id":"2553132"}}
	{"id":2553132,"type":"sell","buyer":"pi-trader","seller":"thegoliath","symbol":"SIM","quantity":"8974.650","price":"0.00066001","timestamp":1642289802,"volume":"5.92335875","buyTxId":"c30602fc3c30de17c5e1c32628154adcde611121-4","sellTxId":"fb8793b96e060ad5c59adc5eb2c5c1ee10d421e7"}
{"index": {"_index":"sim","_id":"2553133"}}
	{"id":2553133,"type":"buy","buyer":"cryptobandito01","seller":"pi-trader","symbol":"SIM","quantity":"4880.000","price":"0.00069807","timestamp":1642289802,"volume":"3.40658160","buyTxId":"3d27270e88b11f3e2ca51127511a79ce8e4f955c","sellTxId":"9dab1718ec28fb5480bf398976d9e5b99a011403-2"}
{"index": {"_index":"sim","_id":"2553268"}}
	{"id":2553268,"type":"sell","buyer":"pi-trader","seller":"brofi-market","symbol":"SIM","quantity":"0.004","price":"0.00066001","timestamp":1642292031,"volume":"0.00000264","buyTxId":"3a57e7a52d046f702929764cb3dd5d5c8335634c-3","sellTxId":"ade6e9d6b5d5a19ab08a08ba331c022acb36fe7d"}
{"index": {"_index":"sim","_id":"2553380"}}
	{"id":2553380,"type":"sell","buyer":"pi-trader","seller":"thatcryptodave","symbol":"SIM","quantity":"389.763","price":"0.00066001","timestamp":1642293252,"volume":"0.25724748","buyTxId":"0aeeba186a2dd708e45ef2b325cb20f8c09d977e-1","sellTxId":"b5a711016dea8781b0ba326fda1d21714a94c6ef"}
{"index": {"_index":"sim","_id":"2553501"}}
	{"id":2553501,"type":"sell","buyer":"pi-trader","seller":"javier42","symbol":"SIM","quantity":"1214.000","price":"0.00066001","timestamp":1642294641,"volume":"0.80125214","buyTxId":"1afdfd41dbe60951a5052ec268e5d04bff939d30-3","sellTxId":"d7b8dab94d03af655d8ae389afbca017dc18faff"}
{"index": {"_index":"sim","_id":"2553559"}}
	{"id":2553559,"type":"sell","buyer":"pi-trader","seller":"elianaicgomes","symbol":"SIM","quantity":"2019.266","price":"0.00066001","timestamp":1642295484,"volume":"1.33273575","buyTxId":"1a3bfedf32ea9b0334178b373ac9cfae8616a35e-3","sellTxId":"039acf7bf281807226dcc009905383d26c0af382"}
{"index": {"_index":"sim","_id":"2553609"}}
	{"id":2553609,"type":"buy","buyer":"kachinhenry","seller":"pi-trader","symbol":"SIM","quantity":"25000.000","price":"0.00069807","timestamp":1642296195,"volume":"17.45175000","buyTxId":"e92588366b2fb8f6abba7bb7d72aaf4c188ec22c","sellTxId":"3a57e7a52d046f702929764cb3dd5d5c8335634c-7"}
{"index": {"_index":"sim","_id":"2553678"}}
	{"id":2553678,"type":"buy","buyer":"finris","seller":"pi-trader","symbol":"SIM","quantity":"175.000","price":"0.00069806","timestamp":1642297050,"volume":"0.12216050","buyTxId":"df1c00a953a3050dd3441f143df1fd3981cc27a3","sellTxId":"6cf2f0315cefcb3e0d23744e39299e38c52bc885-2"}
{"index": {"_index":"sim","_id":"2553688"}}
	{"id":2553688,"type":"sell","buyer":"pi-trader","seller":"thegoliath","symbol":"SIM","quantity":"20274.900","price":"0.00066001","timestamp":1642297236,"volume":"13.38163675","buyTxId":"0e54738917b5c3f5fadfc6f648e874207f96a40f-3","sellTxId":"bb85ff1001d21c27ab514e3c7a3ff06c31dcc066"}
{"index": {"_index":"sim","_id":"2553843"}}
	{"id":2553843,"type":"sell","buyer":"pi-trader","seller":"cadawg","symbol":"SIM","quantity":"31773.020","price":"0.00066001","timestamp":1642299522,"volume":"20.97051093","buyTxId":"abb471b7165a74fef71adbf329bd5748548fe75e-3","sellTxId":"345b481a44f6049076ed959966a52a140e52a357"}
{"index": {"_index":"sim","_id":"2553855"}}
	{"id":2553855,"type":"sell","buyer":"pi-trader","seller":"snorebear","symbol":"SIM","quantity":"246.050","price":"0.00066001","timestamp":1642299618,"volume":"0.16239546","buyTxId":"06d12c87243eb03ee77415a950eed5d9efbf3dcb-3","sellTxId":"930c81798db65a60bd083e3adb457d115c50850a"}
{"index": {"_index":"sim","_id":"2553859"}}
	{"id":2553859,"type":"sell","buyer":"pi-trader","seller":"bearbear613","symbol":"SIM","quantity":"7830.239","price":"0.00066001","timestamp":1642299666,"volume":"5.16803604","buyTxId":"053d48d4c0f0307730c51238adc2d81aa9b05462-3","sellTxId":"c1a8175a1a1e3d32c72d884111f102e317091f29"}
{"index": {"_index":"sim","_id":"2553934"}}
	{"id":2553934,"type":"sell","buyer":"pi-trader","seller":"andy4475","symbol":"SIM","quantity":"52.810","price":"0.00066001","timestamp":1642300485,"volume":"0.03485513","buyTxId":"ff145afcc761a6df989a5f72e3fb28366f9fee77-3","sellTxId":"cfd21f998bc25552d700b862e3f7b8282d4b5964"}
{"index": {"_index":"sim","_id":"2554187"}}
	{"id":2554187,"type":"buy","buyer":"johndieo","seller":"pi-trader","symbol":"SIM","quantity":"2400.000","price":"0.00069806","timestamp":1642304220,"volume":"1.67534400","buyTxId":"321cf6e1dfa647aec5f0b1216c09c3e9bc2e9eb2","sellTxId":"ffc49a308b021c2e78df876c4f3d026dbd3512f7-6"}
{"index": {"_index":"sim","_id":"2554192"}}
	{"id":2554192,"type":"sell","buyer":"alexisgr1993","seller":"bokica80","symbol":"SIM","quantity":"9.187","price":"0.00066000","timestamp":1642304409,"volume":"0.00606342","buyTxId":"4023bcaece6d207fe2b673746671da25ed2634c6","sellTxId":"e591419f1400c3130b9637463a4822b257b0396c"}
