{"index": {"_index":"sim","_id":"2418698"}}
	{"id":2418698,"type":"buy","buyer":"shin-asungot","seller":"pi-trader","symbol":"SIM","quantity":"50000.000","price":"0.00063887","timestamp":1640837370,"volume":"31.94350000","buyTxId":"8d366eb758aa9f40f6be3e00a28b7c8dc0e114a8","sellTxId":"f71b111c11047f23fc46bfa9beefcf63be8fce60-6"}
{"index": {"_index":"sim","_id":"2418699"}}
	{"id":2418699,"type":"buy","buyer":"shin-asungot","seller":"brofi-market","symbol":"SIM","quantity":"0.002","price":"0.00063888","timestamp":1640837370,"volume":"0.00000128","buyTxId":"8d366eb758aa9f40f6be3e00a28b7c8dc0e114a8","sellTxId":"54e927f9a07ab2a447a29ceff045091f0c0db791"}
{"index": {"_index":"sim","_id":"2418700"}}
	{"id":2418700,"type":"buy","buyer":"shin-asungot","seller":"braaiboy","symbol":"SIM","quantity":"2978.000","price":"0.00063889","timestamp":1640837370,"volume":"1.90261442","buyTxId":"8d366eb758aa9f40f6be3e00a28b7c8dc0e114a8","sellTxId":"b401cba0b0b86956d03a56b43f13e0a1e9b47c34"}
{"index": {"_index":"sim","_id":"2418701"}}
	{"id":2418701,"type":"buy","buyer":"shin-asungot","seller":"augustbrown","symbol":"SIM","quantity":"80.000","price":"0.00063890","timestamp":1640837370,"volume":"0.05111200","buyTxId":"8d366eb758aa9f40f6be3e00a28b7c8dc0e114a8","sellTxId":"e619644febb423264e63d0b628ef547266670a01"}
{"index": {"_index":"sim","_id":"2418702"}}
	{"id":2418702,"type":"buy","buyer":"shin-asungot","seller":"axeman","symbol":"SIM","quantity":"2895.000","price":"0.00063900","timestamp":1640837370,"volume":"1.84990500","buyTxId":"8d366eb758aa9f40f6be3e00a28b7c8dc0e114a8","sellTxId":"b9575f77cbb2a233b09fee7ad9d7ad77869741f5"}
{"index": {"_index":"sim","_id":"2418703"}}
	{"id":2418703,"type":"buy","buyer":"shin-asungot","seller":"brofi-market","symbol":"SIM","quantity":"0.005","price":"0.00063979","timestamp":1640837370,"volume":"0.00000320","buyTxId":"8d366eb758aa9f40f6be3e00a28b7c8dc0e114a8","sellTxId":"62afbc668724ad4ccb09b5a617326157f7b6508a"}
{"index": {"_index":"sim","_id":"2418704"}}
	{"id":2418704,"type":"buy","buyer":"shin-asungot","seller":"joheredia21","symbol":"SIM","quantity":"4683.000","price":"0.00063980","timestamp":1640837370,"volume":"2.99618340","buyTxId":"8d366eb758aa9f40f6be3e00a28b7c8dc0e114a8","sellTxId":"e2f30c39a5b359ecbf1fa355734d62624d19747e"}
{"index": {"_index":"sim","_id":"2418705"}}
	{"id":2418705,"type":"buy","buyer":"shin-asungot","seller":"medaymane","symbol":"SIM","quantity":"3363.993","price":"0.00063998","timestamp":1640837370,"volume":"2.15288824","buyTxId":"8d366eb758aa9f40f6be3e00a28b7c8dc0e114a8","sellTxId":"3c4bc42e6283b9f06aaaa78b9f052c02a38e7813"}
{"index": {"_index":"sim","_id":"2418717"}}
	{"id":2418717,"type":"sell","buyer":"jelly-cz","seller":"brofi-market","symbol":"SIM","quantity":"0.001","price":"0.00062023","timestamp":1640837397,"volume":"0.00000062","buyTxId":"MM-P-13491957-60478945-3-29-0","sellTxId":"23f7e35cdad43079a9cecfc54c42e82805084081"}
{"index": {"_index":"sim","_id":"2419001"}}
	{"id":2419001,"type":"sell","buyer":"jelly-cz","seller":"he-index","symbol":"SIM","quantity":"21.384","price":"0.00062179","timestamp":1640840469,"volume":"0.01329636","buyTxId":"MM-P-13492855-60479843-3-29-0","sellTxId":"1e5a1fb2f42b5b36658ef47cc64000298b9a3fbc"}
{"index": {"_index":"sim","_id":"2419182"}}
	{"id":2419182,"type":"sell","buyer":"jelly-cz","seller":"themarkymark","symbol":"SIM","quantity":"11174.221","price":"0.00062179","timestamp":1640843343,"volume":"6.94801888","buyTxId":"MM-P-13492855-60479843-3-29-0","sellTxId":"92fdcedcba9a6691df71b1ca7ca4c48d39349e49"}
{"index": {"_index":"sim","_id":"2419615"}}
	{"id":2419615,"type":"sell","buyer":"jelly-cz","seller":"mawit07","symbol":"SIM","quantity":"6407.911","price":"0.00062179","timestamp":1640847735,"volume":"3.98437498","buyTxId":"MM-P-13492855-60479843-3-29-0","sellTxId":"c9351b4dbaa9647afeb12e4f98f4ea5412f49bda"}
{"index": {"_index":"sim","_id":"2419902"}}
	{"id":2419902,"type":"sell","buyer":"jelly-cz","seller":"thatcryptodave","symbol":"SIM","quantity":"827.926","price":"0.00062179","timestamp":1640851449,"volume":"0.51479611","buyTxId":"MM-P-13492855-60479843-3-29-0","sellTxId":"c85eb0464c855e76eebc74a69c9905bbba3176c8"}
{"index": {"_index":"sim","_id":"2419916"}}
	{"id":2419916,"type":"sell","buyer":"jelly-cz","seller":"onealfa","symbol":"SIM","quantity":"2551.09","price":"0.00062179","timestamp":1640851638,"volume":"1.58624225","buyTxId":"MM-P-13492855-60479843-3-29-0","sellTxId":"147dfcff90a5afa5cbc316c492f95362d32c13bb"}
{"index": {"_index":"sim","_id":"2419998"}}
	{"id":2419998,"type":"buy","buyer":"lxsxl","seller":"pi-trader","symbol":"SIM","quantity":"943.958","price":"0.00063997","timestamp":1640852430,"volume":"0.60410480","buyTxId":"a46debffce898cf13b86dd96a9adb97061ee37d4","sellTxId":"0002f6e50453c6b3d36080772799e1164d4358e4-5"}
{"index": {"_index":"sim","_id":"2420022"}}
	{"id":2420022,"type":"sell","buyer":"jelly-cz","seller":"heikki1337","symbol":"SIM","quantity":"3517.000","price":"0.00062179","timestamp":1640852835,"volume":"2.18683543","buyTxId":"MM-P-13492855-60479843-3-29-0","sellTxId":"7f51723a19de342f7be797bd80210210f5c67bac"}
{"index": {"_index":"sim","_id":"2420290"}}
	{"id":2420290,"type":"sell","buyer":"jelly-cz","seller":"theshaki","symbol":"SIM","quantity":"103.984","price":"0.00062179","timestamp":1640855625,"volume":"0.06465621","buyTxId":"MM-P-13492855-60479843-3-29-0","sellTxId":"1c5bb57664978451a4af1457cd4293018a4857aa"}
{"index": {"_index":"sim","_id":"2420461"}}
	{"id":2420461,"type":"sell","buyer":"jelly-cz","seller":"kapitanrosomak","symbol":"SIM","quantity":"54.010","price":"0.00062179","timestamp":1640857890,"volume":"0.03358288","buyTxId":"MM-P-13492855-60479843-3-29-0","sellTxId":"d904c6633b2d524c951a61d65a07fa6a9c9dc78a"}
{"index": {"_index":"sim","_id":"2420720"}}
	{"id":2420720,"type":"sell","buyer":"jelly-cz","seller":"gamsam","symbol":"SIM","quantity":"34659","price":"0.00061502","timestamp":1640860875,"volume":"21.31597818","buyTxId":"MM-P-13500440-60487429-3-29-0","sellTxId":"bc5fca57fc5b90acf8efaef61be9549944f9e929"}
{"index": {"_index":"sim","_id":"2420730"}}
	{"id":2420730,"type":"sell","buyer":"pi-trader","seller":"chesatochi","symbol":"SIM","quantity":"35.030","price":"0.00061503","timestamp":1640861025,"volume":"0.02154450","buyTxId":"6ba87f4ab2890a61717fb522bc689dc87c75fa69-3","sellTxId":"e8a412ccdf217d2b7d8c349c75820bc8fa0dd0a9"}
{"index": {"_index":"sim","_id":"2420934"}}
	{"id":2420934,"type":"sell","buyer":"jelly-cz","seller":"ryan313","symbol":"SIM","quantity":"87.740","price":"0.00062011","timestamp":1640863341,"volume":"0.05440845","buyTxId":"MM-P-13500840-60487829-3-29-0","sellTxId":"6f08db200d72ad499f5801dfeb7ea8b2cfe18633"}
{"index": {"_index":"sim","_id":"2420986"}}
	{"id":2420986,"type":"sell","buyer":"jelly-cz","seller":"travelgirl","symbol":"SIM","quantity":"8179.000","price":"0.00062011","timestamp":1640863938,"volume":"5.07187969","buyTxId":"MM-P-13500840-60487829-3-29-0","sellTxId":"96e50e1df6472d17e9059d0024b237203dc620b8"}
{"index": {"_index":"sim","_id":"2421043"}}
	{"id":2421043,"type":"sell","buyer":"jelly-cz","seller":"steem-hodler","symbol":"SIM","quantity":"2795.000","price":"0.00062011","timestamp":1640864796,"volume":"1.73320745","buyTxId":"MM-P-13500840-60487829-3-29-0","sellTxId":"5ae7cec06b75ab8f76160bf45225b36bdad7633b"}
{"index": {"_index":"sim","_id":"2421149"}}
	{"id":2421149,"type":"sell","buyer":"jelly-cz","seller":"themarkymark","symbol":"SIM","quantity":"146974.737","price":"0.00062011","timestamp":1640865720,"volume":"91.14050416","buyTxId":"MM-P-13500840-60487829-3-29-0","sellTxId":"772cd080f616e5b17068af73d63164a099fea577"}
{"index": {"_index":"sim","_id":"2421150"}}
	{"id":2421150,"type":"buy","buyer":"konvik","seller":"themarkymark","symbol":"SIM","quantity":"100000.000","price":"0.00062000","timestamp":1640865723,"volume":"62.00000000","buyTxId":"cf78c10ca4769fe511c705cfbd9a97f9024e1a5f-0","sellTxId":"772cd080f616e5b17068af73d63164a099fea577"}
{"index": {"_index":"sim","_id":"2421227"}}
	{"id":2421227,"type":"sell","buyer":"jelly-cz","seller":"brofi-market","symbol":"SIM","quantity":"0.005","price":"0.00062010","timestamp":1640866335,"volume":"0.00000310","buyTxId":"MM-P-13502134-60489123-3-29-0","sellTxId":"e33001187db64c1c4d316d9494200f342b2701a2"}
{"index": {"_index":"sim","_id":"2421278"}}
	{"id":2421278,"type":"sell","buyer":"jelly-cz","seller":"steem-hodler","symbol":"SIM","quantity":"8300.000","price":"0.00062062","timestamp":1640866773,"volume":"5.15114600","buyTxId":"MM-P-13502332-60489321-3-29-0","sellTxId":"2e54ea5ed14c8ae4c421cd9402ff41ee33e104df"}
{"index": {"_index":"sim","_id":"2421290"}}
	{"id":2421290,"type":"sell","buyer":"jelly-cz","seller":"themarkymark","symbol":"SIM","quantity":"149606.610","price":"0.00062062","timestamp":1640866893,"volume":"92.84885430","buyTxId":"MM-P-13502332-60489321-3-29-0","sellTxId":"71cdab714d5401546c9110737ae4ed94a818de65"}
{"index": {"_index":"sim","_id":"2421291"}}
	{"id":2421291,"type":"buy","buyer":"konvik","seller":"themarkymark","symbol":"SIM","quantity":"308987.753","price":"0.00062000","timestamp":1640866896,"volume":"191.57240686","buyTxId":"2ffac7b80ffbbdb6df02a277e44586a2d3039185-0","sellTxId":"71cdab714d5401546c9110737ae4ed94a818de65"}
{"index": {"_index":"sim","_id":"2421310"}}
	{"id":2421310,"type":"buy","buyer":"jelly-cz","seller":"themarkymark","symbol":"SIM","quantity":"41405.637","price":"0.00062000","timestamp":1640867163,"volume":"25.67149494","buyTxId":"MM-P-13502532-60489521-3-29-0","sellTxId":"71cdab714d5401546c9110737ae4ed94a818de65"}
{"index": {"_index":"sim","_id":"2421343"}}
	{"id":2421343,"type":"sell","buyer":"jelly-cz","seller":"bigram13","symbol":"SIM","quantity":"42700.000","price":"0.00062010","timestamp":1640867475,"volume":"26.47827000","buyTxId":"MM-P-13502532-60489521-3-29-0","sellTxId":"69d1251f65f4108af0498ac64c30e8bbceded2ae"}
{"index": {"_index":"sim","_id":"2421428"}}
	{"id":2421428,"type":"sell","buyer":"jelly-cz","seller":"themarkymark","symbol":"SIM","quantity":"73922.000","price":"0.00062010","timestamp":1640868345,"volume":"45.83903220","buyTxId":"MM-P-13502532-60489521-3-29-0","sellTxId":"fe78b1962cab36ffb2433fae00ab8d55723d4184"}
{"index": {"_index":"sim","_id":"2421699"}}
	{"id":2421699,"type":"sell","buyer":"jelly-cz","seller":"eythorphoto","symbol":"SIM","quantity":"11.389","price":"0.00062010","timestamp":1640870760,"volume":"0.00706232","buyTxId":"MM-P-13502532-60489521-3-29-0","sellTxId":"684267cd5016a48ddff60329e6b2e2016393b0ec"}
{"index": {"_index":"sim","_id":"2421700"}}
	{"id":2421700,"type":"buy","buyer":"jelly-cz","seller":"eythorphoto","symbol":"SIM","quantity":"26253.133","price":"0.00062010","timestamp":1640870763,"volume":"16.27956777","buyTxId":"MM-P-13503729-60490719-3-29-0","sellTxId":"684267cd5016a48ddff60329e6b2e2016393b0ec"}
{"index": {"_index":"sim","_id":"2421876"}}
	{"id":2421876,"type":"sell","buyer":"jelly-cz","seller":"atomcollector","symbol":"SIM","quantity":"3176.000","price":"0.00062010","timestamp":1640872083,"volume":"1.96943760","buyTxId":"MM-P-13503729-60490719-3-29-0","sellTxId":"86527bc9d256ddaed937a9ebef1a9179c9a71944"}
{"index": {"_index":"sim","_id":"2422379"}}
	{"id":2422379,"type":"sell","buyer":"jelly-cz","seller":"ga-sm","symbol":"SIM","quantity":"215.000","price":"0.00062010","timestamp":1640876148,"volume":"0.13332150","buyTxId":"MM-P-13503729-60490719-3-29-0","sellTxId":"9dd247e395d735a7e9ccc9e44fc04c7d7d1d8ecc"}
{"index": {"_index":"sim","_id":"2422490"}}
	{"id":2422490,"type":"sell","buyer":"jelly-cz","seller":"konvik","symbol":"SIM","quantity":"128394.893","price":"0.00062010","timestamp":1640877069,"volume":"79.61767315","buyTxId":"MM-P-13503729-60490719-3-29-0","sellTxId":"768578cbfeaf156499f0a0d8e69ab11ba06e5088-1"}
{"index": {"_index":"sim","_id":"2422491"}}
	{"id":2422491,"type":"sell","buyer":"jelly13","seller":"konvik","symbol":"SIM","quantity":"44761.393","price":"0.00061959","timestamp":1640877069,"volume":"27.73371149","buyTxId":"ac51a019e3ea28e9e5ca83308786dcd318390e37","sellTxId":"768578cbfeaf156499f0a0d8e69ab11ba06e5088-1"}
{"index": {"_index":"sim","_id":"2422548"}}
	{"id":2422548,"type":"sell","buyer":"jelly-cz","seller":"notak1","symbol":"SIM","quantity":"26809.275","price":"0.00062010","timestamp":1640877687,"volume":"16.62443143","buyTxId":"MM-P-13505923-60492915-3-29-0","sellTxId":"fea13cedf6de98171a53f97fae398958bd1effa6"}
{"index": {"_index":"sim","_id":"2422666"}}
	{"id":2422666,"type":"sell","buyer":"mmrx","seller":"chronocrypto","symbol":"SIM","quantity":"5834.928","price":"0.00062011","timestamp":1640878959,"volume":"3.61829720","buyTxId":"MM-P-13506123-60493115-3-36-0","sellTxId":"923d3751a67f9e59a660b91f9e68b875918f30be"}
{"index": {"_index":"sim","_id":"2422791"}}
	{"id":2422791,"type":"sell","buyer":"jelly-cz","seller":"notak1","symbol":"SIM","quantity":"26899.472","price":"0.00062010","timestamp":1640879958,"volume":"16.68036259","buyTxId":"MM-P-13505923-60492915-3-29-0","sellTxId":"219529006167e9c7abbfdd545f1f3a1f0d3915bc"}
{"index": {"_index":"sim","_id":"2422817"}}
	{"id":2422817,"type":"buy","buyer":"jelly13","seller":"chronocrypto","symbol":"SIM","quantity":"4262.296","price":"0.00062011","timestamp":1640880141,"volume":"2.64309237","buyTxId":"c5f7c66d56e87f474f3073730582eff3ae0ea0fd","sellTxId":"923d3751a67f9e59a660b91f9e68b875918f30be"}
{"index": {"_index":"sim","_id":"2422837"}}
	{"id":2422837,"type":"sell","buyer":"jelly-cz","seller":"konvik","symbol":"SIM","quantity":"70745.541","price":"0.00062062","timestamp":1640880366,"volume":"43.90609766","buyTxId":"MM-P-13506918-60493911-3-29-0","sellTxId":"2056608c5caa401c04f35d937111fec416c86117-1"}
{"index": {"_index":"sim","_id":"2422864"}}
	{"id":2422864,"type":"sell","buyer":"jelly-cz","seller":"brofi-market","symbol":"SIM","quantity":"0.001","price":"0.00062062","timestamp":1640880690,"volume":"0.00000062","buyTxId":"MM-P-13506918-60493911-3-29-0","sellTxId":"bbb831f6f1fd41cd2d17fdde22f5a283621466dd"}
{"index": {"_index":"sim","_id":"2422997"}}
	{"id":2422997,"type":"sell","buyer":"jelly-cz","seller":"notak1","symbol":"SIM","quantity":"26971.538","price":"0.00062062","timestamp":1640882169,"volume":"16.73907591","buyTxId":"MM-P-13506918-60493911-3-29-0","sellTxId":"5fc4e135504a5f52f6fc6f4e3738395d3caf0128"}
{"index": {"_index":"sim","_id":"2423008"}}
	{"id":2423008,"type":"sell","buyer":"jelly-cz","seller":"florian-glechner","symbol":"SIM","quantity":"13.000","price":"0.00062062","timestamp":1640882307,"volume":"0.00806806","buyTxId":"MM-P-13506918-60493911-3-29-0","sellTxId":"40638f90ef4132e24f39ca5572f33f8b0cc62811"}
{"index": {"_index":"sim","_id":"2423483"}}
	{"id":2423483,"type":"sell","buyer":"jelly-cz","seller":"konvik","symbol":"SIM","quantity":"60116.954","price":"0.00062062","timestamp":1640885790,"volume":"37.30978399","buyTxId":"MM-P-13506918-60493911-3-29-0","sellTxId":"02b4d94fe77055d1750f1555ff000cca974d6246-1"}
{"index": {"_index":"sim","_id":"2423634"}}
	{"id":2423634,"type":"sell","buyer":"jelly-cz","seller":"taintedblood","symbol":"SIM","quantity":"59.576","price":"0.00062062","timestamp":1640887053,"volume":"0.03697406","buyTxId":"MM-P-13506918-60493911-3-29-0","sellTxId":"9270cb9ca99e813db9299006ca216be53ecba157"}
{"index": {"_index":"sim","_id":"2423635"}}
	{"id":2423635,"type":"sell","buyer":"he-index","seller":"taintedblood","symbol":"SIM","quantity":"784.593","price":"0.00062062","timestamp":1640887053,"volume":"0.48693411","buyTxId":"cf6d4601d67fffe69a60329409b317494d41688f","sellTxId":"9270cb9ca99e813db9299006ca216be53ecba157"}
{"index": {"_index":"sim","_id":"2423639"}}
	{"id":2423639,"type":"sell","buyer":"he-index","seller":"bassman077","symbol":"SIM","quantity":"53.279","price":"0.00062062","timestamp":1640887104,"volume":"0.03306601","buyTxId":"cf6d4601d67fffe69a60329409b317494d41688f","sellTxId":"dbb634ac3f4585edfe112ecaf36e6cd3075fcc3a"}
{"index": {"_index":"sim","_id":"2423640"}}
	{"id":2423640,"type":"sell","buyer":"jelly13","seller":"bassman077","symbol":"SIM","quantity":"2238.761","price":"0.00062011","timestamp":1640887104,"volume":"1.38827808","buyTxId":"c5f7c66d56e87f474f3073730582eff3ae0ea0fd","sellTxId":"dbb634ac3f4585edfe112ecaf36e6cd3075fcc3a"}
{"index": {"_index":"sim","_id":"2424166"}}
	{"id":2424166,"type":"sell","buyer":"jelly-cz","seller":"ht14","symbol":"SIM","quantity":"130.362","price":"0.00062062","timestamp":1640890872,"volume":"0.08090526","buyTxId":"MM-P-13509217-60496210-3-29-0","sellTxId":"d06a682866970773f4cf473a66b74c5a47662019"}
{"index": {"_index":"sim","_id":"2424181"}}
	{"id":2424181,"type":"buy","buyer":"kasaisoul","seller":"pi-trader","symbol":"SIM","quantity":"43.355","price":"0.00063824","timestamp":1640891010,"volume":"0.02767090","buyTxId":"eec465b68a1749d58d8f7bfc80c237ace51b80ec","sellTxId":"75b13809d852111a6bdc599062e0f894fc5fe00c-5"}
{"index": {"_index":"sim","_id":"2424214"}}
	{"id":2424214,"type":"sell","buyer":"jelly-cz","seller":"themarkymark","symbol":"SIM","quantity":"157000.000","price":"0.00062062","timestamp":1640891340,"volume":"97.43734000","buyTxId":"MM-P-13509217-60496210-3-29-0","sellTxId":"f462ff902add6303187f79c9a6ac74255dbbd48d"}
{"index": {"_index":"sim","_id":"2424263"}}
	{"id":2424263,"type":"sell","buyer":"jelly-cz","seller":"curatorcat","symbol":"SIM","quantity":"19.382","price":"0.00062062","timestamp":1640891646,"volume":"0.01202886","buyTxId":"MM-P-13509217-60496210-3-29-0","sellTxId":"5d0e38f1d2131b57f5f20edd5784c41725e54112"}
{"index": {"_index":"sim","_id":"2424682"}}
	{"id":2424682,"type":"sell","buyer":"jelly-cz","seller":"irivers","symbol":"SIM","quantity":"14.048","price":"0.00062062","timestamp":1640895693,"volume":"0.00871847","buyTxId":"MM-P-13509217-60496210-3-29-0","sellTxId":"20a0fe464be0d1190e946db91803f6acd1b944ec"}
{"index": {"_index":"sim","_id":"2424729"}}
	{"id":2424729,"type":"buy","buyer":"jjprac","seller":"pi-trader","symbol":"SIM","quantity":"1000.000","price":"0.00063788","timestamp":1640896311,"volume":"0.63788000","buyTxId":"4d5e13d25cd41f4e28ed477efaf9f6733318ae9e","sellTxId":"f37e64c87401690dadd2e7f509db951bfa7b5e03-7"}
{"index": {"_index":"sim","_id":"2424801"}}
	{"id":2424801,"type":"sell","buyer":"jelly-cz","seller":"vincentnijman","symbol":"SIM","quantity":"742.818","price":"0.00062062","timestamp":1640897463,"volume":"0.46100771","buyTxId":"MM-P-13509217-60496210-3-29-0","sellTxId":"155a8da344fc4b2aa41e00fdd0a66a06337e1356"}
{"index": {"_index":"sim","_id":"2424802"}}
	{"id":2424802,"type":"sell","buyer":"he-index","seller":"vincentnijman","symbol":"SIM","quantity":"240.082","price":"0.00062062","timestamp":1640897463,"volume":"0.14899969","buyTxId":"40a251c43f14dd906fa542bc99bfc0ebef54913b","sellTxId":"155a8da344fc4b2aa41e00fdd0a66a06337e1356"}
{"index": {"_index":"sim","_id":"2424835"}}
	{"id":2424835,"type":"sell","buyer":"kasaisoul","seller":"steliosfan","symbol":"SIM","quantity":"97.541","price":"0.00062011","timestamp":1640897793,"volume":"0.06048615","buyTxId":"5e839fc991d5c120ebab3a2e6a2e4bbf118e0320","sellTxId":"9ec82905f1b38ed23c88f131ada3c4cb7d521690"}
{"index": {"_index":"sim","_id":"2424836"}}
	{"id":2424836,"type":"sell","buyer":"jelly-cz","seller":"steliosfan","symbol":"SIM","quantity":"1029.959","price":"0.00062010","timestamp":1640897793,"volume":"0.63867758","buyTxId":"MM-P-13512610-60499604-3-29-0","sellTxId":"9ec82905f1b38ed23c88f131ada3c4cb7d521690"}
{"index": {"_index":"sim","_id":"2424844"}}
	{"id":2424844,"type":"sell","buyer":"jelly-cz","seller":"balte","symbol":"SIM","quantity":"38000.000","price":"0.00062010","timestamp":1640897859,"volume":"23.56380000","buyTxId":"MM-P-13512610-60499604-3-29-0","sellTxId":"7309e53d775ed3c4005a6de77accf3826c161467"}
{"index": {"_index":"sim","_id":"2424846"}}
	{"id":2424846,"type":"sell","buyer":"jelly-cz","seller":"cursephantom","symbol":"SIM","quantity":"19.000","price":"0.00062010","timestamp":1640897865,"volume":"0.01178190","buyTxId":"MM-P-13512610-60499604-3-29-0","sellTxId":"7e18f00a10cd83e3e4afba50287204d91bcd8414"}
{"index": {"_index":"sim","_id":"2424853"}}
	{"id":2424853,"type":"buy","buyer":"adacardano","seller":"razam","symbol":"SIM","quantity":"14.000","price":"0.00062011","timestamp":1640897928,"volume":"0.00868154","buyTxId":"c3f038c91c6a98a6fd81fd47d619e6d8d28bd828","sellTxId":"bc4b889fcabf14aa13dcf34df42281aa64f08253"}
{"index": {"_index":"sim","_id":"2424854"}}
	{"id":2424854,"type":"buy","buyer":"adacardano","seller":"mmrx","symbol":"SIM","quantity":"5834.928","price":"0.00062061","timestamp":1640897928,"volume":"3.62121467","buyTxId":"c3f038c91c6a98a6fd81fd47d619e6d8d28bd828","sellTxId":"MM-P-13512610-60499604-3-36-0"}
{"index": {"_index":"sim","_id":"2424855"}}
	{"id":2424855,"type":"buy","buyer":"adacardano","seller":"vincentnijman","symbol":"SIM","quantity":"1165.005","price":"0.00062062","timestamp":1640897928,"volume":"0.72302540","buyTxId":"c3f038c91c6a98a6fd81fd47d619e6d8d28bd828","sellTxId":"155a8da344fc4b2aa41e00fdd0a66a06337e1356"}
{"index": {"_index":"sim","_id":"2424857"}}
	{"id":2424857,"type":"sell","buyer":"adacardano","seller":"konvik","symbol":"SIM","quantity":"102977.564","price":"0.00062900","timestamp":1640897931,"volume":"64.77288776","buyTxId":"c3f038c91c6a98a6fd81fd47d619e6d8d28bd828","sellTxId":"0124af5d19c9d3ca01520d1fbdf4186aba6a9c29-1"}
{"index": {"_index":"sim","_id":"2424875"}}
	{"id":2424875,"type":"buy","buyer":"adacardano","seller":"pi-trader","symbol":"SIM","quantity":"11700.000","price":"0.00063698","timestamp":1640898063,"volume":"7.45266600","buyTxId":"f2ebd84d69b02fd8ce7f9e0e0f9715b642dc41a3","sellTxId":"982abc83e631fd983babf76c31875e928923c440-2"}
{"index": {"_index":"sim","_id":"2424987"}}
	{"id":2424987,"type":"sell","buyer":"adacardano","seller":"elianaicgomes","symbol":"SIM","quantity":"8.503","price":"0.00062900","timestamp":1640899503,"volume":"0.00534839","buyTxId":"c3f038c91c6a98a6fd81fd47d619e6d8d28bd828","sellTxId":"580767d78939a41c9cb816634bc75982a2b0b592"}
{"index": {"_index":"sim","_id":"2424988"}}
	{"id":2424988,"type":"sell","buyer":"jelly-cz","seller":"elianaicgomes","symbol":"SIM","quantity":"1848.028","price":"0.00062010","timestamp":1640899503,"volume":"1.14596216","buyTxId":"MM-P-13512610-60499604-3-29-0","sellTxId":"580767d78939a41c9cb816634bc75982a2b0b592"}
{"index": {"_index":"sim","_id":"2424999"}}
	{"id":2424999,"type":"sell","buyer":"jelly-cz","seller":"bokica80","symbol":"SIM","quantity":"36.660","price":"0.00062010","timestamp":1640899626,"volume":"0.02273287","buyTxId":"MM-P-13512610-60499604-3-29-0","sellTxId":"83ea489d8d1de811485cf1888e3acd4dad8d9eb5"}
{"index": {"_index":"sim","_id":"2425068"}}
	{"id":2425068,"type":"sell","buyer":"jelly-cz","seller":"jesuscarrion","symbol":"SIM","quantity":"628.000","price":"0.00062010","timestamp":1640900484,"volume":"0.38942280","buyTxId":"MM-P-13512610-60499604-3-29-0","sellTxId":"1434d70b724f85bc51d051dae5db4c4ea3cf8cbb"}
{"index": {"_index":"sim","_id":"2425112"}}
	{"id":2425112,"type":"sell","buyer":"jelly-cz","seller":"quantumg","symbol":"SIM","quantity":"392.050","price":"0.00062010","timestamp":1640901540,"volume":"0.24311021","buyTxId":"MM-P-13512610-60499604-3-29-0","sellTxId":"98b864281138d0d5321a15cbf29f0683df31b854"}
{"index": {"_index":"sim","_id":"2425220"}}
	{"id":2425220,"type":"sell","buyer":"jelly-cz","seller":"steem-hodler","symbol":"SIM","quantity":"19326.742","price":"0.00062010","timestamp":1640902839,"volume":"11.98451271","buyTxId":"MM-P-13512610-60499604-3-29-0","sellTxId":"3d249544fe053c330a3b5b3871e9609bf7a118cb"}
{"index": {"_index":"sim","_id":"2425221"}}
	{"id":2425221,"type":"buy","buyer":"konvik","seller":"steem-hodler","symbol":"SIM","quantity":"20948.258","price":"0.00062000","timestamp":1640902842,"volume":"12.98791996","buyTxId":"59d3d2799ecafc2efb10326c55289bbeaa081d09-0","sellTxId":"3d249544fe053c330a3b5b3871e9609bf7a118cb"}
{"index": {"_index":"sim","_id":"2425482"}}
	{"id":2425482,"type":"sell","buyer":"jelly-cz","seller":"marfonso","symbol":"SIM","quantity":"1063.283","price":"0.00062010","timestamp":1640906307,"volume":"0.65934179","buyTxId":"MM-P-13514407-60501402-3-29-0","sellTxId":"9e8bd977f9f66fb38caa1515970f29de9eccd173"}
{"index": {"_index":"sim","_id":"2425589"}}
	{"id":2425589,"type":"sell","buyer":"jelly-cz","seller":"kasaisoul","symbol":"SIM","quantity":"11.042","price":"0.00062010","timestamp":1640907036,"volume":"0.00684714","buyTxId":"MM-P-13514407-60501402-3-29-0","sellTxId":"5f5ed9cc519c050977955bc64985b17953b6d86e"}
{"index": {"_index":"sim","_id":"2425624"}}
	{"id":2425624,"type":"buy","buyer":"kasaisoul","seller":"pi-trader","symbol":"SIM","quantity":"64.036","price":"0.00063698","timestamp":1640907627,"volume":"0.04078965","buyTxId":"4b6cbbeec888f9f8e80a28624ea652c63e08b45c","sellTxId":"ea3d1b01ce9bb6624ac89c023c0e3dfad53540e6-8"}
{"index": {"_index":"sim","_id":"2425635"}}
	{"id":2425635,"type":"sell","buyer":"jelly-cz","seller":"mightyrocklee","symbol":"SIM","quantity":"628.738","price":"0.00062010","timestamp":1640907804,"volume":"0.38988043","buyTxId":"MM-P-13514407-60501402-3-29-0","sellTxId":"eb2f0ec9f2630bcc7c6e674afc93427b4491eed7"}
{"index": {"_index":"sim","_id":"2425647"}}
	{"id":2425647,"type":"sell","buyer":"jelly-cz","seller":"heruvim1978","symbol":"SIM","quantity":"13658.893","price":"0.00062010","timestamp":1640908023,"volume":"8.46987955","buyTxId":"MM-P-13514407-60501402-3-29-0","sellTxId":"e34137c0009db7177a7a8a8c56785f3969a89665"}
{"index": {"_index":"sim","_id":"2425713"}}
	{"id":2425713,"type":"sell","buyer":"jelly-cz","seller":"monsterjamgold","symbol":"SIM","quantity":"1704.488","price":"0.00062010","timestamp":1640908707,"volume":"1.05695301","buyTxId":"MM-P-13514407-60501402-3-29-0","sellTxId":"418a836b2e744c6587f5775d9b6a3b8cdbd3e79a"}
{"index": {"_index":"sim","_id":"2425732"}}
	{"id":2425732,"type":"sell","buyer":"jelly-cz","seller":"bitcoinflood","symbol":"SIM","quantity":"2235.883","price":"0.00062010","timestamp":1640909001,"volume":"1.38647105","buyTxId":"MM-P-13514407-60501402-3-29-0","sellTxId":"36b6884336e00a956b964a2ecd4ccaac97a98863"}
{"index": {"_index":"sim","_id":"2425803"}}
	{"id":2425803,"type":"sell","buyer":"jelly-cz","seller":"brofi-market","symbol":"SIM","quantity":"0.002","price":"0.00062010","timestamp":1640909670,"volume":"0.00000124","buyTxId":"MM-P-13514407-60501402-3-29-0","sellTxId":"0baaee7739ee1865456f07dfc689824e9d2c8aba"}
{"index": {"_index":"sim","_id":"2425907"}}
	{"id":2425907,"type":"sell","buyer":"jelly-cz","seller":"thatcryptodave","symbol":"SIM","quantity":"1088.689","price":"0.00062010","timestamp":1640910468,"volume":"0.67509605","buyTxId":"MM-P-13514407-60501402-3-29-0","sellTxId":"9e813ce25ec08c5bd0d926465b16b4afd0e10e03"}
{"index": {"_index":"sim","_id":"2426049"}}
	{"id":2426049,"type":"buy","buyer":"theclasser1","seller":"pi-trader","symbol":"SIM","quantity":"23612.942","price":"0.00063698","timestamp":1640912736,"volume":"15.04097180","buyTxId":"5943144777285af66866e0c4af4b5395d3c73956","sellTxId":"700931cbbf72003f66ca1eb3b69dacbef77e3e2c-4"}
{"index": {"_index":"sim","_id":"2426159"}}
	{"id":2426159,"type":"buy","buyer":"kasaisoul","seller":"pi-trader","symbol":"SIM","quantity":"0.005","price":"0.00063697","timestamp":1640914584,"volume":"0.00000318","buyTxId":"32c74374d49e2e972131d15a7f26bba1f33d78fb","sellTxId":"74acdce5763e0dd40c27e134354019f1eb3ca312-4"}
{"index": {"_index":"sim","_id":"2426229"}}
	{"id":2426229,"type":"buy","buyer":"barrenwolfsbane","seller":"pi-trader","symbol":"SIM","quantity":"5796.000","price":"0.00063697","timestamp":1640915205,"volume":"3.69187812","buyTxId":"5345e902ef70bf5ceb1764e7d1eb202818d21a73","sellTxId":"264fc3c3da7d6e9363d72f00351dca6d9734002c-4"}
{"index": {"_index":"sim","_id":"2426236"}}
	{"id":2426236,"type":"sell","buyer":"jelly-cz","seller":"lisamgentile1961","symbol":"SIM","quantity":"83.472","price":"0.00062010","timestamp":1640915277,"volume":"0.05176099","buyTxId":"MM-P-13514407-60501402-3-29-0","sellTxId":"82c6e1f7d489c0c030c54166e60b54e97b3bd2b4"}
{"index": {"_index":"sim","_id":"2426268"}}
	{"id":2426268,"type":"sell","buyer":"jelly-cz","seller":"otherbrandt","symbol":"SIM","quantity":"23847.208","price":"0.00062010","timestamp":1640915439,"volume":"14.78765368","buyTxId":"MM-P-13514407-60501402-3-29-0","sellTxId":"dff53e0e096e7d4cff9701bff0c4b2da7f4d2407"}
{"index": {"_index":"sim","_id":"2426344"}}
	{"id":2426344,"type":"sell","buyer":"jelly-cz","seller":"nathanpieters","symbol":"SIM","quantity":"124.000","price":"0.00062010","timestamp":1640916924,"volume":"0.07689240","buyTxId":"MM-P-13514407-60501402-3-29-0","sellTxId":"96cf567f339140fd70558ec4321346bd23bdf348"}
{"index": {"_index":"sim","_id":"2426386"}}
	{"id":2426386,"type":"sell","buyer":"jelly-cz","seller":"andy4475","symbol":"SIM","quantity":"53.932","price":"0.00062010","timestamp":1640917905,"volume":"0.03344323","buyTxId":"MM-P-13514407-60501402-3-29-0","sellTxId":"77bd008b4676c030602507d4f446409448e1791e"}
{"index": {"_index":"sim","_id":"2426634"}}
	{"id":2426634,"type":"sell","buyer":"jelly-cz","seller":"tynew240","symbol":"SIM","quantity":"10231.300","price":"0.00062010","timestamp":1640920605,"volume":"6.34442913","buyTxId":"MM-P-13514407-60501402-3-29-0","sellTxId":"63f1021857e3654c189c181d67ed56acf5f917a4"}
{"index": {"_index":"sim","_id":"2426769"}}
	{"id":2426769,"type":"sell","buyer":"jelly-cz","seller":"velourex","symbol":"SIM","quantity":"6549.509","price":"0.00062010","timestamp":1640922009,"volume":"4.06135053","buyTxId":"MM-P-13514407-60501402-3-29-0","sellTxId":"a184cb7f82b079e5ffb764f003bd8c5beb4c3991"}
{"index": {"_index":"sim","_id":"2426777"}}
	{"id":2426777,"type":"sell","buyer":"jelly-cz","seller":"velourex","symbol":"SIM","quantity":"61280.439","price":"0.00062010","timestamp":1640922132,"volume":"38.00000022","buyTxId":"MM-P-13520783-60507790-3-29-0","sellTxId":"4614fe91eb6b1d647f4f6d631a86fab618159b26"}
{"index": {"_index":"sim","_id":"2426785"}}
	{"id":2426785,"type":"sell","buyer":"jelly13","seller":"velourex","symbol":"SIM","quantity":"55238.607","price":"0.00061959","timestamp":1640922264,"volume":"34.22528851","buyTxId":"ac51a019e3ea28e9e5ca83308786dcd318390e37","sellTxId":"48d1b24b3aaa7ca39e9a1a1d1f985dc3ccd67f49"}
{"index": {"_index":"sim","_id":"2426786"}}
	{"id":2426786,"type":"sell","buyer":"jelly13","seller":"velourex","symbol":"SIM","quantity":"34088.765","price":"0.00061450","timestamp":1640922264,"volume":"20.94754609","buyTxId":"ff2f4890564ddcfd6fcb188990d5e54eeb716e19","sellTxId":"48d1b24b3aaa7ca39e9a1a1d1f985dc3ccd67f49"}
