{"index": {"_index":"sim","_id":"1760987"}}
	{"id":1760987,"type":"buy","buyer":"libbane","seller":"pi-trader","symbol":"SIM","quantity":"20000.000","price":"0.00093999","timestamp":1634868738,"volume":"18.79980000","buyTxId":"d04f69bd7764c43260fe1a5e7b616d9c48169b77","sellTxId":"1b4297aed33a2b5d8c991dd2fe8bc4b223daebbc-9"}
{"index": {"_index":"sim","_id":"1760988"}}
	{"id":1760988,"type":"buy","buyer":"libbane","seller":"jimre1","symbol":"SIM","quantity":"1500.000","price":"0.00094000","timestamp":1634868738,"volume":"1.41000000","buyTxId":"d04f69bd7764c43260fe1a5e7b616d9c48169b77","sellTxId":"c2c0904d9846aa310cdf2ff166d1ba4d5ba7a228"}
{"index": {"_index":"sim","_id":"1760989"}}
	{"id":1760989,"type":"sell","buyer":"libbane","seller":"konvik","symbol":"SIM","quantity":"6493.564","price":"0.00094000","timestamp":1634868741,"volume":"6.10395016","buyTxId":"d04f69bd7764c43260fe1a5e7b616d9c48169b77","sellTxId":"b51efe7b7f0153d47d649c0032b814f03c67779c-1"}
{"index": {"_index":"sim","_id":"1761000"}}
	{"id":1761000,"type":"sell","buyer":"libbane","seller":"castilhos","symbol":"SIM","quantity":"6.436","price":"0.00094000","timestamp":1634868909,"volume":"0.00604984","buyTxId":"d04f69bd7764c43260fe1a5e7b616d9c48169b77","sellTxId":"1f0bafd7efaae036b65826825a1cf2565fc20c63"}
{"index": {"_index":"sim","_id":"1761286"}}
	{"id":1761286,"type":"sell","buyer":"d-pend","seller":"goldcoin","symbol":"SIM","quantity":"240.557","price":"0.00090000","timestamp":1634873202,"volume":"0.21650130","buyTxId":"49600ce9d8f4fc893135c1ec67f38afd244b391b","sellTxId":"0ffd94508285174b2e51e032009d96e121caa220"}
{"index": {"_index":"sim","_id":"1761461"}}
	{"id":1761461,"type":"sell","buyer":"d-pend","seller":"eythorphoto","symbol":"SIM","quantity":"940.500","price":"0.00090000","timestamp":1634874915,"volume":"0.84645000","buyTxId":"49600ce9d8f4fc893135c1ec67f38afd244b391b","sellTxId":"fafd4503b0e6ea1f910b9af8f0108116d75a680c"}
{"index": {"_index":"sim","_id":"1761506"}}
	{"id":1761506,"type":"sell","buyer":"d-pend","seller":"muenchen","symbol":"SIM","quantity":"7405.000","price":"0.00090000","timestamp":1634875599,"volume":"6.66450000","buyTxId":"49600ce9d8f4fc893135c1ec67f38afd244b391b","sellTxId":"98539cfcf8e5bec9ca0704f6b1ba19afa514a574"}
{"index": {"_index":"sim","_id":"1761567"}}
	{"id":1761567,"type":"sell","buyer":"d-pend","seller":"bearbear613","symbol":"SIM","quantity":"3138.875","price":"0.00090000","timestamp":1634876583,"volume":"2.82498750","buyTxId":"49600ce9d8f4fc893135c1ec67f38afd244b391b","sellTxId":"df663836f1833fe37617768eb77209fcfc78d16e"}
{"index": {"_index":"sim","_id":"1761750"}}
	{"id":1761750,"type":"sell","buyer":"d-pend","seller":"tonytrillions","symbol":"SIM","quantity":"0.078","price":"0.00090000","timestamp":1634879304,"volume":"0.00007020","buyTxId":"49600ce9d8f4fc893135c1ec67f38afd244b391b","sellTxId":"19956cdda96c41d281fec637a22aacb801c471c1"}
{"index": {"_index":"sim","_id":"1761837"}}
	{"id":1761837,"type":"sell","buyer":"d-pend","seller":"dragokazo","symbol":"SIM","quantity":"4484.000","price":"0.00090000","timestamp":1634880729,"volume":"4.03560000","buyTxId":"49600ce9d8f4fc893135c1ec67f38afd244b391b","sellTxId":"108dd670dbca7ffb60a383c171d7ac814bd5ad4b"}
{"index": {"_index":"sim","_id":"1761931"}}
	{"id":1761931,"type":"buy","buyer":"princekham","seller":"pi-trader","symbol":"SIM","quantity":"1968.106","price":"0.00093999","timestamp":1634882166,"volume":"1.85","buyTxId":"7d2b237341ac7e0692107250c810f148a9c593a8","sellTxId":"37c098e75060c9ff5c56573d910c9ea9c894bbab-1"}
{"index": {"_index":"sim","_id":"1762378"}}
	{"id":1762378,"type":"sell","buyer":"d-pend","seller":"konvik","symbol":"SIM","quantity":"100010.211","price":"0.00091000","timestamp":1634885163,"volume":"91.00929201","buyTxId":"34fc73a70c8b455c889efb449652001507dd3aec","sellTxId":"60a51694831ef93ae4dd386033d81b5d49474b64-1"}
{"index": {"_index":"sim","_id":"1762673"}}
	{"id":1762673,"type":"buy","buyer":"kevinnag58","seller":"pi-trader","symbol":"SIM","quantity":"4255.364","price":"0.00093999","timestamp":1634888139,"volume":"4","buyTxId":"26225de8cafbf160f386b3dceb50faa8b85ed9ae","sellTxId":"2964651b768dc70750c398e60073823bb1b11b01-2"}
{"index": {"_index":"sim","_id":"1762712"}}
	{"id":1762712,"type":"sell","buyer":"d-pend","seller":"mfblack","symbol":"SIM","quantity":"2915.103","price":"0.00091000","timestamp":1634888568,"volume":"2.65274373","buyTxId":"34fc73a70c8b455c889efb449652001507dd3aec","sellTxId":"82f7c6c6a8ffaf238557af5884b47ac2e8fc2b1b"}
{"index": {"_index":"sim","_id":"1762872"}}
	{"id":1762872,"type":"sell","buyer":"d-pend","seller":"anderssinho","symbol":"SIM","quantity":"0.217","price":"0.00091000","timestamp":1634889885,"volume":"0.00019747","buyTxId":"34fc73a70c8b455c889efb449652001507dd3aec","sellTxId":"f3f14a69f900decea3cfa26b72729dc9cb39ac0b"}
{"index": {"_index":"sim","_id":"1762877"}}
	{"id":1762877,"type":"sell","buyer":"d-pend","seller":"juanmiguelsalas","symbol":"SIM","quantity":"3900.000","price":"0.00091000","timestamp":1634889900,"volume":"3.54900000","buyTxId":"34fc73a70c8b455c889efb449652001507dd3aec","sellTxId":"1c40adc01a9983b27571f3dcbbb2372a68bd064f"}
{"index": {"_index":"sim","_id":"1762987"}}
	{"id":1762987,"type":"sell","buyer":"d-pend","seller":"libbane","symbol":"SIM","quantity":"10707.340","price":"0.00091000","timestamp":1634891439,"volume":"9.74367940","buyTxId":"34fc73a70c8b455c889efb449652001507dd3aec","sellTxId":"53e7c3875c5089dec4a77d8293020b1ceb7f84fd"}
{"index": {"_index":"sim","_id":"1762995"}}
	{"id":1762995,"type":"sell","buyer":"d-pend","seller":"desyfit","symbol":"SIM","quantity":"82467.129","price":"0.00091000","timestamp":1634891628,"volume":"75.04508739","buyTxId":"34fc73a70c8b455c889efb449652001507dd3aec","sellTxId":"91953ee0bf5212661bd11acf24141b60ddb92e9f"}
{"index": {"_index":"sim","_id":"1762996"}}
	{"id":1762996,"type":"sell","buyer":"d-pend","seller":"desyfit","symbol":"SIM","quantity":"17532.871","price":"0.00090000","timestamp":1634891628,"volume":"15.77958390","buyTxId":"49600ce9d8f4fc893135c1ec67f38afd244b391b","sellTxId":"91953ee0bf5212661bd11acf24141b60ddb92e9f"}
{"index": {"_index":"sim","_id":"1763109"}}
	{"id":1763109,"type":"sell","buyer":"pi-trader","seller":"theguruasia","symbol":"SIM","quantity":"1032.373","price":"0.00090001","timestamp":1634892867,"volume":"0.92914602","buyTxId":"7e4dc053ae0f9ca5d6131dad0fd881ecdcb8b443-1","sellTxId":"566b0f334de0f7f7b61f4414893a08b713986b0f"}
{"index": {"_index":"sim","_id":"1763181"}}
	{"id":1763181,"type":"sell","buyer":"pi-trader","seller":"dragokazo","symbol":"SIM","quantity":"7125.950","price":"0.00090001","timestamp":1634893467,"volume":"6.41342626","buyTxId":"0e3601728920302472ecb002497bc0c92a1274b2-5","sellTxId":"4dec53623bdc5f95fac600fb7020bfe8433620da"}
{"index": {"_index":"sim","_id":"1763391"}}
	{"id":1763391,"type":"buy","buyer":"g-race-c","seller":"pi-trader","symbol":"SIM","quantity":"20000.000","price":"0.00093899","timestamp":1634895843,"volume":"18.77980000","buyTxId":"3b1a9659436f69d55a2a41d0386e1eb50262fe02","sellTxId":"0e2448f5045ea85f4ec4ddd11f5612323d61b382-1"}
{"index": {"_index":"sim","_id":"1763392"}}
	{"id":1763392,"type":"buy","buyer":"g-race-c","seller":"shaktidas2020","symbol":"SIM","quantity":"15000.000","price":"0.00093900","timestamp":1634895843,"volume":"14.08500000","buyTxId":"3b1a9659436f69d55a2a41d0386e1eb50262fe02","sellTxId":"001b799b0108799e0ba1f59fc3802aad99bb4568"}
{"index": {"_index":"sim","_id":"1763410"}}
	{"id":1763410,"type":"sell","buyer":"pi-trader","seller":"anosys","symbol":"SIM","quantity":"1.027","price":"0.00090004","timestamp":1634896101,"volume":"0.00092434","buyTxId":"747f19455359a3bfac3843602d42ee87b19b0c61-1","sellTxId":"7d8d877fecbfeb6607bd18db1c635841263c8968"}
{"index": {"_index":"sim","_id":"1763625"}}
	{"id":1763625,"type":"sell","buyer":"jelly-cz","seller":"themarkymark","symbol":"SIM","quantity":"2210.888","price":"0.00090003","timestamp":1634899071,"volume":"1.98986553","buyTxId":"MM-P-11520342-58505696-3-35-0","sellTxId":"07d3258d2d2b43d236381867214850359b23ed2e"}
{"index": {"_index":"sim","_id":"1763626"}}
	{"id":1763626,"type":"sell","buyer":"pi-trader","seller":"themarkymark","symbol":"SIM","quantity":"2244.960","price":"0.00090001","timestamp":1634899071,"volume":"2.02048645","buyTxId":"9cd1cc48e20245396db6482f59598c7c90dca684-1","sellTxId":"07d3258d2d2b43d236381867214850359b23ed2e"}
{"index": {"_index":"sim","_id":"1763740"}}
	{"id":1763740,"type":"sell","buyer":"pi-trader","seller":"theshaki","symbol":"SIM","quantity":"46.510","price":"0.00090001","timestamp":1634900205,"volume":"0.04185947","buyTxId":"b55db2cf933396227a857ac8c1ca86bbd595799e-3","sellTxId":"49c0877bcd1aa15b00f0654e8e5728c007945281"}
{"index": {"_index":"sim","_id":"1763767"}}
	{"id":1763767,"type":"buy","buyer":"kevinnag58","seller":"pi-trader","symbol":"SIM","quantity":"2129.948","price":"0.00093899","timestamp":1634900523,"volume":"2","buyTxId":"af26d01eb3792d676dcc62eb722452e9d71a8ea9","sellTxId":"0e08b3c3a93db32bfd3fe9a728c4155d0a0ad2a5-1"}
{"index": {"_index":"sim","_id":"1763810"}}
	{"id":1763810,"type":"sell","buyer":"pi-trader","seller":"nrg","symbol":"SIM","quantity":"50000.000","price":"0.00090001","timestamp":1634901126,"volume":"45.00050000","buyTxId":"53e6f4da4b80b056773ca76650e02fd282eb72d5-3","sellTxId":"c3b57a1ae4cb547ba0c59d03b0221a82c94f46d3"}
{"index": {"_index":"sim","_id":"1763811"}}
	{"id":1763811,"type":"sell","buyer":"d-pend","seller":"nrg","symbol":"SIM","quantity":"6876.010","price":"0.00090000","timestamp":1634901126,"volume":"6.18840900","buyTxId":"49600ce9d8f4fc893135c1ec67f38afd244b391b","sellTxId":"c3b57a1ae4cb547ba0c59d03b0221a82c94f46d3"}
{"index": {"_index":"sim","_id":"1763815"}}
	{"id":1763815,"type":"buy","buyer":"stickupmusic","seller":"pi-trader","symbol":"SIM","quantity":"212.000","price":"0.00093899","timestamp":1634901162,"volume":"0.19906588","buyTxId":"b8c20bf91ccc658de36244c44468a708703570b3","sellTxId":"2c2d0dda482087cef78cebc5497c13997d206011-2"}
{"index": {"_index":"sim","_id":"1763822"}}
	{"id":1763822,"type":"buy","buyer":"stickupboys","seller":"pi-trader","symbol":"SIM","quantity":"20000.000","price":"0.00093899","timestamp":1634901372,"volume":"18.77980000","buyTxId":"bd9e36fe561e194c899a51eddd010299222440c3","sellTxId":"b7566bac9327c7201f2654ca7d4a7c5de3a52de7-7"}
{"index": {"_index":"sim","_id":"1763871"}}
	{"id":1763871,"type":"buy","buyer":"stickupboys","seller":"pi-trader","symbol":"SIM","quantity":"4826.000","price":"0.00093899","timestamp":1634901870,"volume":"4.53156574","buyTxId":"d8d95c4b4c33a7680dc8a8d218bf08cd17313d72","sellTxId":"d21e3813af12505ac158768649e3514cf6b2ba4f-1"}
{"index": {"_index":"sim","_id":"1763878"}}
	{"id":1763878,"type":"buy","buyer":"numpypython","seller":"pi-trader","symbol":"SIM","quantity":"8931.000","price":"0.00093899","timestamp":1634902023,"volume":"8.38611969","buyTxId":"d242103e5e0f1715beb7f36bfdf6583f1c60cda6","sellTxId":"e74adf45dc7dbdf5096a1f9a825bdfc490d7bd1f-6"}
{"index": {"_index":"sim","_id":"1763973"}}
	{"id":1763973,"type":"sell","buyer":"d-pend","seller":"andy4475","symbol":"SIM","quantity":"33.066","price":"0.00090000","timestamp":1634903460,"volume":"0.02975940","buyTxId":"49600ce9d8f4fc893135c1ec67f38afd244b391b","sellTxId":"c2e7c2a5d364e6733303c030efcf84ec0ac23018"}
{"index": {"_index":"sim","_id":"1764009"}}
	{"id":1764009,"type":"sell","buyer":"d-pend","seller":"adalger","symbol":"SIM","quantity":"0.001","price":"0.00090000","timestamp":1634903874,"volume":"0.00000090","buyTxId":"49600ce9d8f4fc893135c1ec67f38afd244b391b","sellTxId":"bd6c1eb2e27c49ba9f8da2298098bb560ca2346a"}
{"index": {"_index":"sim","_id":"1764036"}}
	{"id":1764036,"type":"sell","buyer":"d-pend","seller":"hirohurl","symbol":"SIM","quantity":"115.639","price":"0.00090000","timestamp":1634904120,"volume":"0.10407510","buyTxId":"49600ce9d8f4fc893135c1ec67f38afd244b391b","sellTxId":"f3062204aa6f27715dcee0da498d90dcded6ebe4"}
{"index": {"_index":"sim","_id":"1764159"}}
	{"id":1764159,"type":"sell","buyer":"d-pend","seller":"j85063","symbol":"SIM","quantity":"125411.496","price":"0.00090000","timestamp":1634905575,"volume":"112.87034640","buyTxId":"49600ce9d8f4fc893135c1ec67f38afd244b391b","sellTxId":"5796de5b44ee0fea998f196b499f304a090b8125"}
{"index": {"_index":"sim","_id":"1764204"}}
	{"id":1764204,"type":"sell","buyer":"he-index","seller":"tonytrillions","symbol":"SIM","quantity":"0.077","price":"0.00090000","timestamp":1634906067,"volume":"0.00006930","buyTxId":"bdea1c0465cf0e24c7389e251d57ad62f99c3a70","sellTxId":"7ff11d30367a384cff526bbbc6fd19756a175bcd"}
{"index": {"_index":"sim","_id":"1764372"}}
	{"id":1764372,"type":"sell","buyer":"he-index","seller":"sushanthanchan","symbol":"SIM","quantity":"31.967","price":"0.00090000","timestamp":1634907768,"volume":"0.02877030","buyTxId":"bdea1c0465cf0e24c7389e251d57ad62f99c3a70","sellTxId":"3de9ea2a02075806f55d7ef06f21e469becab725"}
{"index": {"_index":"sim","_id":"1764373"}}
	{"id":1764373,"type":"sell","buyer":"he-index","seller":"sushanthanchan","symbol":"SIM","quantity":"13.544","price":"0.00090000","timestamp":1634907768,"volume":"0.01218960","buyTxId":"bd126945ad605157a38d132bc45172dc3fef6c76","sellTxId":"3de9ea2a02075806f55d7ef06f21e469becab725"}
{"index": {"_index":"sim","_id":"1764374"}}
	{"id":1764374,"type":"sell","buyer":"pi-trader","seller":"sushanthanchan","symbol":"SIM","quantity":"104.489","price":"0.00089002","timestamp":1634907768,"volume":"0.09299730","buyTxId":"f31745c9e7406f4e01d4f3a0b245b9e14be31636-0","sellTxId":"3de9ea2a02075806f55d7ef06f21e469becab725"}
{"index": {"_index":"sim","_id":"1764459"}}
	{"id":1764459,"type":"sell","buyer":"pi-trader","seller":"myvest","symbol":"SIM","quantity":"436.914","price":"0.00089002","timestamp":1634908578,"volume":"0.38886220","buyTxId":"ae21e4714c293571dffdedf85a82acf17464c0e7-4","sellTxId":"880837da13d07159e24122b8ba9d251c9df4dc06"}
{"index": {"_index":"sim","_id":"1764488"}}
	{"id":1764488,"type":"sell","buyer":"pi-trader","seller":"myvest","symbol":"SIM","quantity":"201.944","price":"0.00089002","timestamp":1634908932,"volume":"0.17973420","buyTxId":"499f964aab24636232a04f64cbeb2931b51ff317-3","sellTxId":"a23074c8ea33d993f2187fb4c27ca59ac674de1a"}
{"index": {"_index":"sim","_id":"1764817"}}
	{"id":1764817,"type":"buy","buyer":"tommasobusiello","seller":"fiberfrau","symbol":"SIM","quantity":"100.000","price":"0.00092000","timestamp":1634911665,"volume":"0.09200000","buyTxId":"7c8e153d4266d228f50616ee6924bf1e6db49e81","sellTxId":"5dcae161600ae2bd92022cb9886f9eaa7fc41bf9"}
{"index": {"_index":"sim","_id":"1764818"}}
	{"id":1764818,"type":"buy","buyer":"tommasobusiello","seller":"pi-trader","symbol":"SIM","quantity":"12900.000","price":"0.00092999","timestamp":1634911665,"volume":"11.99687100","buyTxId":"7c8e153d4266d228f50616ee6924bf1e6db49e81","sellTxId":"cd1b57aae7d3359ef567623e3f357cb4ce657916-4"}
{"index": {"_index":"sim","_id":"1765026"}}
	{"id":1765026,"type":"buy","buyer":"dkid14","seller":"pi-trader","symbol":"SIM","quantity":"4600.561","price":"0.00091999","timestamp":1634913657,"volume":"4.23247011","buyTxId":"25474cf47f2d9d5526bf6196f6060ad52e509fd0","sellTxId":"9b019d31a3efa6bd2ff0d315843a67260b28ab7a-5"}
{"index": {"_index":"sim","_id":"1765451"}}
	{"id":1765451,"type":"sell","buyer":"pi-trader","seller":"albertoar17","symbol":"SIM","quantity":"11092.743","price":"0.00089002","timestamp":1634917611,"volume":"9.87276312","buyTxId":"f408d60d837ddb1a913cc392616fb8054a37669c-3","sellTxId":"90b2cb6137fef06b35387ff7c8bcaba6ab1db991"}
{"index": {"_index":"sim","_id":"1765546"}}
	{"id":1765546,"type":"sell","buyer":"pi-trader","seller":"paragism","symbol":"SIM","quantity":"758.021","price":"0.00089002","timestamp":1634918439,"volume":"0.67465385","buyTxId":"a7106e04aef091885536b24df42f6b39d7cb997a-3","sellTxId":"9d026097f33d5bdd7cabee6b1fbd65b29bef1139"}
{"index": {"_index":"sim","_id":"1765767"}}
	{"id":1765767,"type":"sell","buyer":"pi-trader","seller":"damla","symbol":"SIM","quantity":"1.057","price":"0.00089002","timestamp":1634920206,"volume":"0.00094075","buyTxId":"0182eed7f4fde9c1dddac4b1ea2b43a9a9923514-4","sellTxId":"9b79e6c39917f96919db7277f1fdfc58c61e78fe"}
{"index": {"_index":"sim","_id":"1765971"}}
	{"id":1765971,"type":"sell","buyer":"pi-trader","seller":"captaincryptic","symbol":"SIM","quantity":"1038.061","price":"0.00089002","timestamp":1634921256,"volume":"0.92389505","buyTxId":"c7d315e55572bc4b0876787bbf1e3acea1ab71ee-1","sellTxId":"8cbb6be329893d06dcd23cd9579ea4c52e3a14eb"}
{"index": {"_index":"sim","_id":"1766121"}}
	{"id":1766121,"type":"sell","buyer":"pi-trader","seller":"krakonos","symbol":"SIM","quantity":"5.000","price":"0.00089002","timestamp":1634922096,"volume":"0.00445010","buyTxId":"ee967d3a149470b33174a833c2bacc2c93031bee-3","sellTxId":"bae81fba1ada9055dc246fc5bca268abdbbe14f9"}
{"index": {"_index":"sim","_id":"1766512"}}
	{"id":1766512,"type":"sell","buyer":"pi-trader","seller":"fantasycrypto","symbol":"SIM","quantity":"9616.500","price":"0.00089002","timestamp":1634923461,"volume":"8.55887733","buyTxId":"7763cf52f6b9adcc94a90bbc29395b29d0608119-3","sellTxId":"431fe670eb10bade3bdb7015f132dd7c94a8dd39"}
{"index": {"_index":"sim","_id":"1766542"}}
	{"id":1766542,"type":"sell","buyer":"pi-trader","seller":"libbane","symbol":"SIM","quantity":"1477.250","price":"0.00089002","timestamp":1634923620,"volume":"1.31478205","buyTxId":"4e6d90267dad51d1ccd0388b4fa4eade29f59fd0-7","sellTxId":"2e699f8f17fed8de1a68ff4629b7aaee4c6d9bea"}
{"index": {"_index":"sim","_id":"1766802"}}
	{"id":1766802,"type":"sell","buyer":"pi-trader","seller":"fredfettmeister","symbol":"SIM","quantity":"200.000","price":"0.00089002","timestamp":1634925639,"volume":"0.17800400","buyTxId":"13c9c5b8071514668e0aa5d4776dd70a62abc9c3-5","sellTxId":"54d949cf908e14515beb00ff0773ceaf0542394a"}
{"index": {"_index":"sim","_id":"1766807"}}
	{"id":1766807,"type":"sell","buyer":"pi-trader","seller":"juanmiguelsalas","symbol":"SIM","quantity":"20000.000","price":"0.00089003","timestamp":1634925657,"volume":"17.80060000","buyTxId":"e47fdf61f4749a8686d3f538ba88cda72b856030-1","sellTxId":"a55ed85966f6ab9672c14f2211db2a71cd685b93"}
{"index": {"_index":"sim","_id":"1766869"}}
	{"id":1766869,"type":"sell","buyer":"pi-trader","seller":"eythorphoto","symbol":"SIM","quantity":"172.000","price":"0.00089003","timestamp":1634926110,"volume":"0.15308516","buyTxId":"185f875d3bbf793ab3de5eb9dbe3fd4799b6e543-3","sellTxId":"819eec89653fa53ab121cb798ff47b0bf1c35480"}
{"index": {"_index":"sim","_id":"1767026"}}
	{"id":1767026,"type":"sell","buyer":"pi-trader","seller":"monsterjamgold","symbol":"SIM","quantity":"952.372","price":"0.00089003","timestamp":1634927754,"volume":"0.84763965","buyTxId":"63c1ec58a272009d0901b0994bb68231bc9555c3-3","sellTxId":"b40e58f39a15c45c3952b50b0a3059778f3fed18"}
{"index": {"_index":"sim","_id":"1767106"}}
	{"id":1767106,"type":"sell","buyer":"pi-trader","seller":"dhedge-drips","symbol":"SIM","quantity":"0.010","price":"0.00089003","timestamp":1634928330,"volume":"0.00000890","buyTxId":"f147b759fa561021a30dfba3e2b5e0c48eda2112-3","sellTxId":"8f54424eec119a7d3d60e8ad82a861c1b363f81f"}
{"index": {"_index":"sim","_id":"1767379"}}
	{"id":1767379,"type":"sell","buyer":"nyinyiwin","seller":"bitcoinflood","symbol":"SIM","quantity":"528.655","price":"0.00090000","timestamp":1634930427,"volume":"0.47578950","buyTxId":"8e065ccbabec0a92eecbcdd4889258eb779fa28d","sellTxId":"5e5aa496856df694ee1d5a8a9bb7464ef8e314ed"}
{"index": {"_index":"sim","_id":"1767388"}}
	{"id":1767388,"type":"buy","buyer":"nyinyiwin","seller":"bitcoinflood","symbol":"SIM","quantity":"5.000","price":"0.00090000","timestamp":1634930505,"volume":"0.00450000","buyTxId":"852f48b9c746016622067191ab6e1b42c94841df","sellTxId":"5e5aa496856df694ee1d5a8a9bb7464ef8e314ed"}
{"index": {"_index":"sim","_id":"1767506"}}
	{"id":1767506,"type":"buy","buyer":"lord-wendigo","seller":"bitcoinflood","symbol":"SIM","quantity":"1297.000","price":"0.00090000","timestamp":1634931981,"volume":"1.16730000","buyTxId":"368e0a0549b0a887a1d8bb5cd377470255bb0055","sellTxId":"5e5aa496856df694ee1d5a8a9bb7464ef8e314ed"}
{"index": {"_index":"sim","_id":"1767549"}}
	{"id":1767549,"type":"sell","buyer":"he-index","seller":"eythorphoto","symbol":"SIM","quantity":"74.155","price":"0.00089003","timestamp":1634932206,"volume":"0.06600017","buyTxId":"ef9d9bbc9d3e1d28440d6ebad3cc622c565cddc1","sellTxId":"de6fc4ff3f92dc0612f77138522b25e79d567cb4"}
{"index": {"_index":"sim","_id":"1767550"}}
	{"id":1767550,"type":"buy","buyer":"svirus","seller":"eythorphoto","symbol":"SIM","quantity":"3537.840","price":"0.00089003","timestamp":1634932209,"volume":"3.14878374","buyTxId":"6e92c27cbc3305301d02304aae4bb9e572a51f84-0","sellTxId":"de6fc4ff3f92dc0612f77138522b25e79d567cb4"}
{"index": {"_index":"sim","_id":"1767561"}}
	{"id":1767561,"type":"buy","buyer":"sneaky-neutrino","seller":"eythorphoto","symbol":"SIM","quantity":"0.005","price":"0.00089003","timestamp":1634932275,"volume":"0.00000445","buyTxId":"9b926591fc1510ca776d9ebb312d0b42b7c969e6","sellTxId":"de6fc4ff3f92dc0612f77138522b25e79d567cb4"}
{"index": {"_index":"sim","_id":"1767562"}}
	{"id":1767562,"type":"buy","buyer":"sneaky-neutrino","seller":"bitcoinflood","symbol":"SIM","quantity":"0.302","price":"0.00090000","timestamp":1634932275,"volume":"0.00027180","buyTxId":"9b926591fc1510ca776d9ebb312d0b42b7c969e6","sellTxId":"5e5aa496856df694ee1d5a8a9bb7464ef8e314ed"}
{"index": {"_index":"sim","_id":"1767577"}}
	{"id":1767577,"type":"sell","buyer":"sneaky-neutrino","seller":"eythorphoto","symbol":"SIM","quantity":"999.693","price":"0.00090000","timestamp":1634932437,"volume":"0.89972370","buyTxId":"9b926591fc1510ca776d9ebb312d0b42b7c969e6","sellTxId":"2e947853259d84cd3dd714af96ba5c0dbdee5664"}
{"index": {"_index":"sim","_id":"1767587"}}
	{"id":1767587,"type":"sell","buyer":"he-index","seller":"eythorphoto","symbol":"SIM","quantity":"44.943","price":"0.00089002","timestamp":1634932581,"volume":"0.04000017","buyTxId":"3d843944d275cfbae4fc4a398d9777cec40adfb4","sellTxId":"5432332ec86e81ef3f1f9af585162e9159fdc1ba"}
{"index": {"_index":"sim","_id":"1767588"}}
	{"id":1767588,"type":"sell","buyer":"pi-trader","seller":"eythorphoto","symbol":"SIM","quantity":"8771.364","price":"0.00089002","timestamp":1634932581,"volume":"7.80668939","buyTxId":"c50932f517a8fda08543facc0d60db14e06a76e0-0","sellTxId":"5432332ec86e81ef3f1f9af585162e9159fdc1ba"}
{"index": {"_index":"sim","_id":"1767594"}}
	{"id":1767594,"type":"sell","buyer":"pi-trader","seller":"jrcornel","symbol":"SIM","quantity":"14030.000","price":"0.00089002","timestamp":1634932665,"volume":"12.48698060","buyTxId":"ce2880d9322bf956bf6602f8e85d68d2e7e12349-3","sellTxId":"e851c3f0ca70c26a32af5882f5375ba886dd5644"}
{"index": {"_index":"sim","_id":"1767609"}}
	{"id":1767609,"type":"sell","buyer":"pi-trader","seller":"ctrlyse","symbol":"SIM","quantity":"0.010","price":"0.00089002","timestamp":1634932830,"volume":"0.00000890","buyTxId":"5b472b04c6d5115a80851e02e38b32fabb590e3f-3","sellTxId":"f92a1ee6a485972dcfab0f590b0c7b41901882f6"}
{"index": {"_index":"sim","_id":"1767716"}}
	{"id":1767716,"type":"buy","buyer":"xzer0","seller":"pi-trader","symbol":"SIM","quantity":"20000.000","price":"0.00090999","timestamp":1634933898,"volume":"18.19980000","buyTxId":"9c68302bcb3589c93c75cf1a93d318db6f831ebb","sellTxId":"6469276c99f0177d55d805803e81ba92524c3efc-2"}
{"index": {"_index":"sim","_id":"1767717"}}
	{"id":1767717,"type":"buy","buyer":"xzer0","seller":"mary.janikowski","symbol":"SIM","quantity":"10000.000","price":"0.00091000","timestamp":1634933898,"volume":"9.10000000","buyTxId":"9c68302bcb3589c93c75cf1a93d318db6f831ebb","sellTxId":"3b11599418bf0a2583f14bd28f341cc99b151afc"}
{"index": {"_index":"sim","_id":"1767737"}}
	{"id":1767737,"type":"sell","buyer":"pi-trader","seller":"themightyvolcano","symbol":"SIM","quantity":"3370.000","price":"0.00089002","timestamp":1634934189,"volume":"2.99936740","buyTxId":"fef4fe97cb1b2fc5c02761422063c1e707475733-1","sellTxId":"fae8db93dff5f81f831eb4e84689eb0538fc1f76"}
{"index": {"_index":"sim","_id":"1767834"}}
	{"id":1767834,"type":"sell","buyer":"pi-trader","seller":"willsaldeno","symbol":"SIM","quantity":"319.000","price":"0.00089002","timestamp":1634935764,"volume":"0.28391638","buyTxId":"e82d1c6019ba854e40c3d58d510ce21814b658b5-5","sellTxId":"db9574c460d49597256930a3f94609e6b88ba6f2"}
{"index": {"_index":"sim","_id":"1767884"}}
	{"id":1767884,"type":"sell","buyer":"pi-trader","seller":"deathwing","symbol":"SIM","quantity":"0.01","price":"0.00089002","timestamp":1634936106,"volume":"0.00000890","buyTxId":"dd8753dd7ca628dde2f007cd3b7dad104732d097-3","sellTxId":"1a1443f7905620087b94bad2f5e770597713ef3b"}
{"index": {"_index":"sim","_id":"1767947"}}
	{"id":1767947,"type":"sell","buyer":"pi-trader","seller":"he-index","symbol":"SIM","quantity":"272.516","price":"0.00089002","timestamp":1634937066,"volume":"0.24254469","buyTxId":"8c29224a9148b43a790a92f67f2b7c21c2c5d34a-1","sellTxId":"d2a71b5558dab7bbc241f5d21a5187689c7525de"}
{"index": {"_index":"sim","_id":"1767968"}}
	{"id":1767968,"type":"buy","buyer":"stickupboys","seller":"shawkr13","symbol":"SIM","quantity":"11951.947","price":"0.00090000","timestamp":1634937333,"volume":"10.75675230","buyTxId":"ae6e9887a29aa7b0f55161ca8ab9bf55a48a0e8c","sellTxId":"5c173b600ebf84064799c30255c48174876fac6d"}
{"index": {"_index":"sim","_id":"1768230"}}
	{"id":1768230,"type":"sell","buyer":"pi-trader","seller":"thranax","symbol":"SIM","quantity":"0.589","price":"0.00089002","timestamp":1634939607,"volume":"0.00052422","buyTxId":"5c1828b7a5e194df9f8a29d7bab03bc63505c451-3","sellTxId":"1d70a245d1aecf4d33ad10412ddbc1823df071d7"}
{"index": {"_index":"sim","_id":"1768234"}}
	{"id":1768234,"type":"sell","buyer":"pi-trader","seller":"dragokazo","symbol":"SIM","quantity":"285.000","price":"0.00089002","timestamp":1634939679,"volume":"0.25365570","buyTxId":"0a6f484d24e7f8541e11e8df3902c66bfdd28a2a-1","sellTxId":"e5a3c684ab4568489c6fec6937c24562e3e34b9e"}
{"index": {"_index":"sim","_id":"1768287"}}
	{"id":1768287,"type":"buy","buyer":"dkid14","seller":"shawkr13","symbol":"SIM","quantity":"3576.813","price":"0.00090000","timestamp":1634939889,"volume":"3.21913170","buyTxId":"0ee9368914a9dfa317c47f0545d76ed38dc5e5c1","sellTxId":"5c173b600ebf84064799c30255c48174876fac6d"}
{"index": {"_index":"sim","_id":"1768356"}}
	{"id":1768356,"type":"sell","buyer":"pi-trader","seller":"droida","symbol":"SIM","quantity":"0.130","price":"0.00089002","timestamp":1634940717,"volume":"0.00011570","buyTxId":"a9bd10b97cf2de9ba9c32b6cab61d6d40fdc1861-3","sellTxId":"529435e3e732f1f203e1c27815833b1e707012e0"}
{"index": {"_index":"sim","_id":"1768471"}}
	{"id":1768471,"type":"buy","buyer":"boycharliefamily","seller":"shawkr13","symbol":"SIM","quantity":"2911.240","price":"0.00090000","timestamp":1634941689,"volume":"2.62011600","buyTxId":"ddb2df090e076c660532fcbddeede0ae08902935","sellTxId":"5c173b600ebf84064799c30255c48174876fac6d"}
{"index": {"_index":"sim","_id":"1768472"}}
	{"id":1768472,"type":"buy","buyer":"boycharliefamily","seller":"jackofcrows","symbol":"SIM","quantity":"7055.303","price":"0.00090000","timestamp":1634941689,"volume":"6.34977270","buyTxId":"ddb2df090e076c660532fcbddeede0ae08902935","sellTxId":"0ee4be1b420789be8d2ed1f680a09d5b2e6eef87"}
{"index": {"_index":"sim","_id":"1768510"}}
	{"id":1768510,"type":"buy","buyer":"sneaky-neutrino","seller":"pi-trader","symbol":"SIM","quantity":"2000.000","price":"0.00090999","timestamp":1634942394,"volume":"1.81998000","buyTxId":"c46c77f08ef33c29d8e3e7315dba4b6fdc1882ed","sellTxId":"6a00a91ea27a2ef063414dd8f0f8416fb3cfa96e-3"}
{"index": {"_index":"sim","_id":"1768533"}}
	{"id":1768533,"type":"buy","buyer":"boycharliefamily","seller":"pi-trader","symbol":"SIM","quantity":"18000.000","price":"0.00090999","timestamp":1634942439,"volume":"16.37982000","buyTxId":"dd778169d1aa2bed646b934ce1256ea07828d3ad","sellTxId":"347740d1bcd9003fb524dca7002b4ac43d9e5312-3"}
{"index": {"_index":"sim","_id":"1768535"}}
	{"id":1768535,"type":"buy","buyer":"boycharliefamily","seller":"pi-trader","symbol":"SIM","quantity":"2000.000","price":"0.00090999","timestamp":1634942469,"volume":"1.81998000","buyTxId":"b5986dfd6deadc8c32460d16b6ab451a30b4683e","sellTxId":"347740d1bcd9003fb524dca7002b4ac43d9e5312-3"}
{"index": {"_index":"sim","_id":"1768536"}}
	{"id":1768536,"type":"sell","buyer":"boycharliefamily","seller":"svirus","symbol":"SIM","quantity":"10000.000","price":"0.00090999","timestamp":1634942472,"volume":"9.09990000","buyTxId":"b5986dfd6deadc8c32460d16b6ab451a30b4683e","sellTxId":"901d8bcb0effd101029dce7a18de75574014e147-1"}
{"index": {"_index":"sim","_id":"1768542"}}
	{"id":1768542,"type":"buy","buyer":"boycharliefamily","seller":"pi-trader","symbol":"SIM","quantity":"12000.000","price":"0.00090999","timestamp":1634942529,"volume":"10.91988000","buyTxId":"f77ae514b8b7d81f84559daddca3d25ed90311b9","sellTxId":"3d25d89203a21bb1bef89c0c303ee35f084b6974-3"}
{"index": {"_index":"sim","_id":"1768543"}}
	{"id":1768543,"type":"buy","buyer":"boycharliefamily","seller":"pi-trader","symbol":"SIM","quantity":"16987.000","price":"0.00090999","timestamp":1634942565,"volume":"15.45800013","buyTxId":"b5d0d7c3040e0e77b09f0cca31bc8501711d36e0","sellTxId":"ae984463f4a875e3ae2daafcd4b49c88d54becee-6"}
{"index": {"_index":"sim","_id":"1768580"}}
	{"id":1768580,"type":"sell","buyer":"boycharliefamily","seller":"koosventerza","symbol":"SIM","quantity":"792.650","price":"0.00090000","timestamp":1634943021,"volume":"0.71338500","buyTxId":"ddb2df090e076c660532fcbddeede0ae08902935","sellTxId":"32b781447bc0b9fc654bd2208a59a5c9a9d86714"}
{"index": {"_index":"sim","_id":"1768622"}}
	{"id":1768622,"type":"sell","buyer":"boycharliefamily","seller":"koosventerza","symbol":"SIM","quantity":"200.000","price":"0.00090000","timestamp":1634943507,"volume":"0.18000000","buyTxId":"ddb2df090e076c660532fcbddeede0ae08902935","sellTxId":"403229a9b6aec178695307b44f0408015d41fa38"}
{"index": {"_index":"sim","_id":"1768798"}}
	{"id":1768798,"type":"sell","buyer":"boycharliefamily","seller":"shawkr13","symbol":"SIM","quantity":"1875.000","price":"0.00090000","timestamp":1634945871,"volume":"1.68750000","buyTxId":"ddb2df090e076c660532fcbddeede0ae08902935","sellTxId":"7301931b7c8ab5913f31305295dbe065301f6485"}
{"index": {"_index":"sim","_id":"1768944"}}
	{"id":1768944,"type":"sell","buyer":"boycharliefamily","seller":"travelgirl","symbol":"SIM","quantity":"4245.000","price":"0.00090000","timestamp":1634947107,"volume":"3.82050000","buyTxId":"ddb2df090e076c660532fcbddeede0ae08902935","sellTxId":"b2fae1ba2ca33b9ff2bfc287ad6959e17e374589"}
{"index": {"_index":"sim","_id":"1768954"}}
	{"id":1768954,"type":"sell","buyer":"boycharliefamily","seller":"libbane","symbol":"SIM","quantity":"418.950","price":"0.00090000","timestamp":1634947212,"volume":"0.37705500","buyTxId":"ddb2df090e076c660532fcbddeede0ae08902935","sellTxId":"5792858b0e5ca8c93a65913504f25efcbc3fe66e"}
{"index": {"_index":"sim","_id":"1769018"}}
	{"id":1769018,"type":"sell","buyer":"boycharliefamily","seller":"fiberfrau","symbol":"SIM","quantity":"47.000","price":"0.00090000","timestamp":1634948148,"volume":"0.04230000","buyTxId":"ddb2df090e076c660532fcbddeede0ae08902935","sellTxId":"d014a5a7ba92ccef161c51033eafe0d13a0284fc"}
{"index": {"_index":"sim","_id":"1769052"}}
	{"id":1769052,"type":"buy","buyer":"boycharliefamily","seller":"mary.janikowski","symbol":"SIM","quantity":"8752.810","price":"0.00091000","timestamp":1634948715,"volume":"7.96505710","buyTxId":"d24f19bb3b7fb01ecd0c8fee9ab09791e9857699","sellTxId":"3b11599418bf0a2583f14bd28f341cc99b151afc"}
{"index": {"_index":"sim","_id":"1769053"}}
	{"id":1769053,"type":"sell","buyer":"boycharliefamily","seller":"svirus","symbol":"SIM","quantity":"26835.930","price":"0.00091000","timestamp":1634948718,"volume":"24.42069630","buyTxId":"d24f19bb3b7fb01ecd0c8fee9ab09791e9857699","sellTxId":"f40d0ff070bcde709ddaaf77d8218469cbc32e2c-1"}
{"index": {"_index":"sim","_id":"1769054"}}
	{"id":1769054,"type":"sell","buyer":"boycharliefamily","seller":"konvik","symbol":"SIM","quantity":"0.006","price":"0.00091000","timestamp":1634948718,"volume":"0.00000546","buyTxId":"d24f19bb3b7fb01ecd0c8fee9ab09791e9857699","sellTxId":"5e2699a8332ae875219e8a834ad5c962b3398669-1"}
{"index": {"_index":"sim","_id":"1769125"}}
	{"id":1769125,"type":"buy","buyer":"boycharliefamily","seller":"dhedge-drips","symbol":"SIM","quantity":"0.010","price":"0.00091999","timestamp":1634950008,"volume":"0.00000920","buyTxId":"44f9de261e6fe69382aefca8e68b4b6b9211c9ab","sellTxId":"8d3d951168dadec6c0d5d596226f7ebc86e1aef4"}
{"index": {"_index":"sim","_id":"1769126"}}
	{"id":1769126,"type":"buy","buyer":"boycharliefamily","seller":"pi-trader","symbol":"SIM","quantity":"20000.000","price":"0.00091999","timestamp":1634950008,"volume":"18.39980000","buyTxId":"44f9de261e6fe69382aefca8e68b4b6b9211c9ab","sellTxId":"3882703c2409da09a37d0c3ad021177903288f11-5"}
{"index": {"_index":"sim","_id":"1769127"}}
	{"id":1769127,"type":"sell","buyer":"boycharliefamily","seller":"svirus","symbol":"SIM","quantity":"25504.990","price":"0.00091999","timestamp":1634950011,"volume":"23.46433575","buyTxId":"44f9de261e6fe69382aefca8e68b4b6b9211c9ab","sellTxId":"c3e99ae6bb87ae583cb1c57e142b10a2f4866f28-1"}
{"index": {"_index":"sim","_id":"1769145"}}
	{"id":1769145,"type":"sell","buyer":"pi-trader","seller":"elianaicgomes","symbol":"SIM","quantity":"1136.242","price":"0.00089002","timestamp":1634950281,"volume":"1.01127810","buyTxId":"3882703c2409da09a37d0c3ad021177903288f11-2","sellTxId":"55627409c2d95db98fb3b298bc9bd32eb0ea24db"}
{"index": {"_index":"sim","_id":"1769287"}}
	{"id":1769287,"type":"sell","buyer":"pi-trader","seller":"bigram13","symbol":"SIM","quantity":"8000.000","price":"0.00089002","timestamp":1634952354,"volume":"7.12016000","buyTxId":"8b0d71c76ee84a7442e1dc7487613df46fee62d8-7","sellTxId":"4d07b5946ab4ef4495aad1a3b71e31e5ea30cbca"}
{"index": {"_index":"sim","_id":"1769441"}}
	{"id":1769441,"type":"buy","buyer":"wizzitywillican","seller":"pi-trader","symbol":"SIM","quantity":"6024.000","price":"0.00091999","timestamp":1634954250,"volume":"5.54201976","buyTxId":"515485c2d8626190a96204dcbf746afa6ce42da0","sellTxId":"78bd6d64bc1d3a2a2d4c5845ef7b4f7c90640499-5"}
