{"_id":4841520,"type":"sell","buyer":"godly-rich","seller":"tydynrain","symbol":"SIM","quantity":"2.260","price":"0.00034545","timestamp":1669004871,"volume":"0.00078072","buyTxId":"cf8768e80ca7267f13bb2935ac7054ff25e96838","sellTxId":"a78a8b0ebbfb1240774faf90519a6604f3056940"},{"_id":4841611,"type":"sell","buyer":"god0","seller":"aljif7","symbol":"SIM","quantity":"514.817","price":"0.00034546","timestamp":1669006794,"volume":"0.17784868","buyTxId":"d6a4d87183f1389ee6a3466c01d34273c7554e28-0","sellTxId":"59d0e2c46edebe7dab09a957221032010373969e"},{"_id":4841755,"type":"buy","buyer":"bambukah","seller":"nftmart.fees","symbol":"SIM","quantity":"100.000","price":"0.00035499","timestamp":1669008405,"volume":"0.03549900","buyTxId":"ed766de6c56a0b9b2dc454cd0ba99e9b5145e61f","sellTxId":"cc9ae3733685370af5094946063d86e71d253795-0"},{"_id":4841758,"type":"sell","buyer":"godly-rich","seller":"loganhate","symbol":"SIM","quantity":"761.000","price":"0.00034545","timestamp":1669008522,"volume":"0.26288745","buyTxId":"cf8768e80ca7267f13bb2935ac7054ff25e96838","sellTxId":"c869eb407c63afc6a8137459d9f43722bf7288dd"},{"_id":4841863,"type":"sell","buyer":"godly-rich","seller":"nftmart.fees","symbol":"SIM","quantity":"1649.240","price":"0.00034545","timestamp":1669009896,"volume":"0.56972996","buyTxId":"cf8768e80ca7267f13bb2935ac7054ff25e96838","sellTxId":"41371e3a4c52127acc54be9385a010b98802109c"},{"_id":4841884,"type":"sell","buyer":"godly-rich","seller":"lifeskills-tv","symbol":"SIM","quantity":"103.000","price":"0.00034545","timestamp":1669010232,"volume":"0.03558135","buyTxId":"cf8768e80ca7267f13bb2935ac7054ff25e96838","sellTxId":"6933fde1f3314384a9d8e731137301d9e0de2029"},{"_id":4841913,"type":"buy","buyer":"metzli","seller":"nftmart.fees","symbol":"SIM","quantity":"31.000","price":"0.00035499","timestamp":1669010739,"volume":"0.01100469","buyTxId":"9ba9a1dcd22ed6a039a352efd7fba6b76f39f3cb","sellTxId":"f5e868d6638a425c94ff7803f58287431c8368ce-0"},{"_id":4842088,"type":"buy","buyer":"metzli","seller":"nftmart.fees","symbol":"SIM","quantity":"27.000","price":"0.00035499","timestamp":1669013154,"volume":"0.00958473","buyTxId":"a37bf3fe7a3d0a1286654dff266b4adc5121d428","sellTxId":"ba6929f52ed87083314303160c20a824c20980ff-0"},{"_id":4842522,"type":"sell","buyer":"god0","seller":"ragnarokdel","symbol":"SIM","quantity":"573.431","price":"0.00034546","timestamp":1669017507,"volume":"0.19809747","buyTxId":"571661337de4727628ee9d9bffa1de1378575716-0","sellTxId":"e99eeede4a9b955b6dc81b560eab2d1730c4d602"},{"_id":4843072,"type":"sell","buyer":"godly-rich","seller":"mango-juice","symbol":"SIM","quantity":"381.000","price":"0.00034545","timestamp":1669024107,"volume":"0.13161645","buyTxId":"cf8768e80ca7267f13bb2935ac7054ff25e96838","sellTxId":"ef3d2223e108432ad41d535dd0effe3aedcc5b47"},{"_id":4843103,"type":"buy","buyer":"assassyn","seller":"nftmart.fees","symbol":"SIM","quantity":"24.000","price":"0.00035497","timestamp":1669024629,"volume":"0.00851928","buyTxId":"d000dba5d2fbe754105f06c3603f371ea7bb118d","sellTxId":"28d84e497e7579794db936791c45a5a253a3ea8a-0"},{"_id":4843113,"type":"buy","buyer":"assassyn","seller":"nftmart.fees","symbol":"SIM","quantity":"21.000","price":"0.00035497","timestamp":1669024767,"volume":"0.00745437","buyTxId":"50184d4630065cb0f1f9286289c2e5aeb6c6bee2","sellTxId":"e4c26f6510a75dc3ce85f98729ae332ccd2a54ca-0"},{"_id":4843114,"type":"buy","buyer":"assassyn","seller":"axeman","symbol":"SIM","quantity":"1682.000","price":"0.00035498","timestamp":1669024767,"volume":"0.59707636","buyTxId":"50184d4630065cb0f1f9286289c2e5aeb6c6bee2","sellTxId":"fc56ed483fa12edaec6c32c831a7be5bb3c5f51c"},{"_id":4843115,"type":"sell","buyer":"assassyn","seller":"god0","symbol":"SIM","quantity":"804.000","price":"0.00035498","timestamp":1669024767,"volume":"0.28540392","buyTxId":"50184d4630065cb0f1f9286289c2e5aeb6c6bee2","sellTxId":"5a4f80718d93dc02b32a31e8d53c3a482fe4ec39"},{"_id":4843153,"type":"sell","buyer":"godly-rich","seller":"oscarps","symbol":"SIM","quantity":"13.849","price":"0.00034545","timestamp":1669025250,"volume":"0.00478414","buyTxId":"cf8768e80ca7267f13bb2935ac7054ff25e96838","sellTxId":"6a93d7543e0d7768def41b0f4bbecc3d5b0b8cec"},{"_id":4843789,"type":"sell","buyer":"godly-rich","seller":"elevator09","symbol":"SIM","quantity":"1210.877","price":"0.00034545","timestamp":1669031901,"volume":"0.41829746","buyTxId":"cf8768e80ca7267f13bb2935ac7054ff25e96838","sellTxId":"ae09a91a5045dcdb20bdf932734111099035d18d"},{"_id":4843958,"type":"sell","buyer":"mcbot","seller":"daveirah","symbol":"SIM","quantity":"100.000","price":"0.00034546","timestamp":1669033482,"volume":"0.03454600","buyTxId":"7ac06e691d0bc6d36a597839629688abd0c16ee5","sellTxId":"923727e1e47a3df5f2e120fdb2430dfb4530b389"},{"_id":4844058,"type":"buy","buyer":"jam728","seller":"nftmart.fees","symbol":"SIM","quantity":"888.000","price":"0.00035248","timestamp":1669034382,"volume":"0.31300224","buyTxId":"06faaa7256d15d12fd5ccd5224510facb33a7ac2","sellTxId":"bd4faa03a557b70e497627e53cca48e46d1eda87-0"},{"_id":4844059,"type":"buy","buyer":"jam728","seller":"jelly-cz","symbol":"SIM","quantity":"4112.000","price":"0.00035249","timestamp":1669034382,"volume":"1.44943888","buyTxId":"06faaa7256d15d12fd5ccd5224510facb33a7ac2","sellTxId":"MM-P-22856902-69854084-3-31-0"},{"_id":4844214,"type":"buy","buyer":"he-index","seller":"nftmart.fees","symbol":"SIM","quantity":"773.000","price":"0.00035248","timestamp":1669035750,"volume":"0.27246704","buyTxId":"ce74ec6e6a6c58cc2f340c6cc11469f9caba6050","sellTxId":"be8de85bd5a5ed62ab089c361176684fc7730aea-0"},{"_id":4844215,"type":"buy","buyer":"he-index","seller":"jelly-cz","symbol":"SIM","quantity":"551.860","price":"0.00035249","timestamp":1669035750,"volume":"0.19452513","buyTxId":"ce74ec6e6a6c58cc2f340c6cc11469f9caba6050","sellTxId":"MM-P-22856902-69854084-3-31-0"},{"_id":4844498,"type":"sell","buyer":"mcbot","seller":"aljif7","symbol":"SIM","quantity":"509.723","price":"0.00034546","timestamp":1669039152,"volume":"0.17608891","buyTxId":"6e73869e0f363f790d110009fff9f4e2e6b95291-1","sellTxId":"ab8a83a8fe360022f3c68410d94c33e52baeeb77"},{"_id":4844675,"type":"buy","buyer":"oople","seller":"nftmart.fees","symbol":"SIM","quantity":"767.000","price":"0.00035248","timestamp":1669041156,"volume":"0.27035216","buyTxId":"4572ab3b40c0551a1fa40b202e80f814b57dcd9a","sellTxId":"a1e7db560e91e9650d532cf07e2f99077243316b-0"},{"_id":4845158,"type":"buy","buyer":"oople","seller":"nftmart.fees","symbol":"SIM","quantity":"668.000","price":"0.00035248","timestamp":1669046277,"volume":"0.23545664","buyTxId":"4ba166315a0a7894ec75ccd8fec22922c88c8708","sellTxId":"cf6d25ed49ebe3fc2a06554c23d8e65d1704a0d3-0"},{"_id":4845166,"type":"buy","buyer":"oople","seller":"jelly-cz","symbol":"SIM","quantity":"675.140","price":"0.00035249","timestamp":1669046322,"volume":"0.23798010","buyTxId":"e6fbd02b49f2ace3c52a31271c34ca1e8a1bed36","sellTxId":"MM-P-22856902-69854084-3-31-0"},{"_id":4845194,"type":"buy","buyer":"oople","seller":"nftmart.fees","symbol":"SIM","quantity":"581.000","price":"0.00035248","timestamp":1669046607,"volume":"0.20479088","buyTxId":"d8856bc5a980067a685111c477479d92ac1c1464","sellTxId":"efacff75965009eea141b6d7ff83397b25bdf218-0"},{"_id":4845199,"type":"buy","buyer":"oople","seller":"jelly-cz","symbol":"SIM","quantity":"400.000","price":"0.00035249","timestamp":1669046652,"volume":"0.14099600","buyTxId":"22c45e854afc2c65df5d872366942c076d3e344c","sellTxId":"MM-P-22856902-69854084-3-31-0"},{"_id":4845493,"type":"sell","buyer":"mcbot","seller":"trifenix","symbol":"SIM","quantity":"420.000","price":"0.00034546","timestamp":1669048305,"volume":"0.14509320","buyTxId":"a9d2b26922f1b89ce479a4bd53db37c7cce2153d-1","sellTxId":"f10cff42993cb26150a81ee89b748a3bdb0e41ad"},{"_id":4845989,"type":"sell","buyer":"god0","seller":"egistar","symbol":"SIM","quantity":"1500","price":"0.00034547","timestamp":1669051689,"volume":"0.51820500","buyTxId":"45c1b99d627e5f7eef48c5f246bedadfb0df70ed","sellTxId":"0e3498688cc83c289f48493998ef002f3b1d9d16"},{"_id":4845990,"type":"sell","buyer":"god0","seller":"anything123","symbol":"SIM","quantity":"1500.000","price":"0.00034547","timestamp":1669051707,"volume":"0.51820500","buyTxId":"97998d722aa38e860bea276a5bc8bf62a39b7a4c","sellTxId":"c7575db34d4952b3d64b019521a441ff784c831e"},{"_id":4845991,"type":"sell","buyer":"assassyn","seller":"anything123","symbol":"SIM","quantity":"200.000","price":"0.00034546","timestamp":1669051707,"volume":"0.06909200","buyTxId":"1ad9633566aff245bdb79b05d67d6e910a9abef0","sellTxId":"c7575db34d4952b3d64b019521a441ff784c831e"},{"_id":4845992,"type":"sell","buyer":"godly-rich","seller":"anything123","symbol":"SIM","quantity":"62313.000","price":"0.00034545","timestamp":1669051707,"volume":"21.52602585","buyTxId":"cf8768e80ca7267f13bb2935ac7054ff25e96838","sellTxId":"c7575db34d4952b3d64b019521a441ff784c831e"},{"_id":4846045,"type":"buy","buyer":"intoy.bugoy","seller":"nftmart.fees","symbol":"SIM","quantity":"523.000","price":"0.00035248","timestamp":1669052244,"volume":"0.18434704","buyTxId":"2fa3fa834271f854b10ffedab5d92c027e936da7","sellTxId":"5703b8c49ac7a6034a81e445a6afdb11ff93b61a-0"},{"_id":4846046,"type":"buy","buyer":"intoy.bugoy","seller":"jelly-cz","symbol":"SIM","quantity":"122077.000","price":"0.00035249","timestamp":1669052244,"volume":"43.03092173","buyTxId":"2fa3fa834271f854b10ffedab5d92c027e936da7","sellTxId":"MM-P-22856902-69854084-3-31-0"},{"_id":4846050,"type":"buy","buyer":"intoy.bugoy","seller":"konvik","symbol":"SIM","quantity":"39195.713","price":"0.00035248","timestamp":1669052298,"volume":"13.81570492","buyTxId":"fff43021f3352195f8ffd90b1829557881d72df5","sellTxId":"dbbd894e8bdf568429e3b779398b5c1986787404-1"},{"_id":4846051,"type":"sell","buyer":"intoy.bugoy","seller":"god0","symbol":"SIM","quantity":"38.873","price":"0.00035248","timestamp":1669052298,"volume":"0.01370195","buyTxId":"fff43021f3352195f8ffd90b1829557881d72df5","sellTxId":"ffc55166aebb95d5c61cec0985c27956bc62c028-1"},{"_id":4846485,"type":"sell","buyer":"godly-rich","seller":"reseller","symbol":"SIM","quantity":"19995.029","price":"0.00034545","timestamp":1669055364,"volume":"6.90728277","buyTxId":"cf8768e80ca7267f13bb2935ac7054ff25e96838","sellTxId":"1d56dc0c28bbe64c2e6c34d529630a58e4ac0451"},{"_id":4846486,"type":"sell","buyer":"he-index","seller":"reseller","symbol":"SIM","quantity":"321.320","price":"0.00034545","timestamp":1669055364,"volume":"0.11099999","buyTxId":"e4c763435a358eb3169ef94147d0788995b75422","sellTxId":"1d56dc0c28bbe64c2e6c34d529630a58e4ac0451"},{"_id":4846487,"type":"sell","buyer":"godly-rich","seller":"reseller","symbol":"SIM","quantity":"148683.651","price":"0.00034525","timestamp":1669055364,"volume":"51.33303051","buyTxId":"ec86dc203d6762e67e84cd972560e94f2b2f175e","sellTxId":"1d56dc0c28bbe64c2e6c34d529630a58e4ac0451"},{"_id":4847035,"type":"sell","buyer":"master-lamps","seller":"elevator09","symbol":"SIM","quantity":"2280.000","price":"0.00034526","timestamp":1669059879,"volume":"0.78719280","buyTxId":"0dde9144f7304c2ed5fddf11025c4ee12dab9b37","sellTxId":"a58779f16830d6bca0d3bc17c9c0200381c742fa"},{"_id":4847107,"type":"buy","buyer":"pompeylad","seller":"nftmart.fees","symbol":"SIM","quantity":"469.000","price":"0.00035248","timestamp":1669060635,"volume":"0.16531312","buyTxId":"cedbc4a4d475eb68964f9af31f6dd7128721068b","sellTxId":"8ed2d2ac7ce9b0acbb6e315aaf84feceb1c4b5f3-0"},{"_id":4847108,"type":"buy","buyer":"pompeylad","seller":"jelly-cz","symbol":"SIM","quantity":"523.000","price":"0.00035249","timestamp":1669060635,"volume":"0.18435227","buyTxId":"cedbc4a4d475eb68964f9af31f6dd7128721068b","sellTxId":"MM-P-22856902-69854084-3-31-0"},{"_id":4847109,"type":"buy","buyer":"pompeylad","seller":"master-lamps","symbol":"SIM","quantity":"381.000","price":"0.00035399","timestamp":1669060635,"volume":"0.13487019","buyTxId":"cedbc4a4d475eb68964f9af31f6dd7128721068b","sellTxId":"a13a5c646f86a76da99c7200951a1c6fd890e40b"},{"_id":4847110,"type":"buy","buyer":"pompeylad","seller":"master-lamps","symbol":"SIM","quantity":"2280.000","price":"0.00035399","timestamp":1669060635,"volume":"0.80709720","buyTxId":"cedbc4a4d475eb68964f9af31f6dd7128721068b","sellTxId":"e7826fd6ea609b0b345a72333bbb38889d42aafc"},{"_id":4847111,"type":"buy","buyer":"pompeylad","seller":"myothuzar","symbol":"SIM","quantity":"47264.124","price":"0.00035400","timestamp":1669060635,"volume":"16.73149990","buyTxId":"cedbc4a4d475eb68964f9af31f6dd7128721068b","sellTxId":"563b84ea2ff42ec9590181b8b96b954db7fccf5a"},{"_id":4847145,"type":"sell","buyer":"master-lamps","seller":"lisamgentile1961","symbol":"SIM","quantity":"11.817","price":"0.00034526","timestamp":1669060956,"volume":"0.00407994","buyTxId":"0dde9144f7304c2ed5fddf11025c4ee12dab9b37","sellTxId":"98c04624de92429b387730f8869fa908bf09265f"},{"_id":4847538,"type":"sell","buyer":"master-lamps","seller":"magnacarta","symbol":"SIM","quantity":"2303.715","price":"0.00034526","timestamp":1669062801,"volume":"0.79538064","buyTxId":"0dde9144f7304c2ed5fddf11025c4ee12dab9b37","sellTxId":"9f181de308a3ff5cf7f4d786b44645dcb9d326eb"},{"_id":4847688,"type":"sell","buyer":"master-lamps","seller":"bearbear613","symbol":"SIM","quantity":"385.001","price":"0.00034526","timestamp":1669063728,"volume":"0.13292545","buyTxId":"0dde9144f7304c2ed5fddf11025c4ee12dab9b37","sellTxId":"d85b7d1204b9b6e9cd06f528ff61ddd032859248"},{"_id":4849904,"type":"sell","buyer":"master-lamps","seller":"he-index","symbol":"SIM","quantity":"69.391","price":"0.00034526","timestamp":1669071786,"volume":"0.02395794","buyTxId":"0dde9144f7304c2ed5fddf11025c4ee12dab9b37","sellTxId":"d3c623112e5b381f33e524912ce7e81f4fbed0d6"},{"_id":4850050,"type":"sell","buyer":"master-lamps","seller":"travelgirl","symbol":"SIM","quantity":"1385.000","price":"0.00034526","timestamp":1669072926,"volume":"0.47818510","buyTxId":"0dde9144f7304c2ed5fddf11025c4ee12dab9b37","sellTxId":"cb8624bbdf8be42e9bf9d41b432bd20fd7e6a024"},{"_id":4850600,"type":"sell","buyer":"master-lamps","seller":"archon-drips","symbol":"SIM","quantity":"26.158","price":"0.00034526","timestamp":1669076718,"volume":"0.00903131","buyTxId":"0dde9144f7304c2ed5fddf11025c4ee12dab9b37","sellTxId":"14f7a2eac6c3a32bb0b4cb15b8e02727ebfde975"},{"_id":4851037,"type":"buy","buyer":"jonalyn2020","seller":"god0","symbol":"SIM","quantity":"996.502","price":"0.00035246","timestamp":1669080081,"volume":"0.35122709","buyTxId":"bca13baa5bde33d9d5ae68086e451a12afef6565","sellTxId":"b67daa0458c5c53e339a08d423ed7fad6759b925"},{"_id":4851038,"type":"buy","buyer":"jonalyn2020","seller":"nftmart.fees","symbol":"SIM","quantity":"3.498","price":"0.00035247","timestamp":1669080081,"volume":"0.00123294","buyTxId":"bca13baa5bde33d9d5ae68086e451a12afef6565","sellTxId":"f247b1c262c87071f74f105caf5bc7d954040338-0"},{"_id":4851057,"type":"buy","buyer":"jonalyn2020","seller":"nftmart.fees","symbol":"SIM","quantity":"404.502","price":"0.00035247","timestamp":1669080171,"volume":"0.14257482","buyTxId":"9d1b9e2bb64139e21c47e4875cf9122949ca1e22","sellTxId":"f247b1c262c87071f74f105caf5bc7d954040338-0"},{"_id":4851058,"type":"sell","buyer":"jonalyn2020","seller":"konvik","symbol":"SIM","quantity":"57038.910","price":"0.00035247","timestamp":1669080171,"volume":"20.10450461","buyTxId":"9d1b9e2bb64139e21c47e4875cf9122949ca1e22","sellTxId":"03123e038ca73d148bcf8554ba0471f3dbf53573-1"},{"_id":4851059,"type":"sell","buyer":"jonalyn2020","seller":"god0","symbol":"SIM","quantity":"56.588","price":"0.00035247","timestamp":1669080171,"volume":"0.01994557","buyTxId":"9d1b9e2bb64139e21c47e4875cf9122949ca1e22","sellTxId":"652e34f9b2afc62bd07ff1ee6f47b5681fd7161f-1"},{"_id":4851750,"type":"sell","buyer":"edgerik","seller":"aljif7","symbol":"SIM","quantity":"514.004","price":"0.00034600","timestamp":1669087047,"volume":"0.17784538","buyTxId":"8e8b92b8c37a15e02bbc31302ac96b0a78cf48bb","sellTxId":"fdd498e90f7eb93c3b3722f531a74775f7c028fd"},{"_id":4851834,"type":"sell","buyer":"edgerik","seller":"tydynrain","symbol":"SIM","quantity":"2.241","price":"0.00034600","timestamp":1669088403,"volume":"0.00077539","buyTxId":"8e8b92b8c37a15e02bbc31302ac96b0a78cf48bb","sellTxId":"2804cd1a0f1360cdd65565577c2306148fe0a5de"},{"_id":4851850,"type":"sell","buyer":"edgerik","seller":"thisisawesome","symbol":"SIM","quantity":"16.548","price":"0.00034600","timestamp":1669088544,"volume":"0.00572561","buyTxId":"8e8b92b8c37a15e02bbc31302ac96b0a78cf48bb","sellTxId":"8f62704bd805c399870e71a4a8d6bf0d02ed7524"},{"_id":4851953,"type":"sell","buyer":"edgerik","seller":"lifeskills-tv","symbol":"SIM","quantity":"278.000","price":"0.00034600","timestamp":1669088994,"volume":"0.09618800","buyTxId":"8e8b92b8c37a15e02bbc31302ac96b0a78cf48bb","sellTxId":"454accb3248c40c378e674ca204c5d7800aabd6d"