{"index": {"_index":"sim","_id":"3499489"}}
	{"id":3499489,"type":"sell","buyer":"mervinthepogi","seller":"dustindivitto","symbol":"SIM","quantity":"11551.631","price":"0.00050001","timestamp":1653273591,"volume":"5.77593102","buyTxId":"e4d81d54a2d5f2c207eeb542e2eb3675d9b11ede","sellTxId":"7f9940e910115cc956d64a93bbdc8bbb1d64a7a5"}
{"index": {"_index":"sim","_id":"3499490"}}
	{"id":3499490,"type":"sell","buyer":"ragnarokdel","seller":"dustindivitto","symbol":"SIM","quantity":"70952.369","price":"0.00050000","timestamp":1653273591,"volume":"35.47618450","buyTxId":"e7eda7e09e9ae00296361ca1564acdcafe75d6d9","sellTxId":"7f9940e910115cc956d64a93bbdc8bbb1d64a7a5"}
{"index": {"_index":"sim","_id":"3499630"}}
	{"id":3499630,"type":"sell","buyer":"jierene","seller":"svirus","symbol":"SIM","quantity":"10474.820","price":"0.00052189","timestamp":1653275985,"volume":"5.46670381","buyTxId":"27f34e240f7fc32f7ddb598fb3b0a2dd8455c643","sellTxId":"2d692687256d257eb1e98cb2d7cd3882e6bc596e-1"}
{"index": {"_index":"sim","_id":"3499631"}}
	{"id":3499631,"type":"sell","buyer":"jierene","seller":"konvik","symbol":"SIM","quantity":"0.007","price":"0.00052189","timestamp":1653275985,"volume":"0.00000365","buyTxId":"27f34e240f7fc32f7ddb598fb3b0a2dd8455c643","sellTxId":"98ed59c1c3d35bc6cf1ae8a26ddae3bd1d1202c9-1"}
{"index": {"_index":"sim","_id":"3499999"}}
	{"id":3499999,"type":"sell","buyer":"he-index","seller":"pjansen","symbol":"SIM","quantity":"318.075","price":"0.00052189","timestamp":1653279723,"volume":"0.16600016","buyTxId":"505840790bef4ca3baacc0870f55f1160dab9aff","sellTxId":"99191b727658bb6fcc76659f0f7620f3bf1ae038"}
{"index": {"_index":"sim","_id":"3500000"}}
	{"id":3500000,"type":"sell","buyer":"ragnarokdel","seller":"pjansen","symbol":"SIM","quantity":"2.319","price":"0.00050000","timestamp":1653279723,"volume":"0.00115950","buyTxId":"e7eda7e09e9ae00296361ca1564acdcafe75d6d9","sellTxId":"99191b727658bb6fcc76659f0f7620f3bf1ae038"}
{"index": {"_index":"sim","_id":"3500039"}}
	{"id":3500039,"type":"sell","buyer":"ragnarokdel","seller":"itharagaian","symbol":"SIM","quantity":"8.000","price":"0.00050000","timestamp":1653280173,"volume":"0.00400000","buyTxId":"e7eda7e09e9ae00296361ca1564acdcafe75d6d9","sellTxId":"ecca8ed5c2aebc90ebed3769dc43ac8d79a0ea4a"}
{"index": {"_index":"sim","_id":"3500528"}}
	{"id":3500528,"type":"sell","buyer":"crypto-futurist","seller":"monsterfit","symbol":"SIM","quantity":"1.303","price":"0.00052189","timestamp":1653286128,"volume":"0.00068002","buyTxId":"a7748a909b4421076427d63f684c34f89ec238ad","sellTxId":"c0ea980076caec3355696da88c58d2f78f423f69"}
{"index": {"_index":"sim","_id":"3500529"}}
	{"id":3500529,"type":"sell","buyer":"ragnarokdel","seller":"monsterfit","symbol":"SIM","quantity":"16318.027","price":"0.00050000","timestamp":1653286206,"volume":"8.15901350","buyTxId":"e7eda7e09e9ae00296361ca1564acdcafe75d6d9","sellTxId":"18fe27b4374b9c47865f39be09c552db3ab219e7"}
{"index": {"_index":"sim","_id":"3501010"}}
	{"id":3501010,"type":"sell","buyer":"metzli","seller":"dhedge-drips","symbol":"SIM","quantity":"0.001","price":"0.00050009","timestamp":1653288318,"volume":"0.00000050","buyTxId":"0bfde137bb62610f3ec93d24ab3a016d0669851b","sellTxId":"676392619066f251190d3420f99514e992c25575"}
{"index": {"_index":"sim","_id":"3501193"}}
	{"id":3501193,"type":"sell","buyer":"metzli","seller":"themarkymark","symbol":"SIM","quantity":"165.033","price":"0.00050009","timestamp":1653289635,"volume":"0.08253135","buyTxId":"0bfde137bb62610f3ec93d24ab3a016d0669851b","sellTxId":"6436f85b424cb258f045dcccf9d65f5dbfd91245"}
{"index": {"_index":"sim","_id":"3501483"}}
	{"id":3501483,"type":"buy","buyer":"assassyn","seller":"nftmart.fees","symbol":"SIM","quantity":"27.000","price":"0.00052189","timestamp":1653292767,"volume":"0.01409103","buyTxId":"688cb749f68fb9c0104f702b69e032c23b2bab0d","sellTxId":"f1f4e58144a7ab659597cf1ef6fb2a8384b9d12a-0"}
{"index": {"_index":"sim","_id":"3501486"}}
	{"id":3501486,"type":"sell","buyer":"assassyn","seller":"pjansen","symbol":"SIM","quantity":"66.000","price":"0.00052189","timestamp":1653292800,"volume":"0.03444474","buyTxId":"688cb749f68fb9c0104f702b69e032c23b2bab0d","sellTxId":"4ecc4886b097b348aeb6bea1269ca927ffb073b6"}
{"index": {"_index":"sim","_id":"3501487"}}
	{"id":3501487,"type":"sell","buyer":"metzli","seller":"pjansen","symbol":"SIM","quantity":"134.892","price":"0.00050009","timestamp":1653292800,"volume":"0.06745814","buyTxId":"0bfde137bb62610f3ec93d24ab3a016d0669851b","sellTxId":"4ecc4886b097b348aeb6bea1269ca927ffb073b6"}
{"index": {"_index":"sim","_id":"3501496"}}
	{"id":3501496,"type":"sell","buyer":"metzli","seller":"lifeskills-tv","symbol":"SIM","quantity":"379.204","price":"0.00050009","timestamp":1653292875,"volume":"0.18963613","buyTxId":"0bfde137bb62610f3ec93d24ab3a016d0669851b","sellTxId":"7d4d19625002b646f39b42ace2abbd44b10bea1d"}
{"index": {"_index":"sim","_id":"3501505"}}
	{"id":3501505,"type":"sell","buyer":"metzli","seller":"onealfa","symbol":"SIM","quantity":"957.822","price":"0.00050009","timestamp":1653292968,"volume":"0.47899720","buyTxId":"0bfde137bb62610f3ec93d24ab3a016d0669851b","sellTxId":"07f8992a656cc50261277ae119b1c83f6c3c05ca"}
{"index": {"_index":"sim","_id":"3501579"}}
	{"id":3501579,"type":"sell","buyer":"metzli","seller":"manoldonchev","symbol":"SIM","quantity":"11000.000","price":"0.00050009","timestamp":1653293772,"volume":"5.50099000","buyTxId":"0bfde137bb62610f3ec93d24ab3a016d0669851b","sellTxId":"6d8df8d19f2fb3001cfd5bceaedaa1f0608a08e4"}
{"index": {"_index":"sim","_id":"3501924"}}
	{"id":3501924,"type":"sell","buyer":"metzli","seller":"hive.miner","symbol":"SIM","quantity":"8134.226","price":"0.00050009","timestamp":1653297822,"volume":"4.06784508","buyTxId":"0bfde137bb62610f3ec93d24ab3a016d0669851b","sellTxId":"770b270a6e7935cd1bfab9bd73ee7a6c75fad19f"}
{"index": {"_index":"sim","_id":"3502210"}}
	{"id":3502210,"type":"sell","buyer":"metzli","seller":"poliwalt10","symbol":"SIM","quantity":"231.000","price":"0.00050009","timestamp":1653301347,"volume":"0.11552079","buyTxId":"0bfde137bb62610f3ec93d24ab3a016d0669851b","sellTxId":"0fabf5a8b969fff58544710b10e0600055e384c2"}
{"index": {"_index":"sim","_id":"3502286"}}
	{"id":3502286,"type":"sell","buyer":"metzli","seller":"anderssinho","symbol":"SIM","quantity":"0.599","price":"0.00050009","timestamp":1653302268,"volume":"0.00029955","buyTxId":"0bfde137bb62610f3ec93d24ab3a016d0669851b","sellTxId":"422fedb9b34083addd6934dc4ad35d70e26bdb15"}
{"index": {"_index":"sim","_id":"3503145"}}
	{"id":3503145,"type":"sell","buyer":"metzli","seller":"sudeginsiu","symbol":"SIM","quantity":"7986.559","price":"0.00050009","timestamp":1653312423,"volume":"3.99399829","buyTxId":"0bfde137bb62610f3ec93d24ab3a016d0669851b","sellTxId":"25cfe9dd380bfb406b75d08ec59c9759844e2619"}
{"index": {"_index":"sim","_id":"3503291"}}
	{"id":3503291,"type":"sell","buyer":"metzli","seller":"miketr","symbol":"SIM","quantity":"196.250","price":"0.00050009","timestamp":1653314196,"volume":"0.09814266","buyTxId":"0bfde137bb62610f3ec93d24ab3a016d0669851b","sellTxId":"df8ddadadaa064d0002b850e0f8cbb067b1b66ec"}
{"index": {"_index":"sim","_id":"3503292"}}
	{"id":3503292,"type":"buy","buyer":"libert","seller":"nftmart.fees","symbol":"SIM","quantity":"21.000","price":"0.00051945","timestamp":1653314196,"volume":"0.01090845","buyTxId":"1aadf90a416e1bd3f88206de23169e151be40dd9","sellTxId":"387e6a98b146fccf3342102f920dbf7404b8168c-0"}
{"index": {"_index":"sim","_id":"3503293"}}
	{"id":3503293,"type":"buy","buyer":"libert","seller":"pi-trader","symbol":"SIM","quantity":"38382.789","price":"0.00051948","timestamp":1653314196,"volume":"19.93909155","buyTxId":"1aadf90a416e1bd3f88206de23169e151be40dd9","sellTxId":"6c1a21a2db617cb980d5298f855b642bac5f64c6-1"}
{"index": {"_index":"sim","_id":"3503373"}}
	{"id":3503373,"type":"buy","buyer":"maryjane.main","seller":"pi-trader","symbol":"SIM","quantity":"1000.000","price":"0.00051948","timestamp":1653314967,"volume":"0.51948000","buyTxId":"db1aa5daa2e20868c430e6e9508ffceb1c10c17d","sellTxId":"4086fdaed2a5cd4cb2c5d9d6773ade76318780e1-6"}
{"index": {"_index":"sim","_id":"3503392"}}
	{"id":3503392,"type":"sell","buyer":"metzli","seller":"konvik","symbol":"SIM","quantity":"9814.414","price":"0.00050009","timestamp":1653315096,"volume":"4.90809030","buyTxId":"0bfde137bb62610f3ec93d24ab3a016d0669851b","sellTxId":"106457eac0975e71dba7f1d78937f46e5996d781-1"}
{"index": {"_index":"sim","_id":"3503393"}}
	{"id":3503393,"type":"sell","buyer":"metzli","seller":"konvik","symbol":"SIM","quantity":"700.000","price":"0.00050009","timestamp":1653315096,"volume":"0.35006300","buyTxId":"188655f38ef3c1738d2ebdd1577e75eb9a6dfd2f","sellTxId":"106457eac0975e71dba7f1d78937f46e5996d781-1"}
{"index": {"_index":"sim","_id":"3503394"}}
	{"id":3503394,"type":"sell","buyer":"ragnarokdel","seller":"konvik","symbol":"SIM","quantity":"79279.655","price":"0.00050000","timestamp":1653315096,"volume":"39.63982750","buyTxId":"e7eda7e09e9ae00296361ca1564acdcafe75d6d9","sellTxId":"106457eac0975e71dba7f1d78937f46e5996d781-1"}
{"index": {"_index":"sim","_id":"3503395"}}
	{"id":3503395,"type":"sell","buyer":"xxazazelxx","seller":"konvik","symbol":"SIM","quantity":"6706.000","price":"0.00050000","timestamp":1653315096,"volume":"3.35300000","buyTxId":"3fc5c9a9eb5211f4dd102a90c0cd5676069b0e80","sellTxId":"106457eac0975e71dba7f1d78937f46e5996d781-1"}
{"index": {"_index":"sim","_id":"3503396"}}
	{"id":3503396,"type":"sell","buyer":"cookaiss","seller":"konvik","symbol":"SIM","quantity":"10000.000","price":"0.00049708","timestamp":1653315096,"volume":"4.97080000","buyTxId":"d5b49f884decf299cb07236448fdf559236a1dee","sellTxId":"106457eac0975e71dba7f1d78937f46e5996d781-1"}
{"index": {"_index":"sim","_id":"3503397"}}
	{"id":3503397,"type":"sell","buyer":"master-lamps","seller":"konvik","symbol":"SIM","quantity":"1539.887","price":"0.00049706","timestamp":1653315096,"volume":"0.76541623","buyTxId":"16048ec5bf166f83b360770a2ebe5d2b25f82698","sellTxId":"106457eac0975e71dba7f1d78937f46e5996d781-1"}
{"index": {"_index":"sim","_id":"3503398"}}
	{"id":3503398,"type":"sell","buyer":"master-lamps","seller":"konvik","symbol":"SIM","quantity":"234.251","price":"0.00049706","timestamp":1653315096,"volume":"0.11643680","buyTxId":"4eb9fc56485d05a8441ac698e1e9da2a3f7c5c9d","sellTxId":"106457eac0975e71dba7f1d78937f46e5996d781-1"}
{"index": {"_index":"sim","_id":"3503399"}}
	{"id":3503399,"type":"sell","buyer":"master-lamps","seller":"konvik","symbol":"SIM","quantity":"252.118","price":"0.00049706","timestamp":1653315096,"volume":"0.12531777","buyTxId":"f599ce1b65332c07baf5fe9298ef72c152442331","sellTxId":"106457eac0975e71dba7f1d78937f46e5996d781-1"}
{"index": {"_index":"sim","_id":"3503400"}}
	{"id":3503400,"type":"sell","buyer":"akumagai","seller":"konvik","symbol":"SIM","quantity":"3396.125","price":"0.00049701","timestamp":1653315096,"volume":"1.68790809","buyTxId":"1c16aea055f07a9ba7b97bb5b6119ba9d7bf3e4c","sellTxId":"106457eac0975e71dba7f1d78937f46e5996d781-1"}
{"index": {"_index":"sim","_id":"3503401"}}
	{"id":3503401,"type":"sell","buyer":"low-key103","seller":"konvik","symbol":"SIM","quantity":"98706.678","price":"0.00049701","timestamp":1653315096,"volume":"49.05820603","buyTxId":"3e197fe01ac1c1b4520a12fe1f844bb947c1933a","sellTxId":"106457eac0975e71dba7f1d78937f46e5996d781-1"}
{"index": {"_index":"sim","_id":"3503402"}}
	{"id":3503402,"type":"sell","buyer":"d-pend","seller":"konvik","symbol":"SIM","quantity":"100000.000","price":"0.00049700","timestamp":1653315096,"volume":"49.70000000","buyTxId":"68cba96375d64592058928d6b5a34387367cbc62","sellTxId":"106457eac0975e71dba7f1d78937f46e5996d781-1"}
{"index": {"_index":"sim","_id":"3503403"}}
	{"id":3503403,"type":"sell","buyer":"d-pend","seller":"konvik","symbol":"SIM","quantity":"35260.362","price":"0.00049600","timestamp":1653315096,"volume":"17.48913955","buyTxId":"e923c3331acad793022e372d81e57b984daaf47b","sellTxId":"106457eac0975e71dba7f1d78937f46e5996d781-1"}
{"index": {"_index":"sim","_id":"3503418"}}
	{"id":3503418,"type":"sell","buyer":"d-pend","seller":"onestrong","symbol":"SIM","quantity":"2680.000","price":"0.00049600","timestamp":1653315282,"volume":"1.32928000","buyTxId":"e923c3331acad793022e372d81e57b984daaf47b","sellTxId":"1108c2ef11d2e48dbe2980f72b27050027ba7c44"}
{"index": {"_index":"sim","_id":"3503513"}}
	{"id":3503513,"type":"sell","buyer":"d-pend","seller":"konvik","symbol":"SIM","quantity":"62059.638","price":"0.00049600","timestamp":1653316167,"volume":"30.78158045","buyTxId":"e923c3331acad793022e372d81e57b984daaf47b","sellTxId":"ad51cb88c88225ebc08bdfae90a55b60d27c7bda-1"}
{"index": {"_index":"sim","_id":"3503514"}}
	{"id":3503514,"type":"sell","buyer":"boycharlieplays","seller":"konvik","symbol":"SIM","quantity":"7019.964","price":"0.00049575","timestamp":1653316167,"volume":"3.48014715","buyTxId":"95569f72e7db14cff6a8930efef679cda6a01c62","sellTxId":"ad51cb88c88225ebc08bdfae90a55b60d27c7bda-1"}
{"index": {"_index":"sim","_id":"3503515"}}
	{"id":3503515,"type":"sell","buyer":"d-pend","seller":"konvik","symbol":"SIM","quantity":"100000.000","price":"0.00049400","timestamp":1653316167,"volume":"49.40000000","buyTxId":"0f58d4cd5ab56c0fb44409efeda656b29736b570","sellTxId":"ad51cb88c88225ebc08bdfae90a55b60d27c7bda-1"}
{"index": {"_index":"sim","_id":"3503516"}}
	{"id":3503516,"type":"sell","buyer":"jelly-cz","seller":"konvik","symbol":"SIM","quantity":"185623.052","price":"0.00049351","timestamp":1653316167,"volume":"91.60683239","buyTxId":"MM-P-17520254-64510477-3-30-0","sellTxId":"ad51cb88c88225ebc08bdfae90a55b60d27c7bda-1"}
{"index": {"_index":"sim","_id":"3503517"}}
	{"id":3503517,"type":"sell","buyer":"d-pend","seller":"konvik","symbol":"SIM","quantity":"54644.851","price":"0.00049200","timestamp":1653316167,"volume":"26.88526669","buyTxId":"2a58945649bb9c962f2807c503bec959b5cc7b2a","sellTxId":"ad51cb88c88225ebc08bdfae90a55b60d27c7bda-1"}
{"index": {"_index":"sim","_id":"3503559"}}
	{"id":3503559,"type":"sell","buyer":"jelly-cz","seller":"svirus","symbol":"SIM","quantity":"21847.870","price":"0.00048651","timestamp":1653316656,"volume":"10.62920723","buyTxId":"MM-P-17637831-64628162-3-30-0","sellTxId":"f6b19bbd2f380a10029ea730ac24600d1f27d772-1"}
{"index": {"_index":"sim","_id":"3503560"}}
	{"id":3503560,"type":"sell","buyer":"jelly-cz","seller":"konvik","symbol":"SIM","quantity":"167192.437","price":"0.00048651","timestamp":1653316656,"volume":"81.34079252","buyTxId":"MM-P-17637831-64628162-3-30-0","sellTxId":"f3d53054793df60d6bccaaf5e45c25b964f9f98d-1"}
{"index": {"_index":"sim","_id":"3503561"}}
	{"id":3503561,"type":"sell","buyer":"enginemaker","seller":"konvik","symbol":"SIM","quantity":"51546.392","price":"0.00048500","timestamp":1653316656,"volume":"25.00000012","buyTxId":"MM-P-17476559-64466743-3-2-0","sellTxId":"f3d53054793df60d6bccaaf5e45c25b964f9f98d-1"}
{"index": {"_index":"sim","_id":"3503578"}}
	{"id":3503578,"type":"buy","buyer":"choof","seller":"pi-trader","symbol":"SIM","quantity":"50000.000","price":"0.00050945","timestamp":1653316797,"volume":"25.47250000","buyTxId":"777b70696288c2308e29dd585ec2b7011dad72bd","sellTxId":"f9bdb42887c341684221bb7235b2a7d34e1f970f-1"}
{"index": {"_index":"sim","_id":"3503912"}}
	{"id":3503912,"type":"buy","buyer":"chronocrypto","seller":"nftmart.fees","symbol":"SIM","quantity":"21.000","price":"0.00050944","timestamp":1653319200,"volume":"0.01069824","buyTxId":"3324d45852b7be4565abe9e05b1e16ab5b1b5259","sellTxId":"ec5bef4683ae7ed39abdcdbd4d25082f31b9f3ec-0"}
{"index": {"_index":"sim","_id":"3503913"}}
	{"id":3503913,"type":"buy","buyer":"chronocrypto","seller":"pi-trader","symbol":"SIM","quantity":"34979.000","price":"0.00050945","timestamp":1653319200,"volume":"17.82005155","buyTxId":"3324d45852b7be4565abe9e05b1e16ab5b1b5259","sellTxId":"5e4c17ae642605165959f696b25af9b4c1c53784-4"}
{"index": {"_index":"sim","_id":"3503919"}}
	{"id":3503919,"type":"sell","buyer":"jelly-cz","seller":"konvik","symbol":"SIM","quantity":"191003.302","price":"0.00048151","timestamp":1653319287,"volume":"91.96999995","buyTxId":"MM-P-17637931-64628262-3-30-0","sellTxId":"b38cf139087a744156ae9ba253c6f2c9cf6991d7-2"}
{"index": {"_index":"sim","_id":"3503920"}}
	{"id":3503920,"type":"sell","buyer":"d-pend","seller":"konvik","symbol":"SIM","quantity":"118487.416","price":"0.00048000","timestamp":1653319287,"volume":"56.87395968","buyTxId":"b4c7c64b9b152b0bc73301a549c61c7c6cc794c7","sellTxId":"b38cf139087a744156ae9ba253c6f2c9cf6991d7-2"}
{"index": {"_index":"sim","_id":"3504060"}}
	{"id":3504060,"type":"sell","buyer":"d-pend","seller":"konvik","symbol":"SIM","quantity":"31512.584","price":"0.00048000","timestamp":1653320670,"volume":"15.12604032","buyTxId":"b4c7c64b9b152b0bc73301a549c61c7c6cc794c7","sellTxId":"624d14299437ab40dc4b7c9c4d0b1419aed52460-1"}
{"index": {"_index":"sim","_id":"3504061"}}
	{"id":3504061,"type":"sell","buyer":"d-pend","seller":"konvik","symbol":"SIM","quantity":"150000.000","price":"0.00047900","timestamp":1653320670,"volume":"71.85000000","buyTxId":"c6fdc37b9b4be5224bbefdb48ff8207c0e6c4b0f","sellTxId":"624d14299437ab40dc4b7c9c4d0b1419aed52460-1"}
{"index": {"_index":"sim","_id":"3504062"}}
	{"id":3504062,"type":"sell","buyer":"d-pend","seller":"konvik","symbol":"SIM","quantity":"150000.000","price":"0.00047800","timestamp":1653320670,"volume":"71.70000000","buyTxId":"e2038cc3dee2b5b2259a14b55fedfed55b5339a2","sellTxId":"624d14299437ab40dc4b7c9c4d0b1419aed52460-1"}
{"index": {"_index":"sim","_id":"3504063"}}
	{"id":3504063,"type":"sell","buyer":"d-pend","seller":"konvik","symbol":"SIM","quantity":"38527.846","price":"0.00047500","timestamp":1653320670,"volume":"18.30072685","buyTxId":"c2d0720383c7fdbff47ea7328d5e860ade3b3bf9","sellTxId":"624d14299437ab40dc4b7c9c4d0b1419aed52460-1"}
{"index": {"_index":"sim","_id":"3504090"}}
	{"id":3504090,"type":"sell","buyer":"jelly-cz","seller":"konvik","symbol":"SIM","quantity":"80008.036","price":"0.00047651","timestamp":1653320958,"volume":"38.12462923","buyTxId":"MM-P-17639327-64629660-3-30-0","sellTxId":"f2b344070777e3cd8896cf37cad02979b14b989e-1"}
{"index": {"_index":"sim","_id":"3504205"}}
	{"id":3504205,"type":"buy","buyer":"gfrench","seller":"nftmart.fees","symbol":"SIM","quantity":"16.000","price":"0.00049942","timestamp":1653322116,"volume":"0.00799072","buyTxId":"6a5f00921042d8338b881e680de8a366ebae57cc","sellTxId":"d20e920366dae4c00208916322ea1151e9537f6c-0"}
{"index": {"_index":"sim","_id":"3504206"}}
	{"id":3504206,"type":"buy","buyer":"gfrench","seller":"pi-trader","symbol":"SIM","quantity":"11997.455","price":"0.00049944","timestamp":1653322116,"volume":"5.99200928","buyTxId":"6a5f00921042d8338b881e680de8a366ebae57cc","sellTxId":"29340bdbc430d697cfa590a70a6b4ffeddcc654f-3"}
{"index": {"_index":"sim","_id":"3504259"}}
	{"id":3504259,"type":"buy","buyer":"gfrench","seller":"nftmart.fees","symbol":"SIM","quantity":"16.000","price":"0.00049943","timestamp":1653322698,"volume":"0.00799088","buyTxId":"2a968391f173e5c04687f15c88b402d24e0ebcab","sellTxId":"7bcaf8ab65438ccf66343ffb1bd6c0f1fe27398e-0"}
{"index": {"_index":"sim","_id":"3504260"}}
	{"id":3504260,"type":"buy","buyer":"gfrench","seller":"pi-trader","symbol":"SIM","quantity":"5388.094","price":"0.00049944","timestamp":1653322698,"volume":"2.69102984","buyTxId":"2a968391f173e5c04687f15c88b402d24e0ebcab","sellTxId":"4db062a28a8b07a4d3bc77394fcf5b60cfc0c60b-4"}
{"index": {"_index":"sim","_id":"3504331"}}
	{"id":3504331,"type":"sell","buyer":"he-index","seller":"elevator09","symbol":"SIM","quantity":"661.056","price":"0.00047651","timestamp":1653323376,"volume":"0.31499979","buyTxId":"15d4270c3a1cf6ef5a64b8b4ef3514c4ef0cd89d","sellTxId":"03d0db9b4d67c56380b043882e8b650f81401898"}
{"index": {"_index":"sim","_id":"3504474"}}
	{"id":3504474,"type":"sell","buyer":"d-pend","seller":"gfrench","symbol":"SIM","quantity":"2.29","price":"0.00047500","timestamp":1653324312,"volume":"0.00108775","buyTxId":"c2d0720383c7fdbff47ea7328d5e860ade3b3bf9","sellTxId":"ed8b4d44f5f09c3e8c7860981171b6c2bb824ac3"}
{"index": {"_index":"sim","_id":"3504969"}}
	{"id":3504969,"type":"buy","buyer":"metzli","seller":"nftmart.fees","symbol":"SIM","quantity":"14.000","price":"0.00047590","timestamp":1653328476,"volume":"0.00666260","buyTxId":"de815aafe7014e688d6c71564230e9704eef9507","sellTxId":"1bcbc7fd00db6ab941861ee7e5c9595d57edfe65-0"}
{"index": {"_index":"sim","_id":"3504989"}}
	{"id":3504989,"type":"buy","buyer":"metzli","seller":"elevator09","symbol":"SIM","quantity":"427.682","price":"0.00047591","timestamp":1653328554,"volume":"0.20353814","buyTxId":"1ad54a455467c7f58e5385788b484266dc2e520c","sellTxId":"03d0db9b4d67c56380b043882e8b650f81401898"}
{"index": {"_index":"sim","_id":"3504990"}}
	{"id":3504990,"type":"buy","buyer":"metzli","seller":"paragism","symbol":"SIM","quantity":"2167.318","price":"0.00047591","timestamp":1653328554,"volume":"1.03144831","buyTxId":"1ad54a455467c7f58e5385788b484266dc2e520c","sellTxId":"6d9ebe7fb1ba6d276e70704c1b48f890a49df3ad"}
{"index": {"_index":"sim","_id":"3505128"}}
	{"id":3505128,"type":"sell","buyer":"he-index","seller":"denmarkguy","symbol":"SIM","quantity":"1.028","price":"0.00047500","timestamp":1653329568,"volume":"0.00048830","buyTxId":"dde7864a29141c76b9db0c4665edddacf034db2a","sellTxId":"23f56e331dd909085a0a1c14b4cfbf7448f49a03"}
{"index": {"_index":"sim","_id":"3505427"}}
	{"id":3505427,"type":"sell","buyer":"methus","seller":"crzyfngrs","symbol":"SIM","quantity":"58984.668","price":"0.00047550","timestamp":1653331695,"volume":"28.04720963","buyTxId":"cee7edf88c5c62ab44d057be3ae6dadb0fabeb44","sellTxId":"8a210b4913d2081b0fb2662da1073a890e01d337"}
{"index": {"_index":"sim","_id":"3505544"}}
	{"id":3505544,"type":"sell","buyer":"methus","seller":"medaymane","symbol":"SIM","quantity":"5300.700","price":"0.00047550","timestamp":1653332706,"volume":"2.52048285","buyTxId":"cee7edf88c5c62ab44d057be3ae6dadb0fabeb44","sellTxId":"9255012ccb914ce48e06e16f02925451cd0ac65e"}
{"index": {"_index":"sim","_id":"3505564"}}
	{"id":3505564,"type":"sell","buyer":"methus","seller":"reddragonfly","symbol":"SIM","quantity":"0.968","price":"0.00047550","timestamp":1653332946,"volume":"0.00046028","buyTxId":"cee7edf88c5c62ab44d057be3ae6dadb0fabeb44","sellTxId":"57d2294decf12cc7729d8ffbec7844b687dfa3ef"}
{"index": {"_index":"sim","_id":"3505628"}}
	{"id":3505628,"type":"sell","buyer":"methus","seller":"medaymane","symbol":"SIM","quantity":"380.000","price":"0.00047550","timestamp":1653333519,"volume":"0.18069000","buyTxId":"cee7edf88c5c62ab44d057be3ae6dadb0fabeb44","sellTxId":"acc9df8e392ca3b1ed255d0ead7bdc383d8defb7"}
{"index": {"_index":"sim","_id":"3505635"}}
	{"id":3505635,"type":"sell","buyer":"methus","seller":"crypto-dz","symbol":"SIM","quantity":"528.300","price":"0.00047550","timestamp":1653333573,"volume":"0.25120665","buyTxId":"cee7edf88c5c62ab44d057be3ae6dadb0fabeb44","sellTxId":"4e85240a02c7844dbd9706ae6e15d3fb4a597423"}
{"index": {"_index":"sim","_id":"3505646"}}
	{"id":3505646,"type":"buy","buyer":"lookplz","seller":"nftmart.fees","symbol":"SIM","quantity":"13.000","price":"0.00047590","timestamp":1653333603,"volume":"0.00618670","buyTxId":"998c7b5917e48edc44d7abd0f46186ca0b47ccc8","sellTxId":"e1085c0d3912abaa6c4855504fdf287b75984454-0"}
{"index": {"_index":"sim","_id":"3505647"}}
	{"id":3505647,"type":"buy","buyer":"lookplz","seller":"paragism","symbol":"SIM","quantity":"8760.000","price":"0.00047591","timestamp":1653333603,"volume":"4.16897160","buyTxId":"998c7b5917e48edc44d7abd0f46186ca0b47ccc8","sellTxId":"6d9ebe7fb1ba6d276e70704c1b48f890a49df3ad"}
{"index": {"_index":"sim","_id":"3505706"}}
	{"id":3505706,"type":"sell","buyer":"methus","seller":"curatorcat.ccc","symbol":"SIM","quantity":"0.847","price":"0.00047550","timestamp":1653334170,"volume":"0.00040275","buyTxId":"cee7edf88c5c62ab44d057be3ae6dadb0fabeb44","sellTxId":"1012be374711ffedec08f971c5cb49966211951a"}
{"index": {"_index":"sim","_id":"3505745"}}
	{"id":3505745,"type":"buy","buyer":"ana-maria","seller":"nftmart.fees","symbol":"SIM","quantity":"11.000","price":"0.00047590","timestamp":1653334524,"volume":"0.00523490","buyTxId":"53f6929918426e494c9a8a8b68bc31fb7df787e7","sellTxId":"ddcb3bd50c266e3a13bddcc92a73af0a2a73de21-0"}
{"index": {"_index":"sim","_id":"3505748"}}
	{"id":3505748,"type":"buy","buyer":"ana-maria","seller":"paragism","symbol":"SIM","quantity":"98.000","price":"0.00047591","timestamp":1653334569,"volume":"0.04663918","buyTxId":"afc2f877e2a81d54c6f600db6cdac5f2a4b5c79a","sellTxId":"6d9ebe7fb1ba6d276e70704c1b48f890a49df3ad"}
{"index": {"_index":"sim","_id":"3505749"}}
	{"id":3505749,"type":"buy","buyer":"maryjane.main","seller":"paragism","symbol":"SIM","quantity":"2.682","price":"0.00047591","timestamp":1653334572,"volume":"0.00127639","buyTxId":"6810a301a33aef00044cc877ee53b8694043c53a","sellTxId":"6d9ebe7fb1ba6d276e70704c1b48f890a49df3ad"}
{"index": {"_index":"sim","_id":"3505750"}}
	{"id":3505750,"type":"buy","buyer":"maryjane.main","seller":"crypto-dz","symbol":"SIM","quantity":"3529.250","price":"0.00047591","timestamp":1653334572,"volume":"1.67960537","buyTxId":"6810a301a33aef00044cc877ee53b8694043c53a","sellTxId":"81921df6a49775d640de67d7d8ccb0b78f59f0c7"}
{"index": {"_index":"sim","_id":"3505751"}}
	{"id":3505751,"type":"sell","buyer":"maryjane.main","seller":"konvik","symbol":"SIM","quantity":"10468.068","price":"0.00048710","timestamp":1653334575,"volume":"5.09899592","buyTxId":"6810a301a33aef00044cc877ee53b8694043c53a","sellTxId":"00eba206faee771612640520930280e52bdb8d10-1"}
{"index": {"_index":"sim","_id":"3505807"}}
	{"id":3505807,"type":"sell","buyer":"methus","seller":"valor2s","symbol":"SIM","quantity":"48.000","price":"0.00047550","timestamp":1653334899,"volume":"0.02282400","buyTxId":"cee7edf88c5c62ab44d057be3ae6dadb0fabeb44","sellTxId":"5e09fbcc23eb99bf999a0efc39d29d9f338eaad6"}
{"index": {"_index":"sim","_id":"3505900"}}
	{"id":3505900,"type":"sell","buyer":"methus","seller":"laritheghost","symbol":"SIM","quantity":"22.747","price":"0.00047550","timestamp":1653335478,"volume":"0.01081620","buyTxId":"cee7edf88c5c62ab44d057be3ae6dadb0fabeb44","sellTxId":"d89616aa265cdbc34933e50fde12232e9fc42c83"}
{"index": {"_index":"sim","_id":"3506080"}}
	{"id":3506080,"type":"sell","buyer":"methus","seller":"itharagaian","symbol":"SIM","quantity":"10.000","price":"0.00047550","timestamp":1653336765,"volume":"0.00475500","buyTxId":"cee7edf88c5c62ab44d057be3ae6dadb0fabeb44","sellTxId":"381598ddc1828336416910fc3d9c46fa6f6ba699"}
{"index": {"_index":"sim","_id":"3506238"}}
	{"id":3506238,"type":"buy","buyer":"gsauce1989","seller":"nftmart.fees","symbol":"SIM","quantity":"9.000","price":"0.00049898","timestamp":1653338565,"volume":"0.00449082","buyTxId":"6b6fcbcc99790cea80e4c463433bea27b4439f80","sellTxId":"d5f3747ceb1bbe5521c50caf4bba0d191b126b58-0"}
{"index": {"_index":"sim","_id":"3506239"}}
	{"id":3506239,"type":"buy","buyer":"gsauce1989","seller":"pi-trader","symbol":"SIM","quantity":"9991.000","price":"0.00049899","timestamp":1653338565,"volume":"4.98540909","buyTxId":"6b6fcbcc99790cea80e4c463433bea27b4439f80","sellTxId":"b025071e2b0a3093285c7bb57a3ce4d5d36340df-2"}
{"index": {"_index":"sim","_id":"3506242"}}
	{"id":3506242,"type":"buy","buyer":"gsauce1989","seller":"pi-trader","symbol":"SIM","quantity":"5000.000","price":"0.00049899","timestamp":1653338637,"volume":"2.49495000","buyTxId":"1680bc048962d4e61f4bfe45f5b26846e6dcddc0","sellTxId":"7da886f8351982315718f1fa95322f36f928bb61-2"}
{"index": {"_index":"sim","_id":"3506317"}}
	{"id":3506317,"type":"buy","buyer":"assassyn","seller":"nftmart.fees","symbol":"SIM","quantity":"8.000","price":"0.00049898","timestamp":1653339303,"volume":"0.00399184","buyTxId":"502f3cefa5ac7a68c896f51abf28985aa11ae697","sellTxId":"5e5a7447c89eac227f16ab1189da4d1fceb79c98-0"}
{"index": {"_index":"sim","_id":"3506323"}}
	{"id":3506323,"type":"sell","buyer":"assassyn","seller":"pjansen","symbol":"SIM","quantity":"292.000","price":"0.00049898","timestamp":1653339357,"volume":"0.14570216","buyTxId":"502f3cefa5ac7a68c896f51abf28985aa11ae697","sellTxId":"bca98c21779258c7d753b548a82b9f03285fcd9f"}
{"index": {"_index":"sim","_id":"3506324"}}
	{"id":3506324,"type":"sell","buyer":"methus","seller":"pjansen","symbol":"SIM","quantity":"3.330","price":"0.00047550","timestamp":1653339357,"volume":"0.00158342","buyTxId":"cee7edf88c5c62ab44d057be3ae6dadb0fabeb44","sellTxId":"bca98c21779258c7d753b548a82b9f03285fcd9f"}
{"index": {"_index":"sim","_id":"3506354"}}
	{"id":3506354,"type":"sell","buyer":"methus","seller":"rarej","symbol":"SIM","quantity":"1433.049","price":"0.00047550","timestamp":1653339531,"volume":"0.68141480","buyTxId":"cee7edf88c5c62ab44d057be3ae6dadb0fabeb44","sellTxId":"8d71459e55f62f31b4e89535b46e11f0d6748d38"}
{"index": {"_index":"sim","_id":"3506728"}}
	{"id":3506728,"type":"buy","buyer":"soteyapanbot","seller":"nftmart.fees","symbol":"SIM","quantity":"7.000","price":"0.00049898","timestamp":1653342522,"volume":"0.00349286","buyTxId":"cc169f4f2f1cfabe497471f173b668d8f6e03b09","sellTxId":"354cf540439ae5a3e648ead49a576f1dbd89b51d-0"}
{"index": {"_index":"sim","_id":"3506729"}}
	{"id":3506729,"type":"sell","buyer":"soteyapanbot","seller":"konvik","symbol":"SIM","quantity":"12850.260","price":"0.00049898","timestamp":1653342525,"volume":"6.41202273","buyTxId":"cc169f4f2f1cfabe497471f173b668d8f6e03b09","sellTxId":"2d313e4712bbda30a6553e873cb22fe7279ad7d9-1"}
{"index": {"_index":"sim","_id":"3506730"}}
	{"id":3506730,"type":"sell","buyer":"soteyapanbot","seller":"svirus","symbol":"SIM","quantity":"12.740","price":"0.00049898","timestamp":1653342525,"volume":"0.00635701","buyTxId":"cc169f4f2f1cfabe497471f173b668d8f6e03b09","sellTxId":"0819b45bcdd7de1fbf8b0f82fbd67a474594ed42-1"}
{"index": {"_index":"sim","_id":"3506763"}}
	{"id":3506763,"type":"buy","buyer":"metzli","seller":"nftmart.fees","symbol":"SIM","quantity":"6.000","price":"0.00049896","timestamp":1653342891,"volume":"0.00299376","buyTxId":"c4b8bb1d00616456686ac491107c23c8f6c1b4c3","sellTxId":"da91d352f502695999f9fc7af2d9a1441c8ee50d-0"}
{"index": {"_index":"sim","_id":"3507201"}}
	{"id":3507201,"type":"sell","buyer":"methus","seller":"likeastone","symbol":"SIM","quantity":"866.000","price":"0.00047550","timestamp":1653345768,"volume":"0.41178300","buyTxId":"cee7edf88c5c62ab44d057be3ae6dadb0fabeb44","sellTxId":"9246366b69724a1d292800f3b270c8a8e72b0bf1"}
{"index": {"_index":"sim","_id":"3507212"}}
	{"id":3507212,"type":"sell","buyer":"methus","seller":"therentaltest","symbol":"SIM","quantity":"775.000","price":"0.00047550","timestamp":1653345852,"volume":"0.36851250","buyTxId":"cee7edf88c5c62ab44d057be3ae6dadb0fabeb44","sellTxId":"c42a14bd7470af05fea6ca32cfa9da99aac77545"}
{"index": {"_index":"sim","_id":"3507237"}}
	{"id":3507237,"type":"buy","buyer":"gsauce1989","seller":"nftmart.fees","symbol":"SIM","quantity":"5.000","price":"0.00049798","timestamp":1653346041,"volume":"0.00248990","buyTxId":"9e19cc37f34e44d0000ca49183c676a3453880b4","sellTxId":"2332192c0dbfb39ba0adcecafc4aba2a715d6662-0"}
{"index": {"_index":"sim","_id":"3507238"}}
	{"id":3507238,"type":"buy","buyer":"gsauce1989","seller":"pi-trader","symbol":"SIM","quantity":"9995.000","price":"0.00049799","timestamp":1653346041,"volume":"4.97741005","buyTxId":"9e19cc37f34e44d0000ca49183c676a3453880b4","sellTxId":"5f484489fba2f871a408c4701b292d57ab0d1081-1"}
{"index": {"_index":"sim","_id":"3507265"}}
	{"id":3507265,"type":"buy","buyer":"gsauce1989","seller":"pi-trader","symbol":"SIM","quantity":"10000.000","price":"0.00049799","timestamp":1653346251,"volume":"4.97990000","buyTxId":"153c505b4804faf860543059161890a9a255e7e6","sellTxId":"bde8b2b0961b225b7f96acba3e5c2f824d3a0be8-3"}
{"index": {"_index":"sim","_id":"3507321"}}
	{"id":3507321,"type":"sell","buyer":"methus","seller":"thisisawesome","symbol":"SIM","quantity":"1.476","price":"0.00047550","timestamp":1653346785,"volume":"0.00070184","buyTxId":"cee7edf88c5c62ab44d057be3ae6dadb0fabeb44","sellTxId":"5e9a00e7c42f659d70271c68c15102b4fe157761"}
{"index": {"_index":"sim","_id":"3507774"}}
	{"id":3507774,"type":"sell","buyer":"methus","seller":"poliwalt10","symbol":"SIM","quantity":"441.000","price":"0.00047550","timestamp":1653350604,"volume":"0.20969550","buyTxId":"cee7edf88c5c62ab44d057be3ae6dadb0fabeb44","sellTxId":"16fc1a7b3e9cd80d0d623541e47debf385a411b2"}
{"index": {"_index":"sim","_id":"3507817"}}
	{"id":3507817,"type":"buy","buyer":"gfrench","seller":"nftmart.fees","symbol":"SIM","quantity":"5.000","price":"0.00049798","timestamp":1653350943,"volume":"0.00248990","buyTxId":"fa83dc672b5f2f1c8ed43050500f762f9f3895fe","sellTxId":"6e1951b2ca4e38575fc1ae2d2e05620cf61611d2-0"}
{"index": {"_index":"sim","_id":"3507818"}}
	{"id":3507818,"type":"buy","buyer":"gfrench","seller":"pi-trader","symbol":"SIM","quantity":"794.539","price":"0.00049799","timestamp":1653350943,"volume":"0.39567260","buyTxId":"fa83dc672b5f2f1c8ed43050500f762f9f3895fe","sellTxId":"72c0be50bf61aec317fa65799e6103c509b95268-4"}
{"index": {"_index":"sim","_id":"3507854"}}
	{"id":3507854,"type":"sell","buyer":"methus","seller":"steem82868","symbol":"SIM","quantity":"5.269","price":"0.00047550","timestamp":1653351177,"volume":"0.00250541","buyTxId":"cee7edf88c5c62ab44d057be3ae6dadb0fabeb44","sellTxId":"cc766bdb96ca1b27d15e13ea586383fb8f07e202"}
{"index": {"_index":"sim","_id":"3507868"}}
	{"id":3507868,"type":"sell","buyer":"methus","seller":"bearbear613","symbol":"SIM","quantity":"1063.230","price":"0.00047550","timestamp":1653351225,"volume":"0.50556587","buyTxId":"cee7edf88c5c62ab44d057be3ae6dadb0fabeb44","sellTxId":"6a7d90db48bc3f7408b81fcda92c95abcf9ead4f"}
{"index": {"_index":"sim","_id":"3507906"}}
	{"id":3507906,"type":"sell","buyer":"methus","seller":"laritheghost","symbol":"SIM","quantity":"21.210","price":"0.00047550","timestamp":1653351474,"volume":"0.01008536","buyTxId":"cee7edf88c5c62ab44d057be3ae6dadb0fabeb44","sellTxId":"f8c231ac7b3916d0db5742b80bf5ea602895d786"}
{"index": {"_index":"sim","_id":"3508101"}}
	{"id":3508101,"type":"sell","buyer":"methus","seller":"dhedge-drips","symbol":"SIM","quantity":"12.499","price":"0.00047550","timestamp":1653353118,"volume":"0.00594327","buyTxId":"cee7edf88c5c62ab44d057be3ae6dadb0fabeb44","sellTxId":"6c375e73cdfecc31d46443d5c9a65dcce77d87c9"}
{"index": {"_index":"sim","_id":"3508440"}}
	{"id":3508440,"type":"sell","buyer":"methus","seller":"themarkymark","symbol":"SIM","quantity":"161.096","price":"0.00047550","timestamp":1653356154,"volume":"0.07660115","buyTxId":"cee7edf88c5c62ab44d057be3ae6dadb0fabeb44","sellTxId":"0230bf1c518f70a370ffce49ddbb7ad730873c15"}
{"index": {"_index":"sim","_id":"3508821"}}
	{"id":3508821,"type":"buy","buyer":"libert","seller":"dhedge-drips","symbol":"SIM","quantity":"12.499","price":"0.00049797","timestamp":1653359607,"volume":"0.00622413","buyTxId":"eeade5a7281f5ab724ae2a4260d1eceefb122972","sellTxId":"d10271399fc4e4115b2dcc03c3fc4ba5dab34fe8"}
{"index": {"_index":"sim","_id":"3508822"}}
	{"id":3508822,"type":"buy","buyer":"libert","seller":"pi-trader","symbol":"SIM","quantity":"6795.003","price":"0.00049798","timestamp":1653359607,"volume":"3.38377587","buyTxId":"eeade5a7281f5ab724ae2a4260d1eceefb122972","sellTxId":"c6d85cc2ec061f621218dbb362c35d32acae1b19-4"}
{"index": {"_index":"sim","_id":"3508842"}}
	{"id":3508842,"type":"sell","buyer":"pi-trader","seller":"nftmart.fees","symbol":"SIM","quantity":"32.000","price":"0.00047551","timestamp":1653359733,"volume":"0.01521632","buyTxId":"3aa3ce9726c10c1bbdbb1cbc34e9c601e014c16d-3","sellTxId":"7c2b04798665e2320775ee4282555a6c5dc16914"}
