{"jsonrpc":"2.0","id":1,"result":[{"_id":3144518,"type":"sell","buyer":"pi-trader","seller":"theshaki","symbol":"SIM","quantity":"41.743","price":"0.00038506","timestamp":1649301648,"volume":"0.01607356","buyTxId":"9091a17d425bec279ab2421449002903947c4ff4-3","sellTxId":"3e0d400ab1aebbde310d8fb4efbea7e5185247d8"},{"_id":3144609,"type":"sell","buyer":"pi-trader","seller":"lifeskills-tv","symbol":"SIM","quantity":"10665.767","price":"0.00038506","timestamp":1649303214,"volume":"4.10696024","buyTxId":"b151b7fbdb9a950a13cc0db670332d0ba0ca48fe-1","sellTxId":"be103471d2a3ab195e71612c223df8d5b6bc5a75"},{"_id":3144678,"type":"sell","buyer":"pi-trader","seller":"scooter77","symbol":"SIM","quantity":"873.445","price":"0.00038506","timestamp":1649304168,"volume":"0.33632873","buyTxId":"d48828707e5844346e2581b1a6c42e67f446deb6-4","sellTxId":"1a1de8d591100d2ce911e290f7eeec9b5295b9ac"},{"_id":3144864,"type":"sell","buyer":"pi-trader","seller":"beco132","symbol":"SIM","quantity":"5222.000","price":"0.00038506","timestamp":1649306907,"volume":"2.01078332","buyTxId":"92b1f321e4bdd133b7a6ff69e5696129d4cccf59-4","sellTxId":"de5674c7ef6d3674a0d5f6958df86ac0187215e6"},{"_id":3144940,"type":"sell","buyer":"pi-trader","seller":"elevator09","symbol":"SIM","quantity":"2077.820","price":"0.00038506","timestamp":1649308170,"volume":"0.80008537","buyTxId":"081bb391e0544a6bd0b29c762894354e7e8e8ea7-3","sellTxId":"6b97dfb4c8239ba1e099aaa4ef1475a4c4aa908b"},{"_id":3145167,"type":"sell","buyer":"pi-trader","seller":"kolbjorn","symbol":"SIM","quantity":"7.382","price":"0.00038506","timestamp":1649312046,"volume":"0.00284251","buyTxId":"dce95f9fd661c8243f41fe3707614c7e8e59c702-3","sellTxId":"737808b4e37889b761b74be4ab56e214147724da"},{"_id":3145426,"type":"sell","buyer":"pi-trader","seller":"itharagaian","symbol":"SIM","quantity":"7.000","price":"0.00038506","timestamp":1649315397,"volume":"0.00269542","buyTxId":"35b267aafd31e9c72c2c399d4c7ea23ab9a17091-1","sellTxId":"ce921bb3c3490dd53895a71f820c9f8fee80ba10"},{"_id":3145435,"type":"sell","buyer":"pi-trader","seller":"powerpaul","symbol":"SIM","quantity":"201.889","price":"0.00038506","timestamp":1649315445,"volume":"0.07773938","buyTxId":"0dcbcb6b47f943a0d7fe6a731deb7c5d415ad963-1","sellTxId":"a9c57f580ad4a6e456ca2df9457940cfbbed8472"},{"_id":3145552,"type":"buy","buyer":"lightcaptured","seller":"theguruasia","symbol":"SIM","quantity":"55.040","price":"0.00038996","timestamp":1649316771,"volume":"0.02146340","buyTxId":"522c88871a6a9744529b1109d4681cde6713d209","sellTxId":"77d612a4035a025affa9d5da7fa56ff6f0df91c9"},{"_id":3145553,"type":"buy","buyer":"lightcaptured","seller":"pi-trader","symbol":"SIM","quantity":"1600.000","price":"0.00044999","timestamp":1649316816,"volume":"0.71998400","buyTxId":"6293c13e4cdfb1a61e9a7a53c8e75ee7da122d87","sellTxId":"fcfd34a4d4fa8e98e0aa22a0984f29b58d581c10-5"},{"_id":3145589,"type":"sell","buyer":"pi-trader","seller":"dswap","symbol":"SIM","quantity":"1114.113","price":"0.00038506","timestamp":1649317230,"volume":"0.42900035","buyTxId":"85462d1044c4fe1367a96aff5d331e086b241fd9-3","sellTxId":"d6e001ad73ef1e955b326346604039859b75cbe8"},{"_id":3145907,"type":"sell","buyer":"pi-trader","seller":"thatcryptodave","symbol":"SIM","quantity":"662.375","price":"0.00038506","timestamp":1649321502,"volume":"0.25505412","buyTxId":"003de3437aa2a0245b1912f1b16e0ef6c64dae40-3","sellTxId":"1abbabf69e9db30853c65eea6693f3066afa5bd8"},{"_id":3145946,"type":"sell","buyer":"pi-trader","seller":"beco132","symbol":"SIM","quantity":"5222.000","price":"0.00038506","timestamp":1649322291,"volume":"2.01078332","buyTxId":"ae693d9647aafb69871dc164c1ad7db166189777-3","sellTxId":"f4bc765d9893a2b6bf7cd7ab6338b98f47a28208"},{"_id":3146330,"type":"sell","buyer":"pi-trader","seller":"abirmahmud447","symbol":"SIM","quantity":"9000","price":"0.00038506","timestamp":1649329293,"volume":"3.46554000","buyTxId":"b8d0289ca707af06c7334c213d37d9f7aa56a221-3","sellTxId":"ba5ef8f63246d587ff8dd0b13aae5fdac19e3290"},{"_id":3146672,"type":"sell","buyer":"pi-trader","seller":"darthsauron","symbol":"SIM","quantity":"33","price":"0.00038506","timestamp":1649333499,"volume":"0.01270698","buyTxId":"0752c4296f1579ea9f78fbebe01577d9900b1723-3","sellTxId":"56c8d9d6c52d8eb17c12b37071a561f98e86a4aa"},{"_id":3146761,"type":"sell","buyer":"pi-trader","seller":"bigram13","symbol":"SIM","quantity":"54839.000","price":"0.00038506","timestamp":1649334981,"volume":"21.11630534","buyTxId":"a5eedf9fdc0eb221dded7e8c86a4419b449fdf13-1","sellTxId":"494de79896d8a71cd738ee52fae30dcb9239bb12"},{"_id":3146868,"type":"sell","buyer":"pi-trader","seller":"steem82868","symbol":"SIM","quantity":"0.011","price":"0.00038506","timestamp":1649336265,"volume":"0.00000424","buyTxId":"2b3c19377f1d7876218fec05399902cb7a758efe-3","sellTxId":"8e704ff1922585725d80cc13dcb380676d547519"},{"_id":3146881,"type":"sell","buyer":"pi-trader","seller":"bearbear613","symbol":"SIM","quantity":"737.004","price":"0.00038506","timestamp":1649336373,"volume":"0.28379076","buyTxId":"7f2618425cf28658950f3a2ca903e0acd785d2c0-1","sellTxId":"90dd5aa3a7f2bef284f3b248fae52a216b28e40f"},{"_id":3147276,"type":"sell","buyer":"pi-trader","seller":"andy4475","symbol":"SIM","quantity":"89.501","price":"0.00038506","timestamp":1649340387,"volume":"0.03446326","buyTxId":"d505d51928f81225188d129faee63c795cdec0e1-3","sellTxId":"0ae1feca84b0b78393ffbc97e390913ed147490c"},{"_id":3147441,"type":"sell","buyer":"pi-trader","seller":"willsaldeno","symbol":"SIM","quantity":"4066.506","price":"0.00038508","timestamp":1649342340,"volume":"1.56593013","buyTxId":"6bdc02773ef0872a8b402c5fdf3b6f0893a94bfc-1","sellTxId":"2a6faff1f534ea4b9f4ec7351b680a8f7ea7a4f4"},{"_id":3147509,"type":"buy","buyer":"xezat","seller":"pi-trader","symbol":"SIM","quantity":"4500.000","price":"0.00039699","timestamp":1649342775,"volume":"1.78645500","buyTxId":"38c00f83e636d12da1d25d88f4d410367b9da5ae","sellTxId":"b81859c0ec3e80948628861d6c4f62a764bee899"},{"_id":3147829,"type":"sell","buyer":"pi-trader","seller":"nftmart.fees","symbol":"SIM","quantity":"283.400","price":"0.00038508","timestamp":1649346087,"volume":"0.10913167","buyTxId":"56887f9612e358fe1ab50de2e6efd36d9eec4148-3","sellTxId":"c0bd6c769b21618c153921c6411d91de7fe65611"},{"_id":3147846,"type":"sell","buyer":"pi-trader","seller":"allfabeta","symbol":"SIM","quantity":"1035.000","price":"0.00038508","timestamp":1649346270,"volume":"0.39855780","buyTxId":"2d54533e31b2f3265387fbb78b7c725ce7e9a99f-3","sellTxId":"1723478757dbb7074a961da2e060b64afac23e98"},{"_id":3147901,"type":"sell","buyer":"pi-trader","seller":"desro","symbol":"SIM","quantity":"1570.002","price":"0.00038508","timestamp":1649346981,"volume":"0.60457637","buyTxId":"97fd8dcedc89fe0d7c53c588e502aa576efd191a-3","sellTxId":"859904298dfe14785fb0812c8827fe8f7aceb0ae"},{"_id":3147989,"type":"buy","buyer":"assassyn","seller":"jelly-cz","symbol":"SIM","quantity":"294.488","price":"0.00039700","timestamp":1649347863,"volume":"0.11691176","buyTxId":"128f21e100937c9677fa0790d954e0bbd3bf6bbf","sellTxId":"MM-P-16316013-63305033-3-30-0"},{"_id":3148000,"type":"sell","buyer":"pi-trader","seller":"brofi-market","symbol":"SIM","quantity":"0.004","price":"0.00038508","timestamp":1649347947,"volume":"0.00000154","buyTxId":"c419d7cfe63fa1150f657a827ec7297a75984648-3","sellTxId":"0be7884cfb40a7a74378135da125ce80fa4971a9"},{"_id":3148391,"type":"sell","buyer":"pi-trader","seller":"nyxlabs","symbol":"SIM","quantity":"2619.758","price":"0.00038508","timestamp":1649350905,"volume":"1.00881641","buyTxId":"060615d653ed70e0659c4c83cb1879572c0b6696-1","sellTxId":"cd7d7f53a8cea9982739e5a10379427c13a7d683"},{"_id":3148546,"type":"sell","buyer":"pi-trader","seller":"automaton","symbol":"SIM","quantity":"4765.000","price":"0.00038508","timestamp":1649352330,"volume":"1.83490620","buyTxId":"a6072264a0d0c59d03408b490cc7900cfe68b814-5","sellTxId":"7bb140780958bd1228b46f6100e3c0d2961dbcfa"},{"_id":3148706,"type":"sell","buyer":"pi-trader","seller":"zakludick","symbol":"SIM","quantity":"3.737","price":"0.00038508","timestamp":1649353365,"volume":"0.00143904","buyTxId":"6e3eaf328a6357bb645f015a60e5b9fa84e10474-3","sellTxId":"4a0239edd18c18bbe56a88cc1802f5300997d7d4"},{"_id":3148712,"type":"buy","buyer":"d-pend","seller":"medaymane","symbol":"SIM","quantity":"4681.500","price":"0.00039400","timestamp":1649353470,"volume":"1.84451100","buyTxId":"46a09c74eb426aed0e4182a4f96238ca88987249","sellTxId":"cf3afd257b94c6d8d52bc6f29872cab84ecc9d38"},{"_id":3148713,"type":"buy","buyer":"d-pend","seller":"brofi-market","symbol":"SIM","quantity":"0.004","price":"0.00039700","timestamp":1649353470,"volume":"0.00000159","buyTxId":"46a09c74eb426aed0e4182a4f96238ca88987249","sellTxId":"e7d827d76f1df03f771f15ed2fbcb3eb187a2e77"},{"_id":3148714,"type":"buy","buyer":"d-pend","seller":"atomcollector","symbol":"SIM","quantity":"68.496","price":"0.00044998","timestamp":1649353470,"volume":"0.03082183","buyTxId":"46a09c74eb426aed0e4182a4f96238ca88987249","sellTxId":"8c14099fc248a389449aa79a25893e0d89433c58"},{"_id":3148815,"type":"sell","buyer":"enginemaker","seller":"yintercept","symbol":"SIM","quantity":"2.450","price":"0.00039100","timestamp":1649354427,"volume":"0.00095795","buyTxId":"MM-P-16321389-63310419-3-2-0","sellTxId":"2479f82255d1ba005b0ad72e516358e169a4d8e9"},{"_id":3149077,"type":"sell","buyer":"d-pend","seller":"dhedge-drips","symbol":"SIM","quantity":"9.499","price":"0.00039200","timestamp":1649357121,"volume":"0.00372361","buyTxId":"0a7d9cb16c58bde52982ad9e25da5185e8b3979f","sellTxId":"9f12b09292645d152583c2a74589131091b20527"},{"_id":3149130,"type":"sell","buyer":"d-pend","seller":"bearbear613","symbol":"SIM","quantity":"98.000","price":"0.00039200","timestamp":1649357298,"volume":"0.03841600","buyTxId":"0a7d9cb16c58bde52982ad9e25da5185e8b3979f","sellTxId":"855e975956ee3a380bc5991d5f0618a174277ec2"},{"_id":3149242,"type":"sell","buyer":"maryjane.main","seller":"svirus","symbol":"SIM","quantity":"22996.500","price":"0.00040100","timestamp":1649358582,"volume":"9.22159650","buyTxId":"46fc5ef16f3c9b13fc57a32908670563d09d5028","sellTxId":"74dd9df0eb5685dee719a188f857aadf5376f7c9-1"},{"_id":3149243,"type":"sell","buyer":"maryjane.main","seller":"konvik","symbol":"SIM","quantity":"0.009","price":"0.00040100","timestamp":1649358582,"volume":"0.00000361","buyTxId":"46fc5ef16f3c9b13fc57a32908670563d09d5028","sellTxId":"97a7d9c223ad2dddb569f465591a496dc897e7fc-1"},{"_id":3149341,"type":"sell","buyer":"d-pend","seller":"loganhate","symbol":"SIM","quantity":"120.000","price":"0.00039200","timestamp":1649359779,"volume":"0.04704000","buyTxId":"0a7d9cb16c58bde52982ad9e25da5185e8b3979f","sellTxId":"28c1f238e0c30429330e82c68a85dcc14c92f51c"},{"_id":3149342,"type":"buy","buyer":"ianmcg","seller":"pi-trader","symbol":"SIM","quantity":"10000.000","price":"0.00040689","timestamp":1649359785,"volume":"4.06890000","buyTxId":"098fe2c925df25d1737a338d3373b4c7df7b8740","sellTxId":"7c7272bf5dbb4fa164384a3a50c8aaf9070422be-5"},{"_id":3149352,"type":"sell","buyer":"d-pend","seller":"bitcoinflood","symbol":"SIM","quantity":"655.634","price":"0.00039200","timestamp":1649359989,"volume":"0.25700853","buyTxId":"0a7d9cb16c58bde52982ad9e25da5185e8b3979f","sellTxId":"235e58b75e7307eafb2a16250cd2d5d13e557057"},{"_id":3149387,"type":"buy","buyer":"ianmcg","seller":"pi-trader","symbol":"SIM","quantity":"50000.000","price":"0.00040385","timestamp":1649360502,"volume":"20.19250000","buyTxId":"fcee65b8e6b29192ac845a692fa27fd90ca0e528","sellTxId":"96a9aafe407ebe4538b4c4c333bce09a30941f66-7"},{"_id":3149467,"type":"buy","buyer":"ianmcg","seller":"pi-trader","symbol":"SIM","quantity":"5000.000","price":"0.00039929","timestamp":1649361522,"volume":"1.99645000","buyTxId":"8ce28f0a73e95e4e2a5ee76eff6cbd03e4e77dc1","sellTxId":"0a088843c5d70cac15bdfbe3cfe58d78916e11b2-2"},{"_id":3149720,"type":"buy","buyer":"theclasser1","seller":"medaymane","symbol":"SIM","quantity":"5579.500","price":"0.00039400","timestamp":1649364828,"volume":"2.19832300","buyTxId":"b4a6a789325ea835dea896ea7c8be7d605f3fd36","sellTxId":"87088e841a47cffc3595568ff463de6b562f88b8"},{"_id":3149721,"type":"buy","buyer":"theclasser1","seller":"jelly-cz","symbol":"SIM","quantity":"38372.164","price":"0.00039778","timestamp":1649364828,"volume":"15.26367955","buyTxId":"b4a6a789325ea835dea896ea7c8be7d605f3fd36","sellTxId":"MM-P-16324076-63313110-3-27-0"},{"_id":3149849,"type":"sell","buyer":"d-pend","seller":"desro","symbol":"SIM","quantity":"1102.000","price":"0.00039200","timestamp":1649367054,"volume":"0.43198400","buyTxId":"0a7d9cb16c58bde52982ad9e25da5185e8b3979f","sellTxId":"6211bf030e38d9137892716d43c348cd0e0229fb"},{"_id":3149906,"type":"sell","buyer":"d-pend","seller":"rarej","symbol":"SIM","quantity":"1810.160","price":"0.00039200","timestamp":1649368251,"volume":"0.70958272","buyTxId":"0a7d9cb16c58bde52982ad9e25da5185e8b3979f","sellTxId":"0cec19f456338c71fb7e10d3abcba57542c16cfc"},{"_id":3149970,"type":"sell","buyer":"d-pend","seller":"steem.services","symbol":"SIM","quantity":"94175.933","price":"0.00039200","timestamp":1649368824,"volume":"36.91696574","buyTxId":"0a7d9cb16c58bde52982ad9e25da5185e8b3979f","sellTxId":"160fecce7cff85a37d7cc019589c510454ce93c0"},{"_id":3149989,"type":"sell","buyer":"pi-trader","seller":"he-index","symbol":"SIM","quantity":"31.777","price":"0.00039201","timestamp":1649368938,"volume":"0.01245690","buyTxId":"7e0e1461e883ea80ec9afc78a863bf07cc1974c6-2","sellTxId":"99db076a500e34b6cb4332b1888aa2950810c07b"},{"_id":3150119,"type":"buy","buyer":"morzex","seller":"jelly-cz","symbol":"SIM","quantity":"107511.836","price":"0.00039778","timestamp":1649369976,"volume":"42.76605812","buyTxId":"8da722f46781f617072dcd0660ada8b8bfe75010","sellTxId":"MM-P-16324076-63313110-3-27-0"},{"_id":3150120,"type":"buy","buyer":"morzex","seller":"hcsparta","symbol":"SIM","quantity":"0.004","price":"0.00041449","timestamp":1649369976,"volume":"0.00000188","buyTxId":"8da722f46781f617072dcd0660ada8b8bfe75010","sellTxId":"1321a5000701148dfb87be40097f089ccb402995"},{"_id":3150292,"type":"sell","buyer":"pi-trader","seller":"bearbear613","symbol":"SIM","quantity":"634.000","price":"0.00039301","timestamp":1649371713,"volume":"0.24916834","buyTxId":"1b724d68d8953f95f6af7a0a7ec41685960ca897-1","sellTxId":"7c1e7c9198a6c7dbf9f820652c7ab7fa18f80c22"},{"_id":3150414,"type":"sell","buyer":"pi-trader","seller":"dswap","symbol":"SIM","quantity":"87.424","price":"0.00039301","timestamp":1649373039,"volume":"0.03435851","buyTxId":"3a410771ee4efd8e0ee0f5ab9614b29f8c219e38-3","sellTxId":"b9ddb6f7f231e20566d359bafa18bac5730e5c5a"},{"_id":3150517,"type":"sell","buyer":"pi-trader","seller":"captaincryptic","symbol":"SIM","quantity":"403.004","price":"0.00039302","timestamp":1649373828,"volume":"0.15838863","buyTxId":"7ce33b028782f11032c54c2d248959726b69dba0-1","sellTxId":"8319e51fd29a9c19b704ac8e54feee565b23c260"},{"_id":3150637,"type":"sell","buyer":"pi-trader","seller":"quekery","symbol":"SIM","quantity":"3978.863","price":"0.00039302","timestamp":1649375634,"volume":"1.56377274","buyTxId":"6e747204f95edb65cc01547a286367e8a77cb921-3","sellTxId":"e3673e4d8d4141277d7c89c3d793d5a03e970a65"},{"_id":3150641,"type":"sell","buyer":"pi-trader","seller":"nftmart.fees","symbol":"SIM","quantity":"2585.100","price":"0.00039302","timestamp":1649375661,"volume":"1.01599600","buyTxId":"6e747204f95edb65cc01547a286367e8a77cb921-3","sellTxId":"8f314b71a9b9c81d0d93514fe25a10f0000bc588"},{"_id":3150728,"type":"sell","buyer":"pi-trader","seller":"brofi-market","symbol":"SIM","quantity":"0.003","price":"0.00039302","timestamp":1649376828,"volume":"0.00000118","buyTxId":"ebb73465be9c92fdc3954bd25c96cec450477c7e-4","sellTxId":"1057ce42496c633ac5db2c094796d8a470bb1cef"},{"_id":3150761,"type":"buy","buyer":"forsakensushi","seller":"txracer","symbol":"SIM","quantity":"0.267","price":"0.00039303","timestamp":1649377083,"volume":"0.00010494","buyTxId":"b8fad6ba13e6b94ded1fcfc29573e18698c5b473","sellTxId":"ecfba6ee8fc071722f65656084094addb007b9dd"},{"_id":3150762,"type":"buy","buyer":"forsakensushi","seller":"brofi-market","symbol":"SIM","quantity":"0.003","price":"0.00039303","timestamp":1649377083,"volume":"0.00000118","buyTxId":"b8fad6ba13e6b94ded1fcfc29573e18698c5b473","sellTxId":"ae02c26240f8359f2e556960f7079dac1cccf21e"},{"_id":3150763,"type":"buy","buyer":"forsakensushi","seller":"jelly-cz","symbol":"SIM","quantity":"34999.730","price":"0.00040385","timestamp":1649377083,"volume":"14.13464096","buyTxId":"b8fad6ba13e6b94ded1fcfc29573e18698c5b473","sellTxId":"MM-P-16327463-63316499-3-27-0"},{"_id":3150829,"type":"buy","buyer":"forsakensushi","seller":"jelly-cz","symbol":"SIM","quantity":"32196.360","price":"0.00040385","timestamp":1649377845,"volume":"13.00249999","buyTxId":"6be06d206ef4c3c7d7fff2003b6a748a5bfa788b","sellTxId":"MM-P-16327463-63316499-3-27-0"},{"_id":3150862,"type":"buy","buyer":"forsakensushi","seller":"jelly-cz","symbol":"SIM","quantity":"29639.718","price":"0.00040385","timestamp":1649378235,"volume":"11.97000011","buyTxId":"c0cfa9fb2ad266fee9891012f1f17ffcd3cc2033","sellTxId":"MM-P-16327463-63316499-3-27-0"},{"_id":3150876,"type":"buy","buyer":"forsakensushi","seller":"jelly-cz","symbol":"SIM","quantity":"49048.192","price":"0.00040385","timestamp":1649378532,"volume":"19.80811234","buyTxId":"52acb6679ecbf99eacde2d38275d5bec98da832d","sellTxId":"MM-P-16327463-63316499-3-27-0"},{"_id":3150885,"type":"sell","buyer":"pi-trader","seller":"dhedge-drips","symbol":"SIM","quantity":"0.001","price":"0.00039302","timestamp":1649378718,"volume":"0.00000039","buyTxId":"9afe78f3877888400802635d6ee5d33ad708a142-1","sellTxId":"f7346d53a7d74a5ee3acc3b90ebea0fa6439c645"},{"_id":3151025,"type":"buy","buyer":"maryjane.main","seller":"jelly-cz","symbol":"SIM","quantity":"1975.886","price":"0.00040385","timestamp":1649380833,"volume":"0.79796156","buyTxId":"5bb13115c9f196023967831293d1687474c2c779","sellTxId":"MM-P-16330353-63319392-3-27-0"},{"_id":3151052,"type":"sell","buyer":"pi-trader","seller":"bjyshadow","symbol":"SIM","quantity":"1000.000","price":"0.00039302","timestamp":1649381109,"volume":"0.39302000","buyTxId":"78e20118126291e0a2a85919dabc592426d84320-1","sellTxId":"80cdfc5a7b30326138301e1edb4727c214311b5f"},{"_id":3151083,"type":"sell","buyer":"pi-trader","seller":"gsauce1989","symbol":"SIM","quantity":"7319.000","price":"0.00039302","timestamp":1649381799,"volume":"2.87651338","buyTxId":"1635efa06c24b89ecf1153e089930fb4aa597219-4","sellTxId":"b1355b47afccd50fbb2a2dab2c15ba0dc3af9ec9"},{"_id":3151216,"type":"buy","buyer":"forsakensushi","seller":"jelly-cz","symbol":"SIM","quantity":"61317.043","price":"0.00040385","timestamp":1649384220,"volume":"24.76288782","buyTxId":"6a23578cb56c6f77dd58efefcc3822fbab1cb233","sellTxId":"MM-P-16330353-63319392-3-27-0"},{"_id":3151281,"type":"buy","buyer":"libert","seller":"jelly-cz","symbol":"SIM","quantity":"10597.994","price":"0.00040385","timestamp":1649385243,"volume":"4.28","buyTxId":"de5e4a5a11a07e4acc9db84e19ffe3e0b479c29b","sellTxId":"MM-P-16330353-63319392-3-27-0"},{"_id":3151341,"type":"buy","buyer":"ianmcg","seller":"jelly-cz","symbol":"SIM","quantity":"7230.568","price":"0.00040385","timestamp":1649386455,"volume":"2.92006489","buyTxId":"6b628a85f587e668fc96f6515143ffc9c48d3554","sellTxId":"MM-P-16330353-63319392-3-27-0"}]}