{"index": {"_index":"sim","_id":"2601094"}}
	{"id":2601094,"type":"buy","buyer":"konvik","seller":"jelly-cz","symbol":"SIM","quantity":"76068.633","price":"0.00055949","timestamp":1642734873,"volume":"42.55963948","buyTxId":"f32ca6297bbf3bada2f7018a5d38248a7dc13c2d-0","sellTxId":"MM-P-14119858-61107055-3-33-0"}
{"index": {"_index":"sim","_id":"2601115"}}
	{"id":2601115,"type":"sell","buyer":"pi-trader","seller":"thatcryptodave","symbol":"SIM","quantity":"1065.000","price":"0.00053001","timestamp":1642735227,"volume":"0.56446065","buyTxId":"0404c0ea66b0765ed3cf485088b5ba19a22d622e-3","sellTxId":"8ef181e1936c2bbed39e0a164ec739cc9b2f19ee"}
{"index": {"_index":"sim","_id":"2601268"}}
	{"id":2601268,"type":"sell","buyer":"pi-trader","seller":"linco","symbol":"SIM","quantity":"1510.000","price":"0.00053001","timestamp":1642736829,"volume":"0.80031510","buyTxId":"1db71baa5557dc78cc7d6cf0ec46676e46e59b73-3","sellTxId":"87173810696cba4d87d3d8ef2e96161e8559373e"}
{"index": {"_index":"sim","_id":"2601298"}}
	{"id":2601298,"type":"sell","buyer":"pi-trader","seller":"goldcoin","symbol":"SIM","quantity":"18.163","price":"0.00053001","timestamp":1642737027,"volume":"0.00962657","buyTxId":"5fe12f56bd195c4c4862c288b565e661f7dc311e-7","sellTxId":"6718d1e8b66d9aa6a10e56deb9c9d733c85c7191"}
{"index": {"_index":"sim","_id":"2601410"}}
	{"id":2601410,"type":"sell","buyer":"pi-trader","seller":"bashadow","symbol":"SIM","quantity":"53.489","price":"0.00053001","timestamp":1642738020,"volume":"0.02834970","buyTxId":"05fde0156d25225252346026707a5e156921e547-3","sellTxId":"474c65b3c47baf86fdcc2b799b7e5fcf312b6bbc"}
{"index": {"_index":"sim","_id":"2601598"}}
	{"id":2601598,"type":"sell","buyer":"pi-trader","seller":"theshaki","symbol":"SIM","quantity":"34.038","price":"0.00053001","timestamp":1642739820,"volume":"0.01804048","buyTxId":"d2ff0b4fff427113a0f8ee4a3d04d3ce28e01a07-1","sellTxId":"e6e2b711084f57205c7a39f8cb9843ed68c8eb7c"}
{"index": {"_index":"sim","_id":"2601657"}}
	{"id":2601657,"type":"buy","buyer":"petertag","seller":"jelly-cz","symbol":"SIM","quantity":"1056.367","price":"0.00055949","timestamp":1642740771,"volume":"0.59102677","buyTxId":"fdcff674a9ed57ac7391d0f8238130c4764c53f9","sellTxId":"MM-P-14119858-61107055-3-33-0"}
{"index": {"_index":"sim","_id":"2601660"}}
	{"id":2601660,"type":"buy","buyer":"petertag","seller":"desyfit","symbol":"SIM","quantity":"70.130","price":"0.00056000","timestamp":1642740882,"volume":"0.03927280","buyTxId":"a9282ef37cb75db5631f403432ca1fd5edad03c4","sellTxId":"fd4597323f7abb96597f24b6329e2ebe75d8f39b"}
{"index": {"_index":"sim","_id":"2601718"}}
	{"id":2601718,"type":"buy","buyer":"notak1","seller":"jelly-cz","symbol":"SIM","quantity":"77581.000","price":"0.00055949","timestamp":1642741683,"volume":"43.40579369","buyTxId":"27e3b264fb755e8882700c3261088e0626ee6dea","sellTxId":"MM-P-14125447-61112645-3-33-0"}
{"index": {"_index":"sim","_id":"2601987"}}
	{"id":2601987,"type":"sell","buyer":"pi-trader","seller":"tonytrillions","symbol":"SIM","quantity":"0.020","price":"0.00053001","timestamp":1642745733,"volume":"0.00001060","buyTxId":"5bc20a118042c12a0537b3bd958dcd51afd07bf2-9","sellTxId":"b66e60e192be4332439b3f9cc2d2f6b6fd69f67f"}
{"index": {"_index":"sim","_id":"2602265"}}
	{"id":2602265,"type":"sell","buyer":"pi-trader","seller":"lifeskills-tv","symbol":"SIM","quantity":"660.277","price":"0.00053001","timestamp":1642748922,"volume":"0.34995341","buyTxId":"d8a05e4fb37a1a0cd9e30d71f9ddbdea7619e7f8-1","sellTxId":"700dd37591a27f99512361bc335d85fbb8f92a4e"}
{"index": {"_index":"sim","_id":"2602423"}}
	{"id":2602423,"type":"sell","buyer":"pi-trader","seller":"taitux","symbol":"SIM","quantity":"285.000","price":"0.00053001","timestamp":1642751328,"volume":"0.15105285","buyTxId":"ba49bddd34d7b2967660a7388d6da916c9535960-5","sellTxId":"5aa9a80f8479683676e30588add12e173c25a198"}
{"index": {"_index":"sim","_id":"2602962"}}
	{"id":2602962,"type":"buy","buyer":"svirus","seller":"desyfit","symbol":"SIM","quantity":"100000.000","price":"0.00055000","timestamp":1642757508,"volume":"55.00000000","buyTxId":"be1b6ede5aac2287c7beaa4f11549d95730c52e2-0","sellTxId":"185f589006c8e1ad45de146b8af43f1d48f86f05"}
{"index": {"_index":"sim","_id":"2603146"}}
	{"id":2603146,"type":"sell","buyer":"pi-trader","seller":"rarej","symbol":"SIM","quantity":"100000.000","price":"0.00054001","timestamp":1642759707,"volume":"54.00100000","buyTxId":"23d746cc649f2f4b965eef89a97eb2f6ddfcc191-1","sellTxId":"de394b8f7442366ca5c52ac45886a321ade2a697"}
{"index": {"_index":"sim","_id":"2603194"}}
	{"id":2603194,"type":"sell","buyer":"pi-trader","seller":"dotwin1981","symbol":"SIM","quantity":"0.265","price":"0.00054001","timestamp":1642760097,"volume":"0.00014310","buyTxId":"b9e327d3e7f3a960be1cfb0b923e6f9a278d7414-2","sellTxId":"4ee8e48a51611d2c0bfcef877d41f3893e65bd15"}
{"index": {"_index":"sim","_id":"2603196"}}
	{"id":2603196,"type":"sell","buyer":"pi-trader","seller":"rarej","symbol":"SIM","quantity":"100000.000","price":"0.00054001","timestamp":1642760112,"volume":"54.00100000","buyTxId":"71b221d6cc8be83171ebe314740f3208887147f2-3","sellTxId":"50053ed5b4bd12ed91c51b25f3010e190fd69cfc"}
{"index": {"_index":"sim","_id":"2603199"}}
	{"id":2603199,"type":"sell","buyer":"pi-trader","seller":"theguruasia","symbol":"SIM","quantity":"6223.478","price":"0.00054001","timestamp":1642760154,"volume":"3.36074035","buyTxId":"a0dc22a874193bf512e0cccb79bfe70f77f5f6c7-2","sellTxId":"8ee186bf6e7da6170f51c623ef0680f38a01131d"}
{"index": {"_index":"sim","_id":"2603209"}}
	{"id":2603209,"type":"sell","buyer":"pi-trader","seller":"rarej","symbol":"SIM","quantity":"100000.000","price":"0.00054001","timestamp":1642760301,"volume":"54.00100000","buyTxId":"0f9ce0f9f30e4d9d4ffd5a92f413a04d4a5a0464-3","sellTxId":"9377db3d85074b2f68068ad56eac849799852c12"}
{"index": {"_index":"sim","_id":"2603294"}}
	{"id":2603294,"type":"buy","buyer":"johndieo","seller":"jelly-cz","symbol":"SIM","quantity":"28.000","price":"0.00055793","timestamp":1642762074,"volume":"0.01562204","buyTxId":"a02b685faff61f830fbf8f9e5ba5f2353bf7b4dc","sellTxId":"MM-P-14132127-61119328-3-33-0"}
{"index": {"_index":"sim","_id":"2603510"}}
	{"id":2603510,"type":"sell","buyer":"pi-trader","seller":"skylinebuds","symbol":"SIM","quantity":"181.000","price":"0.00054001","timestamp":1642764963,"volume":"0.09774181","buyTxId":"1171271f72d4da023c276528b39278e1c18f1557-4","sellTxId":"99a0605d6800655ce73fc832ef79d257e27a6bc3"}
{"index": {"_index":"sim","_id":"2603672"}}
	{"id":2603672,"type":"sell","buyer":"pi-trader","seller":"bilpcoinbpc","symbol":"SIM","quantity":"7.300","price":"0.00054001","timestamp":1642766619,"volume":"0.00394207","buyTxId":"3fde1680d0b61226b3f65977586df8a0fd4f7833-3","sellTxId":"1bc42623c5cbaa47e5784c383e4e138d6d465bf2"}
{"index": {"_index":"sim","_id":"2603712"}}
	{"id":2603712,"type":"sell","buyer":"pi-trader","seller":"brofi-market","symbol":"SIM","quantity":"0.005","price":"0.00054001","timestamp":1642767033,"volume":"0.00000270","buyTxId":"0f7e90695404a6ca6ec24c73dd41df583f595715-1","sellTxId":"fa4acfe34ad0b3a30c2a82edd07e541863963d00"}
{"index": {"_index":"sim","_id":"2604415"}}
	{"id":2604415,"type":"sell","buyer":"pi-trader","seller":"bosmob","symbol":"SIM","quantity":"32485.801","price":"0.00054001","timestamp":1642775796,"volume":"17.54265740","buyTxId":"8065beb6910bde23213b97a1f9dfe00ddd66ed1b-7","sellTxId":"ae377f522cf092c24cd1de7339d497f64c253bc8"}
{"index": {"_index":"sim","_id":"2604563"}}
	{"id":2604563,"type":"sell","buyer":"pi-trader","seller":"dreamm","symbol":"SIM","quantity":"2243.000","price":"0.00054001","timestamp":1642777389,"volume":"1.21124243","buyTxId":"f27b83932da4f9feac68b2f651e9a895ba241ef6-5","sellTxId":"58359d24c441ff901734c34a8390f78edbe237a0"}
{"index": {"_index":"sim","_id":"2604618"}}
	{"id":2604618,"type":"sell","buyer":"pi-trader","seller":"lisamgentile1961","symbol":"SIM","quantity":"14.652","price":"0.00054001","timestamp":1642777986,"volume":"0.00791223","buyTxId":"6c21608652a50cd568b86acc174ca6b663b0f8d1-3","sellTxId":"80dbd5f42d546cb27f7289abb8ba91899e8b27be"}
{"index": {"_index":"sim","_id":"2604619"}}
	{"id":2604619,"type":"buy","buyer":"prapanth","seller":"jelly-cz","symbol":"SIM","quantity":"800.000","price":"0.00055742","timestamp":1642777995,"volume":"0.44593600","buyTxId":"f5b96c3b39c78312143c4e890b1dc2d79f26b9fc","sellTxId":"MM-P-14134123-61121325-3-33-0"}
{"index": {"_index":"sim","_id":"2604899"}}
	{"id":2604899,"type":"buy","buyer":"cardi0","seller":"jelly-cz","symbol":"SIM","quantity":"1638.000","price":"0.00055742","timestamp":1642781340,"volume":"0.91305396","buyTxId":"9411ca1a6040902241f8ebd7f289094a933a0dc8","sellTxId":"MM-P-14134123-61121325-3-33-0"}
{"index": {"_index":"sim","_id":"2605541"}}
	{"id":2605541,"type":"sell","buyer":"pi-trader","seller":"tonytrillions","symbol":"SIM","quantity":"0.020","price":"0.00054002","timestamp":1642785912,"volume":"0.00001080","buyTxId":"a21781feabd35ab106516c050198d730163c3f96-1","sellTxId":"499981f5667a668c467ab9d82ccda03f721f9b89"}
{"index": {"_index":"sim","_id":"2605583"}}
	{"id":2605583,"type":"buy","buyer":"cardi0","seller":"jelly-cz","symbol":"SIM","quantity":"3014.971","price":"0.00055671","timestamp":1642786146,"volume":"1.67846451","buyTxId":"6575fc0ddc3397bdd5fc04af731748f52b101302","sellTxId":"MM-P-14139510-61126713-3-33-0"}
{"index": {"_index":"sim","_id":"2605838"}}
	{"id":2605838,"type":"sell","buyer":"pi-trader","seller":"kasaisoul","symbol":"SIM","quantity":"0.254","price":"0.00054002","timestamp":1642788138,"volume":"0.00013717","buyTxId":"b8da678b9c70fa8e61340fb2de98a9203fd29a4c-2","sellTxId":"0682b1886bed8604ac0554ba8407ac2c519856d1"}
{"index": {"_index":"sim","_id":"2605877"}}
	{"id":2605877,"type":"sell","buyer":"pi-trader","seller":"uzumaki7","symbol":"SIM","quantity":"31515.335","price":"0.00054002","timestamp":1642788423,"volume":"17.01891121","buyTxId":"269ba462aac103897f2bd650c01728f081fe8b27-1","sellTxId":"835f0daad93eeda42966b2a7b0ad49bef01d5c1d"}
{"index": {"_index":"sim","_id":"2606419"}}
	{"id":2606419,"type":"sell","buyer":"pi-trader","seller":"ironshield","symbol":"SIM","quantity":"12095.964","price":"0.00054002","timestamp":1642789611,"volume":"6.53206248","buyTxId":"1650107dde18b28072e5fd21186ea34dd3749284-3","sellTxId":"9f06763ff761fb29d8e9c1ee46fb6bc9ade88454"}
{"index": {"_index":"sim","_id":"2606772"}}
	{"id":2606772,"type":"sell","buyer":"pi-trader","seller":"monsterjamgold","symbol":"SIM","quantity":"1449.250","price":"0.00054002","timestamp":1642792815,"volume":"0.78262399","buyTxId":"f6b4b807283253fc68a64cfca6fda26151d7157c-3","sellTxId":"0303e961732bca1ef2fb054043efa84940b26a0c"}
{"index": {"_index":"sim","_id":"2606793"}}
	{"id":2606793,"type":"sell","buyer":"pi-trader","seller":"quirozrafa","symbol":"SIM","quantity":"104.010","price":"0.00054002","timestamp":1642793088,"volume":"0.05616748","buyTxId":"f0a7205dd960cdd36cd3fec9f58942b16af0e6d9-3","sellTxId":"d66ecc1206e21b866e93a214b0cbcd01bcb86f6e"}
{"index": {"_index":"sim","_id":"2607015"}}
	{"id":2607015,"type":"sell","buyer":"pi-trader","seller":"taitux","symbol":"SIM","quantity":"227.000","price":"0.00054002","timestamp":1642795740,"volume":"0.12258454","buyTxId":"1fa624a26c9c271984c0536b2260caf6989a61ea-3","sellTxId":"69a0d7e7626a12ef7156de0e3469ea524ecf26a2"}
{"index": {"_index":"sim","_id":"2607232"}}
	{"id":2607232,"type":"sell","buyer":"pi-trader","seller":"jjprac","symbol":"SIM","quantity":"100000.000","price":"0.00054002","timestamp":1642797693,"volume":"54.00200000","buyTxId":"d8556fdcf4210b841badda497e01c6c7e23fd904-5","sellTxId":"eb60c97f98b632dd87016d4e206c53a860203103"}
{"index": {"_index":"sim","_id":"2607234"}}
	{"id":2607234,"type":"buy","buyer":"svirus","seller":"jjprac","symbol":"SIM","quantity":"97827.270","price":"0.00054002","timestamp":1642797696,"volume":"52.82868235","buyTxId":"6580b872d5837c3affbb5ef242cd043d8317d448-0","sellTxId":"eb60c97f98b632dd87016d4e206c53a860203103"}
{"index": {"_index":"sim","_id":"2607235"}}
	{"id":2607235,"type":"buy","buyer":"konvik","seller":"jjprac","symbol":"SIM","quantity":"0.003","price":"0.00054002","timestamp":1642797696,"volume":"0.00000162","buyTxId":"032c22b79d2f4c9e2c5c7534c27d3129903119d5-0","sellTxId":"eb60c97f98b632dd87016d4e206c53a860203103"}
{"index": {"_index":"sim","_id":"2607242"}}
	{"id":2607242,"type":"buy","buyer":"jjprac","seller":"pi-trader","symbol":"SIM","quantity":"3000.000","price":"0.00055619","timestamp":1642797753,"volume":"1.66857000","buyTxId":"5db8b909d5cccab6c401d8e6877ea2d25e130a32","sellTxId":"f2653a10f51f8fa2fcdd8781d580a0868efe6b8d-0"}
{"index": {"_index":"sim","_id":"2607249"}}
	{"id":2607249,"type":"buy","buyer":"jjprac","seller":"pi-trader","symbol":"SIM","quantity":"50000.000","price":"0.00055619","timestamp":1642797819,"volume":"27.80950000","buyTxId":"8952a99f2d1ced0917f7ae135162c667462dc289","sellTxId":"1b15c128b90a28aa0d569981ffb2e0af69e2c30e-4"}
{"index": {"_index":"sim","_id":"2607250"}}
	{"id":2607250,"type":"sell","buyer":"jjprac","seller":"svirus","symbol":"SIM","quantity":"147459.000","price":"0.00055619","timestamp":1642797822,"volume":"82.01522121","buyTxId":"8952a99f2d1ced0917f7ae135162c667462dc289","sellTxId":"198fa668d8173025907495c1624d789aef281b65-1"}
{"index": {"_index":"sim","_id":"2607367"}}
	{"id":2607367,"type":"buy","buyer":"monsterjamgold","seller":"jelly-cz","symbol":"SIM","quantity":"176.000","price":"0.00055620","timestamp":1642798866,"volume":"0.09789120","buyTxId":"7e27622d51b657da062dea7c85bbdf9fc5f81870","sellTxId":"MM-P-14141204-61128407-3-33-0"}
{"index": {"_index":"sim","_id":"2607506"}}
	{"id":2607506,"type":"sell","buyer":"pi-trader","seller":"rarej","symbol":"SIM","quantity":"1361.039","price":"0.00054003","timestamp":1642799931,"volume":"0.73500189","buyTxId":"c3b8d9aaf52ec6a0298754f44fd4c8fcf6d47eff-2","sellTxId":"29c8b591c21b3eb66d4e45632cc1c7013b375614"}
{"index": {"_index":"sim","_id":"2607897"}}
	{"id":2607897,"type":"sell","buyer":"pi-trader","seller":"valor2s","symbol":"SIM","quantity":"102.000","price":"0.00054002","timestamp":1642803225,"volume":"0.05508204","buyTxId":"4533b1378322df863e1f1e2e87698e4dddf5565e-3","sellTxId":"1c2c9f561c6c831b37a8758dade61b0fd598628b"}
{"index": {"_index":"sim","_id":"2607985"}}
	{"id":2607985,"type":"sell","buyer":"pi-trader","seller":"balte","symbol":"SIM","quantity":"52000.000","price":"0.00054002","timestamp":1642803522,"volume":"28.08104000","buyTxId":"adabec7a9ca2d9eed71cc4079c1fd713c26e5986-3","sellTxId":"2efa57e2a6d546e593fbfd428a289557643c26e4"}
{"index": {"_index":"sim","_id":"2608044"}}
	{"id":2608044,"type":"sell","buyer":"pi-trader","seller":"otherbrandt","symbol":"SIM","quantity":"83917.000","price":"0.00054002","timestamp":1642804284,"volume":"45.31685834","buyTxId":"c8858d5e3e99632c6a1bacc929182726e16e45fc-3","sellTxId":"2698cbed69a91e2091b7082d666a99ece1dcbf67"}
{"index": {"_index":"sim","_id":"2608102"}}
	{"id":2608102,"type":"sell","buyer":"pi-trader","seller":"artistparthoroy","symbol":"SIM","quantity":"11751.000","price":"0.00054002","timestamp":1642804875,"volume":"6.34577502","buyTxId":"acf84833f213c7b80be4dee7c8675643ddfac537-3","sellTxId":"0b852dec0b2ea6e4e854c96fb3aceddb1e23c7fa"}
{"index": {"_index":"sim","_id":"2608300"}}
	{"id":2608300,"type":"sell","buyer":"pi-trader","seller":"he-index","symbol":"SIM","quantity":"149.026","price":"0.00054002","timestamp":1642807086,"volume":"0.08047702","buyTxId":"59544fb1f00ae449d0e3fc9b63b462c3318cde1e-3","sellTxId":"b0c5ef6f23c4960c8b9e9bf873f57e15160f590f"}
{"index": {"_index":"sim","_id":"2608491"}}
	{"id":2608491,"type":"sell","buyer":"pi-trader","seller":"stickupcash","symbol":"SIM","quantity":"100000.000","price":"0.00054002","timestamp":1642808859,"volume":"54.00200000","buyTxId":"cd59d821553ca5d4f349ea1b6241cd4bcefbf176-3","sellTxId":"d39c798f45284a1f7c416230a13bce47ec580b7f"}
{"index": {"_index":"sim","_id":"2608520"}}
	{"id":2608520,"type":"sell","buyer":"pi-trader","seller":"stickupcash","symbol":"SIM","quantity":"100000.000","price":"0.00054002","timestamp":1642809108,"volume":"54.00200000","buyTxId":"9d182eb7e3a0265551bf26052ab515ee4972326d-3","sellTxId":"a80959cd8fee88b10d1fee631bd19668757bfc9f"}
{"index": {"_index":"sim","_id":"2608536"}}
	{"id":2608536,"type":"sell","buyer":"pi-trader","seller":"stickupcash","symbol":"SIM","quantity":"100000.000","price":"0.00054002","timestamp":1642809303,"volume":"54.00200000","buyTxId":"65369d273b8641997b31b020e558157dfdd29a2e-2","sellTxId":"6ffb31c4f1525ae87961ae24c6e1245cf1d1657f"}
{"index": {"_index":"sim","_id":"2608595"}}
	{"id":2608595,"type":"sell","buyer":"pi-trader","seller":"stickupcash","symbol":"SIM","quantity":"100000.000","price":"0.00054002","timestamp":1642809663,"volume":"54.00200000","buyTxId":"ec524fff0567a71ba313ee5f76a9e54dff6b2c3e-2","sellTxId":"6ad91a1cfd91bffc05f58c6f6908f2e7147141a7"}
{"index": {"_index":"sim","_id":"2608680"}}
	{"id":2608680,"type":"sell","buyer":"prapanth","seller":"brofi-market","symbol":"SIM","quantity":"0.004","price":"0.00054001","timestamp":1642810533,"volume":"0.00000216","buyTxId":"d3e3ef26318a7f0c8b69ddd5f18656c5102fa93b","sellTxId":"df83578c9cc8e4e988d336273790122fe0b47833"}
{"index": {"_index":"sim","_id":"2608756"}}
	{"id":2608756,"type":"buy","buyer":"theclasser1","seller":"pi-trader","symbol":"SIM","quantity":"2421.326","price":"0.00055135","timestamp":1642811202,"volume":"1.33499809","buyTxId":"37d407804ade86e6dddcb808a0f5b9a6c481fbb6","sellTxId":"aef4eed44bf403bf9ae69382210e8579c72d5170-10"}
{"index": {"_index":"sim","_id":"2609198"}}
	{"id":2609198,"type":"buy","buyer":"johndieo","seller":"jelly-cz","symbol":"SIM","quantity":"166.000","price":"0.00054980","timestamp":1642815009,"volume":"0.09126680","buyTxId":"b5bbff235954d307c1daa6673bd8a0a89b1cba79","sellTxId":"MM-P-14148982-61136186-3-33-0"}
{"index": {"_index":"sim","_id":"2609270"}}
	{"id":2609270,"type":"sell","buyer":"pi-trader","seller":"bitcoinflood","symbol":"SIM","quantity":"2006.378","price":"0.00054002","timestamp":1642816008,"volume":"1.08348425","buyTxId":"7101f9e2b233fd3aa2bc67b38a0c0713d4de47a7","sellTxId":"de15bfe466f0cba6453cb67e16c8e45b7c2eea9b"}
{"index": {"_index":"sim","_id":"2609487"}}
	{"id":2609487,"type":"sell","buyer":"pi-trader","seller":"kasaisoul","symbol":"SIM","quantity":"0.332","price":"0.00054002","timestamp":1642818636,"volume":"0.00017929","buyTxId":"725c593a37adf343b661298f3785c26d082fbdfd-5","sellTxId":"6f03aecd1ce1e115cbeb3e8a2465f2119afb9174"}
{"index": {"_index":"sim","_id":"2609521"}}
	{"id":2609521,"type":"sell","buyer":"pi-trader","seller":"theguruasia","symbol":"SIM","quantity":"1700.463","price":"0.00054002","timestamp":1642819023,"volume":"0.91828403","buyTxId":"50d9ffb15f9a1c1283f0e2f3aa362a75757bd9de-1","sellTxId":"3bf3fff09284b6158e299e9d59e58201e53b47a8"}
{"index": {"_index":"sim","_id":"2609574"}}
	{"id":2609574,"type":"sell","buyer":"pi-trader","seller":"andy4475","symbol":"SIM","quantity":"36.605","price":"0.00054002","timestamp":1642820148,"volume":"0.01976743","buyTxId":"19f0bf7be33cb0712d9984660d8a2a15078c7125-3","sellTxId":"aa9d4754cf2735303512f4efcc5cb0d8bb395b0c"}
