{"index": {"_index":"sim","_id":"2374799"}}
	{"id":2374799,"type":"sell","buyer":"jelly-cz","seller":"augustbrown","symbol":"SIM","quantity":"28.000","price":"0.00063374","timestamp":1640403174,"volume":"0.01774472","buyTxId":"MM-P-13342749-60329713-3-29-0","sellTxId":"4ba2a56888ad7417c62005b0fa6b41685ac1a82b"}
{"index": {"_index":"sim","_id":"2374816"}}
	{"id":2374816,"type":"sell","buyer":"jelly-cz","seller":"kasaisoul","symbol":"SIM","quantity":"200.000","price":"0.00063374","timestamp":1640403435,"volume":"0.12674800","buyTxId":"MM-P-13342749-60329713-3-29-0","sellTxId":"281200734fb29e2aaecc7f950eb3ce89bfe4b32a"}
{"index": {"_index":"sim","_id":"2374968"}}
	{"id":2374968,"type":"sell","buyer":"jelly-cz","seller":"valor2s","symbol":"SIM","quantity":"37.000","price":"0.00063374","timestamp":1640405673,"volume":"0.02344838","buyTxId":"MM-P-13342749-60329713-3-29-0","sellTxId":"4d1e122997fbf89a02a6ad93d58db817271fff6c"}
{"index": {"_index":"sim","_id":"2375013"}}
	{"id":2375013,"type":"sell","buyer":"jelly-cz","seller":"themanwithnoname","symbol":"SIM","quantity":"288.665","price":"0.00063374","timestamp":1640406423,"volume":"0.18293856","buyTxId":"MM-P-13342749-60329713-3-29-0","sellTxId":"665d8473262d0ce550b84973b791a6ad7b8f4685"}
{"index": {"_index":"sim","_id":"2375159"}}
	{"id":2375159,"type":"sell","buyer":"jelly-cz","seller":"ubeautiful","symbol":"SIM","quantity":"46818.010","price":"0.00063374","timestamp":1640408700,"volume":"29.67044566","buyTxId":"MM-P-13342749-60329713-3-29-0","sellTxId":"a0eee95b62b037af3a5e540120d6d7769f6497e5"}
{"index": {"_index":"sim","_id":"2375238"}}
	{"id":2375238,"type":"sell","buyer":"jelly-cz","seller":"hotasian","symbol":"SIM","quantity":"63854.603","price":"0.00063374","timestamp":1640409693,"volume":"40.46721610","buyTxId":"MM-P-13342749-60329713-3-29-0","sellTxId":"dcd79aa1a9ee5d0e69d4ea4ec635b26b28ae1f8d"}
{"index": {"_index":"sim","_id":"2375239"}}
	{"id":2375239,"type":"buy","buyer":"konvik","seller":"hotasian","symbol":"SIM","quantity":"218567.552","price":"0.00063000","timestamp":1640409696,"volume":"137.69755776","buyTxId":"00c782c79044d26d157a50f3f4492d42f42907a5-0","sellTxId":"dcd79aa1a9ee5d0e69d4ea4ec635b26b28ae1f8d"}
{"index": {"_index":"sim","_id":"2375300"}}
	{"id":2375300,"type":"buy","buyer":"dkid14","seller":"pi-trader","symbol":"SIM","quantity":"9600.000","price":"0.00064569","timestamp":1640410611,"volume":"6.19862400","buyTxId":"8d2f391980d5582c714e4de4de09198d8d54e749","sellTxId":"fc1bc0baee683102b37cd3fdf5c00d76a87d82c2-5"}
{"index": {"_index":"sim","_id":"2375364"}}
	{"id":2375364,"type":"sell","buyer":"jelly-cz","seller":"kasaisoul","symbol":"SIM","quantity":"370.010","price":"0.00062854","timestamp":1640411559,"volume":"0.23256609","buyTxId":"MM-P-13350628-60337593-3-29-0","sellTxId":"687b68c2025ec17396793e1622dd8ca67e0396e3"}
{"index": {"_index":"sim","_id":"2375785"}}
	{"id":2375785,"type":"sell","buyer":"jelly-cz","seller":"guruvaj","symbol":"SIM","quantity":"1407.458","price":"0.00062854","timestamp":1640417259,"volume":"0.88464365","buyTxId":"MM-P-13350628-60337593-3-29-0","sellTxId":"8af0090cd9337e5fe666789354e82416f4f0dcae"}
{"index": {"_index":"sim","_id":"2375788"}}
	{"id":2375788,"type":"buy","buyer":"rexikhan","seller":"pi-trader","symbol":"SIM","quantity":"188.000","price":"0.00064569","timestamp":1640417298,"volume":"0.12138972","buyTxId":"4b7696327d093fe3cc52a084dc7e5db9d46ab586","sellTxId":"58643a787a642e0b189a8756bb5c55a8143efc41-6"}
{"index": {"_index":"sim","_id":"2375924"}}
	{"id":2375924,"type":"sell","buyer":"jelly-cz","seller":"medaymane","symbol":"SIM","quantity":"503.300","price":"0.00062854","timestamp":1640418996,"volume":"0.31634418","buyTxId":"MM-P-13350628-60337593-3-29-0","sellTxId":"3a256b69a6c56d64cbacf6bfd8238e31febdec82"}
{"index": {"_index":"sim","_id":"2375946"}}
	{"id":2375946,"type":"sell","buyer":"jelly-cz","seller":"hirohurl","symbol":"SIM","quantity":"14.998","price":"0.00062854","timestamp":1640419218,"volume":"0.00942684","buyTxId":"MM-P-13350628-60337593-3-29-0","sellTxId":"f2f9196d910587eae90694b3ee210df34627696b"}
{"index": {"_index":"sim","_id":"2376144"}}
	{"id":2376144,"type":"sell","buyer":"pi-trader","seller":"digital-fortress","symbol":"SIM","quantity":"0.001","price":"0.00062959","timestamp":1640420802,"volume":"0.00000063","buyTxId":"b772772bc69c311880f8a7741349b55cad091ae7-1","sellTxId":"7c10e90f4116fe6cc0687d5848180409efed251d"}
{"index": {"_index":"sim","_id":"2376207"}}
	{"id":2376207,"type":"sell","buyer":"pi-trader","seller":"anosys","symbol":"SIM","quantity":"13.380","price":"0.00063115","timestamp":1640421801,"volume":"0.00844479","buyTxId":"5f8a50a1525dc639702916e9d61a2ad3a0f28953-1","sellTxId":"8d141fe5d6bd900e8d21c923fefcb532c1cb14ac"}
{"index": {"_index":"sim","_id":"2376250"}}
	{"id":2376250,"type":"sell","buyer":"jelly-cz","seller":"vcdragon","symbol":"SIM","quantity":"49490.005","price":"0.00063218","timestamp":1640422422,"volume":"31.28659136","buyTxId":"MM-P-13354616-60341581-3-29-0","sellTxId":"3fb34c834ca72baca7ad9e01b630b4052727e994"}
{"index": {"_index":"sim","_id":"2376284"}}
	{"id":2376284,"type":"sell","buyer":"jelly-cz","seller":"invest4free","symbol":"SIM","quantity":"810.000","price":"0.00063218","timestamp":1640422830,"volume":"0.51206580","buyTxId":"MM-P-13354616-60341581-3-29-0","sellTxId":"38c03363ccb9e6b13ba38241356d0bda10443de3"}
{"index": {"_index":"sim","_id":"2376347"}}
	{"id":2376347,"type":"sell","buyer":"jelly-cz","seller":"themarkymark","symbol":"SIM","quantity":"4580.579","price":"0.00063218","timestamp":1640423904,"volume":"2.89575043","buyTxId":"MM-P-13354616-60341581-3-29-0","sellTxId":"46eff026a5ef6c38b45dd0f97f764bf30cd038c3"}
{"index": {"_index":"sim","_id":"2376518"}}
	{"id":2376518,"type":"sell","buyer":"jelly-cz","seller":"holedigger","symbol":"SIM","quantity":"13862.000","price":"0.00063269","timestamp":1640426997,"volume":"8.77034878","buyTxId":"MM-P-13356112-60343077-3-29-0","sellTxId":"6ffa08b7be9953965558d037f0e286b16a60f154"}
{"index": {"_index":"sim","_id":"2376572"}}
	{"id":2376572,"type":"sell","buyer":"jelly-cz","seller":"steem-hodler","symbol":"SIM","quantity":"5490.000","price":"0.00063269","timestamp":1640427369,"volume":"3.47346810","buyTxId":"MM-P-13356112-60343077-3-29-0","sellTxId":"350465153d0f795768181b29bcade972a75f0d48"}
{"index": {"_index":"sim","_id":"2376605"}}
	{"id":2376605,"type":"sell","buyer":"jelly-cz","seller":"loro68","symbol":"SIM","quantity":"1313.000","price":"0.00063269","timestamp":1640427828,"volume":"0.83072197","buyTxId":"MM-P-13356112-60343077-3-29-0","sellTxId":"70b5c80eb11bce37ea4a88780d02e79f2e95f6d2"}
{"index": {"_index":"sim","_id":"2376629"}}
	{"id":2376629,"type":"buy","buyer":"ressonlelong","seller":"pi-trader","symbol":"SIM","quantity":"2248.000","price":"0.00064569","timestamp":1640428212,"volume":"1.45151112","buyTxId":"80cb45b1fcd3cb0ab2bf1d05c780ece87e45b545","sellTxId":"bb0d80acb1d87be3a80a4502fa185612bc94924c-2"}
{"index": {"_index":"sim","_id":"2376752"}}
	{"id":2376752,"type":"sell","buyer":"jelly-cz","seller":"stayten","symbol":"SIM","quantity":"53.670","price":"0.00063269","timestamp":1640429928,"volume":"0.03395647","buyTxId":"MM-P-13356112-60343077-3-29-0","sellTxId":"fdb3b4bd31e42a3a51255881dcdbcaa16057e37c"}
{"index": {"_index":"sim","_id":"2376783"}}
	{"id":2376783,"type":"sell","buyer":"jelly-cz","seller":"balte","symbol":"SIM","quantity":"13000.000","price":"0.00063269","timestamp":1640430417,"volume":"8.22497000","buyTxId":"MM-P-13356112-60343077-3-29-0","sellTxId":"8afc045a4d98b5641e8a54e0bc16921c11802845"}
{"index": {"_index":"sim","_id":"2377033"}}
	{"id":2377033,"type":"buy","buyer":"lcity","seller":"pi-trader","symbol":"SIM","quantity":"4921.497","price":"0.00064569","timestamp":1640433753,"volume":"3.17776140","buyTxId":"8dff63eae924e5da332d4985865f33e43c73a235","sellTxId":"620330c7968e81875ba7dc6d4620f028bac0ae5d-4"}
{"index": {"_index":"sim","_id":"2377200"}}
	{"id":2377200,"type":"sell","buyer":"jelly-cz","seller":"rgondie","symbol":"SIM","quantity":"7926.024","price":"0.00063269","timestamp":1640434986,"volume":"5.01471612","buyTxId":"MM-P-13356112-60343077-3-29-0","sellTxId":"58ec3ac0a12f8e15603d3dbdccb574fec0c0c2cf"}
{"index": {"_index":"sim","_id":"2377526"}}
	{"id":2377526,"type":"sell","buyer":"jelly-cz","seller":"nyxlabs","symbol":"SIM","quantity":"440.992","price":"0.00063269","timestamp":1640438850,"volume":"0.27901123","buyTxId":"MM-P-13356112-60343077-3-29-0","sellTxId":"84e5e77d8f876bd49284544fffda420565795dcd"}
{"index": {"_index":"sim","_id":"2377623"}}
	{"id":2377623,"type":"sell","buyer":"jelly-cz","seller":"elevator09","symbol":"SIM","quantity":"3169.500","price":"0.00063269","timestamp":1640439582,"volume":"2.00531096","buyTxId":"MM-P-13356112-60343077-3-29-0","sellTxId":"40050952d2632c3014955677ba44d69fa6687841"}
{"index": {"_index":"sim","_id":"2377628"}}
	{"id":2377628,"type":"sell","buyer":"jelly-cz","seller":"elevator09","symbol":"SIM","quantity":"770.334","price":"0.00063269","timestamp":1640439654,"volume":"0.48738262","buyTxId":"MM-P-13356112-60343077-3-29-0","sellTxId":"c6c93fabcf1a1312d8e189a66efc19073876bf90"}
{"index": {"_index":"sim","_id":"2377859"}}
	{"id":2377859,"type":"sell","buyer":"jelly-cz","seller":"thahodler","symbol":"SIM","quantity":"872.000","price":"0.00063269","timestamp":1640442228,"volume":"0.55170568","buyTxId":"MM-P-13356112-60343077-3-29-0","sellTxId":"b4acee655480abfa6308e3345a0ba2d24814d959"}
{"index": {"_index":"sim","_id":"2377930"}}
	{"id":2377930,"type":"sell","buyer":"jelly-cz","seller":"alberimsi","symbol":"SIM","quantity":"4884.000","price":"0.00063269","timestamp":1640443062,"volume":"3.09005796","buyTxId":"MM-P-13356112-60343077-3-29-0","sellTxId":"689c13915669edaa93eb3726303ef0e524aada20"}
{"index": {"_index":"sim","_id":"2377960"}}
	{"id":2377960,"type":"sell","buyer":"jelly-cz","seller":"paragism","symbol":"SIM","quantity":"1966.656","price":"0.00063269","timestamp":1640443404,"volume":"1.24428358","buyTxId":"MM-P-13356112-60343077-3-29-0","sellTxId":"742bb25cbbb4a6d9d54116ff83fc7841cbff4593"}
{"index": {"_index":"sim","_id":"2377987"}}
	{"id":2377987,"type":"sell","buyer":"jelly-cz","seller":"azuramaru","symbol":"SIM","quantity":"50.769","price":"0.00063269","timestamp":1640443719,"volume":"0.03212104","buyTxId":"MM-P-13356112-60343077-3-29-0","sellTxId":"b35a5c5abf821609ca6bd830852a0a24d8e3bd30"}
{"index": {"_index":"sim","_id":"2378434"}}
	{"id":2378434,"type":"sell","buyer":"jelly-cz","seller":"brofi-market","symbol":"SIM","quantity":"0.006","price":"0.00063269","timestamp":1640448762,"volume":"0.00000380","buyTxId":"MM-P-13356112-60343077-3-29-0","sellTxId":"df03e0b5a1328c5600a707df07abb603b489f252"}
{"index": {"_index":"sim","_id":"2378492"}}
	{"id":2378492,"type":"sell","buyer":"jelly-cz","seller":"fdeflash","symbol":"SIM","quantity":"101095.231","price":"0.00063269","timestamp":1640449242,"volume":"63.96194170","buyTxId":"MM-P-13356112-60343077-3-29-0","sellTxId":"3c171c63cac903eb2c49b97471b03570a225d009"}
{"index": {"_index":"sim","_id":"2378493"}}
	{"id":2378493,"type":"buy","buyer":"svirus","seller":"fdeflash","symbol":"SIM","quantity":"21150.350","price":"0.00063269","timestamp":1640449245,"volume":"13.38161494","buyTxId":"3c0fa9279a2b0c5d5e2e5079fef5be497b6110f4-0","sellTxId":"3c171c63cac903eb2c49b97471b03570a225d009"}
{"index": {"_index":"sim","_id":"2378494"}}
	{"id":2378494,"type":"buy","buyer":"konvik","seller":"fdeflash","symbol":"SIM","quantity":"0.005","price":"0.00063269","timestamp":1640449245,"volume":"0.00000316","buyTxId":"12714e1923f436c3e8c5daa8495daf16d3a07daf-0","sellTxId":"3c171c63cac903eb2c49b97471b03570a225d009"}
{"index": {"_index":"sim","_id":"2378531"}}
	{"id":2378531,"type":"sell","buyer":"soteyapanbot","seller":"iamalivechalleng","symbol":"SIM","quantity":"2.039","price":"0.00063218","timestamp":1640449671,"volume":"0.00128902","buyTxId":"07a05ef793f71e285d24d9acc5fd3aac81f8c301","sellTxId":"364d1bc519b60b391752d590b936177dfd1fad0a"}
{"index": {"_index":"sim","_id":"2378897"}}
	{"id":2378897,"type":"sell","buyer":"pi-trader","seller":"astraloverlord","symbol":"SIM","quantity":"1205.050","price":"0.00063687","timestamp":1640452602,"volume":"0.76746019","buyTxId":"1cefa833895a943ecc96dab4679776ce904e1631-3","sellTxId":"29b9f341c94a5e5de2f7dfa34d96dc29f238b446"}
{"index": {"_index":"sim","_id":"2378913"}}
	{"id":2378913,"type":"buy","buyer":"kasaisoul","seller":"brofi-market","symbol":"SIM","quantity":"0.006","price":"0.00064569","timestamp":1640452716,"volume":"0.00000387","buyTxId":"2fe81963c87e3f515da9a8a7cd2f7dcad9e21314","sellTxId":"40036f4cb649c9d41be670a60f95f4a246fee4c3"}
{"index": {"_index":"sim","_id":"2378931"}}
	{"id":2378931,"type":"buy","buyer":"kasaisoul","seller":"braaiboy","symbol":"SIM","quantity":"1615.000","price":"0.00064570","timestamp":1640452788,"volume":"1.04280550","buyTxId":"40ae9a6bc4e5cf239c2b7b59b8f42ef69fbb328e","sellTxId":"9625dd986fb8cb291ed71d722941cc9a86456ee5"}
{"index": {"_index":"sim","_id":"2378943"}}
	{"id":2378943,"type":"buy","buyer":"kasaisoul","seller":"qwerrie","symbol":"SIM","quantity":"213.113","price":"0.00064600","timestamp":1640452857,"volume":"0.13767100","buyTxId":"1103c6bb905adbed4222490d45981818cb5233ca","sellTxId":"1fd639f95457743c5b0bc7472891173637a412a6"}
{"index": {"_index":"sim","_id":"2378952"}}
	{"id":2378952,"type":"buy","buyer":"kasaisoul","seller":"boycharliefamily","symbol":"SIM","quantity":"717.111","price":"0.00064788","timestamp":1640452911,"volume":"0.46460187","buyTxId":"e70d4745c00c16d59d856a7eef470accf11d7018","sellTxId":"0f9f47cc1b02bbdfa758e8dba37a740abf46b80e"}
{"index": {"_index":"sim","_id":"2378983"}}
	{"id":2378983,"type":"buy","buyer":"kasaisoul","seller":"johannesboldt","symbol":"SIM","quantity":"3374.444","price":"0.00064800","timestamp":1640453166,"volume":"2.18663971","buyTxId":"85b18a084ee180bd6a065568c8f3ffbadaf2295f","sellTxId":"8a676686eb508963be0f4637a0c7aa957f72afa6"}
{"index": {"_index":"sim","_id":"2379014"}}
	{"id":2379014,"type":"sell","buyer":"jelly-cz","seller":"marfonso","symbol":"SIM","quantity":"698.865","price":"0.00063790","timestamp":1640453463,"volume":"0.44580598","buyTxId":"MM-P-13364988-60351954-3-29-0","sellTxId":"766ef817bb682cfa069169ea7363a87670c8c408"}
{"index": {"_index":"sim","_id":"2379138"}}
	{"id":2379138,"type":"buy","buyer":"investinthefutur","seller":"johannesboldt","symbol":"SIM","quantity":"2000.000","price":"0.00064800","timestamp":1640454759,"volume":"1.29600000","buyTxId":"be7497b83947a2e6a47f1ca8c88964124bddd330","sellTxId":"8a676686eb508963be0f4637a0c7aa957f72afa6"}
{"index": {"_index":"sim","_id":"2379288"}}
	{"id":2379288,"type":"sell","buyer":"jelly-cz","seller":"artistparthoroy","symbol":"SIM","quantity":"3818.000","price":"0.00063946","timestamp":1640456358,"volume":"2.44145828","buyTxId":"MM-P-13365287-60352253-3-29-0","sellTxId":"c840c5f6af5566e67161721e99c6a07697ff59b4"}
{"index": {"_index":"sim","_id":"2379303"}}
	{"id":2379303,"type":"buy","buyer":"kasaisoul","seller":"johannesboldt","symbol":"SIM","quantity":"274.780","price":"0.00064800","timestamp":1640456448,"volume":"0.17805744","buyTxId":"1fbe465765a886a5d3e643a2d6d56eabe14dc6da","sellTxId":"8a676686eb508963be0f4637a0c7aa957f72afa6"}
{"index": {"_index":"sim","_id":"2379336"}}
	{"id":2379336,"type":"buy","buyer":"dkid14","seller":"johannesboldt","symbol":"SIM","quantity":"4700.000","price":"0.00064800","timestamp":1640456820,"volume":"3.04560000","buyTxId":"979c6b3764e9dd50b8555b5071169d4b24762911","sellTxId":"8a676686eb508963be0f4637a0c7aa957f72afa6"}
{"index": {"_index":"sim","_id":"2379364"}}
	{"id":2379364,"type":"buy","buyer":"kasaisoul","seller":"johannesboldt","symbol":"SIM","quantity":"481.159","price":"0.00064800","timestamp":1640457117,"volume":"0.31179103","buyTxId":"cae56382749a8fee15fd1318a8b40db810619b5a","sellTxId":"8a676686eb508963be0f4637a0c7aa957f72afa6"}
{"index": {"_index":"sim","_id":"2379389"}}
	{"id":2379389,"type":"buy","buyer":"kasaisoul","seller":"johannesboldt","symbol":"SIM","quantity":"481.161","price":"0.00064800","timestamp":1640457474,"volume":"0.31179233","buyTxId":"bb35b4f9ede6a333887d67c001b97dee795d5463","sellTxId":"8a676686eb508963be0f4637a0c7aa957f72afa6"}
{"index": {"_index":"sim","_id":"2379393"}}
	{"id":2379393,"type":"buy","buyer":"kasaisoul","seller":"johannesboldt","symbol":"SIM","quantity":"481.160","price":"0.00064800","timestamp":1640457573,"volume":"0.31179168","buyTxId":"622746ca999d8ede1c48404288ecc8f00d55be4e","sellTxId":"8a676686eb508963be0f4637a0c7aa957f72afa6"}
{"index": {"_index":"sim","_id":"2379474"}}
	{"id":2379474,"type":"buy","buyer":"dkid14","seller":"johannesboldt","symbol":"SIM","quantity":"6200.000","price":"0.00064800","timestamp":1640458011,"volume":"4.01760000","buyTxId":"e3612fcafd9bca86c3fd46920bb32e317bb5f8fe","sellTxId":"8a676686eb508963be0f4637a0c7aa957f72afa6"}
{"index": {"_index":"sim","_id":"2379481"}}
	{"id":2379481,"type":"sell","buyer":"jelly-cz","seller":"proto26","symbol":"SIM","quantity":"1000.000","price":"0.00063946","timestamp":1640458095,"volume":"0.63946000","buyTxId":"MM-P-13365287-60352253-3-29-0","sellTxId":"965b4b8ab01cde664d40d64be9f6520e82235bb1"}
{"index": {"_index":"sim","_id":"2379578"}}
	{"id":2379578,"type":"buy","buyer":"kasaisoul","seller":"johannesboldt","symbol":"SIM","quantity":"473.921","price":"0.00064800","timestamp":1640458917,"volume":"0.30710081","buyTxId":"2cfbf6edb1696679435a80170b2290a8fd964f14","sellTxId":"8a676686eb508963be0f4637a0c7aa957f72afa6"}
{"index": {"_index":"sim","_id":"2379619"}}
	{"id":2379619,"type":"buy","buyer":"kasaisoul","seller":"johannesboldt","symbol":"SIM","quantity":"1422.385","price":"0.00064800","timestamp":1640459448,"volume":"0.92170548","buyTxId":"7499ad4416d39ab7126a21e9dc054cb34490dc86","sellTxId":"8a676686eb508963be0f4637a0c7aa957f72afa6"}
{"index": {"_index":"sim","_id":"2379716"}}
	{"id":2379716,"type":"buy","buyer":"kasaisoul","seller":"johannesboldt","symbol":"SIM","quantity":"185.648","price":"0.00064800","timestamp":1640460510,"volume":"0.12029990","buyTxId":"b10b39e0bf0ffc25aa526f44631408516130419d","sellTxId":"8a676686eb508963be0f4637a0c7aa957f72afa6"}
{"index": {"_index":"sim","_id":"2379719"}}
	{"id":2379719,"type":"buy","buyer":"kasaisoul","seller":"johannesboldt","symbol":"SIM","quantity":"809.892","price":"0.00064800","timestamp":1640460573,"volume":"0.52481002","buyTxId":"e8084873c714c663ca4c93d7a9a211d1a9656b49","sellTxId":"8a676686eb508963be0f4637a0c7aa957f72afa6"}
{"index": {"_index":"sim","_id":"2379779"}}
	{"id":2379779,"type":"sell","buyer":"kasaisoul","seller":"florian-glechner","symbol":"SIM","quantity":"21.010","price":"0.00064800","timestamp":1640461146,"volume":"0.01361448","buyTxId":"e8084873c714c663ca4c93d7a9a211d1a9656b49","sellTxId":"159901b8d2f4c5eec553517920031503bc8013fe"}
{"index": {"_index":"sim","_id":"2379782"}}
	{"id":2379782,"type":"sell","buyer":"kasaisoul","seller":"emsonic","symbol":"SIM","quantity":"118.909","price":"0.00064800","timestamp":1640461155,"volume":"0.07705303","buyTxId":"e8084873c714c663ca4c93d7a9a211d1a9656b49","sellTxId":"34846713c6a3760227c8f7f372602c1dfd330d6d"}
{"index": {"_index":"sim","_id":"2379816"}}
	{"id":2379816,"type":"sell","buyer":"jelly-cz","seller":"mosho-o","symbol":"SIM","quantity":"0.026","price":"0.00063946","timestamp":1640461422,"volume":"0.00001663","buyTxId":"MM-P-13365287-60352253-3-29-0","sellTxId":"db3044570e1db1847e4b4eefa937ae0e833c1d91"}
{"index": {"_index":"sim","_id":"2379819"}}
	{"id":2379819,"type":"sell","buyer":"jelly-cz","seller":"chireerocks","symbol":"SIM","quantity":"42.175","price":"0.00063946","timestamp":1640461446,"volume":"0.02696923","buyTxId":"MM-P-13365287-60352253-3-29-0","sellTxId":"d0ac4bbec5a5bffeadd2b6f883960ea73a62ca3d"}
{"index": {"_index":"sim","_id":"2379872"}}
	{"id":2379872,"type":"sell","buyer":"jelly-cz","seller":"academialibertad","symbol":"SIM","quantity":"9549.000","price":"0.00063946","timestamp":1640462277,"volume":"6.10620354","buyTxId":"MM-P-13365287-60352253-3-29-0","sellTxId":"fd42d54bde0ba9c2c3ab96fad173502e24f8d35c"}
{"index": {"_index":"sim","_id":"2379894"}}
	{"id":2379894,"type":"sell","buyer":"jelly-cz","seller":"udontknowm3","symbol":"SIM","quantity":"27.473","price":"0.00063946","timestamp":1640462676,"volume":"0.01756788","buyTxId":"MM-P-13365287-60352253-3-29-0","sellTxId":"cbeae899a522bd85ef390d1691a0368eaa6a7785"}
{"index": {"_index":"sim","_id":"2379954"}}
	{"id":2379954,"type":"buy","buyer":"cowboyzlegend27","seller":"emsonic","symbol":"SIM","quantity":"713.164","price":"0.00064800","timestamp":1640463267,"volume":"0.46213027","buyTxId":"9c0e8787d75d9d4ca28c351bf6a9c9315d793be5","sellTxId":"34846713c6a3760227c8f7f372602c1dfd330d6d"}
{"index": {"_index":"sim","_id":"2380300"}}
	{"id":2380300,"type":"sell","buyer":"jelly-cz","seller":"dreamm","symbol":"SIM","quantity":"3848.000","price":"0.00063946","timestamp":1640467353,"volume":"2.46064208","buyTxId":"MM-P-13365287-60352253-3-29-0","sellTxId":"2b5984e2c83b418ed15b69e8cb062074c78d4729"}
{"index": {"_index":"sim","_id":"2380498"}}
	{"id":2380498,"type":"sell","buyer":"jelly-cz","seller":"nyxlabs","symbol":"SIM","quantity":"750.221","price":"0.00063946","timestamp":1640469645,"volume":"0.47973632","buyTxId":"MM-P-13365287-60352253-3-29-0","sellTxId":"57acff2da6bb5c43d7d736261e4f917b98b79238"}
{"index": {"_index":"sim","_id":"2380637"}}
	{"id":2380637,"type":"buy","buyer":"cowboyzlegend27","seller":"emsonic","symbol":"SIM","quantity":"2995.370","price":"0.00064800","timestamp":1640471733,"volume":"1.94099976","buyTxId":"3dccec715c4b0dc9a8097a815583dd5cafa569cd","sellTxId":"34846713c6a3760227c8f7f372602c1dfd330d6d"}
{"index": {"_index":"sim","_id":"2380638"}}
	{"id":2380638,"type":"sell","buyer":"jelly-cz","seller":"quantumg","symbol":"SIM","quantity":"489.950","price":"0.00063946","timestamp":1640471748,"volume":"0.31330343","buyTxId":"MM-P-13365287-60352253-3-29-0","sellTxId":"3bb26511ac949c835ecfef683cda8ddc6ba203c1"}
{"index": {"_index":"sim","_id":"2380691"}}
	{"id":2380691,"type":"sell","buyer":"jelly-cz","seller":"he-index","symbol":"SIM","quantity":"0.076","price":"0.00063946","timestamp":1640472432,"volume":"0.00004860","buyTxId":"MM-P-13365287-60352253-3-29-0","sellTxId":"6365ebb848021e037cb449f8b14e1a56c3e81c3f"}
{"index": {"_index":"sim","_id":"2380842"}}
	{"id":2380842,"type":"sell","buyer":"jelly-cz","seller":"successforall","symbol":"SIM","quantity":"1150","price":"0.00063946","timestamp":1640474277,"volume":"0.73537900","buyTxId":"MM-P-13365287-60352253-3-29-0","sellTxId":"662054123aef1464d8ae5de371a4ebefb15656f1"}
{"index": {"_index":"sim","_id":"2380850"}}
	{"id":2380850,"type":"sell","buyer":"jelly-cz","seller":"kasaisoul","symbol":"SIM","quantity":"153.699","price":"0.00063946","timestamp":1640474352,"volume":"0.09828436","buyTxId":"MM-P-13365287-60352253-3-29-0","sellTxId":"dd2454e055575ce0c866a18a895533ee7905b474"}
{"index": {"_index":"sim","_id":"2380893"}}
	{"id":2380893,"type":"sell","buyer":"jelly-cz","seller":"steem.services","symbol":"SIM","quantity":"55775.000","price":"0.00063946","timestamp":1640474691,"volume":"35.66588150","buyTxId":"MM-P-13365287-60352253-3-29-0","sellTxId":"3fb6e33bed133dd1c4c0e2bad57065164d9e6a5e"}
{"index": {"_index":"sim","_id":"2380898"}}
	{"id":2380898,"type":"sell","buyer":"jelly-cz","seller":"successforall","symbol":"SIM","quantity":"50","price":"0.00063946","timestamp":1640474721,"volume":"0.03197300","buyTxId":"MM-P-13365287-60352253-3-29-0","sellTxId":"6209aa2826399f02ed025366be35105d3d704b3f"}
{"index": {"_index":"sim","_id":"2380910"}}
	{"id":2380910,"type":"sell","buyer":"jelly-cz","seller":"svirus","symbol":"SIM","quantity":"76600.680","price":"0.00063946","timestamp":1640475003,"volume":"48.98307083","buyTxId":"MM-P-13365287-60352253-3-29-0","sellTxId":"c0190cdf71fdc25dc7eddfb40127f7cdfa8b84a7-1"}
{"index": {"_index":"sim","_id":"2380911"}}
	{"id":2380911,"type":"sell","buyer":"jelly-cz","seller":"konvik","symbol":"SIM","quantity":"0.008","price":"0.00063946","timestamp":1640475006,"volume":"0.00000511","buyTxId":"MM-P-13365287-60352253-3-29-0","sellTxId":"d7425bb67bb963f071c6e0b50f2065a4ddf2912c-1"}
{"index": {"_index":"sim","_id":"2380912"}}
	{"id":2380912,"type":"sell","buyer":"soteyapanbot","seller":"konvik","symbol":"SIM","quantity":"17480.637","price":"0.00063218","timestamp":1640475006,"volume":"11.05090910","buyTxId":"07a05ef793f71e285d24d9acc5fd3aac81f8c301","sellTxId":"d7425bb67bb963f071c6e0b50f2065a4ddf2912c-1"}
{"index": {"_index":"sim","_id":"2380930"}}
	{"id":2380930,"type":"sell","buyer":"soteyapanbot","seller":"dswap","symbol":"SIM","quantity":"17.324","price":"0.00063218","timestamp":1640475261,"volume":"0.01095188","buyTxId":"07a05ef793f71e285d24d9acc5fd3aac81f8c301","sellTxId":"d4a003b10ea8b6f006da59656fff49ed979b6f67"}
{"index": {"_index":"sim","_id":"2380931"}}
	{"id":2380931,"type":"sell","buyer":"jelly-cz","seller":"dswap","symbol":"SIM","quantity":"4886.676","price":"0.00062801","timestamp":1640475261,"volume":"3.06888139","buyTxId":"MM-P-13372168-60359135-3-29-0","sellTxId":"d4a003b10ea8b6f006da59656fff49ed979b6f67"}
{"index": {"_index":"sim","_id":"2380937"}}
	{"id":2380937,"type":"sell","buyer":"jelly-cz","seller":"notak1","symbol":"SIM","quantity":"13541.203","price":"0.00062801","timestamp":1640475342,"volume":"8.50401090","buyTxId":"MM-P-13372168-60359135-3-29-0","sellTxId":"9b67ff70e5b0cbde9b83c75dd8ae6c8748b81e5d"}
{"index": {"_index":"sim","_id":"2380962"}}
	{"id":2380962,"type":"sell","buyer":"jelly-cz","seller":"notak1","symbol":"SIM","quantity":"13559.531","price":"0.00062801","timestamp":1640475624,"volume":"8.51552106","buyTxId":"MM-P-13372168-60359135-3-29-0","sellTxId":"a8294af926295b2982fa228a279630fb8959b8aa"}
{"index": {"_index":"sim","_id":"2380987"}}
	{"id":2380987,"type":"buy","buyer":"monsterjamgold","seller":"elianaicgomes","symbol":"SIM","quantity":"1014.000","price":"0.00063000","timestamp":1640475822,"volume":"0.63882000","buyTxId":"70654f631a247d3e70645f0128dff051a0e2a6ce","sellTxId":"6d6cca9552a95648f824de183a034b3b493857a7"}
{"index": {"_index":"sim","_id":"2380998"}}
	{"id":2380998,"type":"sell","buyer":"jelly-cz","seller":"notak1","symbol":"SIM","quantity":"13571.816","price":"0.00062801","timestamp":1640475900,"volume":"8.52323617","buyTxId":"MM-P-13372168-60359135-3-29-0","sellTxId":"6a909c63ba8af3f9a574cc5b2d26906d59d486cc"}
{"index": {"_index":"sim","_id":"2381084"}}
	{"id":2381084,"type":"sell","buyer":"jelly-cz","seller":"piotr42","symbol":"SIM","quantity":"445.000","price":"0.00062801","timestamp":1640476734,"volume":"0.27946445","buyTxId":"MM-P-13372168-60359135-3-29-0","sellTxId":"f3b6b6d42ae83426265b855b10e15297cce96276"}
{"index": {"_index":"sim","_id":"2381116"}}
	{"id":2381116,"type":"sell","buyer":"jelly-cz","seller":"notak1","symbol":"SIM","quantity":"13573.127","price":"0.00062801","timestamp":1640477172,"volume":"8.52405949","buyTxId":"MM-P-13372168-60359135-3-29-0","sellTxId":"82d8b555581cd576cb155fdf9784bae84688bdf6"}
{"index": {"_index":"sim","_id":"2381123"}}
	{"id":2381123,"type":"buy","buyer":"monsterjamgold","seller":"elianaicgomes","symbol":"SIM","quantity":"405.000","price":"0.00063000","timestamp":1640477226,"volume":"0.25515000","buyTxId":"b7d6b721f5cb00cc6e99c85b4e5099dd114c66e2","sellTxId":"6d6cca9552a95648f824de183a034b3b493857a7"}
{"index": {"_index":"sim","_id":"2381178"}}
	{"id":2381178,"type":"sell","buyer":"jelly-cz","seller":"notak1","symbol":"SIM","quantity":"13581.440","price":"0.00062801","timestamp":1640477670,"volume":"8.52928013","buyTxId":"MM-P-13372168-60359135-3-29-0","sellTxId":"0d8ac6e7167da8055970467f3a8973ff8a0ac3d7"}
{"index": {"_index":"sim","_id":"2381180"}}
	{"id":2381180,"type":"sell","buyer":"jelly-cz","seller":"brofi-market","symbol":"SIM","quantity":"0.003","price":"0.00062801","timestamp":1640477679,"volume":"0.00000188","buyTxId":"MM-P-13372168-60359135-3-29-0","sellTxId":"ff10aa0df2d47326218f5fb2f749c32125790d53"}
{"index": {"_index":"sim","_id":"2381334"}}
	{"id":2381334,"type":"sell","buyer":"jelly-cz","seller":"svirus","symbol":"SIM","quantity":"82889.670","price":"0.00062801","timestamp":1640478150,"volume":"52.05554166","buyTxId":"MM-P-13372168-60359135-3-29-0","sellTxId":"e0f7d0cca760d166781da7d491b8cbab0b624cb6-1"}
{"index": {"_index":"sim","_id":"2381335"}}
	{"id":2381335,"type":"sell","buyer":"jelly-cz","seller":"konvik","symbol":"SIM","quantity":"0.005","price":"0.00062801","timestamp":1640478150,"volume":"0.00000314","buyTxId":"MM-P-13372168-60359135-3-29-0","sellTxId":"3fdb2b0a12e25ce10768db9752ec3630ec6064f5-1"}
{"index": {"_index":"sim","_id":"2381336"}}
	{"id":2381336,"type":"sell","buyer":"jelly13","seller":"konvik","symbol":"SIM","quantity":"295778.000","price":"0.00062750","timestamp":1640478150,"volume":"185.60069500","buyTxId":"eb0e63eaef1d549b358e1f0cb6b025df71995fd1","sellTxId":"3fdb2b0a12e25ce10768db9752ec3630ec6064f5-1"}
{"index": {"_index":"sim","_id":"2381337"}}
	{"id":2381337,"type":"sell","buyer":"d-pend","seller":"konvik","symbol":"SIM","quantity":"82945.958","price":"0.00062000","timestamp":1640478150,"volume":"51.42649396","buyTxId":"d78e682884c9d416e6a9ee95839adc699aff8586","sellTxId":"3fdb2b0a12e25ce10768db9752ec3630ec6064f5-1"}
{"index": {"_index":"sim","_id":"2381363"}}
	{"id":2381363,"type":"buy","buyer":"evernoticethat","seller":"pi-trader","symbol":"SIM","quantity":"5401.375","price":"0.00062999","timestamp":1640478240,"volume":"3.40281224","buyTxId":"df2be2fe879d9c1fde18386c0ec381af26c82493","sellTxId":"3399d031b75071950155979c62f5f232be916e95-6"}
{"index": {"_index":"sim","_id":"2381411"}}
	{"id":2381411,"type":"sell","buyer":"pi-trader","seller":"daveks","symbol":"SIM","quantity":"18000.000","price":"0.00061105","timestamp":1640478687,"volume":"10.99890000","buyTxId":"3dd39486712a582e3e89e5f1c5afa859d0bf69ec-2","sellTxId":"c8e6aaf662da9d1c578d6e44f0c896671b0cf9a1"}
{"index": {"_index":"sim","_id":"2381485"}}
	{"id":2381485,"type":"sell","buyer":"pi-trader","seller":"balte","symbol":"SIM","quantity":"22000.000","price":"0.00061209","timestamp":1640479476,"volume":"13.46598000","buyTxId":"15ceb1cc5d038a69de70c9e8dad41e1740c2e4a4-1","sellTxId":"511da525e2a66c3239a5943e3cba9504f50af9ec"}
{"index": {"_index":"sim","_id":"2381528"}}
	{"id":2381528,"type":"sell","buyer":"jelly-cz","seller":"maryjane.main","symbol":"SIM","quantity":"17336.000","price":"0.00061208","timestamp":1640479788,"volume":"10.61101888","buyTxId":"MM-P-13373565-60360532-3-29-0","sellTxId":"478455749c49499a1888cad26e45307abda05873"}
{"index": {"_index":"sim","_id":"2381558"}}
	{"id":2381558,"type":"sell","buyer":"jelly-cz","seller":"maryjane.main","symbol":"SIM","quantity":"5000.000","price":"0.00061208","timestamp":1640480109,"volume":"3.06040000","buyTxId":"MM-P-13373565-60360532-3-29-0","sellTxId":"96813b5377a0ece35973dc25fabea276ce5ccd35"}
{"index": {"_index":"sim","_id":"2381600"}}
	{"id":2381600,"type":"sell","buyer":"jelly-cz","seller":"konvik","symbol":"SIM","quantity":"110303.649","price":"0.00061208","timestamp":1640480592,"volume":"67.51465748","buyTxId":"MM-P-13373565-60360532-3-29-0","sellTxId":"5c5bb5e3c8aae97e9e5c43ed0f96316f8ff9afa8-1"}
{"index": {"_index":"sim","_id":"2381605"}}
	{"id":2381605,"type":"sell","buyer":"jelly-cz","seller":"svirus","symbol":"SIM","quantity":"27470.140","price":"0.00061208","timestamp":1640480649,"volume":"16.81392329","buyTxId":"MM-P-13373565-60360532-3-29-0","sellTxId":"d9a2932d1a84b2ab341c274fc6c93e599ea4fbd7-1"}
{"index": {"_index":"sim","_id":"2381606"}}
	{"id":2381606,"type":"sell","buyer":"jelly-cz","seller":"konvik","symbol":"SIM","quantity":"0.001","price":"0.00061208","timestamp":1640480649,"volume":"0.00000061","buyTxId":"MM-P-13373565-60360532-3-29-0","sellTxId":"b46136ab395bd71ef80900c5d9902443b3283226-1"}
{"index": {"_index":"sim","_id":"2381607"}}
	{"id":2381607,"type":"sell","buyer":"d-pend","seller":"konvik","symbol":"SIM","quantity":"34155.737","price":"0.00061000","timestamp":1640480649,"volume":"20.83499957","buyTxId":"ba64a03de4c07ad69e18e8470eb0401050934f10","sellTxId":"b46136ab395bd71ef80900c5d9902443b3283226-1"}
{"index": {"_index":"sim","_id":"2381608"}}
	{"id":2381608,"type":"sell","buyer":"newsposter","seller":"konvik","symbol":"SIM","quantity":"3890.000","price":"0.00061000","timestamp":1640480649,"volume":"2.37290000","buyTxId":"729b3f8e00e8994da6cbab5cdb18d87080df11aa","sellTxId":"b46136ab395bd71ef80900c5d9902443b3283226-1"}
{"index": {"_index":"sim","_id":"2381609"}}
	{"id":2381609,"type":"sell","buyer":"pokerarema","seller":"konvik","symbol":"SIM","quantity":"56617.080","price":"0.00060511","timestamp":1640480649,"volume":"34.25956128","buyTxId":"b9b4d296c4b564fda30243b1c2b7c515c44b5935","sellTxId":"b46136ab395bd71ef80900c5d9902443b3283226-1"}
{"index": {"_index":"sim","_id":"2381610"}}
	{"id":2381610,"type":"sell","buyer":"d-pend","seller":"konvik","symbol":"SIM","quantity":"50000.000","price":"0.00060000","timestamp":1640480649,"volume":"30.00000000","buyTxId":"0d62a904a9d054fa094827da416d70bf0d7d2a8a","sellTxId":"b46136ab395bd71ef80900c5d9902443b3283226-1"}
{"index": {"_index":"sim","_id":"2381611"}}
	{"id":2381611,"type":"sell","buyer":"enginemaker","seller":"konvik","symbol":"SIM","quantity":"41666.667","price":"0.00060000","timestamp":1640480649,"volume":"25.00000020","buyTxId":"MM-P-13113205-60100109-3-2-0","sellTxId":"b46136ab395bd71ef80900c5d9902443b3283226-1"}
{"index": {"_index":"sim","_id":"2381639"}}
	{"id":2381639,"type":"sell","buyer":"jelly-cz","seller":"svirus","symbol":"SIM","quantity":"60165.190","price":"0.00059052","timestamp":1640480991,"volume":"35.52874800","buyTxId":"MM-P-13374065-60361032-3-29-0","sellTxId":"e766c144c995511e0dfeef1f7866eae4a2de97f2-1"}
{"index": {"_index":"sim","_id":"2381640"}}
	{"id":2381640,"type":"sell","buyer":"jelly-cz","seller":"konvik","symbol":"SIM","quantity":"105790.239","price":"0.00059052","timestamp":1640480991,"volume":"62.47125193","buyTxId":"MM-P-13374065-60361032-3-29-0","sellTxId":"4bf97e1542c186da500a465beec03ea5db22cea7-1"}
{"index": {"_index":"sim","_id":"2381641"}}
	{"id":2381641,"type":"sell","buyer":"d-pend","seller":"konvik","symbol":"SIM","quantity":"75000.000","price":"0.00059000","timestamp":1640480991,"volume":"44.25000000","buyTxId":"81f685ed27543b126f39773eafe0cbd4fb4ac3bd","sellTxId":"4bf97e1542c186da500a465beec03ea5db22cea7-1"}
{"index": {"_index":"sim","_id":"2381642"}}
	{"id":2381642,"type":"sell","buyer":"d-pend","seller":"konvik","symbol":"SIM","quantity":"420522.354","price":"0.00059000","timestamp":1640480991,"volume":"248.10818886","buyTxId":"8c1a57f808caca2e8d7d96aa804889b3f58987a1","sellTxId":"4bf97e1542c186da500a465beec03ea5db22cea7-1"}
{"index": {"_index":"sim","_id":"2381647"}}
	{"id":2381647,"type":"sell","buyer":"d-pend","seller":"svirus","symbol":"SIM","quantity":"184045.070","price":"0.00059000","timestamp":1640481036,"volume":"108.58659130","buyTxId":"8c1a57f808caca2e8d7d96aa804889b3f58987a1","sellTxId":"241bc8a58c108bc48cd9d6e544813534258891b3-1"}
{"index": {"_index":"sim","_id":"2381648"}}
	{"id":2381648,"type":"sell","buyer":"d-pend","seller":"konvik","symbol":"SIM","quantity":"324211.303","price":"0.00059000","timestamp":1640481039,"volume":"191.28466877","buyTxId":"8c1a57f808caca2e8d7d96aa804889b3f58987a1","sellTxId":"3b307cfe4599819dd2f6305da3d3f974d1dfc71c-1"}
{"index": {"_index":"sim","_id":"2381651"}}
	{"id":2381651,"type":"sell","buyer":"jelly-cz","seller":"andy4475","symbol":"SIM","quantity":"20.618","price":"0.00059051","timestamp":1640481051,"volume":"0.01217514","buyTxId":"MM-P-13374165-60361132-3-29-0","sellTxId":"268a71be4b90565d8377965fe418ee7ee7d3de09"}
{"index": {"_index":"sim","_id":"2381688"}}
	{"id":2381688,"type":"sell","buyer":"jelly-cz","seller":"anything123","symbol":"SIM","quantity":"8716.000","price":"0.00059051","timestamp":1640481417,"volume":"5.14688516","buyTxId":"MM-P-13374165-60361132-3-29-0","sellTxId":"90752058de74032b1d62ad592f8b46a29ce1418c"}
{"index": {"_index":"sim","_id":"2381711"}}
	{"id":2381711,"type":"buy","buyer":"ressonlelong","seller":"pi-trader","symbol":"SIM","quantity":"3393.000","price":"0.00059996","timestamp":1640481690,"volume":"2.03566428","buyTxId":"dba70a81e19c000bf9345a69b2841a06aeb6953b","sellTxId":"6a62400056b6b38ffdb4beefd50ed0daa197a8a1-3"}
{"index": {"_index":"sim","_id":"2381734"}}
	{"id":2381734,"type":"sell","buyer":"jelly-cz","seller":"enginemaker","symbol":"SIM","quantity":"41666.667","price":"0.00059051","timestamp":1640481939,"volume":"24.60458353","buyTxId":"MM-P-13374165-60361132-3-29-0","sellTxId":"MM-P-13374463-60361430-3-2-0"}
{"index": {"_index":"sim","_id":"2381751"}}
	{"id":2381751,"type":"sell","buyer":"jelly-cz","seller":"svirus","symbol":"SIM","quantity":"115554.950","price":"0.00059051","timestamp":1640482152,"volume":"68.23635352","buyTxId":"MM-P-13374165-60361132-3-29-0","sellTxId":"cfd5c2fb4da38bc52a067bc5aaf6d0d0e2447ddb-1"}
{"index": {"_index":"sim","_id":"2381752"}}
	{"id":2381752,"type":"sell","buyer":"jelly-cz","seller":"konvik","symbol":"SIM","quantity":"0.004","price":"0.00059051","timestamp":1640482152,"volume":"0.00000236","buyTxId":"MM-P-13374165-60361132-3-29-0","sellTxId":"5527b58018b1a164fdbb0740142e4c298f5cd2c9-1"}
{"index": {"_index":"sim","_id":"2381753"}}
	{"id":2381753,"type":"sell","buyer":"d-pend","seller":"konvik","symbol":"SIM","quantity":"71221.273","price":"0.00059000","timestamp":1640482152,"volume":"42.02055107","buyTxId":"8c1a57f808caca2e8d7d96aa804889b3f58987a1","sellTxId":"5527b58018b1a164fdbb0740142e4c298f5cd2c9-1"}
{"index": {"_index":"sim","_id":"2381754"}}
	{"id":2381754,"type":"sell","buyer":"d-pend","seller":"konvik","symbol":"SIM","quantity":"100000.000","price":"0.00058000","timestamp":1640482152,"volume":"58.00000000","buyTxId":"28ea8382c847f0711b45b834d71c3615da84ecec","sellTxId":"5527b58018b1a164fdbb0740142e4c298f5cd2c9-1"}
{"index": {"_index":"sim","_id":"2381755"}}
	{"id":2381755,"type":"buy","buyer":"konvik","seller":"konvik","symbol":"SIM","quantity":"89596.689","price":"0.00058000","timestamp":1640482155,"volume":"51.96607962","buyTxId":"0d4ca64efadf09861b8fc25ace5c710e12bdd0cb-0","sellTxId":"5527b58018b1a164fdbb0740142e4c298f5cd2c9-1"}
{"index": {"_index":"sim","_id":"2381760"}}
	{"id":2381760,"type":"sell","buyer":"pi-trader","seller":"ht14","symbol":"SIM","quantity":"1616.216","price":"0.00057001","timestamp":1640482263,"volume":"0.92125928","buyTxId":"acaa796560435fec882039b3347d2ee795117cc3-0","sellTxId":"268b0f8f58fb7c9718b652750630f8cc6bea277e"}
{"index": {"_index":"sim","_id":"2381927"}}
	{"id":2381927,"type":"sell","buyer":"pi-trader","seller":"andy4475","symbol":"SIM","quantity":"33.835","price":"0.00057001","timestamp":1640484063,"volume":"0.01928629","buyTxId":"da476fdb18514d14c9a7f98f1dce9c4fe6530dde-5","sellTxId":"e63866e49171337a44a4f313189ffa859141c7b0"}
{"index": {"_index":"sim","_id":"2382112"}}
	{"id":2382112,"type":"sell","buyer":"pi-trader","seller":"lookplz","symbol":"SIM","quantity":"4500.181","price":"0.00057001","timestamp":1640486442,"volume":"2.56514817","buyTxId":"d66d41bf318007239d3252445cf904a4d048af68-1","sellTxId":"f5b1d085717c243d883371b4ef07a44ed0bca570"}
{"index": {"_index":"sim","_id":"2382117"}}
	{"id":2382117,"type":"sell","buyer":"pi-trader","seller":"bitcoinflood","symbol":"SIM","quantity":"2658.896","price":"0.00057001","timestamp":1640486514,"volume":"1.51559731","buyTxId":"08fd4d80809c92449cf01a53262f9fcfd6cda7d0-3","sellTxId":"a40981313720bb2bd411647cbf346ced58b63eea"}
{"index": {"_index":"sim","_id":"2382300"}}
	{"id":2382300,"type":"buy","buyer":"libert","seller":"pi-trader","symbol":"SIM","quantity":"49889.680","price":"0.00062999","timestamp":1640489052,"volume":"31.43","buyTxId":"1cd876b85fce98b2a97d6b2f3ca27b0067f12e48","sellTxId":"064f79b4ac0dbe01c00a05a9d0b7514a0ff9260d-3"}
{"index": {"_index":"sim","_id":"2382341"}}
	{"id":2382341,"type":"sell","buyer":"pi-trader","seller":"linco","symbol":"SIM","quantity":"1244.000","price":"0.00057001","timestamp":1640489166,"volume":"0.70909244","buyTxId":"6b78f586b8067bf1d00b6c9a67b98018f8698b24-3","sellTxId":"3d7ee1ea4c878476546112caf35625b3ea023477"}
{"index": {"_index":"sim","_id":"2382356"}}
	{"id":2382356,"type":"sell","buyer":"daveks","seller":"svirus","symbol":"SIM","quantity":"83550.000","price":"0.00060000","timestamp":1640489244,"volume":"50.13000000","buyTxId":"20144fc00a24e5938d81270019ff81c3a23a0064","sellTxId":"83cea31f493247c21ad486f56d5bee28db7ef7f9-1"}
