{"index": {"_index":"sim","_id":"2683458"}}
	{"id":2683458,"type":"buy","buyer":"ht14","seller":"pi-trader","symbol":"SIM","quantity":"3300.000","price":"0.00053508","timestamp":1643687670,"volume":"1.76576400","buyTxId":"9ad8d91658dcc82edd1db80d50a40009e236ab1c","sellTxId":"8199555fcf2f004b74aae73f6ca78b91da7c14e0-7"}
{"index": {"_index":"sim","_id":"2683834"}}
	{"id":2683834,"type":"sell","buyer":"pi-trader","seller":"outlinez","symbol":"SIM","quantity":"1824.060","price":"0.00050003","timestamp":1643693838,"volume":"0.91208472","buyTxId":"048d9b1cc67ece01f189a544031bcade7b97a5cc-2","sellTxId":"e2a9c82b7f0542c0306c96a67abc51e55c69e9bc"}
{"index": {"_index":"sim","_id":"2683907"}}
	{"id":2683907,"type":"sell","buyer":"pi-trader","seller":"travelgirl","symbol":"SIM","quantity":"4707.000","price":"0.00050004","timestamp":1643695248,"volume":"2.35368828","buyTxId":"b44fd81abb04f7669bcf61f9be90116e71825db4-3","sellTxId":"7e6bf621635579142735d084a505d4e397048c9f"}
{"index": {"_index":"sim","_id":"2684133"}}
	{"id":2684133,"type":"sell","buyer":"pi-trader","seller":"elevator09","symbol":"SIM","quantity":"3004.201","price":"0.00050004","timestamp":1643698665,"volume":"1.50222067","buyTxId":"28d556ec8f63094d8a94eda30b4c27ed46c7e978-3","sellTxId":"72527c37a3e90ef0dbcd282b215f91cd99d81aef"}
{"index": {"_index":"sim","_id":"2684159"}}
	{"id":2684159,"type":"sell","buyer":"pi-trader","seller":"tonytrillions","symbol":"SIM","quantity":"0.020","price":"0.00050003","timestamp":1643699307,"volume":"0.00001000","buyTxId":"65b99511424de435afb5d71a587f66bbf224656a-3","sellTxId":"1229635f37de25b379e23e1c60872101400238fd"}
{"index": {"_index":"sim","_id":"2684308"}}
	{"id":2684308,"type":"sell","buyer":"pi-trader","seller":"thatcryptodave","symbol":"SIM","quantity":"126.577","price":"0.00050003","timestamp":1643701698,"volume":"0.06329230","buyTxId":"1cc890aef44b9f0100c902287d3b2af3c7a8e96d-1","sellTxId":"182309d8535c1cbcdebf661a4d368d4357785b4f"}
{"index": {"_index":"sim","_id":"2684475"}}
	{"id":2684475,"type":"sell","buyer":"pi-trader","seller":"anderssinho","symbol":"SIM","quantity":"0.080","price":"0.00050011","timestamp":1643705070,"volume":"0.00004001","buyTxId":"207d5a630320062ebc71196a14d5427e172c57e8-1","sellTxId":"e36b9bf0b98f89688684c734ee72062350b82c76"}
{"index": {"_index":"sim","_id":"2684553"}}
	{"id":2684553,"type":"sell","buyer":"pi-trader","seller":"steemmillionaire","symbol":"SIM","quantity":"1580.000","price":"0.00050003","timestamp":1643705820,"volume":"0.79004740","buyTxId":"5fbd69c72719795ea83c815460c724370beed537-3","sellTxId":"0bebd426ac8d65d7440b0f276320dd0c4193e0a0"}
{"index": {"_index":"sim","_id":"2684700"}}
	{"id":2684700,"type":"sell","buyer":"pi-trader","seller":"anderssinho","symbol":"SIM","quantity":"0.150","price":"0.00050003","timestamp":1643708163,"volume":"0.00007500","buyTxId":"faffc690929c1323d26eb5209c4061216faebe02-3","sellTxId":"c5f79c933ed3653100fdababa7287458fe83ae06"}
{"index": {"_index":"sim","_id":"2684998"}}
	{"id":2684998,"type":"sell","buyer":"pi-trader","seller":"digital-fortress","symbol":"SIM","quantity":"0.856","price":"0.00050003","timestamp":1643713050,"volume":"0.00042803","buyTxId":"a483ffe13c291db07678d8df72d6f2891aad6734-1","sellTxId":"5f42d1668a60569f805f0273fd0ba9f20f7bdf00"}
{"index": {"_index":"sim","_id":"2685150"}}
	{"id":2685150,"type":"buy","buyer":"lightcaptured","seller":"pi-trader","symbol":"SIM","quantity":"733.800","price":"0.00052468","timestamp":1643716011,"volume":"0.38501018","buyTxId":"aecafadf131496282fe5b7b77ddbf67375d30b24","sellTxId":"8c18262b34bbd0acb131b4122454501a3135d54f-3"}
{"index": {"_index":"sim","_id":"2685175"}}
	{"id":2685175,"type":"buy","buyer":"lightcaptured","seller":"jelly-cz","symbol":"SIM","quantity":"472.038","price":"0.00052365","timestamp":1643716404,"volume":"0.24718270","buyTxId":"2ce04823d5884479a4f942b34a79dea27e86b041","sellTxId":"MM-P-14449678-61436968-3-28-0"}
{"index": {"_index":"sim","_id":"2685303"}}
	{"id":2685303,"type":"sell","buyer":"pi-trader","seller":"brofi-market","symbol":"SIM","quantity":"0.005","price":"0.00050003","timestamp":1643717841,"volume":"0.00000250","buyTxId":"6596b897d37b4cc6f023894c0e3a00c5a79d4dd0-1","sellTxId":"c1da33ad999ba19cc3ff1723772cca8283f951b3"}
{"index": {"_index":"sim","_id":"2685397"}}
	{"id":2685397,"type":"sell","buyer":"pi-trader","seller":"heikki1337","symbol":"SIM","quantity":"1018.713","price":"0.00050003","timestamp":1643718864,"volume":"0.50938706","buyTxId":"f775e23532e91bd2c85c8214c2eed1dba09b147d-1","sellTxId":"76fdfbfce1b4f473837ac3bf2d193aa38de2fe00"}
{"index": {"_index":"sim","_id":"2685432"}}
	{"id":2685432,"type":"sell","buyer":"pi-trader","seller":"pele23","symbol":"SIM","quantity":"0.045","price":"0.00050003","timestamp":1643719287,"volume":"0.00002250","buyTxId":"cef9592ebb18b006b3cad7cdfeaf0e13be7ebc45-5","sellTxId":"606d86aff98722c1d6a8aa5f03f92ff23cb8d559"}
{"index": {"_index":"sim","_id":"2685600"}}
	{"id":2685600,"type":"sell","buyer":"pi-trader","seller":"theguruasia","symbol":"SIM","quantity":"1321.086","price":"0.00050003","timestamp":1643721147,"volume":"0.66058263","buyTxId":"7fea1c63e845dc416b21379589036c173415b07e-2","sellTxId":"62fbbca5992e78ae43d0767d7c901cde9542e4a4"}
{"index": {"_index":"sim","_id":"2685659"}}
	{"id":2685659,"type":"sell","buyer":"pi-trader","seller":"steem82868","symbol":"SIM","quantity":"0.516","price":"0.00050003","timestamp":1643721990,"volume":"0.00025802","buyTxId":"a70a5178001854d0eb22241a638f9ab4f1f49896-3","sellTxId":"f9a9bec3f69139464d89de2fd31ddb5c65e50ae9"}
{"index": {"_index":"sim","_id":"2685732"}}
	{"id":2685732,"type":"buy","buyer":"cowboyzlegend27","seller":"jelly-cz","symbol":"SIM","quantity":"426.884","price":"0.00052314","timestamp":1643723100,"volume":"0.22332010","buyTxId":"ec63069785b49840930efc57db34a4bfe357c2be","sellTxId":"MM-P-14450176-61437466-3-28-0"}
{"index": {"_index":"sim","_id":"2686493"}}
	{"id":2686493,"type":"sell","buyer":"pi-trader","seller":"marvinix","symbol":"SIM","quantity":"912","price":"0.00050003","timestamp":1643732721,"volume":"0.45602736","buyTxId":"422c4e9f8e7f5e5886e3673549cbf4c0057b6f5a-1","sellTxId":"8ffc244168bf0d286f0a6704f3e3f3e98589ab50"}
{"index": {"_index":"sim","_id":"2686553"}}
	{"id":2686553,"type":"sell","buyer":"pi-trader","seller":"desyfit","symbol":"SIM","quantity":"150000.000","price":"0.00050003","timestamp":1643733393,"volume":"75.00450000","buyTxId":"fe697c763c125e7bfe7deb046e0c1fa6823adc60-5","sellTxId":"bb16d4d2baca18c2babcbd6e323dd0da3298827b"}
{"index": {"_index":"sim","_id":"2686934"}}
	{"id":2686934,"type":"sell","buyer":"pi-trader","seller":"mango-juice","symbol":"SIM","quantity":"1793.018","price":"0.00050003","timestamp":1643736648,"volume":"0.89656279","buyTxId":"579ab5f04e65bf664679a5daa0d8d720901b1827-2","sellTxId":"911d71ee8a7bff23a925c43b6722be21b89069f1"}
{"index": {"_index":"sim","_id":"2687201"}}
	{"id":2687201,"type":"sell","buyer":"pi-trader","seller":"epilatero","symbol":"SIM","quantity":"2916","price":"0.00050003","timestamp":1643739225,"volume":"1.45808748","buyTxId":"15165a2a4e79abca62186751233d8eb8f9c4d76b-3","sellTxId":"99fd33882adaf3f1d046bd6c01029b6e690c040b"}
{"index": {"_index":"sim","_id":"2687207"}}
	{"id":2687207,"type":"sell","buyer":"pi-trader","seller":"tonytrillions","symbol":"SIM","quantity":"0.020","price":"0.00050003","timestamp":1643739288,"volume":"0.00001000","buyTxId":"77a1ff5e7c3e17d3d918df2e2a200e6472506b4d-3","sellTxId":"ba6f0a5db2e18970e6c79ee7163991b49afc4a1f"}
{"index": {"_index":"sim","_id":"2687360"}}
	{"id":2687360,"type":"sell","buyer":"pi-trader","seller":"juancar347","symbol":"SIM","quantity":"4.553","price":"0.00050003","timestamp":1643740689,"volume":"0.00227664","buyTxId":"b783ad3b49b2901f2880807cced0dee0c9467f6b-1","sellTxId":"a9851274b1ed467fdcebf65d351febf1bf4d48cf"}
{"index": {"_index":"sim","_id":"2688022"}}
	{"id":2688022,"type":"sell","buyer":"pi-trader","seller":"heikki1337","symbol":"SIM","quantity":"881.000","price":"0.00050003","timestamp":1643746911,"volume":"0.44052643","buyTxId":"d45d03c7c2ad6f81b78f07bd69190d339c119d56-1","sellTxId":"f248dacd56566dc07310aba2c78de6b87084eaac"}
{"index": {"_index":"sim","_id":"2688037"}}
	{"id":2688037,"type":"buy","buyer":"rexikhan","seller":"jelly-cz","symbol":"SIM","quantity":"574.000","price":"0.00052210","timestamp":1643747004,"volume":"0.29968540","buyTxId":"1ca55aa674eb3fe05c8b6f55aaaaf944b1023852","sellTxId":"MM-P-14455466-61442756-3-28-0"}
{"index": {"_index":"sim","_id":"2688167"}}
	{"id":2688167,"type":"sell","buyer":"pi-trader","seller":"jrcornel","symbol":"SIM","quantity":"22406.000","price":"0.00050003","timestamp":1643748075,"volume":"11.20367218","buyTxId":"b0e451f2b7e4c70cc155d720f1f4b1953d5fe6f2-3","sellTxId":"56d0036feecdc48169a3713537d7052f1be9d2e1"}
{"index": {"_index":"sim","_id":"2688193"}}
	{"id":2688193,"type":"buy","buyer":"jwjqu.wam","seller":"jelly-cz","symbol":"SIM","quantity":"2874.000","price":"0.00052210","timestamp":1643748354,"volume":"1.50051540","buyTxId":"8f6c93b7151d055119e7a43a2ce1a339a227bb91","sellTxId":"MM-P-14455466-61442756-3-28-0"}
{"index": {"_index":"sim","_id":"2688246"}}
	{"id":2688246,"type":"sell","buyer":"pi-trader","seller":"elevator09","symbol":"SIM","quantity":"1447.000","price":"0.00050003","timestamp":1643748675,"volume":"0.72354341","buyTxId":"bfa394e0fdd4c8566cdb0a547cbde3a2b21cc6d4-3","sellTxId":"7fd6a157217383429fc9732ee596fad8a5a18937"}
{"index": {"_index":"sim","_id":"2688584"}}
	{"id":2688584,"type":"sell","buyer":"pi-trader","seller":"alive.chat","symbol":"SIM","quantity":"2.344","price":"0.00050003","timestamp":1643752719,"volume":"0.00117207","buyTxId":"a730c72d5c33b1311f47b632164b9a261d230c61-3","sellTxId":"8b7decdf6d22ac6719ee60374146af6ee3adf09d"}
{"index": {"_index":"sim","_id":"2688616"}}
	{"id":2688616,"type":"sell","buyer":"pi-trader","seller":"dwinblood","symbol":"SIM","quantity":"0.453","price":"0.00050003","timestamp":1643753070,"volume":"0.00022651","buyTxId":"d0114fe89bcbe26bb2dca1b75b22100529f5c0cd-1","sellTxId":"2f91e07fed788b5f71ed947320a09fcd2def3a96"}
{"index": {"_index":"sim","_id":"2688689"}}
	{"id":2688689,"type":"buy","buyer":"stickupcash","seller":"jelly-cz","symbol":"SIM","quantity":"576.000","price":"0.00052210","timestamp":1643753847,"volume":"0.30072960","buyTxId":"8b5194480b16ebb45179e4992bed3a12aff1cfe5","sellTxId":"MM-P-14455466-61442756-3-28-0"}
{"index": {"_index":"sim","_id":"2688762"}}
	{"id":2688762,"type":"sell","buyer":"pi-trader","seller":"monsterjamgold","symbol":"SIM","quantity":"224.615","price":"0.00050003","timestamp":1643754825,"volume":"0.11231424","buyTxId":"f47000526f65669101da1ddd254e0898c3d207a1-1","sellTxId":"cc893313d60b2ecdf5f2d78a4b5d78674c5dec77"}
{"index": {"_index":"sim","_id":"2688963"}}
	{"id":2688963,"type":"sell","buyer":"pi-trader","seller":"balte","symbol":"SIM","quantity":"35000.000","price":"0.00050003","timestamp":1643757189,"volume":"17.50105000","buyTxId":"ade6b16d0ee7bef75141d2deb2916e6e63e9102c-3","sellTxId":"bbf0471edeb71161ef1d6a78d454b0b7fafc17ec"}
{"index": {"_index":"sim","_id":"2689248"}}
	{"id":2689248,"type":"sell","buyer":"pi-trader","seller":"kasaisoul","symbol":"SIM","quantity":"0.358","price":"0.00050003","timestamp":1643760750,"volume":"0.00017901","buyTxId":"d508757ca0264116c3836649282c4d1720b78753-6","sellTxId":"5a1cc7fd7546d62708c4537e6ec062183b8d1ce3"}
{"index": {"_index":"sim","_id":"2689258"}}
	{"id":2689258,"type":"sell","buyer":"pi-trader","seller":"brofi-market","symbol":"SIM","quantity":"0.004","price":"0.00050003","timestamp":1643760807,"volume":"0.00000200","buyTxId":"cf9cad2c7b2dd15233b9495d95a7006df47653ad-1","sellTxId":"bdda170df970ab0914b43a77ac5fa2f10d081451"}
{"index": {"_index":"sim","_id":"2689476"}}
	{"id":2689476,"type":"sell","buyer":"pi-trader","seller":"thahodler","symbol":"SIM","quantity":"2435.500","price":"0.00050003","timestamp":1643764248,"volume":"1.21782307","buyTxId":"526792392e50c2945bca5e013648e38c9d268927-1","sellTxId":"65f07bade911f4628cc4303dafcebbe8bf2f3cdc"}
{"index": {"_index":"sim","_id":"2689588"}}
	{"id":2689588,"type":"sell","buyer":"pi-trader","seller":"knowledge-seeker","symbol":"SIM","quantity":"166.000","price":"0.00050003","timestamp":1643765790,"volume":"0.08300498","buyTxId":"d891ad997649750e2d3509df733815190b8bb114-3","sellTxId":"a77ef32f11d08437b1b578eb765a9882bdfe9d9b"}
{"index": {"_index":"sim","_id":"2689617"}}
	{"id":2689617,"type":"sell","buyer":"pi-trader","seller":"leonardoalmaguer","symbol":"SIM","quantity":"122.000","price":"0.00050003","timestamp":1643766396,"volume":"0.06100366","buyTxId":"845b27679b5ce187be8edac562fc7726f4bea09c-3","sellTxId":"af904f5de70967a5164de5db6f9e0e47307df55c"}
{"index": {"_index":"sim","_id":"2689952"}}
	{"id":2689952,"type":"sell","buyer":"pi-trader","seller":"ironshield","symbol":"SIM","quantity":"8122.590","price":"0.00050005","timestamp":1643770116,"volume":"4.06170113","buyTxId":"d83cc68a100501e389ee40b88bc896571dafa6a1-1","sellTxId":"4a5ee6381215faef9f067a4aa3d16da7385fd6e0"}
{"index": {"_index":"sim","_id":"2690056"}}
	{"id":2690056,"type":"sell","buyer":"pi-trader","seller":"drakienrising","symbol":"SIM","quantity":"1077.500","price":"0.00050003","timestamp":1643771241,"volume":"0.53878233","buyTxId":"aad216b2c0898f222a7c9da852e5614d6dceaf98-3","sellTxId":"b2f00c1b1982b9cdf91abb9ae73e8cd841f6edd1"}
{"index": {"_index":"sim","_id":"2690211"}}
	{"id":2690211,"type":"sell","buyer":"pi-trader","seller":"theguruasia","symbol":"SIM","quantity":"1203.750","price":"0.00050003","timestamp":1643773698,"volume":"0.60191111","buyTxId":"4a5b3eb6fae79c728d2c5cd56e72a0a5accfd1cd-3","sellTxId":"106f7d316a7c2d4b73649add279abbca32da51f4"}
