{"index": {"_index":"sim","_id":"1611296"}}
	{"id":1611296,"type":"sell","buyer":"pi-trader","seller":"bearbear613","symbol":"SIM","quantity":"7888.028","price":"0.00109298","timestamp":1632970479,"volume":"8.62145684","buyTxId":"dd43c1c94f10784e9106585d44de318afa44ea55-3","sellTxId":"8253fe9a180cd398ea62ca4368900a8e0faf70c2"}
{"index": {"_index":"sim","_id":"1611964"}}
	{"id":1611964,"type":"sell","buyer":"pi-trader","seller":"razam","symbol":"SIM","quantity":"3.000","price":"0.00109352","timestamp":1632975939,"volume":"0.00328056","buyTxId":"98cd775c495a3dbfeb82f5953e491a0e9f9283e6-1","sellTxId":"06e7dee80645c2badc09c0fdedd1caecde001ef5"}
{"index": {"_index":"sim","_id":"1612190"}}
	{"id":1612190,"type":"buy","buyer":"boycharliefamily","seller":"jelly-cz","symbol":"SIM","quantity":"1.000","price":"0.00114997","timestamp":1632978159,"volume":"0.00114997","buyTxId":"05e630b2e1a544ebbd54e17ba5929264c045062d","sellTxId":"MM-P-10879106-57863837-3-35-1"}
{"index": {"_index":"sim","_id":"1612194"}}
	{"id":1612194,"type":"sell","buyer":"pi-trader","seller":"manoldonchev","symbol":"SIM","quantity":"2682.000","price":"0.00109376","timestamp":1632978252,"volume":"2.93346432","buyTxId":"cbf403aa360de24a07ec0e71c5d0265786f09fc7-6","sellTxId":"5ee51582b5737ff22ccad153f7e0062268816973"}
{"index": {"_index":"sim","_id":"1612451"}}
	{"id":1612451,"type":"buy","buyer":"deepsafe","seller":"jelly-cz","symbol":"SIM","quantity":"1.000","price":"0.00114997","timestamp":1632980622,"volume":"0.00114997","buyTxId":"93fc257a9c542c928929fdef013a51752a4b99cc","sellTxId":"MM-P-10882295-57867027-3-35-1"}
{"index": {"_index":"sim","_id":"1612452"}}
	{"id":1612452,"type":"buy","buyer":"deepsafe","seller":"solovey6o2","symbol":"SIM","quantity":"17799.000","price":"0.00114999","timestamp":1632980622,"volume":"20.46867201","buyTxId":"93fc257a9c542c928929fdef013a51752a4b99cc","sellTxId":"2ad744e70996acfb1070db019f9a4f388a52fa71"}
{"index": {"_index":"sim","_id":"1612776"}}
	{"id":1612776,"type":"sell","buyer":"jelly-cz","seller":"heikki1337","symbol":"SIM","quantity":"3754.882","price":"0.00109408","timestamp":1632983283,"volume":"4.10814130","buyTxId":"MM-P-10883292-57868024-3-35-0","sellTxId":"be447072c7aabe0f55a865f70744292272a73301"}
{"index": {"_index":"sim","_id":"1612897"}}
	{"id":1612897,"type":"sell","buyer":"jelly-cz","seller":"khan.dayyanz","symbol":"SIM","quantity":"71193.933","price":"0.00109408","timestamp":1632984381,"volume":"77.89185822","buyTxId":"MM-P-10883292-57868024-3-35-0","sellTxId":"bf82f379d9133beb76232aa7f33b9e6670b7a3e6"}
{"index": {"_index":"sim","_id":"1612898"}}
	{"id":1612898,"type":"sell","buyer":"looftee","seller":"khan.dayyanz","symbol":"SIM","quantity":"780.000","price":"0.00109000","timestamp":1632984381,"volume":"0.85020000","buyTxId":"dc1d25973146bf7875e92aab07346f0f073e921d","sellTxId":"bf82f379d9133beb76232aa7f33b9e6670b7a3e6"}
{"index": {"_index":"sim","_id":"1612974"}}
	{"id":1612974,"type":"sell","buyer":"pi-trader","seller":"imperij4427","symbol":"SIM","quantity":"35376.000","price":"0.00101009","timestamp":1632985125,"volume":"35.73294384","buyTxId":"8509684d2cc219fac21d9af7ee9d099f8ce849fc-1","sellTxId":"ec2739e0303b797eeba1e6f76aae4efa71ff6dd3"}
{"index": {"_index":"sim","_id":"1613041"}}
	{"id":1613041,"type":"sell","buyer":"pi-trader","seller":"tonytrillions","symbol":"SIM","quantity":"0.092","price":"0.00101015","timestamp":1632985632,"volume":"0.00009293","buyTxId":"38a5504b9a4196c80f830579695f90e9f551a2e3-1","sellTxId":"df9d1cde2be54578943d47d027ed292a9b79e1a7"}
{"index": {"_index":"sim","_id":"1613175"}}
	{"id":1613175,"type":"buy","buyer":"upali","seller":"khan.dayyanz","symbol":"SIM","quantity":"26.067","price":"0.00109000","timestamp":1632987708,"volume":"0.02841303","buyTxId":"3d3ce1c216439f64daec76d79ab72a19fd3031e3","sellTxId":"bf82f379d9133beb76232aa7f33b9e6670b7a3e6"}
{"index": {"_index":"sim","_id":"1613239"}}
	{"id":1613239,"type":"sell","buyer":"pi-trader","seller":"upali","symbol":"SIM","quantity":"50000.000","price":"0.00108451","timestamp":1632988413,"volume":"54.22550000","buyTxId":"77779b3bf87d44e12788f6b43b5a282d88e5a9b8-3","sellTxId":"63e109e74b528425a12673a7324616685f77b7d4"}
{"index": {"_index":"sim","_id":"1613251"}}
	{"id":1613251,"type":"sell","buyer":"pi-trader","seller":"steem69","symbol":"SIM","quantity":"50000.000","price":"0.00108454","timestamp":1632988635,"volume":"54.22700000","buyTxId":"514ff2132487d0e0868549a123e6c69a3b288fd5-3","sellTxId":"af1c4cc8b18aedad9a12b8687083394b92641fe7"}
{"index": {"_index":"sim","_id":"1613288"}}
	{"id":1613288,"type":"sell","buyer":"jelly-cz","seller":"steem69","symbol":"SIM","quantity":"50000.000","price":"0.00108453","timestamp":1632988965,"volume":"54.22650000","buyTxId":"MM-P-10885686-57870420-3-35-0","sellTxId":"1b79af702ac0ccbb743ed3a99c6d85d41150c1a4"}
{"index": {"_index":"sim","_id":"1613296"}}
	{"id":1613296,"type":"sell","buyer":"jelly-cz","seller":"steem69","symbol":"SIM","quantity":"25608.789","price":"0.00108453","timestamp":1632989064,"volume":"27.77349993","buyTxId":"MM-P-10885686-57870420-3-35-0","sellTxId":"03f2df01e1905eedafb4d88441140d4e313a7932"}
{"index": {"_index":"sim","_id":"1613297"}}
	{"id":1613297,"type":"sell","buyer":"upali","seller":"megalithic","symbol":"SIM","quantity":"1000.000","price":"0.00108450","timestamp":1632989097,"volume":"1.08450000","buyTxId":"91064c79aff7c633c97ec362920841eaa6c73b21","sellTxId":"aeca543dd443f2f5aa748641055ec567f2a089a6"}
{"index": {"_index":"sim","_id":"1613298"}}
	{"id":1613298,"type":"sell","buyer":"upali","seller":"megalithic","symbol":"SIM","quantity":"500.000","price":"0.00108000","timestamp":1632989097,"volume":"0.54000000","buyTxId":"e95495d917a93abbd3d3a6ad7de6c776a6814c2b","sellTxId":"aeca543dd443f2f5aa748641055ec567f2a089a6"}
{"index": {"_index":"sim","_id":"1613299"}}
	{"id":1613299,"type":"sell","buyer":"d-pend","seller":"megalithic","symbol":"SIM","quantity":"37501.000","price":"0.00101000","timestamp":1632989097,"volume":"37.87601000","buyTxId":"030dfdfcfa96726eb1725872ea840806330daa12","sellTxId":"aeca543dd443f2f5aa748641055ec567f2a089a6"}
{"index": {"_index":"sim","_id":"1613305"}}
	{"id":1613305,"type":"buy","buyer":"barski","seller":"upali","symbol":"SIM","quantity":"5000.000","price":"0.00113000","timestamp":1632989133,"volume":"5.65000000","buyTxId":"088709c1a9aa962e581cb17e45394f39f33137a8","sellTxId":"b3ec37e75947ee79513d4137661442807cf8ac09"}
{"index": {"_index":"sim","_id":"1613344"}}
	{"id":1613344,"type":"sell","buyer":"jelly-cz","seller":"steem69","symbol":"SIM","quantity":"50000.000","price":"0.00108303","timestamp":1632989817,"volume":"54.15150000","buyTxId":"MM-P-10886084-57870818-3-35-0","sellTxId":"247596a8bfe4be81e272b83e07a31b07a34c61d1"}
{"index": {"_index":"sim","_id":"1613378"}}
	{"id":1613378,"type":"sell","buyer":"pi-trader","seller":"steem69","symbol":"SIM","quantity":"50000.000","price":"0.00108307","timestamp":1632990348,"volume":"54.15350000","buyTxId":"4f2aca53578b8c4b0886ed79709058da045b03d7-1","sellTxId":"71af9edf4ba8f189c8f0b0be1c9faba94701b153"}
{"index": {"_index":"sim","_id":"1613388"}}
	{"id":1613388,"type":"sell","buyer":"jelly-cz","seller":"steem69","symbol":"SIM","quantity":"33980.374","price":"0.00108309","timestamp":1632990462,"volume":"36.80380328","buyTxId":"MM-P-10886281-57871016-3-35-0","sellTxId":"5fcf6600ef7414205019fd2e4c39401615ebbe99"}
{"index": {"_index":"sim","_id":"1613389"}}
	{"id":1613389,"type":"sell","buyer":"steem69","seller":"steem69","symbol":"SIM","quantity":"1000.000","price":"0.00108300","timestamp":1632990462,"volume":"1.08300000","buyTxId":"ab2996b29d2d757be4f4d8955c1243c8b70affdd","sellTxId":"5fcf6600ef7414205019fd2e4c39401615ebbe99"}
{"index": {"_index":"sim","_id":"1613390"}}
	{"id":1613390,"type":"buy","buyer":"genet","seller":"steem69","symbol":"SIM","quantity":"15019.626","price":"0.00108300","timestamp":1632990465,"volume":"16.26625496","buyTxId":"c21beee20e17e61fb0960daeb5a12e1a2c80c414-0","sellTxId":"5fcf6600ef7414205019fd2e4c39401615ebbe99"}
{"index": {"_index":"sim","_id":"1613408"}}
	{"id":1613408,"type":"sell","buyer":"steem69","seller":"egistar","symbol":"SIM","quantity":"200","price":"0.00108300","timestamp":1632990789,"volume":"0.21660000","buyTxId":"ab18102cc0c7e7c7cdd950c9dca40eb0064da2c4","sellTxId":"45f863bac8bacc27cda203c9422c5869c374f761"}
{"index": {"_index":"sim","_id":"1613451"}}
	{"id":1613451,"type":"sell","buyer":"pi-trader","seller":"steem69","symbol":"SIM","quantity":"50000.000","price":"0.00108201","timestamp":1632991593,"volume":"54.10050000","buyTxId":"62699f66e098dc204ea5decb98f63170180619cc-0","sellTxId":"bba45e2778d454ea4758ee9ed5541c5927fe3391"}
{"index": {"_index":"sim","_id":"1613482"}}
	{"id":1613482,"type":"sell","buyer":"steem69","seller":"anosys","symbol":"SIM","quantity":"30.047","price":"0.00108200","timestamp":1632992382,"volume":"0.03251085","buyTxId":"bb4ef515e4161435156d184cb5fb68ca73db38e8","sellTxId":"0a9fe8f702a56580bde85026fcf27d78578e9716"}
{"index": {"_index":"sim","_id":"1613549"}}
	{"id":1613549,"type":"sell","buyer":"steem69","seller":"goldcoin","symbol":"SIM","quantity":"29.689","price":"0.00108200","timestamp":1632993678,"volume":"0.03212350","buyTxId":"bb4ef515e4161435156d184cb5fb68ca73db38e8","sellTxId":"66f857e4bd1a428116b1d86533c722c22da992e9"}
{"index": {"_index":"sim","_id":"1613582"}}
	{"id":1613582,"type":"sell","buyer":"steem69","seller":"ctrlyse","symbol":"SIM","quantity":"114.003","price":"0.00108200","timestamp":1632994191,"volume":"0.12335125","buyTxId":"bb4ef515e4161435156d184cb5fb68ca73db38e8","sellTxId":"709054011eb3949c18c6635c9cd2179ba1703c7b"}
{"index": {"_index":"sim","_id":"1613640"}}
	{"id":1613640,"type":"sell","buyer":"steem69","seller":"muenchen","symbol":"SIM","quantity":"826.261","price":"0.00108200","timestamp":1632995109,"volume":"0.89401440","buyTxId":"bb4ef515e4161435156d184cb5fb68ca73db38e8","sellTxId":"8c12e2ac5b05198b3a028175776bf637c8805e41"}
{"index": {"_index":"sim","_id":"1613641"}}
	{"id":1613641,"type":"buy","buyer":"genet","seller":"muenchen","symbol":"SIM","quantity":"9786.739","price":"0.00108200","timestamp":1632995112,"volume":"10.58925160","buyTxId":"ca6c8d2a01a6dbff5cbabe3209a9b0ffe768bfb2-0","sellTxId":"8c12e2ac5b05198b3a028175776bf637c8805e41"}
{"index": {"_index":"sim","_id":"1613957"}}
	{"id":1613957,"type":"sell","buyer":"pi-trader","seller":"mobi72","symbol":"SIM","quantity":"19469.930","price":"0.00101003","timestamp":1632999417,"volume":"19.66521340","buyTxId":"5211c3a3f79390146956a55abc771e9982ff0aed-0","sellTxId":"5b5eeffb039c35568903618b4b5adfec0180b424"}
{"index": {"_index":"sim","_id":"1613995"}}
	{"id":1613995,"type":"buy","buyer":"kachinhenry","seller":"elevator09","symbol":"SIM","quantity":"3230.500","price":"0.00111000","timestamp":1633000170,"volume":"3.58585500","buyTxId":"49de4d1d6a58288f0cd9a0ff0a8d1bc3bdf96487","sellTxId":"7e2c3ebfe2fce55e983a949c048fe178c58e1b3b"}
{"index": {"_index":"sim","_id":"1613996"}}
	{"id":1613996,"type":"buy","buyer":"kachinhenry","seller":"atomcollector","symbol":"SIM","quantity":"1000.000","price":"0.00112000","timestamp":1633000170,"volume":"1.12000000","buyTxId":"49de4d1d6a58288f0cd9a0ff0a8d1bc3bdf96487","sellTxId":"6d1cce3627d8b90d64e6431472d28d03876bccb5"}
{"index": {"_index":"sim","_id":"1613997"}}
	{"id":1613997,"type":"buy","buyer":"kachinhenry","seller":"steem69","symbol":"SIM","quantity":"5000.000","price":"0.00113000","timestamp":1633000170,"volume":"5.65000000","buyTxId":"49de4d1d6a58288f0cd9a0ff0a8d1bc3bdf96487","sellTxId":"5a2520c182a3940eb40d45a1716a47b6cf2cd1cc"}
{"index": {"_index":"sim","_id":"1613998"}}
	{"id":1613998,"type":"buy","buyer":"kachinhenry","seller":"axeman","symbol":"SIM","quantity":"769.500","price":"0.00114000","timestamp":1633000170,"volume":"0.87723000","buyTxId":"49de4d1d6a58288f0cd9a0ff0a8d1bc3bdf96487","sellTxId":"9853b0572beede48d85a26947356e000a979821c"}
{"index": {"_index":"sim","_id":"1613999"}}
	{"id":1613999,"type":"sell","buyer":"pi-trader","seller":"evernoticethat","symbol":"SIM","quantity":"4000.000","price":"0.00101001","timestamp":1633000185,"volume":"4.04004000","buyTxId":"8712fbd27d4d03173dcc19b06b1cf14d20623d96-3","sellTxId":"41d86e7d739c72c5c459326d9e297e4b6b7c0b19"}
{"index": {"_index":"sim","_id":"1614026"}}
	{"id":1614026,"type":"sell","buyer":"pi-trader","seller":"hive.miner","symbol":"SIM","quantity":"17.000","price":"0.00101001","timestamp":1633000800,"volume":"0.01717017","buyTxId":"55c9cf39585c990ca36e0f61e419945870cbac2d-3","sellTxId":"bfbccdedcf573344073b4f2b93dac656e01177cf"}
{"index": {"_index":"sim","_id":"1614192"}}
	{"id":1614192,"type":"sell","buyer":"solovey6o2","seller":"brofi-market","symbol":"SIM","quantity":"0.009","price":"0.00101015","timestamp":1633003932,"volume":"0.00000909","buyTxId":"8712834a61feaecafb5db16fd08535c0d028e99c","sellTxId":"6c154f6d89ce270e1a1df222abf1a3178e817dd7"}
{"index": {"_index":"sim","_id":"1614332"}}
	{"id":1614332,"type":"sell","buyer":"pi-trader","seller":"monsterjamgold","symbol":"SIM","quantity":"3257.467","price":"0.00101017","timestamp":1633005261,"volume":"3.29059544","buyTxId":"664023c6e4c286c5641a13acc6929a2160df7341-3","sellTxId":"b4e4d9d2d943a7b187b1f220a4e1df0c919dbc19"}
{"index": {"_index":"sim","_id":"1614741"}}
	{"id":1614741,"type":"sell","buyer":"pi-trader","seller":"deiviz-79","symbol":"SIM","quantity":"1000.000","price":"0.00101023","timestamp":1633009980,"volume":"1.01023000","buyTxId":"6393773363c15cb008afa313a7773c5b6770e7e5-2","sellTxId":"4ee712dd9b427351740549cd8aa5ba79ce0cd9b1"}
{"index": {"_index":"sim","_id":"1614852"}}
	{"id":1614852,"type":"buy","buyer":"nyxlabs","seller":"steem69","symbol":"SIM","quantity":"1250.000","price":"0.00113000","timestamp":1633010841,"volume":"1.41250000","buyTxId":"d5a977fba4f461384cc095e75d65186ac5381202","sellTxId":"7ad27e2504c30c0191f83b294d88cfcd8f96c4b4"}
{"index": {"_index":"sim","_id":"1614873"}}
	{"id":1614873,"type":"sell","buyer":"pi-trader","seller":"dredio","symbol":"SIM","quantity":"5.561","price":"0.00101014","timestamp":1633011177,"volume":"0.00561739","buyTxId":"ffb167a6db1e1027302dab15aba261f9376c6cda-4","sellTxId":"a848d6e2b32897ad252f73bf181741391b0ac3a6"}
{"index": {"_index":"sim","_id":"1614880"}}
	{"id":1614880,"type":"buy","buyer":"jwjqu.wam","seller":"steem69","symbol":"SIM","quantity":"319.000","price":"0.00113000","timestamp":1633011357,"volume":"0.36047000","buyTxId":"76d7cafa21cc47e4cfd00d0dc10cd44722f148b8","sellTxId":"7ad27e2504c30c0191f83b294d88cfcd8f96c4b4"}
{"index": {"_index":"sim","_id":"1614999"}}
	{"id":1614999,"type":"buy","buyer":"konvik","seller":"pixaroma","symbol":"SIM","quantity":"100000.000","price":"0.00101029","timestamp":1633013319,"volume":"101.02900000","buyTxId":"d89f9e9aa14c55d445055061b3f896c018564017-0","sellTxId":"c388b48cd679f4a6fe80be6036d2eac331bf7dc9"}
{"index": {"_index":"sim","_id":"1615006"}}
	{"id":1615006,"type":"sell","buyer":"pi-trader","seller":"zonadigital21","symbol":"SIM","quantity":"647.198","price":"0.00101011","timestamp":1633013418,"volume":"0.65374117","buyTxId":"ad3fcc35f5aede3a4320c60d2b4bbcf4fe70a7f6-1","sellTxId":"dd8bd12c3ecddcef157378a688a0f3e64fdf029f"}
{"index": {"_index":"sim","_id":"1615104"}}
	{"id":1615104,"type":"sell","buyer":"jelly-cz","seller":"discohedge","symbol":"SIM","quantity":"15290.782","price":"0.00101025","timestamp":1633015068,"volume":"15.44751252","buyTxId":"MM-P-10894363-57879188-3-35-0","sellTxId":"d2349620dfed1aebc45a74bc9aca9d1ab2e3aaec"}
{"index": {"_index":"sim","_id":"1615196"}}
	{"id":1615196,"type":"buy","buyer":"nyxlabs","seller":"steem69","symbol":"SIM","quantity":"2800.000","price":"0.00113000","timestamp":1633015839,"volume":"3.16400000","buyTxId":"3b54544e8f4d805f1199d7dd8c7e1551ddcc0aec","sellTxId":"7ad27e2504c30c0191f83b294d88cfcd8f96c4b4"}
{"index": {"_index":"sim","_id":"1615238"}}
	{"id":1615238,"type":"sell","buyer":"pi-trader","seller":"amanda.yrr","symbol":"SIM","quantity":"242.000","price":"0.00101011","timestamp":1633016292,"volume":"0.24444662","buyTxId":"e4304e6b09e06a49a62dc0faf61218695b4a0ba7-3","sellTxId":"92864821a9759b1f792e45ba4c2699eb1310342e"}
{"index": {"_index":"sim","_id":"1615257"}}
	{"id":1615257,"type":"buy","buyer":"kevinnag58","seller":"steem69","symbol":"SIM","quantity":"221.238","price":"0.00113000","timestamp":1633016424,"volume":"0.25","buyTxId":"12297d09875898a27063ee22876de5194e9705d9","sellTxId":"7ad27e2504c30c0191f83b294d88cfcd8f96c4b4"}
{"index": {"_index":"sim","_id":"1615282"}}
	{"id":1615282,"type":"sell","buyer":"pi-trader","seller":"ga-sm","symbol":"SIM","quantity":"100.000","price":"0.00101011","timestamp":1633016754,"volume":"0.10101100","buyTxId":"59949e66487551f928c2c6a1056e4c8e620069a7-3","sellTxId":"5bfdda5736279935987ea28e07e3db5706c3e977"}
{"index": {"_index":"sim","_id":"1615364"}}
	{"id":1615364,"type":"buy","buyer":"kalid1997","seller":"steem69","symbol":"SIM","quantity":"0.003","price":"0.00113000","timestamp":1633017447,"volume":"0.00000339","buyTxId":"14beccb495d162c279509f89c3487ecb73062efc","sellTxId":"7ad27e2504c30c0191f83b294d88cfcd8f96c4b4"}
{"index": {"_index":"sim","_id":"1615399"}}
	{"id":1615399,"type":"sell","buyer":"pi-trader","seller":"lightcaptured","symbol":"SIM","quantity":"1236.279","price":"0.00101011","timestamp":1633017897,"volume":"1.24877778","buyTxId":"c269bbe435800f465c7d04e2c43415a2a942925c-1","sellTxId":"ddc481a58a0e1ca87e8a9b6bed4479e19c92eced"}
{"index": {"_index":"sim","_id":"1615732"}}
	{"id":1615732,"type":"buy","buyer":"condeas","seller":"steem69","symbol":"SIM","quantity":"409.759","price":"0.00113000","timestamp":1633020372,"volume":"0.46302767","buyTxId":"7b17710ec02c26c1afb03620c1083bf8c4a0f349","sellTxId":"7ad27e2504c30c0191f83b294d88cfcd8f96c4b4"}
{"index": {"_index":"sim","_id":"1615733"}}
	{"id":1615733,"type":"buy","buyer":"condeas","seller":"steem69","symbol":"SIM","quantity":"590.241","price":"0.00113000","timestamp":1633020372,"volume":"0.66697233","buyTxId":"7b17710ec02c26c1afb03620c1083bf8c4a0f349","sellTxId":"de021703a13dd0ae8905b35b0e80914d7d66ea55"}
{"index": {"_index":"sim","_id":"1615747"}}
	{"id":1615747,"type":"sell","buyer":"pi-trader","seller":"chireerocks","symbol":"SIM","quantity":"83.424","price":"0.00103001","timestamp":1633020453,"volume":"0.08592755","buyTxId":"89c689c2988f82ae3222519bd5e46113a2105c19-5","sellTxId":"45529eee2bf9dbe8ebb10d778d2a3b14619b72b0"}
{"index": {"_index":"sim","_id":"1615943"}}
	{"id":1615943,"type":"buy","buyer":"wizzitywillican","seller":"steem69","symbol":"SIM","quantity":"168.000","price":"0.00113000","timestamp":1633022550,"volume":"0.18984000","buyTxId":"b6e78cb2e133a8f3ba24a344fbf2d80d5d35493a","sellTxId":"de021703a13dd0ae8905b35b0e80914d7d66ea55"}
{"index": {"_index":"sim","_id":"1616087"}}
	{"id":1616087,"type":"sell","buyer":"pi-trader","seller":"gamsam","symbol":"SIM","quantity":"14709","price":"0.00103001","timestamp":1633024008,"volume":"15.15041709","buyTxId":"30f3f6d59c914fc98709fec66f4db4c433905346-3","sellTxId":"d12eb521d660d92085a6231ab3c34769346c0607"}
{"index": {"_index":"sim","_id":"1616139"}}
	{"id":1616139,"type":"sell","buyer":"pi-trader","seller":"sra1992","symbol":"SIM","quantity":"459.000","price":"0.00103001","timestamp":1633024701,"volume":"0.47277459","buyTxId":"e6e52bc15be8700c10549e572c32e5fadab12f34-3","sellTxId":"a25d0fe08b1253efa8cea3510516212d4cc61861"}
{"index": {"_index":"sim","_id":"1616225"}}
	{"id":1616225,"type":"sell","buyer":"pi-trader","seller":"ctrlyse","symbol":"SIM","quantity":"0.003","price":"0.00103001","timestamp":1633025682,"volume":"0.00000309","buyTxId":"2d5d82d191000ff710852138a3c4b2e086d39943-3","sellTxId":"15acb216ce62228f170d2e976ca0f7817e579742"}
{"index": {"_index":"sim","_id":"1616247"}}
	{"id":1616247,"type":"sell","buyer":"pi-trader","seller":"florian-glechner","symbol":"SIM","quantity":"37.000","price":"0.00103001","timestamp":1633026006,"volume":"0.03811037","buyTxId":"8bc0a096434fae8e6e4534dc4944ffbd76e5c61d-1","sellTxId":"64c7c72100a79779372bc45fd2c980e2e1b7d626"}
{"index": {"_index":"sim","_id":"1616248"}}
	{"id":1616248,"type":"sell","buyer":"pi-trader","seller":"ctrlyse","symbol":"SIM","quantity":"138.000","price":"0.00103001","timestamp":1633026018,"volume":"0.14214138","buyTxId":"8bc0a096434fae8e6e4534dc4944ffbd76e5c61d-1","sellTxId":"03ab0613b9669ca72cd6c1e0e2bf8ca92ab423f5"}
{"index": {"_index":"sim","_id":"1616367"}}
	{"id":1616367,"type":"sell","buyer":"pi-trader","seller":"dhedge-drips","symbol":"SIM","quantity":"0.004","price":"0.00101011","timestamp":1633027518,"volume":"0.00000404","buyTxId":"d09ac41fd912772c84967526ba9b25dfccf2509f-3","sellTxId":"ab1545eabef4e7f538776988bc82823087f748e5"}
{"index": {"_index":"sim","_id":"1616538"}}
	{"id":1616538,"type":"sell","buyer":"pi-trader","seller":"willsaldeno","symbol":"SIM","quantity":"3455.000","price":"0.00101025","timestamp":1633029216,"volume":"3.49041375","buyTxId":"d11529e9d50ff529013c199441f7a5fd94ee67f7-3","sellTxId":"3173a4f34ad0c5165eb45a53b199339222169bc3"}
{"index": {"_index":"sim","_id":"1616544"}}
	{"id":1616544,"type":"sell","buyer":"pi-trader","seller":"bearbear613","symbol":"SIM","quantity":"2324.020","price":"0.00101025","timestamp":1633029378,"volume":"2.34784121","buyTxId":"4080dff3a81977abe0571596394a286f56a7e2f3-3","sellTxId":"fcc60d2728f2212b349de7ac69f7a2646e92bc7b"}
{"index": {"_index":"sim","_id":"1616555"}}
	{"id":1616555,"type":"sell","buyer":"pi-trader","seller":"dera123","symbol":"SIM","quantity":"18000.784","price":"0.00101011","timestamp":1633029555,"volume":"18.18277193","buyTxId":"cfd04d0371712f7b6913a2d712891732418e83d1-5","sellTxId":"abc79cab7e7bd89936eb6102867cd20c989deff0"}
{"index": {"_index":"sim","_id":"1616574"}}
	{"id":1616574,"type":"buy","buyer":"spiritverve","seller":"gamsam","symbol":"SIM","quantity":"17730.000","price":"0.00112900","timestamp":1633029858,"volume":"20.01717000","buyTxId":"1027c3a0321fa3d56a3460f83ea75eb65c30b58b","sellTxId":"ed93688bc543134fcdfff31dc237f2a81ed8f9c6"}
{"index": {"_index":"sim","_id":"1616575"}}
	{"id":1616575,"type":"sell","buyer":"spiritverve","seller":"genet","symbol":"SIM","quantity":"62270.000","price":"0.00112900","timestamp":1633029861,"volume":"70.30283000","buyTxId":"1027c3a0321fa3d56a3460f83ea75eb65c30b58b","sellTxId":"4980106dc7e2ea2c6361f10d8243497f8e936e99-1"}
{"index": {"_index":"sim","_id":"1616604"}}
	{"id":1616604,"type":"sell","buyer":"pi-trader","seller":"curatorcat","symbol":"SIM","quantity":"67.094","price":"0.00101011","timestamp":1633030365,"volume":"0.06777232","buyTxId":"cd52584555a2bdc9b21f300dd575db18794407fe-1","sellTxId":"f53c30e8e07bccd3c3046f446499a7044075c1b9"}
{"index": {"_index":"sim","_id":"1616665"}}
	{"id":1616665,"type":"buy","buyer":"wizzitywillican","seller":"steem69","symbol":"SIM","quantity":"556.000","price":"0.00113000","timestamp":1633031328,"volume":"0.62828000","buyTxId":"9da187a0d8c4a3cbfcef101a0ee4bcca3f0becc1","sellTxId":"de021703a13dd0ae8905b35b0e80914d7d66ea55"}
{"index": {"_index":"sim","_id":"1616668"}}
	{"id":1616668,"type":"sell","buyer":"pi-trader","seller":"thahodler","symbol":"SIM","quantity":"3793.008","price":"0.00101011","timestamp":1633031388,"volume":"3.83135531","buyTxId":"604077e926ee04c467b4fb2af6ca2aa7a9618ca9-3","sellTxId":"1340627cfbd920a181f96b49cd78ecf8c3459148"}
{"index": {"_index":"sim","_id":"1616669"}}
	{"id":1616669,"type":"sell","buyer":"pi-trader","seller":"jrcornel","symbol":"SIM","quantity":"50000.000","price":"0.00101011","timestamp":1633031421,"volume":"50.50550000","buyTxId":"3951d8829312ff10b829ceaf4abace19db010c27-1","sellTxId":"cbdafb8a50859a1682d6d885df437fed1cb60dd9"}
{"index": {"_index":"sim","_id":"1616670"}}
	{"id":1616670,"type":"sell","buyer":"steem69","seller":"jrcornel","symbol":"SIM","quantity":"15924.000","price":"0.00101010","timestamp":1633031421,"volume":"16.08483240","buyTxId":"e66da93611df894183b1155a7b1a1d735c2f7799","sellTxId":"cbdafb8a50859a1682d6d885df437fed1cb60dd9"}
{"index": {"_index":"sim","_id":"1616704"}}
	{"id":1616704,"type":"sell","buyer":"pi-trader","seller":"solarpowers","symbol":"SIM","quantity":"10492.000","price":"0.00101011","timestamp":1633031691,"volume":"10.59807412","buyTxId":"3b5c9972787c9e965f75b2c0b2db8fda4b199e84-0","sellTxId":"6932001326b27140cb566a6eeac0b5f5a6f3a500"}
{"index": {"_index":"sim","_id":"1616726"}}
	{"id":1616726,"type":"sell","buyer":"pi-trader","seller":"theoriginal86","symbol":"SIM","quantity":"3000.000","price":"0.00101011","timestamp":1633032141,"volume":"3.03033000","buyTxId":"ca6ee0963e246a39f542e67fef20e9862a928e8d-1","sellTxId":"2dec820a4c8d129352a211c88c336c28256d5ad2"}
{"index": {"_index":"sim","_id":"1616969"}}
	{"id":1616969,"type":"sell","buyer":"pi-trader","seller":"balte","symbol":"SIM","quantity":"16000.000","price":"0.00101022","timestamp":1633034991,"volume":"16.16352000","buyTxId":"8a1080083ca0567d97ac55b992652fa4fe89022c-1","sellTxId":"c7866f882e1dd40b2fff4e3dc2db8b68c7fea5cb"}
{"index": {"_index":"sim","_id":"1617077"}}
	{"id":1617077,"type":"sell","buyer":"pi-trader","seller":"manoldonchev","symbol":"SIM","quantity":"3234.000","price":"0.00101011","timestamp":1633035765,"volume":"3.26669574","buyTxId":"b470f69bab43693ae59e2336d3057612a6145703-7","sellTxId":"15978155e27b79f333c6d240bef911cc76b058ae"}
{"index": {"_index":"sim","_id":"1617120"}}
	{"id":1617120,"type":"sell","buyer":"pi-trader","seller":"blue.rabbit","symbol":"SIM","quantity":"23119.015","price":"0.00101011","timestamp":1633036176,"volume":"23.35274824","buyTxId":"1461ba9d61e7142744e7e8c24bca745736e43957-3","sellTxId":"e7485697c35ce9cdc3e5ab414edfb34fc96d3758"}
{"index": {"_index":"sim","_id":"1617158"}}
	{"id":1617158,"type":"sell","buyer":"pi-trader","seller":"droida","symbol":"SIM","quantity":"0.134","price":"0.00101016","timestamp":1633036857,"volume":"0.00013536","buyTxId":"e5e1b84db29802c8ddc651ab32171400981d0f06-5","sellTxId":"6f71b2f842cd17fc88e715fb75ec294ad1d86dc2"}
{"index": {"_index":"sim","_id":"1617211"}}
	{"id":1617211,"type":"sell","buyer":"pi-trader","seller":"deathwing","symbol":"SIM","quantity":"0.03","price":"0.00101025","timestamp":1633037604,"volume":"0.00003031","buyTxId":"6ee1985df4c0d28548c324fb8b1cdeb41d406a93-3","sellTxId":"9f8ec25198115e7f853087ffec826bd1ca8d56ac-0"}
{"index": {"_index":"sim","_id":"1617235"}}
	{"id":1617235,"type":"sell","buyer":"pi-trader","seller":"mightyrocklee","symbol":"SIM","quantity":"2655.920","price":"0.00101011","timestamp":1633038021,"volume":"2.68277135","buyTxId":"436ad0eb0848ce64348cd2f7dab551ad87c81d0d-1","sellTxId":"3c7375073795af494723591fc46445721f7d47c8"}
{"index": {"_index":"sim","_id":"1617254"}}
	{"id":1617254,"type":"sell","buyer":"pi-trader","seller":"heruvim1978","symbol":"SIM","quantity":"50000.000","price":"0.00101011","timestamp":1633038291,"volume":"50.50550000","buyTxId":"66ab4cc6390eb0ca4d7f5902ecc236c44acd279c-3","sellTxId":"26a0b6483d44e0f862d42e012f8ddeb0ca89e0a2"}
{"index": {"_index":"sim","_id":"1617255"}}
	{"id":1617255,"type":"sell","buyer":"steem69","seller":"heruvim1978","symbol":"SIM","quantity":"20595.725","price":"0.00101010","timestamp":1633038291,"volume":"20.80374182","buyTxId":"e66da93611df894183b1155a7b1a1d735c2f7799","sellTxId":"26a0b6483d44e0f862d42e012f8ddeb0ca89e0a2"}
{"index": {"_index":"sim","_id":"1617287"}}
	{"id":1617287,"type":"buy","buyer":"dripdropp","seller":"solovey6o2","symbol":"SIM","quantity":"26000.000","price":"0.00110999","timestamp":1633038516,"volume":"28.85974000","buyTxId":"67184187c6445eca5516c0b044f1201c43493d6f","sellTxId":"a2621a56918d72f7b0a27fc9b4e3862da6f44b69"}
{"index": {"_index":"sim","_id":"1617409"}}
	{"id":1617409,"type":"sell","buyer":"pi-trader","seller":"nyxlabs","symbol":"SIM","quantity":"10251.238","price":"0.00101011","timestamp":1633040439,"volume":"10.35487802","buyTxId":"dd68347f153df225d97a8a801c090d3a7a185d65-0","sellTxId":"e0eb759780758e90b9172739356663d73bb1ffb2"}
{"index": {"_index":"sim","_id":"1617530"}}
	{"id":1617530,"type":"buy","buyer":"eythorphoto","seller":"solovey6o2","symbol":"SIM","quantity":"1032.168","price":"0.00110999","timestamp":1633042680,"volume":"1.14569616","buyTxId":"0ada22f0a0759d447f315db7234c95bd7713a022","sellTxId":"a2621a56918d72f7b0a27fc9b4e3862da6f44b69"}
{"index": {"_index":"sim","_id":"1617543"}}
	{"id":1617543,"type":"buy","buyer":"konvik","seller":"solovey6o2","symbol":"SIM","quantity":"621316.627","price":"0.00110999","timestamp":1633042980,"volume":"689.65524280","buyTxId":"7293fb4fdd8496aa97df0adb62a19cdc72954172-0","sellTxId":"a2621a56918d72f7b0a27fc9b4e3862da6f44b69"}
{"index": {"_index":"sim","_id":"1617544"}}
	{"id":1617544,"type":"buy","buyer":"genet","seller":"mary.janikowski","symbol":"SIM","quantity":"24577.000","price":"0.00111000","timestamp":1633042983,"volume":"27.28047000","buyTxId":"180eddcf3851431644615dd95b178e497146013e-1","sellTxId":"6af05da0717d3441a2d4915ae071a63904b4ad73"}
{"index": {"_index":"sim","_id":"1617634"}}
	{"id":1617634,"type":"buy","buyer":"eythorphoto","seller":"steem69","symbol":"SIM","quantity":"4685.759","price":"0.00113000","timestamp":1633044840,"volume":"5.29490767","buyTxId":"c2087dfd98bbfed5a435b229f1f91bf2210e70d8","sellTxId":"de021703a13dd0ae8905b35b0e80914d7d66ea55"}
{"index": {"_index":"sim","_id":"1617635"}}
	{"id":1617635,"type":"buy","buyer":"eythorphoto","seller":"brofi-market","symbol":"SIM","quantity":"0.009","price":"0.00113000","timestamp":1633044840,"volume":"0.00001017","buyTxId":"c2087dfd98bbfed5a435b229f1f91bf2210e70d8","sellTxId":"77062d77498267b660b894d1f9d2d6b2d5c40d24"}
{"index": {"_index":"sim","_id":"1617636"}}
	{"id":1617636,"type":"buy","buyer":"eythorphoto","seller":"dhedge-drips","symbol":"SIM","quantity":"0.004","price":"0.00113000","timestamp":1633044840,"volume":"0.00000452","buyTxId":"c2087dfd98bbfed5a435b229f1f91bf2210e70d8","sellTxId":"865cb7649a29e8d9e6fd9e442b81e6ea1c31acd6"}
{"index": {"_index":"sim","_id":"1617637"}}
	{"id":1617637,"type":"buy","buyer":"eythorphoto","seller":"taitux","symbol":"SIM","quantity":"1796.885","price":"0.00113000","timestamp":1633044840,"volume":"2.03048005","buyTxId":"c2087dfd98bbfed5a435b229f1f91bf2210e70d8","sellTxId":"25e8a8591809d804f108fbebc372d033c366aa4e"}
{"index": {"_index":"sim","_id":"1617778"}}
	{"id":1617778,"type":"sell","buyer":"solovey6o2","seller":"brofi-market","symbol":"SIM","quantity":"0.004","price":"0.00101023","timestamp":1633047246,"volume":"0.00000404","buyTxId":"18405f9f3f98038416ac8f1d97cabd6441f14f60","sellTxId":"babe0723dde600d2f2185c21878176b9e6e485f0"}
{"index": {"_index":"sim","_id":"1617906"}}
	{"id":1617906,"type":"sell","buyer":"pi-trader","seller":"thatcryptodave","symbol":"SIM","quantity":"1597.009","price":"0.00101026","timestamp":1633048338,"volume":"1.61339431","buyTxId":"41b82f218cda9c9fcbb34ca966091141e401af93-3","sellTxId":"b4d55559a4a567d9a176bad5ae876428775e3dab"}
{"index": {"_index":"sim","_id":"1617910"}}
	{"id":1617910,"type":"sell","buyer":"pi-trader","seller":"thatcryptodave","symbol":"SIM","quantity":"750.000","price":"0.00101026","timestamp":1633048389,"volume":"0.75769500","buyTxId":"98fe8a5e5476522b412d597813a7ec4c23aa9acc-5","sellTxId":"11a8c4a7e0ef9a86c6d5ca265ba29463bc5712b6"}
{"index": {"_index":"sim","_id":"1617988"}}
	{"id":1617988,"type":"sell","buyer":"pi-trader","seller":"dhedge-drips","symbol":"SIM","quantity":"0.001","price":"0.00101013","timestamp":1633049124,"volume":"0.00000101","buyTxId":"3c3a2000588ce932e62cb14b7fec7c7b38700a9b-5","sellTxId":"d34e14e620b0aa4ffdc546c7ca67e122ef8a53bd"}
{"index": {"_index":"sim","_id":"1618105"}}
	{"id":1618105,"type":"sell","buyer":"pi-trader","seller":"megalithic","symbol":"SIM","quantity":"15998.020","price":"0.00101019","timestamp":1633050531,"volume":"16.16103982","buyTxId":"31cebd41b32e9ce0c1938808fc34a9281ecb453f-1","sellTxId":"e671763db4874d528412ab311a3d1f70d5c82e2f"}
{"index": {"_index":"sim","_id":"1618148"}}
	{"id":1618148,"type":"sell","buyer":"pi-trader","seller":"skylils","symbol":"SIM","quantity":"2.357","price":"0.00101022","timestamp":1633051101,"volume":"0.00238109","buyTxId":"d33d8a9b813c35d7066af0b4c6c8d74acac941ec-1","sellTxId":"32dbd11515356dbfe0c8086e910687379676a63c"}
{"index": {"_index":"sim","_id":"1618276"}}
	{"id":1618276,"type":"sell","buyer":"pi-trader","seller":"thranax","symbol":"SIM","quantity":"83.090","price":"0.00101013","timestamp":1633053561,"volume":"0.08393170","buyTxId":"cf715a7396d765e4efbfad3cb12f4499284cf0fb-3","sellTxId":"1567baaec7e7b41157338e022c49bbda62605527"}
{"index": {"_index":"sim","_id":"1618445"}}
	{"id":1618445,"type":"buy","buyer":"libert","seller":"taitux","symbol":"SIM","quantity":"932.115","price":"0.00113000","timestamp":1633056588,"volume":"1.05328995","buyTxId":"991bd5c37453cc2292a3def278ec5cff1a476daa","sellTxId":"25e8a8591809d804f108fbebc372d033c366aa4e"}
{"index": {"_index":"sim","_id":"1618446"}}
	{"id":1618446,"type":"buy","buyer":"libert","seller":"quekery","symbol":"SIM","quantity":"1000.000","price":"0.00113000","timestamp":1633056588,"volume":"1.13000000","buyTxId":"991bd5c37453cc2292a3def278ec5cff1a476daa","sellTxId":"8f07692c7c2a734184c32c658348cb0655c90e2a"}
{"index": {"_index":"sim","_id":"1618447"}}
	{"id":1618447,"type":"buy","buyer":"libert","seller":"romiferns","symbol":"SIM","quantity":"59.911","price":"0.00113000","timestamp":1633056588,"volume":"0.06769943","buyTxId":"991bd5c37453cc2292a3def278ec5cff1a476daa","sellTxId":"3455a59e868dd08ddff6b1e032459c47958ddf14"}
{"index": {"_index":"sim","_id":"1618448"}}
	{"id":1618448,"type":"buy","buyer":"libert","seller":"brofi-market","symbol":"SIM","quantity":"0.004","price":"0.00113000","timestamp":1633056588,"volume":"0.00000452","buyTxId":"991bd5c37453cc2292a3def278ec5cff1a476daa","sellTxId":"cb2953742047541bd1fc1471808f4ae90f4d3ea3"}
{"index": {"_index":"sim","_id":"1618449"}}
	{"id":1618449,"type":"buy","buyer":"libert","seller":"dhedge-drips","symbol":"SIM","quantity":"0.001","price":"0.00113000","timestamp":1633056588,"volume":"0.00000113","buyTxId":"991bd5c37453cc2292a3def278ec5cff1a476daa","sellTxId":"e748f4c3e689ab87a6ce3df424398642842cc4b4"}
{"index": {"_index":"sim","_id":"1618450"}}
	{"id":1618450,"type":"buy","buyer":"libert","seller":"steem69","symbol":"SIM","quantity":"7374.222","price":"0.00113490","timestamp":1633056588,"volume":"8.36900497","buyTxId":"991bd5c37453cc2292a3def278ec5cff1a476daa","sellTxId":"e60e8ad412dcaee99af0e7a44490f3c5022181f7"}
{"index": {"_index":"sim","_id":"1618470"}}
	{"id":1618470,"type":"sell","buyer":"eythorphoto","seller":"colecornell","symbol":"SIM","quantity":"1440.000","price":"0.00113000","timestamp":1633056846,"volume":"1.62720000","buyTxId":"8f471dc72c962c7941a8100ef074d98e8ca213f2","sellTxId":"7308b94b40272440ad13c9a7aa4002371f9c3380"}
{"index": {"_index":"sim","_id":"1618471"}}
	{"id":1618471,"type":"buy","buyer":"genet","seller":"colecornell","symbol":"SIM","quantity":"98560.000","price":"0.00112000","timestamp":1633056849,"volume":"110.38720000","buyTxId":"012e591404ce3672e76a7cabf99a808e56b808e5-0","sellTxId":"7308b94b40272440ad13c9a7aa4002371f9c3380"}
