{"index": {"_index":"sim","_id":"2467837"}}
	{"id":2467837,"type":"sell","buyer":"jelly-cz","seller":"theshaki","symbol":"SIM","quantity":"103.662","price":"0.00056471","timestamp":1641355407,"volume":"0.05853897","buyTxId":"MM-P-13663970-60651022-3-29-0","sellTxId":"6ec2146af64593080c1d334cdddb2a446a60087c"}
{"index": {"_index":"sim","_id":"2467841"}}
	{"id":2467841,"type":"sell","buyer":"jelly-cz","seller":"heikki1337","symbol":"SIM","quantity":"3612.292","price":"0.00056471","timestamp":1641355476,"volume":"2.03989742","buyTxId":"MM-P-13663970-60651022-3-29-0","sellTxId":"93065c663fa9c4c8d99ae28abef509654edebce1"}
{"index": {"_index":"sim","_id":"2467877"}}
	{"id":2467877,"type":"sell","buyer":"jelly-cz","seller":"brofi-market","symbol":"SIM","quantity":"0.001","price":"0.00056471","timestamp":1641355911,"volume":"0.00000056","buyTxId":"MM-P-13663970-60651022-3-29-0","sellTxId":"745af9ace1b13f34cb7c83c0fd1e9ed139fe6364"}
{"index": {"_index":"sim","_id":"2467989"}}
	{"id":2467989,"type":"sell","buyer":"jelly-cz","seller":"goldcoin","symbol":"SIM","quantity":"57.610","price":"0.00056471","timestamp":1641357300,"volume":"0.03253294","buyTxId":"MM-P-13663970-60651022-3-29-0","sellTxId":"38d9bbfb474d2063e140113792dba1bbf39ee7f6"}
{"index": {"_index":"sim","_id":"2468356"}}
	{"id":2468356,"type":"sell","buyer":"jelly-cz","seller":"artistparthoroy","symbol":"SIM","quantity":"6918.000","price":"0.00056471","timestamp":1641362433,"volume":"3.90666378","buyTxId":"MM-P-13663970-60651022-3-29-0","sellTxId":"97ec57d2841dbc11643d412e092a06c12a2954e3"}
{"index": {"_index":"sim","_id":"2468364"}}
	{"id":2468364,"type":"sell","buyer":"jelly-cz","seller":"manoldonchev","symbol":"SIM","quantity":"7500.000","price":"0.00056471","timestamp":1641362577,"volume":"4.23532500","buyTxId":"MM-P-13663970-60651022-3-29-0","sellTxId":"1e46c3bc1e9e8df53defa7d2356c4b289ac85d50"}
{"index": {"_index":"sim","_id":"2468674"}}
	{"id":2468674,"type":"sell","buyer":"jelly-cz","seller":"kasaisoul","symbol":"SIM","quantity":"0.068","price":"0.00056471","timestamp":1641365928,"volume":"0.00003840","buyTxId":"MM-P-13663970-60651022-3-29-0","sellTxId":"25f9226ad80565e801ac1ef14aeac74b4f3d5a9c"}
{"index": {"_index":"sim","_id":"2469000"}}
	{"id":2469000,"type":"sell","buyer":"jelly-cz","seller":"julianhorack","symbol":"SIM","quantity":"465.000","price":"0.00056471","timestamp":1641369672,"volume":"0.26259015","buyTxId":"MM-P-13663970-60651022-3-29-0","sellTxId":"4c72bd9ebdf790867576fd975dc284da997c268c"}
{"index": {"_index":"sim","_id":"2469348"}}
	{"id":2469348,"type":"buy","buyer":"lxsxl","seller":"brofi-market","symbol":"SIM","quantity":"0.002","price":"0.00057699","timestamp":1641373470,"volume":"0.00000115","buyTxId":"a885da8e2aa137f1fde0031514fa45c38614eba1","sellTxId":"dc564d71dadeefd8637c3d58c03a2b8206697515"}
{"index": {"_index":"sim","_id":"2469349"}}
	{"id":2469349,"type":"buy","buyer":"lxsxl","seller":"pi-trader","symbol":"SIM","quantity":"4999.998","price":"0.00057699","timestamp":1641373470,"volume":"2.88494885","buyTxId":"a885da8e2aa137f1fde0031514fa45c38614eba1","sellTxId":"6d98dffaf018cd353f6a3a922fa4e18d2deb9512-6"}
{"index": {"_index":"sim","_id":"2469353"}}
	{"id":2469353,"type":"sell","buyer":"jelly-cz","seller":"mfblack","symbol":"SIM","quantity":"5604.000","price":"0.00056471","timestamp":1641373494,"volume":"3.16463484","buyTxId":"MM-P-13663970-60651022-3-29-0","sellTxId":"1c1b75c3fc6b412cc20b7908ae30b8bf5341ae4f"}
{"index": {"_index":"sim","_id":"2469501"}}
	{"id":2469501,"type":"sell","buyer":"jelly-cz","seller":"boycharliefamily","symbol":"SIM","quantity":"339.198","price":"0.00056471","timestamp":1641375384,"volume":"0.19154850","buyTxId":"MM-P-13663970-60651022-3-29-0","sellTxId":"8e017c7371d67ccf038573e6eaa64fdd35809338"}
{"index": {"_index":"sim","_id":"2469510"}}
	{"id":2469510,"type":"sell","buyer":"jelly-cz","seller":"automaton","symbol":"SIM","quantity":"23000.000","price":"0.00056471","timestamp":1641375513,"volume":"12.98833000","buyTxId":"MM-P-13663970-60651022-3-29-0","sellTxId":"e1227dc3a1ee2c626dcce4924ab3aa0c66012b95"}
{"index": {"_index":"sim","_id":"2469517"}}
	{"id":2469517,"type":"sell","buyer":"jelly-cz","seller":"automaton","symbol":"SIM","quantity":"1800.000","price":"0.00056471","timestamp":1641375591,"volume":"1.01647800","buyTxId":"MM-P-13663970-60651022-3-29-0","sellTxId":"71a420e465e88a3aa9276632358299826c16ca3d"}
{"index": {"_index":"sim","_id":"2469652"}}
	{"id":2469652,"type":"sell","buyer":"jelly-cz","seller":"atomcollector","symbol":"SIM","quantity":"4180.577","price":"0.00056471","timestamp":1641376920,"volume":"2.36081364","buyTxId":"MM-P-13663970-60651022-3-29-0","sellTxId":"9d74944db58615ef906eb665a671b1f41405a97d"}
{"index": {"_index":"sim","_id":"2469677"}}
	{"id":2469677,"type":"buy","buyer":"jelly-cz","seller":"atomcollector","symbol":"SIM","quantity":"2461.423","price":"0.00056471","timestamp":1641377199,"volume":"1.38999018","buyTxId":"MM-P-13672052-60659105-3-29-0","sellTxId":"9d74944db58615ef906eb665a671b1f41405a97d"}
{"index": {"_index":"sim","_id":"2469907"}}
	{"id":2469907,"type":"buy","buyer":"nayhlaingsoe","seller":"brofi-market","symbol":"SIM","quantity":"0.001","price":"0.00057699","timestamp":1641379839,"volume":"0.00000058","buyTxId":"8990afb533cbaca7c265d62ac2eaf0a1008d35b9","sellTxId":"7f7aea21bbb7d969b79002e2a0e055630405306d"}
{"index": {"_index":"sim","_id":"2469908"}}
	{"id":2469908,"type":"buy","buyer":"nayhlaingsoe","seller":"pi-trader","symbol":"SIM","quantity":"9999.999","price":"0.00057699","timestamp":1641379839,"volume":"5.76989942","buyTxId":"8990afb533cbaca7c265d62ac2eaf0a1008d35b9","sellTxId":"978313815a9eccc8c9a082da6dce4f97426449f4-7"}
{"index": {"_index":"sim","_id":"2469923"}}
	{"id":2469923,"type":"sell","buyer":"jelly-cz","seller":"fiberfrau","symbol":"SIM","quantity":"18.395","price":"0.00056472","timestamp":1641380202,"volume":"0.01038802","buyTxId":"MM-P-13672052-60659105-3-29-0","sellTxId":"728e399093ed1718340f5660b33d9f170e096f26"}
{"index": {"_index":"sim","_id":"2470006"}}
	{"id":2470006,"type":"sell","buyer":"jelly-cz","seller":"rmach","symbol":"SIM","quantity":"1573.584","price":"0.00056472","timestamp":1641381624,"volume":"0.88863436","buyTxId":"MM-P-13672052-60659105-3-29-0","sellTxId":"5c81789468934ceee751576f70a39066ed0baf22"}
{"index": {"_index":"sim","_id":"2470024"}}
	{"id":2470024,"type":"sell","buyer":"jelly-cz","seller":"paxjulia","symbol":"SIM","quantity":"2131.690","price":"0.00056472","timestamp":1641381792,"volume":"1.20380798","buyTxId":"MM-P-13672052-60659105-3-29-0","sellTxId":"003cd476c184915f6489ffc9770a668079dab8d8"}
{"index": {"_index":"sim","_id":"2470218"}}
	{"id":2470218,"type":"sell","buyer":"jelly-cz","seller":"ministickupboy","symbol":"SIM","quantity":"27.690","price":"0.00056472","timestamp":1641384051,"volume":"0.01563710","buyTxId":"MM-P-13672052-60659105-3-29-0","sellTxId":"1ef3011b48a68356ed0629ed53e6724e509fd84c"}
{"index": {"_index":"sim","_id":"2470242"}}
	{"id":2470242,"type":"sell","buyer":"jelly-cz","seller":"chesatochi","symbol":"SIM","quantity":"70.075","price":"0.00056472","timestamp":1641384339,"volume":"0.03957275","buyTxId":"MM-P-13672052-60659105-3-29-0","sellTxId":"25a1f0f633352e54e9c92dda71157989353d8af0"}
{"index": {"_index":"sim","_id":"2470283"}}
	{"id":2470283,"type":"sell","buyer":"jelly-cz","seller":"onealfa","symbol":"SIM","quantity":"22717.000","price":"0.00056472","timestamp":1641384705,"volume":"12.82874424","buyTxId":"MM-P-13672052-60659105-3-29-0","sellTxId":"5f2caca22ec519688f7de1baa077cf4fe3006cc2"}
{"index": {"_index":"sim","_id":"2470313"}}
	{"id":2470313,"type":"sell","buyer":"jelly-cz","seller":"brofi-market","symbol":"SIM","quantity":"0.004","price":"0.00056472","timestamp":1641384942,"volume":"0.00000226","buyTxId":"MM-P-13672052-60659105-3-29-0","sellTxId":"710e709d0bf91397d667753fd44e5ec90155cfc8"}
{"index": {"_index":"sim","_id":"2470356"}}
	{"id":2470356,"type":"sell","buyer":"jelly-cz","seller":"jesuscarrion","symbol":"SIM","quantity":"161.000","price":"0.00056472","timestamp":1641385344,"volume":"0.09091992","buyTxId":"MM-P-13672052-60659105-3-29-0","sellTxId":"c0fbf0c69b636b23619a6ba95b4c47ee9ec72f46"}
{"index": {"_index":"sim","_id":"2470422"}}
	{"id":2470422,"type":"buy","buyer":"nalan","seller":"pi-trader","symbol":"SIM","quantity":"19450.000","price":"0.00057499","timestamp":1641385776,"volume":"11.18355550","buyTxId":"ced49298e80a2c73e42c480c63b571eecce374d9","sellTxId":"3278e9a89ab9a9d64ea43e7aa2bf01b2b3246d67-4"}
{"index": {"_index":"sim","_id":"2470473"}}
	{"id":2470473,"type":"sell","buyer":"jelly-cz","seller":"bigram13","symbol":"SIM","quantity":"36358.334","price":"0.00056472","timestamp":1641386508,"volume":"20.53227838","buyTxId":"MM-P-13672052-60659105-3-29-0","sellTxId":"4e4b1fbc9cc62b1fbb294650c7e96f62dd6e6ae0"}
{"index": {"_index":"sim","_id":"2470474"}}
	{"id":2470474,"type":"sell","buyer":"princekham","seller":"bigram13","symbol":"SIM","quantity":"53388.666","price":"0.00056420","timestamp":1641386508,"volume":"30.12188536","buyTxId":"bfaf3f965c321601b0af2fce9f1e3de20eb8d67b","sellTxId":"4e4b1fbc9cc62b1fbb294650c7e96f62dd6e6ae0"}
{"index": {"_index":"sim","_id":"2470595"}}
	{"id":2470595,"type":"sell","buyer":"princekham","seller":"travelgirl","symbol":"SIM","quantity":"12898.000","price":"0.00056420","timestamp":1641387924,"volume":"7.27705160","buyTxId":"bfaf3f965c321601b0af2fce9f1e3de20eb8d67b","sellTxId":"e95f0e3e6b2714f2fe2fb22506f22240dc0034df"}
{"index": {"_index":"sim","_id":"2470663"}}
	{"id":2470663,"type":"buy","buyer":"godhatesusall","seller":"pi-trader","symbol":"SIM","quantity":"158.462","price":"0.00057498","timestamp":1641388410,"volume":"0.09111248","buyTxId":"426f84df23bff2b249430bdfe5b3c26af4d1770f","sellTxId":"00f90a8cc6db958e935a46c4aa75d8a0aaee62aa-4"}
{"index": {"_index":"sim","_id":"2470975"}}
	{"id":2470975,"type":"sell","buyer":"princekham","seller":"valor2s","symbol":"SIM","quantity":"31.000","price":"0.00056420","timestamp":1641391881,"volume":"0.01749020","buyTxId":"bfaf3f965c321601b0af2fce9f1e3de20eb8d67b","sellTxId":"1126e28e754e77afd29ac73b964671771241a10d"}
{"index": {"_index":"sim","_id":"2471061"}}
	{"id":2471061,"type":"buy","buyer":"lxsxl","seller":"pi-trader","symbol":"SIM","quantity":"2862.970","price":"0.00057498","timestamp":1641392916,"volume":"1.64615049","buyTxId":"cb07754fc330469bb852d3fc02c615d0b4f03831","sellTxId":"6ea6c1af6cfea821f2f56a90aa4a5073372bd818-3"}
{"index": {"_index":"sim","_id":"2471151"}}
	{"id":2471151,"type":"sell","buyer":"princekham","seller":"kasaisoul","symbol":"SIM","quantity":"162.334","price":"0.00056420","timestamp":1641393789,"volume":"0.09158884","buyTxId":"bfaf3f965c321601b0af2fce9f1e3de20eb8d67b","sellTxId":"99c393f2e4bc00819ec5e6dcfedcc679748cd303"}
{"index": {"_index":"sim","_id":"2471329"}}
	{"id":2471329,"type":"sell","buyer":"pi-trader","seller":"atongis","symbol":"SIM","quantity":"13.019","price":"0.00056157","timestamp":1641395526,"volume":"0.00731108","buyTxId":"db3cc0891429a21e90bc19d4c134c463d41e264c-3","sellTxId":"e47fe2dbdc91dee64d68a420be68f4afd8301536"}
{"index": {"_index":"sim","_id":"2471407"}}
	{"id":2471407,"type":"sell","buyer":"jelly-cz","seller":"rahul.stan","symbol":"SIM","quantity":"15597.000","price":"0.00056260","timestamp":1641396357,"volume":"8.77487220","buyTxId":"MM-P-13678337-60665393-3-29-0","sellTxId":"cb2f874d696542cdb9119c90b06b7b267f374bd0"}
{"index": {"_index":"sim","_id":"2471465"}}
	{"id":2471465,"type":"sell","buyer":"jelly-cz","seller":"elricmoonslayer","symbol":"SIM","quantity":"292.025","price":"0.00056260","timestamp":1641397095,"volume":"0.16429327","buyTxId":"MM-P-13678337-60665393-3-29-0","sellTxId":"3e879508231d6daa207f1dce93fb0ee07c1ffcff"}
{"index": {"_index":"sim","_id":"2471630"}}
	{"id":2471630,"type":"sell","buyer":"jelly-cz","seller":"lifeskills-tv","symbol":"SIM","quantity":"2650.662","price":"0.00056260","timestamp":1641398382,"volume":"1.49126244","buyTxId":"MM-P-13678337-60665393-3-29-0","sellTxId":"66681c923fbe279b9aa2492fdfa84492581725e1"}
{"index": {"_index":"sim","_id":"2471689"}}
	{"id":2471689,"type":"sell","buyer":"jelly-cz","seller":"monsterjamgold","symbol":"SIM","quantity":"5416.367","price":"0.00056260","timestamp":1641399099,"volume":"3.04724807","buyTxId":"MM-P-13678337-60665393-3-29-0","sellTxId":"aea292981ca0111943b2fcf87bf0a0347b021d61"}
{"index": {"_index":"sim","_id":"2471690"}}
	{"id":2471690,"type":"sell","buyer":"jelly-cz","seller":"brofi-market","symbol":"SIM","quantity":"0.001","price":"0.00056260","timestamp":1641399108,"volume":"0.00000056","buyTxId":"MM-P-13678337-60665393-3-29-0","sellTxId":"570cdaa7c8760aa99689bbae17f4f54f8500031a"}
{"index": {"_index":"sim","_id":"2471923"}}
	{"id":2471923,"type":"sell","buyer":"jelly-cz","seller":"augustbrown","symbol":"SIM","quantity":"41.000","price":"0.00056260","timestamp":1641401310,"volume":"0.02306660","buyTxId":"MM-P-13678337-60665393-3-29-0","sellTxId":"b0aabe49c198879da9c50ffc4678150cb817bfba"}
{"index": {"_index":"sim","_id":"2472020"}}
	{"id":2472020,"type":"sell","buyer":"jelly-cz","seller":"kasaisoul","symbol":"SIM","quantity":"27.666","price":"0.00056260","timestamp":1641401883,"volume":"0.01556489","buyTxId":"MM-P-13678337-60665393-3-29-0","sellTxId":"d1eb572ca3165632d4a0f5d345b4fad3919ced08"}
{"index": {"_index":"sim","_id":"2472032"}}
	{"id":2472032,"type":"sell","buyer":"jelly-cz","seller":"johnspalding","symbol":"SIM","quantity":"4000.000","price":"0.00056260","timestamp":1641401985,"volume":"2.25040000","buyTxId":"MM-P-13678337-60665393-3-29-0","sellTxId":"cd8d90c0f00ffada711134723d47fc2006085965"}
{"index": {"_index":"sim","_id":"2472364"}}
	{"id":2472364,"type":"buy","buyer":"godhatesusall","seller":"brofi-market","symbol":"SIM","quantity":"0.001","price":"0.00056420","timestamp":1641404709,"volume":"0.00000056","buyTxId":"b25aaf36fe367da929a414fe86fd3e01ce200e9a","sellTxId":"229f26e59af738ee0229eb69df852551a4bb13f9"}
{"index": {"_index":"sim","_id":"2472375"}}
	{"id":2472375,"type":"buy","buyer":"godhatesusall","seller":"pi-trader","symbol":"SIM","quantity":"160.214","price":"0.00057498","timestamp":1641404892,"volume":"0.09211985","buyTxId":"619bd777a26f81986589ce0c2ff9b961755c17f3","sellTxId":"acf4f62d95c10ddd15c8fb16a13ea004fe6ba8ba-4"}
{"index": {"_index":"sim","_id":"2472419"}}
	{"id":2472419,"type":"sell","buyer":"mmrx","seller":"damla","symbol":"SIM","quantity":"1.674","price":"0.00056421","timestamp":1641405141,"volume":"0.00094449","buyTxId":"MM-P-13681228-60668284-3-36-0","sellTxId":"53c5f8bce491166fc545fd393df603ec7c247c1f"}
{"index": {"_index":"sim","_id":"2472522"}}
	{"id":2472522,"type":"buy","buyer":"godhatesusall","seller":"mmrx","symbol":"SIM","quantity":"1.674","price":"0.00057497","timestamp":1641405927,"volume":"0.00096250","buyTxId":"304ba7287b2a02c9709efc671b696f6789a901e7","sellTxId":"MM-P-13681428-60668484-3-36-0"}
{"index": {"_index":"sim","_id":"2472540"}}
	{"id":2472540,"type":"buy","buyer":"godhatesusall","seller":"pi-trader","symbol":"SIM","quantity":"440.590","price":"0.00057498","timestamp":1641406107,"volume":"0.25333044","buyTxId":"82e581ae10c82f5bc67a3ae0222be691dea29f31","sellTxId":"cc6fe1fddbd389649227ae850eb5000c0f690b5a-7"}
{"index": {"_index":"sim","_id":"2472609"}}
	{"id":2472609,"type":"sell","buyer":"mmrx","seller":"medaymane","symbol":"SIM","quantity":"6329.100","price":"0.00056421","timestamp":1641406734,"volume":"3.57094151","buyTxId":"MM-P-13681228-60668284-3-36-0","sellTxId":"c59da2e017e7d1a5d302cbdedc5ec6fdf547a4bc"}
{"index": {"_index":"sim","_id":"2472772"}}
	{"id":2472772,"type":"sell","buyer":"mmrx","seller":"rambo21","symbol":"SIM","quantity":"570.000","price":"0.00056421","timestamp":1641408489,"volume":"0.32159970","buyTxId":"MM-P-13681228-60668284-3-36-0","sellTxId":"eb8b9a57e6485622c2f7b7111cb269f27842e5cb"}
{"index": {"_index":"sim","_id":"2472987"}}
	{"id":2472987,"type":"buy","buyer":"mushanov","seller":"pi-trader","symbol":"SIM","quantity":"10000.000","price":"0.00057476","timestamp":1641410097,"volume":"5.74760000","buyTxId":"814343f4f87c15eee7d97dca28ed626fdb0fb774","sellTxId":"7c8bab6f89d68ac691cea67b98c03902794a8de1-7"}
{"index": {"_index":"sim","_id":"2473010"}}
	{"id":2473010,"type":"sell","buyer":"mmrx","seller":"bitcoinflood","symbol":"SIM","quantity":"2951.902","price":"0.00056421","timestamp":1641410307,"volume":"1.66549263","buyTxId":"MM-P-13681228-60668284-3-36-0","sellTxId":"67bcbb2cb32b2c4c157d465516eb98378253c7f4"}
{"index": {"_index":"sim","_id":"2473013"}}
	{"id":2473013,"type":"sell","buyer":"jelly-cz","seller":"bitcoinflood","symbol":"SIM","quantity":"37741.365","price":"0.00056260","timestamp":1641410337,"volume":"21.23329195","buyTxId":"MM-P-13678337-60665393-3-29-0","sellTxId":"30b0fd65f93cf1f86fb073c20b9393bd0aaf7f72"}
{"index": {"_index":"sim","_id":"2473020"}}
	{"id":2473020,"type":"sell","buyer":"pi-trader","seller":"bitcoinflood","symbol":"SIM","quantity":"17406.550","price":"0.00056001","timestamp":1641410379,"volume":"9.74784207","buyTxId":"6c1c1f591c338aca2692b43af741b3900f65cee4-2","sellTxId":"438f7dad363c9e523415dc808ff82ea24ec5f753"}
{"index": {"_index":"sim","_id":"2473157"}}
	{"id":2473157,"type":"sell","buyer":"jelly-cz","seller":"monsterjamgold","symbol":"SIM","quantity":"1342.000","price":"0.00056156","timestamp":1641412056,"volume":"0.75361352","buyTxId":"MM-P-13683319-60670378-3-29-0","sellTxId":"f179b3b8388c91970e09cc5834130fc97a048111"}
{"index": {"_index":"sim","_id":"2473225"}}
	{"id":2473225,"type":"sell","buyer":"jelly-cz","seller":"vincentnijman","symbol":"SIM","quantity":"1740.165","price":"0.00056156","timestamp":1641412671,"volume":"0.97720706","buyTxId":"MM-P-13683319-60670378-3-29-0","sellTxId":"1c8445eff677ee3558647b72f847f2f78250dd7b"}
{"index": {"_index":"sim","_id":"2473262"}}
	{"id":2473262,"type":"sell","buyer":"jelly-cz","seller":"balte","symbol":"SIM","quantity":"9000.000","price":"0.00056156","timestamp":1641413001,"volume":"5.05404000","buyTxId":"MM-P-13683319-60670378-3-29-0","sellTxId":"7875fc2c2de91dd7d3286aa96076b773d3a17f73"}
{"index": {"_index":"sim","_id":"2473322"}}
	{"id":2473322,"type":"buy","buyer":"tex73110","seller":"bitcoinflood","symbol":"SIM","quantity":"0.635","price":"0.00056260","timestamp":1641413529,"volume":"0.00035725","buyTxId":"02dda1362c20a7fc7527fc3cbeef30aa533ddf98","sellTxId":"30b0fd65f93cf1f86fb073c20b9393bd0aaf7f72"}
{"index": {"_index":"sim","_id":"2473330"}}
	{"id":2473330,"type":"buy","buyer":"svirus","seller":"mmrx","symbol":"SIM","quantity":"4344.190","price":"0.00056420","timestamp":1641413592,"volume":"2.45099200","buyTxId":"ccf1ce1668d3806857ce6803d03b7c548f2f6237-0","sellTxId":"MM-P-13683119-60670178-3-36-0"}
{"index": {"_index":"sim","_id":"2473353"}}
	{"id":2473353,"type":"buy","buyer":"jjprac","seller":"mmrx","symbol":"SIM","quantity":"4000.000","price":"0.00056420","timestamp":1641413790,"volume":"2.25680000","buyTxId":"c6e69117e134bcfda22fb112ecccf1f9c1bc1a11","sellTxId":"MM-P-13683119-60670178-3-36-0"}
{"index": {"_index":"sim","_id":"2473419"}}
	{"id":2473419,"type":"buy","buyer":"tex73110","seller":"mmrx","symbol":"SIM","quantity":"1506.812","price":"0.00056420","timestamp":1641414435,"volume":"0.85014333","buyTxId":"34711b98552e24040f120d6b8aab8b3af55897e2","sellTxId":"MM-P-13683119-60670178-3-36-0"}
{"index": {"_index":"sim","_id":"2473444"}}
	{"id":2473444,"type":"sell","buyer":"jelly-cz","seller":"hdmed","symbol":"SIM","quantity":"507.420","price":"0.00056156","timestamp":1641414723,"volume":"0.28494678","buyTxId":"MM-P-13683319-60670378-3-29-0","sellTxId":"5165cff49b09afbf9e176e1728bc3def06a4a65f"}
{"index": {"_index":"sim","_id":"2473450"}}
	{"id":2473450,"type":"buy","buyer":"tex73110","seller":"bitcoinflood","symbol":"SIM","quantity":"48.098","price":"0.00056421","timestamp":1641414822,"volume":"0.02713737","buyTxId":"8b198e2075fe06dd8b0a75dd5d947b36525cb6ed","sellTxId":"67bcbb2cb32b2c4c157d465516eb98378253c7f4"}
{"index": {"_index":"sim","_id":"2473492"}}
	{"id":2473492,"type":"sell","buyer":"jelly-cz","seller":"solarpowers","symbol":"SIM","quantity":"6803.000","price":"0.00056156","timestamp":1641415230,"volume":"3.82029268","buyTxId":"MM-P-13683319-60670378-3-29-0","sellTxId":"fe2b91244719301105604b45fafda8ebd653e8b4"}
{"index": {"_index":"sim","_id":"2473576"}}
	{"id":2473576,"type":"sell","buyer":"jelly-cz","seller":"daigorokoike","symbol":"SIM","quantity":"2190.000","price":"0.00056156","timestamp":1641416316,"volume":"1.22981640","buyTxId":"MM-P-13683319-60670378-3-29-0","sellTxId":"68fee3c15f973c8a5b2a09716aa4c913e23256f9"}
{"index": {"_index":"sim","_id":"2473695"}}
	{"id":2473695,"type":"sell","buyer":"jelly-cz","seller":"pimpstudio","symbol":"SIM","quantity":"15500.000","price":"0.00056156","timestamp":1641417339,"volume":"8.70418000","buyTxId":"MM-P-13683319-60670378-3-29-0","sellTxId":"c60b7373f59eb338e4820d74fa7cd3252c73ced5"}
{"index": {"_index":"sim","_id":"2473807"}}
	{"id":2473807,"type":"sell","buyer":"jelly-cz","seller":"libertycrypto27","symbol":"SIM","quantity":"21792.749","price":"0.00056156","timestamp":1641418251,"volume":"12.23793613","buyTxId":"MM-P-13683319-60670378-3-29-0","sellTxId":"54f4ede93560a2c3bd857968c21d6e5dad8c94a8"}
{"index": {"_index":"sim","_id":"2473829"}}
	{"id":2473829,"type":"sell","buyer":"jelly-cz","seller":"cursephantom","symbol":"SIM","quantity":"2.000","price":"0.00056156","timestamp":1641418341,"volume":"0.00112312","buyTxId":"MM-P-13683319-60670378-3-29-0","sellTxId":"3d290513b2ce2e6a3a2f2731a7c2420c8830f44b"}
{"index": {"_index":"sim","_id":"2473870"}}
	{"id":2473870,"type":"sell","buyer":"statico","seller":"svirus","symbol":"SIM","quantity":"36340.530","price":"0.00057000","timestamp":1641418776,"volume":"20.71410210","buyTxId":"2765e6801d713098943f4a43c7c03fbc31589e3b","sellTxId":"e4c3b9cc4b5a348e05faf88422eacb1fa4abe567-1"}
{"index": {"_index":"sim","_id":"2473880"}}
	{"id":2473880,"type":"buy","buyer":"worldfinances","seller":"pi-trader","symbol":"SIM","quantity":"50000.000","price":"0.00057399","timestamp":1641418932,"volume":"28.69950000","buyTxId":"c3e027ef9a4ee5584e56207e15dbe7c36f5a2019","sellTxId":"18396c26b81a5a6767d02be97ec54d933107d6ae-5"}
{"index": {"_index":"sim","_id":"2473888"}}
	{"id":2473888,"type":"buy","buyer":"worldfinances","seller":"pi-trader","symbol":"SIM","quantity":"4304.000","price":"0.00057399","timestamp":1641419001,"volume":"2.47045296","buyTxId":"d999b39e6a762f38510ef6e4f4243f44637322a8","sellTxId":"4892d6dc10a97af331a344b0f205a4a533ba8a70-1"}
{"index": {"_index":"sim","_id":"2473893"}}
	{"id":2473893,"type":"buy","buyer":"worldfinances","seller":"pi-trader","symbol":"SIM","quantity":"45696.000","price":"0.00057399","timestamp":1641419040,"volume":"26.22904704","buyTxId":"d3371abc81c7167ed33a6c9dd62eee8833d1769f","sellTxId":"02b5d4f8505ecbdfe59c17324b86ddb17130576b-6"}
{"index": {"_index":"sim","_id":"2473910"}}
	{"id":2473910,"type":"sell","buyer":"pi-trader","seller":"evernoticethat","symbol":"SIM","quantity":"100000.000","price":"0.00056261","timestamp":1641419253,"volume":"56.26100000","buyTxId":"8def79ec0f45e5cb63dd49939bf58a8184bc3125-5","sellTxId":"32c2bcdcbad3a3eeaef3aa325a96b47d91672791"}
{"index": {"_index":"sim","_id":"2473911"}}
	{"id":2473911,"type":"sell","buyer":"jelly-cz","seller":"evernoticethat","symbol":"SIM","quantity":"38073.388","price":"0.00056260","timestamp":1641419253,"volume":"21.42008809","buyTxId":"MM-P-13686007-60673066-3-29-0","sellTxId":"32c2bcdcbad3a3eeaef3aa325a96b47d91672791"}
{"index": {"_index":"sim","_id":"2473960"}}
	{"id":2473960,"type":"sell","buyer":"jelly-cz","seller":"cryptocopy","symbol":"SIM","quantity":"284.977","price":"0.00056260","timestamp":1641419670,"volume":"0.16032806","buyTxId":"MM-P-13686007-60673066-3-29-0","sellTxId":"cd41a4eec5e8d80d704e50986e3e361c21de7952"}
{"index": {"_index":"sim","_id":"2474072"}}
	{"id":2474072,"type":"sell","buyer":"jelly-cz","seller":"bitcoinflood","symbol":"SIM","quantity":"1818.000","price":"0.00056260","timestamp":1641420501,"volume":"1.02280680","buyTxId":"MM-P-13686007-60673066-3-29-0","sellTxId":"d58959f17bc70c87b0181d45fff770190d235447"}
{"index": {"_index":"sim","_id":"2474135"}}
	{"id":2474135,"type":"sell","buyer":"jelly-cz","seller":"boycharliefamily","symbol":"SIM","quantity":"5365.006","price":"0.00056260","timestamp":1641421023,"volume":"3.01835238","buyTxId":"MM-P-13686007-60673066-3-29-0","sellTxId":"17f1978b24f7825d64f15c1c9e982a35a1a1035f"}
{"index": {"_index":"sim","_id":"2474330"}}
	{"id":2474330,"type":"sell","buyer":"jelly-cz","seller":"razam","symbol":"SIM","quantity":"17.000","price":"0.00056260","timestamp":1641421911,"volume":"0.00956420","buyTxId":"MM-P-13686007-60673066-3-29-0","sellTxId":"80686ae508c7db1853096bc1913f211dc2f12f04"}
{"index": {"_index":"sim","_id":"2474466"}}
	{"id":2474466,"type":"sell","buyer":"jelly-cz","seller":"automaton","symbol":"SIM","quantity":"6500.000","price":"0.00056260","timestamp":1641423009,"volume":"3.65690000","buyTxId":"MM-P-13686007-60673066-3-29-0","sellTxId":"6876ef80afecf8a3a403a13183f8be84e7012df0"}
{"index": {"_index":"sim","_id":"2474478"}}
	{"id":2474478,"type":"sell","buyer":"jelly-cz","seller":"dswap","symbol":"SIM","quantity":"2110.000","price":"0.00056260","timestamp":1641423114,"volume":"1.18708600","buyTxId":"MM-P-13686007-60673066-3-29-0","sellTxId":"f3439deabe03d3c15fd4c96811ad180681bffe4f"}
{"index": {"_index":"sim","_id":"2474549"}}
	{"id":2474549,"type":"buy","buyer":"barterrick","seller":"medaymane","symbol":"SIM","quantity":"0.300","price":"0.00057209","timestamp":1641423999,"volume":"0.00017163","buyTxId":"74692280c5c3ba19c8e185368f60be2aa1f59e14","sellTxId":"2228d4d2a9ed61dd203cfd4ae19f8891fab5435a"}
{"index": {"_index":"sim","_id":"2474623"}}
	{"id":2474623,"type":"sell","buyer":"jelly-cz","seller":"thranax","symbol":"SIM","quantity":"64.033","price":"0.00056260","timestamp":1641424476,"volume":"0.03602497","buyTxId":"MM-P-13686007-60673066-3-29-0","sellTxId":"2b572a0e872a7f1e69fccb1068aa5fe2fc1d18ad"}
{"index": {"_index":"sim","_id":"2474887"}}
	{"id":2474887,"type":"sell","buyer":"jelly-cz","seller":"lisamgentile1961","symbol":"SIM","quantity":"94.583","price":"0.00056260","timestamp":1641427377,"volume":"0.05321240","buyTxId":"MM-P-13686007-60673066-3-29-0","sellTxId":"2ce83891967ca94269835e475c11dc59e4140d58"}
{"index": {"_index":"sim","_id":"2474949"}}
	{"id":2474949,"type":"sell","buyer":"jelly-cz","seller":"brofi-market","symbol":"SIM","quantity":"0.003","price":"0.00056260","timestamp":1641428064,"volume":"0.00000169","buyTxId":"MM-P-13686007-60673066-3-29-0","sellTxId":"e5e4cee0e6cf688bea1c26d9a95dbe0fa39d56ef"}
{"index": {"_index":"sim","_id":"2474978"}}
	{"id":2474978,"type":"sell","buyer":"jelly-cz","seller":"kasaisoul","symbol":"SIM","quantity":"0.078","price":"0.00056260","timestamp":1641428298,"volume":"0.00004388","buyTxId":"MM-P-13686007-60673066-3-29-0","sellTxId":"4486fc5c792700ab5ed06759b8675fc029264a22"}
{"index": {"_index":"sim","_id":"2474979"}}
	{"id":2474979,"type":"sell","buyer":"jelly-cz","seller":"andy4475","symbol":"SIM","quantity":"19.186","price":"0.00056260","timestamp":1641428304,"volume":"0.01079404","buyTxId":"MM-P-13686007-60673066-3-29-0","sellTxId":"d9700bf17517ccbe6844aa0758e78689fd6a7b9d"}
{"index": {"_index":"sim","_id":"2475017"}}
	{"id":2475017,"type":"sell","buyer":"jelly-cz","seller":"phant.devteam","symbol":"SIM","quantity":"11419.832","price":"0.00056260","timestamp":1641428721,"volume":"6.42479748","buyTxId":"MM-P-13686007-60673066-3-29-0","sellTxId":"6d909221369319ceff64fae44d1d75ed8b15543f"}
{"index": {"_index":"sim","_id":"2475018"}}
	{"id":2475018,"type":"sell","buyer":"cardface","seller":"phant.devteam","symbol":"SIM","quantity":"355.000","price":"0.00056000","timestamp":1641428721,"volume":"0.19880000","buyTxId":"b654936ed93048f4c7a62427391338b15df15b79","sellTxId":"6d909221369319ceff64fae44d1d75ed8b15543f"}
{"index": {"_index":"sim","_id":"2475019"}}
	{"id":2475019,"type":"sell","buyer":"newsposter","seller":"phant.devteam","symbol":"SIM","quantity":"4375.000","price":"0.00056000","timestamp":1641428721,"volume":"2.45000000","buyTxId":"63535c2edf1914ecc6f221c5836334dda686f3cb","sellTxId":"6d909221369319ceff64fae44d1d75ed8b15543f"}
{"index": {"_index":"sim","_id":"2475082"}}
	{"id":2475082,"type":"sell","buyer":"pi-trader","seller":"valor2s","symbol":"SIM","quantity":"20.000","price":"0.00055314","timestamp":1641429744,"volume":"0.01106280","buyTxId":"556476ce1ecb08fe987aebc253f2933d7cd6d412-5","sellTxId":"748824156401757caac4ed40ff48319f4f6c2196"}
{"index": {"_index":"sim","_id":"2475134"}}
	{"id":2475134,"type":"sell","buyer":"pi-trader","seller":"hirohurl","symbol":"SIM","quantity":"19.673","price":"0.00055366","timestamp":1641430266,"volume":"0.01089215","buyTxId":"421d845abbc7b5c8b33801bd000421218650ff82-8","sellTxId":"8d88986ca0eaf3ef06b7807f54160a85e7664812"}
{"index": {"_index":"sim","_id":"2475263"}}
	{"id":2475263,"type":"sell","buyer":"jelly-cz","seller":"ylich","symbol":"SIM","quantity":"2172.860","price":"0.00055469","timestamp":1641432420,"volume":"1.20526371","buyTxId":"MM-P-13689797-60676856-3-29-0","sellTxId":"90be9a219b6b87506308f3a40e302eb459406554"}
{"index": {"_index":"sim","_id":"2475592"}}
	{"id":2475592,"type":"buy","buyer":"stickupcash","seller":"pi-trader","symbol":"SIM","quantity":"11.000","price":"0.00057208","timestamp":1641436671,"volume":"0.00629288","buyTxId":"6b0b44a7c8893a380201fbb476eaff8721eed151","sellTxId":"2613cfe601fd60bed12a4e255de94c88eb03ca37-0"}
{"index": {"_index":"sim","_id":"2475608"}}
	{"id":2475608,"type":"sell","buyer":"jelly-cz","seller":"elianaicgomes","symbol":"SIM","quantity":"867.270","price":"0.00055573","timestamp":1641436893,"volume":"0.48196796","buyTxId":"MM-P-13690593-60677652-3-29-0","sellTxId":"2a93ce1d100319f92da38c3d28ea8051e439bfb9"}
{"index": {"_index":"sim","_id":"2475733"}}
	{"id":2475733,"type":"sell","buyer":"jelly-cz","seller":"steem-hodler","symbol":"SIM","quantity":"65711.824","price":"0.00055573","timestamp":1641438600,"volume":"36.51803195","buyTxId":"MM-P-13690593-60677652-3-29-0","sellTxId":"3a2f41809ba6cb3bc3b8d7915e854eb20f8112d1"}
{"index": {"_index":"sim","_id":"2475734"}}
	{"id":2475734,"type":"sell","buyer":"lestrange","seller":"steem-hodler","symbol":"SIM","quantity":"8848.000","price":"0.00055105","timestamp":1641438600,"volume":"4.87569040","buyTxId":"00edb56aa08ebd2cfb1146d6f45afa52f4c00c58","sellTxId":"3a2f41809ba6cb3bc3b8d7915e854eb20f8112d1"}
{"index": {"_index":"sim","_id":"2475735"}}
	{"id":2475735,"type":"sell","buyer":"enginemaker","seller":"steem-hodler","symbol":"SIM","quantity":"5440.176","price":"0.00055002","timestamp":1641438600,"volume":"2.99220560","buyTxId":"MM-P-13663970-60651022-3-2-0","sellTxId":"3a2f41809ba6cb3bc3b8d7915e854eb20f8112d1"}
{"index": {"_index":"sim","_id":"2475775"}}
	{"id":2475775,"type":"sell","buyer":"pi-trader","seller":"mobi72","symbol":"SIM","quantity":"16194.031","price":"0.00055107","timestamp":1641439128,"volume":"8.92404466","buyTxId":"a25c68e948d812cf47758d7cf16a8d9df07a43d4-4","sellTxId":"b4853445a9dcc3764b65b6ea38139ecb44c7687c"}
{"index": {"_index":"sim","_id":"2475834"}}
	{"id":2475834,"type":"buy","buyer":"libert","seller":"brofi-market","symbol":"SIM","quantity":"0.003","price":"0.00057208","timestamp":1641440037,"volume":"0.00000172","buyTxId":"4babb2ea538c23e0297c4c133ef505d3743fdb27","sellTxId":"ab68d06c391ec4d9c65fd313482a49c3ea6393c9"}
{"index": {"_index":"sim","_id":"2475835"}}
	{"id":2475835,"type":"buy","buyer":"libert","seller":"pi-trader","symbol":"SIM","quantity":"20609.002","price":"0.00057208","timestamp":1641440037,"volume":"11.78999828","buyTxId":"4babb2ea538c23e0297c4c133ef505d3743fdb27","sellTxId":"84ef4ec25f966921f381b3e70765c4447d3efa01-0"}
{"index": {"_index":"sim","_id":"2475840"}}
	{"id":2475840,"type":"sell","buyer":"vasupi","seller":"svirus","symbol":"SIM","quantity":"25000.000","price":"0.00057000","timestamp":1641440280,"volume":"14.25000000","buyTxId":"ba267844629dafbffd6f135d8aef6a044852b92d","sellTxId":"26a2278828d8cfcd3452d51b77819909bbe22250-1"}
{"index": {"_index":"sim","_id":"2475864"}}
	{"id":2475864,"type":"sell","buyer":"pi-trader","seller":"hive.miner","symbol":"SIM","quantity":"54.000","price":"0.00055367","timestamp":1641440685,"volume":"0.02989818","buyTxId":"6e4186684ef47e83f36c5713572d7a98338925a2-5","sellTxId":"79e21011a4b2ebf1e32e137344bc7affe4cc9c19"}
