{"index": {"_index":"sim","_id":"1218419"}}
	{"id":1218419,"type":"sell","buyer":"enginemaker","seller":"thesimguru","symbol":"SIM","quantity":"1967.400","price":"0.00105013","timestamp":1626229413,"volume":"2.06602576","buyTxId":"MM-P-8642486-55622534-3-2-0","sellTxId":"82fe267effe3e9991265b894148e7cd878379cf2"}
{"index": {"_index":"sim","_id":"1218424"}}
	{"id":1218424,"type":"sell","buyer":"enginemaker","seller":"theshaki","symbol":"SIM","quantity":"57.734","price":"0.00105013","timestamp":1626229851,"volume":"0.06062821","buyTxId":"MM-P-8642486-55622534-3-2-0","sellTxId":"b395cc993debf5418f33dd689c92a2d3d158f64b"}
{"index": {"_index":"sim","_id":"1218425"}}
	{"id":1218425,"type":"sell","buyer":"enginemaker","seller":"theguruasia","symbol":"SIM","quantity":"106.000","price":"0.00105013","timestamp":1626229899,"volume":"0.11131378","buyTxId":"MM-P-8642486-55622534-3-2-0","sellTxId":"ea0b13905c2e2ec9855389a7739a15bf9d76085f"}
{"index": {"_index":"sim","_id":"1218445"}}
	{"id":1218445,"type":"buy","buyer":"libert","seller":"nftmart.fees","symbol":"SIM","quantity":"23.000","price":"0.00108999","timestamp":1626230604,"volume":"0.02506977","buyTxId":"6d1d46ebc50f350a8e97bd4687dc956a59da9e06","sellTxId":"5cc4cfa51f833bd3e939afa6bb819be169d8248f-0"}
{"index": {"_index":"sim","_id":"1218446"}}
	{"id":1218446,"type":"buy","buyer":"libert","seller":"taitux","symbol":"SIM","quantity":"9490.761","price":"0.00109000","timestamp":1626230604,"volume":"10.34493023","buyTxId":"6d1d46ebc50f350a8e97bd4687dc956a59da9e06","sellTxId":"a7a9053d627515d2da4c7834915e10afcbb216b2"}
{"index": {"_index":"sim","_id":"1218450"}}
	{"id":1218450,"type":"sell","buyer":"enginemaker","seller":"theguruasia","symbol":"SIM","quantity":"189.895","price":"0.00105013","timestamp":1626230925,"volume":"0.19941444","buyTxId":"MM-P-8642486-55622534-3-2-0","sellTxId":"435d79628d8828ab73355702b4c4619b64393ed5"}
{"index": {"_index":"sim","_id":"1218460"}}
	{"id":1218460,"type":"sell","buyer":"enginemaker","seller":"steemstreems","symbol":"SIM","quantity":"1707.014","price":"0.00105013","timestamp":1626232197,"volume":"1.79258661","buyTxId":"MM-P-8642486-55622534-3-2-0","sellTxId":"a69d2f213efdff72e32130a36f5b70fd655b3ccc"}
{"index": {"_index":"sim","_id":"1218519"}}
	{"id":1218519,"type":"sell","buyer":"enginemaker","seller":"brofi-market","symbol":"SIM","quantity":"0.001","price":"0.00105013","timestamp":1626234786,"volume":"0.00000105","buyTxId":"MM-P-8642486-55622534-3-2-0","sellTxId":"7f4178effe6f96136bdcccf91c59e798f4cca939"}
{"index": {"_index":"sim","_id":"1218550"}}
	{"id":1218550,"type":"sell","buyer":"enginemaker","seller":"thegoliath","symbol":"SIM","quantity":"5656.782","price":"0.00105013","timestamp":1626235287,"volume":"5.94035648","buyTxId":"MM-P-8642486-55622534-3-2-0","sellTxId":"44fe448be8f97b66bf0181edf58315561212d1a2"}
{"index": {"_index":"sim","_id":"1218551"}}
	{"id":1218551,"type":"sell","buyer":"aggroed","seller":"thegoliath","symbol":"SIM","quantity":"501.267","price":"0.00104013","timestamp":1626235287,"volume":"0.52138284","buyTxId":"48a220ea42d3bae5c013e98f874220a7381060b8","sellTxId":"44fe448be8f97b66bf0181edf58315561212d1a2"}
{"index": {"_index":"sim","_id":"1218606"}}
	{"id":1218606,"type":"sell","buyer":"enginemaker","seller":"travelgirl","symbol":"SIM","quantity":"5404.003","price":"0.00105013","timestamp":1626236646,"volume":"5.67490567","buyTxId":"MM-P-8644961-55625023-3-2-0","sellTxId":"ef75d09a8fea4f45109207f6352e8c2ba8ec95b2"}
{"index": {"_index":"sim","_id":"1218613"}}
	{"id":1218613,"type":"sell","buyer":"enginemaker","seller":"megalithic","symbol":"SIM","quantity":"18113.000","price":"0.00105013","timestamp":1626236922,"volume":"19.02100469","buyTxId":"MM-P-8644961-55625023-3-2-0","sellTxId":"e4a592bc0f7508742527882bd0b0546494e4422d"}
{"index": {"_index":"sim","_id":"1218631"}}
	{"id":1218631,"type":"sell","buyer":"enginemaker","seller":"hiveupme","symbol":"SIM","quantity":"60.000","price":"0.00105013","timestamp":1626238041,"volume":"0.06300780","buyTxId":"MM-P-8644961-55625023-3-2-0","sellTxId":"72e73223a472f5c147cd455ff470d6c82b6524e6"}
{"index": {"_index":"sim","_id":"1218638"}}
	{"id":1218638,"type":"sell","buyer":"enginemaker","seller":"ericburgoyne","symbol":"SIM","quantity":"63.038","price":"0.00105013","timestamp":1626238359,"volume":"0.06619809","buyTxId":"MM-P-8644961-55625023-3-2-0","sellTxId":"c7e4ead44b4ddc2f866bc6d096230cc8509e6af4"}
{"index": {"_index":"sim","_id":"1218640"}}
	{"id":1218640,"type":"sell","buyer":"enginemaker","seller":"theguruasia","symbol":"SIM","quantity":"62.426","price":"0.00105013","timestamp":1626238416,"volume":"0.06555542","buyTxId":"MM-P-8644961-55625023-3-2-0","sellTxId":"2fcf9fec3a011c7f91a3ce5193447f632c4cfca4"}
{"index": {"_index":"sim","_id":"1218643"}}
	{"id":1218643,"type":"sell","buyer":"enginemaker","seller":"pouchon","symbol":"SIM","quantity":"104.109","price":"0.00105013","timestamp":1626238485,"volume":"0.10932798","buyTxId":"MM-P-8644961-55625023-3-2-0","sellTxId":"2269ee8023685f5093a9fda04288ca7421f8e2e7"}
{"index": {"_index":"sim","_id":"1218644"}}
	{"id":1218644,"type":"sell","buyer":"aggroed","seller":"pouchon","symbol":"SIM","quantity":"19895.891","price":"0.00104013","timestamp":1626238485,"volume":"20.69431311","buyTxId":"48a220ea42d3bae5c013e98f874220a7381060b8","sellTxId":"2269ee8023685f5093a9fda04288ca7421f8e2e7"}
{"index": {"_index":"sim","_id":"1218681"}}
	{"id":1218681,"type":"sell","buyer":"enginemaker","seller":"muenchen","symbol":"SIM","quantity":"15129.200","price":"0.00105013","timestamp":1626239403,"volume":"15.88762680","buyTxId":"MM-P-8646045-55626118-3-2-0","sellTxId":"3342d0c033d9ef4b0e2d10383fdcff67e73528af"}
{"index": {"_index":"sim","_id":"1218694"}}
	{"id":1218694,"type":"sell","buyer":"enginemaker","seller":"trentonlundy1","symbol":"SIM","quantity":"0.170","price":"0.00105013","timestamp":1626239673,"volume":"0.00017852","buyTxId":"MM-P-8646045-55626118-3-2-0","sellTxId":"58e997bbfb61068ccfec44329bad29312803c661"}
{"index": {"_index":"sim","_id":"1218793"}}
	{"id":1218793,"type":"buy","buyer":"zelensky","seller":"nftmart.fees","symbol":"SIM","quantity":"86.000","price":"0.00108995","timestamp":1626242970,"volume":"0.09373570","buyTxId":"e60d2e8cdc2c204002c0cc218680fa57f9eddeb5","sellTxId":"7d22e2fc30a4da1bbeb0ef9e7318121ef0cab55e-0"}
{"index": {"_index":"sim","_id":"1218794"}}
	{"id":1218794,"type":"buy","buyer":"zelensky","seller":"brofi-market","symbol":"SIM","quantity":"0.001","price":"0.00108996","timestamp":1626242970,"volume":"0.00000109","buyTxId":"e60d2e8cdc2c204002c0cc218680fa57f9eddeb5","sellTxId":"82a1d03aea257dbd5f535d152f868f5eff197033"}
{"index": {"_index":"sim","_id":"1218795"}}
	{"id":1218795,"type":"buy","buyer":"zelensky","seller":"taitux","symbol":"SIM","quantity":"84.841","price":"0.00109000","timestamp":1626242970,"volume":"0.09247669","buyTxId":"e60d2e8cdc2c204002c0cc218680fa57f9eddeb5","sellTxId":"a7a9053d627515d2da4c7834915e10afcbb216b2"}
{"index": {"_index":"sim","_id":"1218829"}}
	{"id":1218829,"type":"sell","buyer":"enginemaker","seller":"hive.pizza","symbol":"SIM","quantity":"77.669","price":"0.00105013","timestamp":1626244092,"volume":"0.08156255","buyTxId":"MM-P-8646045-55626118-3-2-0","sellTxId":"39781877ce0333ff4c7c289e289f9b1c34155030"}
{"index": {"_index":"sim","_id":"1218865"}}
	{"id":1218865,"type":"sell","buyer":"enginemaker","seller":"monsterjamgold","symbol":"SIM","quantity":"2012.000","price":"0.00105013","timestamp":1626245343,"volume":"2.11286156","buyTxId":"MM-P-8646045-55626118-3-2-0","sellTxId":"e45e7c66806a21f6d9a5e6c1678486bf3ed05519"}
{"index": {"_index":"sim","_id":"1218929"}}
	{"id":1218929,"type":"sell","buyer":"enginemaker","seller":"sra1992","symbol":"SIM","quantity":"660.000","price":"0.00105013","timestamp":1626247569,"volume":"0.69308580","buyTxId":"MM-P-8646045-55626118-3-2-0","sellTxId":"b33ac4a0fefa0a3d6692944d2c9c77aeee3736ca"}
{"index": {"_index":"sim","_id":"1218946"}}
	{"id":1218946,"type":"sell","buyer":"enginemaker","seller":"toofasteddie","symbol":"SIM","quantity":"800.000","price":"0.00105013","timestamp":1626248475,"volume":"0.84010400","buyTxId":"MM-P-8646045-55626118-3-2-0","sellTxId":"8ab8ff72019a483c529e884d9d9dca931b35daf5"}
{"index": {"_index":"sim","_id":"1218980"}}
	{"id":1218980,"type":"sell","buyer":"enginemaker","seller":"pele23","symbol":"SIM","quantity":"0.118","price":"0.00105013","timestamp":1626249438,"volume":"0.00012392","buyTxId":"MM-P-8646045-55626118-3-2-0","sellTxId":"1ef51ea52746ccfcb0e9e3b84bd6eee500e10518"}
{"index": {"_index":"sim","_id":"1219018"}}
	{"id":1219018,"type":"buy","buyer":"chunchun123","seller":"nftmart.fees","symbol":"SIM","quantity":"74.000","price":"0.00108999","timestamp":1626250827,"volume":"0.08065926","buyTxId":"8102ac10dc539fc1f6539b3c9568e03dab6f1154","sellTxId":"439f00f1a6bcc8307fec40103e77d7846933b7e8-0"}
{"index": {"_index":"sim","_id":"1219019"}}
	{"id":1219019,"type":"buy","buyer":"chunchun123","seller":"taitux","symbol":"SIM","quantity":"1926.000","price":"0.00109000","timestamp":1626250827,"volume":"2.09934000","buyTxId":"8102ac10dc539fc1f6539b3c9568e03dab6f1154","sellTxId":"a7a9053d627515d2da4c7834915e10afcbb216b2"}
{"index": {"_index":"sim","_id":"1219039"}}
	{"id":1219039,"type":"sell","buyer":"enginemaker","seller":"empoderat","symbol":"SIM","quantity":"5127.419","price":"0.00105013","timestamp":1626251535,"volume":"5.38445651","buyTxId":"MM-P-8646045-55626118-3-2-0","sellTxId":"f21c24e9d5ccb431119f8adac31d28e8a5176a9d"}
{"index": {"_index":"sim","_id":"1219040"}}
	{"id":1219040,"type":"sell","buyer":"aggroed","seller":"empoderat","symbol":"SIM","quantity":"35772.581","price":"0.00104013","timestamp":1626251535,"volume":"37.20813468","buyTxId":"48a220ea42d3bae5c013e98f874220a7381060b8","sellTxId":"f21c24e9d5ccb431119f8adac31d28e8a5176a9d"}
{"index": {"_index":"sim","_id":"1219105"}}
	{"id":1219105,"type":"buy","buyer":"chunchun123","seller":"taitux","symbol":"SIM","quantity":"2209.668","price":"0.00109000","timestamp":1626253497,"volume":"2.40853812","buyTxId":"01541a795abd3a4eb82cd507cd50e88d24fedb0f","sellTxId":"a7a9053d627515d2da4c7834915e10afcbb216b2"}
{"index": {"_index":"sim","_id":"1219106"}}
	{"id":1219106,"type":"buy","buyer":"chunchun123","seller":"enginemaker","symbol":"SIM","quantity":"7790.332","price":"0.00109890","timestamp":1626253497,"volume":"8.56079583","buyTxId":"01541a795abd3a4eb82cd507cd50e88d24fedb0f","sellTxId":"MM-P-8616996-55596937-3-2-1"}
{"index": {"_index":"sim","_id":"1219130"}}
	{"id":1219130,"type":"buy","buyer":"escodelario","seller":"nftmart.fees","symbol":"SIM","quantity":"65.000","price":"0.00109889","timestamp":1626254283,"volume":"0.07142785","buyTxId":"d3338d2b1805b6bff666dce025099f1f918a77bd","sellTxId":"7932b7caf01169f88c5c3b1593e32a09b4dd1ce0-0"}
{"index": {"_index":"sim","_id":"1219131"}}
	{"id":1219131,"type":"sell","buyer":"escodelario","seller":"konvik","symbol":"SIM","quantity":"19845.333","price":"0.00109889","timestamp":1626254286,"volume":"21.80783798","buyTxId":"d3338d2b1805b6bff666dce025099f1f918a77bd","sellTxId":"4f6a7a5ce5537faded87ebf4dea385d2b6f260d7-1"}
{"index": {"_index":"sim","_id":"1219132"}}
	{"id":1219132,"type":"buy","buyer":"escodelario","seller":"enginemaker","symbol":"SIM","quantity":"15.000","price":"0.00109890","timestamp":1626254337,"volume":"0.01648350","buyTxId":"d1e92be4f2f283daa84d90507b6b609dabc2a5ed","sellTxId":"MM-P-8616996-55596937-3-2-1"}
{"index": {"_index":"sim","_id":"1219138"}}
	{"id":1219138,"type":"sell","buyer":"enginemaker","seller":"anosys","symbol":"SIM","quantity":"25.011","price":"0.00105013","timestamp":1626254583,"volume":"0.02626480","buyTxId":"MM-P-8650403-55630503-3-2-0","sellTxId":"06b3792d6f6c62cd8cd2c8f53b02516f04a52232"}
{"index": {"_index":"sim","_id":"1219141"}}
	{"id":1219141,"type":"sell","buyer":"enginemaker","seller":"louis88","symbol":"SIM","quantity":"3894.800","price":"0.00105013","timestamp":1626254733,"volume":"4.09004632","buyTxId":"MM-P-8650403-55630503-3-2-0","sellTxId":"9201357acd9d0651ac40c698eefb9ed3254bece7"}
{"index": {"_index":"sim","_id":"1219224"}}
	{"id":1219224,"type":"sell","buyer":"enginemaker","seller":"he-index","symbol":"SIM","quantity":"706.579","price":"0.00105013","timestamp":1626258438,"volume":"0.74199981","buyTxId":"MM-P-8650403-55630503-3-2-0","sellTxId":"198b0da07da9e5e5687db7a767d9f619b1aac361"}
{"index": {"_index":"sim","_id":"1219321"}}
	{"id":1219321,"type":"sell","buyer":"enginemaker","seller":"m2nnari","symbol":"SIM","quantity":"5255.040","price":"0.00105013","timestamp":1626263706,"volume":"5.51847516","buyTxId":"MM-P-8650403-55630503-3-2-0","sellTxId":"5be35555e79ad3d714b7b5a9275af0a0ff5c515d"}
{"index": {"_index":"sim","_id":"1219325"}}
	{"id":1219325,"type":"sell","buyer":"enginemaker","seller":"andy4475","symbol":"SIM","quantity":"44.107","price":"0.00105013","timestamp":1626263838,"volume":"0.04631808","buyTxId":"MM-P-8650403-55630503-3-2-0","sellTxId":"c9c6f7a82418eacb309c820d659a0b95d4d23491"}
{"index": {"_index":"sim","_id":"1219336"}}
	{"id":1219336,"type":"sell","buyer":"enginemaker","seller":"tonytrillions","symbol":"SIM","quantity":"0.029","price":"0.00105013","timestamp":1626264066,"volume":"0.00003045","buyTxId":"MM-P-8650403-55630503-3-2-0","sellTxId":"ca75063d52b3ff115ecac98aeecd6c4e84cc7ff9"}
{"index": {"_index":"sim","_id":"1219386"}}
	{"id":1219386,"type":"buy","buyer":"zelensky","seller":"atomcollector","symbol":"SIM","quantity":"5.000","price":"0.00108000","timestamp":1626265470,"volume":"0.00540000","buyTxId":"587ed1452c49f3c159bb8d416ea12ddcbdd2065a","sellTxId":"800403cf924232daa4172b3642d006a54f5ed19e"}
{"index": {"_index":"sim","_id":"1219395"}}
	{"id":1219395,"type":"sell","buyer":"enginemaker","seller":"tonytrillions","symbol":"SIM","quantity":"0.025","price":"0.00105013","timestamp":1626265758,"volume":"0.00002625","buyTxId":"MM-P-8650403-55630503-3-2-0","sellTxId":"81ab7ba26d9caa69818d3bd0cbaf341e01137b53"}
{"index": {"_index":"sim","_id":"1219397"}}
	{"id":1219397,"type":"sell","buyer":"enginemaker","seller":"theshaki","symbol":"SIM","quantity":"59.625","price":"0.00105013","timestamp":1626265923,"volume":"0.06261400","buyTxId":"MM-P-8650403-55630503-3-2-0","sellTxId":"f893e15b4ecff9304678972c5cd03473f8004e97"}
{"index": {"_index":"sim","_id":"1219403"}}
	{"id":1219403,"type":"sell","buyer":"enginemaker","seller":"goldcoin","symbol":"SIM","quantity":"64.796","price":"0.00105013","timestamp":1626266112,"volume":"0.06804422","buyTxId":"MM-P-8650403-55630503-3-2-0","sellTxId":"d8893e8b6a5c64e927800ea618e620e2321a369d"}
{"index": {"_index":"sim","_id":"1219421"}}
	{"id":1219421,"type":"sell","buyer":"enginemaker","seller":"atongis","symbol":"SIM","quantity":"23.037","price":"0.00105013","timestamp":1626266772,"volume":"0.02419184","buyTxId":"MM-P-8650403-55630503-3-2-0","sellTxId":"d976905f39a35c050b6833d72445c329f0fd81fb"}
{"index": {"_index":"sim","_id":"1219435"}}
	{"id":1219435,"type":"sell","buyer":"enginemaker","seller":"imhunterrb","symbol":"SIM","quantity":"616.000","price":"0.00105013","timestamp":1626267492,"volume":"0.64688008","buyTxId":"MM-P-8650403-55630503-3-2-0","sellTxId":"f7b4ef540bdf96e767d284cc1e84eef56546269d"}
{"index": {"_index":"sim","_id":"1219449"}}
	{"id":1219449,"type":"buy","buyer":"cryptoninjaz","seller":"nftmart.fees","symbol":"SIM","quantity":"169.000","price":"0.00107998","timestamp":1626267909,"volume":"0.18251662","buyTxId":"dfee2dc5622eeabcd57e44bda70d357e69887bb9","sellTxId":"d47a3c141ced5e4f0a277427f188df7270b8f662-0"}
{"index": {"_index":"sim","_id":"1219451"}}
	{"id":1219451,"type":"buy","buyer":"cryptoninjaz","seller":"atomcollector","symbol":"SIM","quantity":"3402.028","price":"0.00108000","timestamp":1626267945,"volume":"3.67419024","buyTxId":"36dbc9dbd27ca8f8c553d08104a9dd16683158d2","sellTxId":"800403cf924232daa4172b3642d006a54f5ed19e"}
{"index": {"_index":"sim","_id":"1219454"}}
	{"id":1219454,"type":"buy","buyer":"cryptoninjaz","seller":"mpath","symbol":"SIM","quantity":"345.000","price":"0.00109000","timestamp":1626267993,"volume":"0.37605000","buyTxId":"70b297d92515b1fa9a3201aff99727091229822d","sellTxId":"bff7bc10085818ac8b76635b2b657b12509e4ec1"}
{"index": {"_index":"sim","_id":"1219457"}}
	{"id":1219457,"type":"buy","buyer":"cryptoninjaz","seller":"enginemaker","symbol":"SIM","quantity":"5253.699","price":"0.00109890","timestamp":1626268029,"volume":"5.77328983","buyTxId":"9b3c83e2ce4ed698b38614825adb382a00e51156","sellTxId":"MM-P-8616996-55596937-3-2-1"}
{"index": {"_index":"sim","_id":"1219458"}}
	{"id":1219458,"type":"buy","buyer":"cryptoninjaz","seller":"beco132","symbol":"SIM","quantity":"7856.822","price":"0.00110000","timestamp":1626268065,"volume":"8.64250420","buyTxId":"a13853354aa6107474b276f75e9ffb6a5d6e6e69","sellTxId":"ece897582a8919b17fcf269bbc90532d01d9dd2f"}
{"index": {"_index":"sim","_id":"1219520"}}
	{"id":1219520,"type":"sell","buyer":"enginemaker","seller":"wonsama","symbol":"SIM","quantity":"11605.590","price":"0.00105013","timestamp":1626268551,"volume":"12.18737823","buyTxId":"MM-P-8650403-55630503-3-2-0","sellTxId":"0d987c2e661fed40321aa3f518dcc2b45855149e"}
{"index": {"_index":"sim","_id":"1219532"}}
	{"id":1219532,"type":"sell","buyer":"enginemaker","seller":"ejercol","symbol":"SIM","quantity":"1511.937","price":"0.00105013","timestamp":1626269295,"volume":"1.58773040","buyTxId":"MM-P-8650403-55630503-3-2-0","sellTxId":"cb0df1eb3afec122443ed5a1394b57d73700c234"}
{"index": {"_index":"sim","_id":"1219535"}}
	{"id":1219535,"type":"sell","buyer":"aggroed","seller":"ejercol","symbol":"SIM","quantity":"325.063","price":"0.00104013","timestamp":1626269376,"volume":"0.33810778","buyTxId":"48a220ea42d3bae5c013e98f874220a7381060b8","sellTxId":"85655bc927b416ad5aeda59b56c97733ebe8b22d"}
{"index": {"_index":"sim","_id":"1219588"}}
	{"id":1219588,"type":"sell","buyer":"enginemaker","seller":"unicron","symbol":"SIM","quantity":"23806.576","price":"0.00105013","timestamp":1626271407,"volume":"24.99999965","buyTxId":"MM-P-8656238-55636378-3-2-0","sellTxId":"d6e6a474753448689d203ac23bad04b9a500139a"}
{"index": {"_index":"sim","_id":"1219589"}}
	{"id":1219589,"type":"buy","buyer":"konvik","seller":"unicron","symbol":"SIM","quantity":"13240.074","price":"0.00105013","timestamp":1626271410,"volume":"13.90379891","buyTxId":"a1f2522532f3f2103f15ee6b8b2e2c2f725a1786-0","sellTxId":"d6e6a474753448689d203ac23bad04b9a500139a"}
{"index": {"_index":"sim","_id":"1219593"}}
	{"id":1219593,"type":"buy","buyer":"cryptoninjaz","seller":"nftmart.fees","symbol":"SIM","quantity":"203.000","price":"0.00109997","timestamp":1626271530,"volume":"0.22329391","buyTxId":"0702818dbc6cdd466d2c21a20513e0b242f9d27d","sellTxId":"9a967fd8653326cc2e0252480da9a43506e2bedb-0"}
{"index": {"_index":"sim","_id":"1219596"}}
	{"id":1219596,"type":"buy","buyer":"cryptoninjaz","seller":"chekohler","symbol":"SIM","quantity":"6.611","price":"0.00110000","timestamp":1626271557,"volume":"0.00727210","buyTxId":"b80f863e520f6f55a235ca8d0ba8c6c0606ab2fb","sellTxId":"6b3d1ead874d8bc641cea96d9fc82d6a394fc2f4"}
{"index": {"_index":"sim","_id":"1219598"}}
	{"id":1219598,"type":"buy","buyer":"cryptoninjaz","seller":"mapac","symbol":"SIM","quantity":"555.000","price":"0.00110810","timestamp":1626271587,"volume":"0.61499550","buyTxId":"c6feb557fcdc27d51c7861735c970dc59a087514","sellTxId":"ad821c80f43da5c7e182fcec62a67aa4a0333650"}
{"index": {"_index":"sim","_id":"1219599"}}
	{"id":1219599,"type":"buy","buyer":"cryptoninjaz","seller":"mango-juice","symbol":"SIM","quantity":"4888.000","price":"0.00110890","timestamp":1626271620,"volume":"5.42030320","buyTxId":"6f6a07aa6bd3ccea4270fa250c31487f74c73974","sellTxId":"a3325ae5bcdca15c16b91ef727a51c250f35e867"}
{"index": {"_index":"sim","_id":"1219600"}}
	{"id":1219600,"type":"buy","buyer":"cryptoninjaz","seller":"elevator09","symbol":"SIM","quantity":"234.000","price":"0.00111000","timestamp":1626271647,"volume":"0.25974000","buyTxId":"0b99472f9785aa9c302e2bdd2698754610d7d05d","sellTxId":"884475dd56af5ba1c4d324d8bd3d9f3205465eaf"}
{"index": {"_index":"sim","_id":"1219601"}}
	{"id":1219601,"type":"buy","buyer":"cryptoninjaz","seller":"elevator09","symbol":"SIM","quantity":"234.000","price":"0.00111000","timestamp":1626271677,"volume":"0.25974000","buyTxId":"371aa3fe5ce3ae15af12b3a9286beb198aaeae25","sellTxId":"884475dd56af5ba1c4d324d8bd3d9f3205465eaf"}
{"index": {"_index":"sim","_id":"1219603"}}
	{"id":1219603,"type":"buy","buyer":"cryptoninjaz","seller":"elevator09","symbol":"SIM","quantity":"234.000","price":"0.00111000","timestamp":1626271722,"volume":"0.25974000","buyTxId":"9907974a831f862bbbadcf7d8ae82b2c7feeaa3a","sellTxId":"884475dd56af5ba1c4d324d8bd3d9f3205465eaf"}
{"index": {"_index":"sim","_id":"1219605"}}
	{"id":1219605,"type":"buy","buyer":"cryptoninjaz","seller":"elevator09","symbol":"SIM","quantity":"3798.000","price":"0.00111000","timestamp":1626271755,"volume":"4.21578000","buyTxId":"a8267e8f73f43166a4ea132d634ea48e63c85c78","sellTxId":"884475dd56af5ba1c4d324d8bd3d9f3205465eaf"}
{"index": {"_index":"sim","_id":"1219606"}}
	{"id":1219606,"type":"buy","buyer":"cryptoninjaz","seller":"onecent","symbol":"SIM","quantity":"234.000","price":"0.00111000","timestamp":1626271755,"volume":"0.25974000","buyTxId":"a8267e8f73f43166a4ea132d634ea48e63c85c78","sellTxId":"1ee9e60cc32f50f301324a7bc7f471c659ac70ba"}
{"index": {"_index":"sim","_id":"1219607"}}
	{"id":1219607,"type":"sell","buyer":"cryptoninjaz","seller":"konvik","symbol":"SIM","quantity":"38238.832","price":"0.00111000","timestamp":1626271758,"volume":"42.44510352","buyTxId":"a8267e8f73f43166a4ea132d634ea48e63c85c78","sellTxId":"c7f83f22ab68b2647b1f15c07f999baeb2326965-1"}
{"index": {"_index":"sim","_id":"1219697"}}
	{"id":1219697,"type":"sell","buyer":"gerber","seller":"brofundholdings","symbol":"SIM","quantity":"23806.576","price":"0.00105100","timestamp":1626275115,"volume":"25.02071138","buyTxId":"d632dac0cf80b0932ca3550bea528b3f8d3be498","sellTxId":"3550dd144b006f7b3d94478eeef4977dd4403704"}
{"index": {"_index":"sim","_id":"1219698"}}
	{"id":1219698,"type":"sell","buyer":"freebornsociety","seller":"brofundholdings","symbol":"SIM","quantity":"71365.362","price":"0.00105093","timestamp":1626275115,"volume":"74.99999989","buyTxId":"MM-P-8658059-55638212-3-4-0","sellTxId":"3550dd144b006f7b3d94478eeef4977dd4403704"}
{"index": {"_index":"sim","_id":"1219699"}}
	{"id":1219699,"type":"sell","buyer":"enginemaker","seller":"brofundholdings","symbol":"SIM","quantity":"23806.576","price":"0.00105013","timestamp":1626275115,"volume":"24.99999965","buyTxId":"MM-P-8656931-55637074-3-2-0","sellTxId":"3550dd144b006f7b3d94478eeef4977dd4403704"}
{"index": {"_index":"sim","_id":"1219700"}}
	{"id":1219700,"type":"sell","buyer":"aggroed","seller":"brofundholdings","symbol":"SIM","quantity":"11360.141","price":"0.00104013","timestamp":1626275115,"volume":"11.81602346","buyTxId":"48a220ea42d3bae5c013e98f874220a7381060b8","sellTxId":"3550dd144b006f7b3d94478eeef4977dd4403704"}
{"index": {"_index":"sim","_id":"1219743"}}
	{"id":1219743,"type":"sell","buyer":"enginemaker","seller":"dera123","symbol":"SIM","quantity":"14452.945","price":"0.00105013","timestamp":1626276285,"volume":"15.17747113","buyTxId":"MM-P-8658119-55638272-3-2-0","sellTxId":"2ab01e3437936242bc32caa2f11ee098a91880a3"}
{"index": {"_index":"sim","_id":"1219812"}}
	{"id":1219812,"type":"sell","buyer":"mmrx","seller":"joshh71390","symbol":"SIM","quantity":"2600.000","price":"0.00105025","timestamp":1626278133,"volume":"2.73065000","buyTxId":"MM-P-8658716-55638869-3-15-0","sellTxId":"a855060ed17890860498d809daf4cb1e8e1938ca"}
{"index": {"_index":"sim","_id":"1219828"}}
	{"id":1219828,"type":"buy","buyer":"konvik","seller":"kaeptn-iglo","symbol":"SIM","quantity":"14674.850","price":"0.00108000","timestamp":1626278787,"volume":"15.84883800","buyTxId":"1782a44b270556003ff3df07ccd2ecfde45695cb-0","sellTxId":"4c7bd4395e2819e8591c4d278faaed71f74b9556"}
{"index": {"_index":"sim","_id":"1219840"}}
	{"id":1219840,"type":"sell","buyer":"mmrx","seller":"chroniccoin","symbol":"SIM","quantity":"426.000","price":"0.00105025","timestamp":1626279120,"volume":"0.44740650","buyTxId":"MM-P-8658716-55638869-3-15-0","sellTxId":"e6e94a698bb494c2657b639dac756e94c8f79155"}
{"index": {"_index":"sim","_id":"1219843"}}
	{"id":1219843,"type":"buy","buyer":"cryptoninjaz","seller":"mmrx","symbol":"SIM","quantity":"194.101","price":"0.00109373","timestamp":1626279321,"volume":"0.21229409","buyTxId":"603e5874ae182248c719cae14027bc608ce92a0e","sellTxId":"MM-P-8659113-55639267-3-15-0"}
{"index": {"_index":"sim","_id":"1219867"}}
	{"id":1219867,"type":"sell","buyer":"mmrx","seller":"darmst5339","symbol":"SIM","quantity":"4.247","price":"0.00105025","timestamp":1626280236,"volume":"0.00446041","buyTxId":"MM-P-8658716-55638869-3-15-0","sellTxId":"6fc4a3608543b7efca67e0f46853f6c1c4660c39"}
{"index": {"_index":"sim","_id":"1219884"}}
	{"id":1219884,"type":"sell","buyer":"haitch","seller":"konvik","symbol":"SIM","quantity":"9990.099","price":"0.00109000","timestamp":1626280797,"volume":"10.88920791","buyTxId":"10f5a99eec4681c10abaf6c5c8feede640e63a60","sellTxId":"b577d20e5d646ddcb008fa7c3065e10aa53f00f0-1"}
{"index": {"_index":"sim","_id":"1219895"}}
	{"id":1219895,"type":"buy","buyer":"cryptoninjaz","seller":"mmrx","symbol":"SIM","quantity":"2836.146","price":"0.00109369","timestamp":1626281226,"volume":"3.10186452","buyTxId":"259a17ef4ade7cdb96b06e83f6820648a2823721","sellTxId":"MM-P-8659910-55640065-3-40-0"}
{"index": {"_index":"sim","_id":"1219896"}}
	{"id":1219896,"type":"buy","buyer":"cryptoninjaz","seller":"nftmart.fees","symbol":"SIM","quantity":"179.000","price":"0.00109370","timestamp":1626281259,"volume":"0.19577230","buyTxId":"df7dd5d4abbad64576190406c416a656497885d4","sellTxId":"d2d360b1ef44a899b6be0352d8ac61d6675963fd-0"}
{"index": {"_index":"sim","_id":"1219897"}}
	{"id":1219897,"type":"buy","buyer":"cryptoninjaz","seller":"enginemaker","symbol":"SIM","quantity":"3649.877","price":"0.00109376","timestamp":1626281295,"volume":"3.99208947","buyTxId":"e8f869ffc79c4217dd5534904094457d992730fe","sellTxId":"MM-P-8658418-55638571-3-2-0"}
{"index": {"_index":"sim","_id":"1219930"}}
	{"id":1219930,"type":"sell","buyer":"haitch","seller":"flaxz","symbol":"SIM","quantity":"1.625","price":"0.00109000","timestamp":1626282054,"volume":"0.00177125","buyTxId":"10f5a99eec4681c10abaf6c5c8feede640e63a60","sellTxId":"da23c16f6e4cf93b29429bf18175735a3d2c613a"}
{"index": {"_index":"sim","_id":"1219983"}}
	{"id":1219983,"type":"sell","buyer":"haitch","seller":"frugal-fun","symbol":"SIM","quantity":"8.276","price":"0.00109000","timestamp":1626284277,"volume":"0.00902084","buyTxId":"10f5a99eec4681c10abaf6c5c8feede640e63a60","sellTxId":"ddd618e1ade2daa46f5f9a8810d22257c378d88d"}
{"index": {"_index":"sim","_id":"1220022"}}
	{"id":1220022,"type":"sell","buyer":"frugal-fun","seller":"jrcornel","symbol":"SIM","quantity":"9344.000","price":"0.00106000","timestamp":1626285741,"volume":"9.90464000","buyTxId":"b05e393361e4e21b133e3cf4c17844db3c700aba","sellTxId":"78f7eb21344423f8fc2f33703830427f7299cefb"}
{"index": {"_index":"sim","_id":"1220023"}}
	{"id":1220023,"type":"sell","buyer":"freebornsociety","seller":"jrcornel","symbol":"SIM","quantity":"46168.000","price":"0.00105076","timestamp":1626285741,"volume":"48.51148768","buyTxId":"MM-P-8660940-55641101-3-4-0","sellTxId":"78f7eb21344423f8fc2f33703830427f7299cefb"}
{"index": {"_index":"sim","_id":"1220041"}}
	{"id":1220041,"type":"sell","buyer":"mmrx","seller":"monsterjamgold","symbol":"SIM","quantity":"1067.000","price":"0.00105077","timestamp":1626286278,"volume":"1.12117159","buyTxId":"MM-P-8661697-55641859-3-40-0","sellTxId":"7ce5e6dda5c21c45aafa99272408c0a25bb2e0ed"}
{"index": {"_index":"sim","_id":"1220065"}}
	{"id":1220065,"type":"sell","buyer":"mmrx","seller":"elricmoonslayer","symbol":"SIM","quantity":"449.004","price":"0.00105077","timestamp":1626287319,"volume":"0.47179993","buyTxId":"MM-P-8661697-55641859-3-40-0","sellTxId":"ee2f9f8da043097e4e99cf2fb4a51b13c5f26d36"}
{"index": {"_index":"sim","_id":"1220084"}}
	{"id":1220084,"type":"sell","buyer":"mmrx","seller":"bashadow","symbol":"SIM","quantity":"183.218","price":"0.00105077","timestamp":1626287529,"volume":"0.19251998","buyTxId":"MM-P-8661697-55641859-3-40-0","sellTxId":"f09fb8ad3e4aa2af123aecfda386534018413aec"}
{"index": {"_index":"sim","_id":"1220094"}}
	{"id":1220094,"type":"buy","buyer":"vcelier","seller":"nftmart.fees","symbol":"SIM","quantity":"180.000","price":"0.00109371","timestamp":1626287592,"volume":"0.19686780","buyTxId":"a3d59ba9bb1332b47f1c8b956522d21bc1804366","sellTxId":"a0862e5f8d7784c05723d85a8b5cdbba7db60fb4-0"}
{"index": {"_index":"sim","_id":"1220095"}}
	{"id":1220095,"type":"buy","buyer":"vcelier","seller":"mmrx","symbol":"SIM","quantity":"887.000","price":"0.00109372","timestamp":1626287592,"volume":"0.97012964","buyTxId":"a3d59ba9bb1332b47f1c8b956522d21bc1804366","sellTxId":"MM-P-8661896-55642058-3-40-0"}
{"index": {"_index":"sim","_id":"1220099"}}
	{"id":1220099,"type":"sell","buyer":"mmrx","seller":"dhedge-drips","symbol":"SIM","quantity":"63.014","price":"0.00105077","timestamp":1626287673,"volume":"0.06621322","buyTxId":"MM-P-8661697-55641859-3-40-0","sellTxId":"a5a6239b9568c8e84a11a858b0d55c7980f6c1fd"}
{"index": {"_index":"sim","_id":"1220114"}}
	{"id":1220114,"type":"sell","buyer":"mmrx","seller":"monsterjamgold","symbol":"SIM","quantity":"607.015","price":"0.00105077","timestamp":1626287805,"volume":"0.63783315","buyTxId":"MM-P-8661697-55641859-3-40-0","sellTxId":"d6cc87534bf4086c292b10f669cd19a010ae009d"}
{"index": {"_index":"sim","_id":"1220115"}}
	{"id":1220115,"type":"buy","buyer":"toni.curation","seller":"monsterjamgold","symbol":"SIM","quantity":"336.984","price":"0.00105077","timestamp":1626287811,"volume":"0.35409268","buyTxId":"74a347d77c729b5ba58d033f9651ef932ceb1c01-0","sellTxId":"d6cc87534bf4086c292b10f669cd19a010ae009d"}
{"index": {"_index":"sim","_id":"1220159"}}
	{"id":1220159,"type":"sell","buyer":"freebornsociety","seller":"megalithic","symbol":"SIM","quantity":"20000.000","price":"0.00105076","timestamp":1626288705,"volume":"21.01520000","buyTxId":"MM-P-8660940-55641101-3-4-0","sellTxId":"878ba40ed4cc3cc677da0d849798bd9b4c3706f2"}
{"index": {"_index":"sim","_id":"1220162"}}
	{"id":1220162,"type":"sell","buyer":"freebornsociety","seller":"nftmart.fees","symbol":"SIM","quantity":"156.000","price":"0.00105076","timestamp":1626288774,"volume":"0.16391856","buyTxId":"MM-P-8660940-55641101-3-4-0","sellTxId":"c364dc98e3d538bdeeca4939ce54562db84358b6-0"}
{"index": {"_index":"sim","_id":"1220180"}}
	{"id":1220180,"type":"sell","buyer":"freebornsociety","seller":"onecent","symbol":"SIM","quantity":"164.000","price":"0.00105076","timestamp":1626289422,"volume":"0.17232464","buyTxId":"MM-P-8660940-55641101-3-4-0","sellTxId":"040ea0bd5820f0cc0dd4842184d98ac6eb0e148c"}
{"index": {"_index":"sim","_id":"1220191"}}
	{"id":1220191,"type":"sell","buyer":"freebornsociety","seller":"barrenwolfsbane","symbol":"SIM","quantity":"26.000","price":"0.00105076","timestamp":1626289785,"volume":"0.02731976","buyTxId":"MM-P-8660940-55641101-3-4-0","sellTxId":"557b2bcf994f70ac15f3c0ce29c578ed98881d8f"}
{"index": {"_index":"sim","_id":"1220195"}}
	{"id":1220195,"type":"sell","buyer":"freebornsociety","seller":"nftmart.fees","symbol":"SIM","quantity":"145.000","price":"0.00105076","timestamp":1626289974,"volume":"0.15236020","buyTxId":"MM-P-8660940-55641101-3-4-0","sellTxId":"bd8e28e095736207d204df59bb0f7792c9b0f8ac-0"}
{"index": {"_index":"sim","_id":"1220198"}}
	{"id":1220198,"type":"sell","buyer":"freebornsociety","seller":"bwar-gg","symbol":"SIM","quantity":"146.500","price":"0.00105076","timestamp":1626290010,"volume":"0.15393634","buyTxId":"MM-P-8660940-55641101-3-4-0","sellTxId":"ad2153b1c81d1e32270d6d1079ada69a737ab4a2"}
{"index": {"_index":"sim","_id":"1220200"}}
	{"id":1220200,"type":"sell","buyer":"freebornsociety","seller":"nrg","symbol":"SIM","quantity":"4571.408","price":"0.00105076","timestamp":1626290163,"volume":"4.80345267","buyTxId":"MM-P-8660940-55641101-3-4-0","sellTxId":"bc1ec7fa327b7897e9cde341f51999d2959a83a7"}
{"index": {"_index":"sim","_id":"1220201"}}
	{"id":1220201,"type":"sell","buyer":"enginemaker","seller":"nrg","symbol":"SIM","quantity":"9353.631","price":"0.00105013","timestamp":1626290163,"volume":"9.82252852","buyTxId":"MM-P-8658119-55638272-3-2-0","sellTxId":"bc1ec7fa327b7897e9cde341f51999d2959a83a7"}
{"index": {"_index":"sim","_id":"1220202"}}
	{"id":1220202,"type":"sell","buyer":"aggroed","seller":"nrg","symbol":"SIM","quantity":"62403.961","price":"0.00104013","timestamp":1626290163,"volume":"64.90823195","buyTxId":"48a220ea42d3bae5c013e98f874220a7381060b8","sellTxId":"bc1ec7fa327b7897e9cde341f51999d2959a83a7"}
{"index": {"_index":"sim","_id":"1220208"}}
	{"id":1220208,"type":"sell","buyer":"enginemaker","seller":"trifenix","symbol":"SIM","quantity":"6949.020","price":"0.00105013","timestamp":1626290484,"volume":"7.29737437","buyTxId":"MM-P-8663086-55643253-3-2-0","sellTxId":"6378f4802b9d589ab0a3b6c9149618441fbd33fd"}
{"index": {"_index":"sim","_id":"1220210"}}
	{"id":1220210,"type":"sell","buyer":"enginemaker","seller":"fantasycrypto","symbol":"SIM","quantity":"16857.556","price":"0.00105013","timestamp":1626290517,"volume":"17.70262528","buyTxId":"MM-P-8663086-55643253-3-2-0","sellTxId":"955cdd3b21e6894870881ce4bceaf089cd52ea0b"}
{"index": {"_index":"sim","_id":"1220211"}}
	{"id":1220211,"type":"sell","buyer":"aggroed","seller":"fantasycrypto","symbol":"SIM","quantity":"7526.494","price":"0.00104013","timestamp":1626290517,"volume":"7.82853220","buyTxId":"48a220ea42d3bae5c013e98f874220a7381060b8","sellTxId":"955cdd3b21e6894870881ce4bceaf089cd52ea0b"}
{"index": {"_index":"sim","_id":"1220248"}}
	{"id":1220248,"type":"buy","buyer":"toni.curation","seller":"nftmart.fees","symbol":"SIM","quantity":"125.999","price":"0.00105076","timestamp":1626291180,"volume":"0.13239471","buyTxId":"7954a970f6b727b1a816f260e8f332172207c10b-0","sellTxId":"369f89585bc56fdbd36b8b907a04e6d309252c38-0"}
{"index": {"_index":"sim","_id":"1220251"}}
	{"id":1220251,"type":"sell","buyer":"enginemaker","seller":"mapac","symbol":"SIM","quantity":"1234.000","price":"0.00105013","timestamp":1626291294,"volume":"1.29586042","buyTxId":"MM-P-8663286-55643453-3-2-0","sellTxId":"6c62cf05573cfb3fbf2f9241c7da62fce99567fa"}
{"index": {"_index":"sim","_id":"1220264"}}
	{"id":1220264,"type":"sell","buyer":"enginemaker","seller":"accelerator","symbol":"SIM","quantity":"555.000","price":"0.00105013","timestamp":1626291708,"volume":"0.58282215","buyTxId":"MM-P-8663286-55643453-3-2-0","sellTxId":"613653d18e48546def665c4019077b4ab9f71176"}
{"index": {"_index":"sim","_id":"1220267"}}
	{"id":1220267,"type":"sell","buyer":"enginemaker","seller":"steemstreems","symbol":"SIM","quantity":"1705.001","price":"0.00105013","timestamp":1626291765,"volume":"1.79047270","buyTxId":"MM-P-8663286-55643453-3-2-0","sellTxId":"b48805a37afd7dd7c753ab0a5bc4226176a3d5bd"}
{"index": {"_index":"sim","_id":"1220268"}}
	{"id":1220268,"type":"buy","buyer":"cryptoninjaz","seller":"nftmart.fees","symbol":"SIM","quantity":"0.001","price":"0.00105076","timestamp":1626291795,"volume":"0.00000105","buyTxId":"8913c1b6cac12a81edd0a6a5c64931c0331b61a1","sellTxId":"369f89585bc56fdbd36b8b907a04e6d309252c38-0"}
{"index": {"_index":"sim","_id":"1220273"}}
	{"id":1220273,"type":"buy","buyer":"cryptoninjaz","seller":"monsterjamgold","symbol":"SIM","quantity":"0.001","price":"0.00105077","timestamp":1626291828,"volume":"0.00000105","buyTxId":"8989166a9dbefb29c4af358d01bb04b038eb1717","sellTxId":"d6cc87534bf4086c292b10f669cd19a010ae009d"}
{"index": {"_index":"sim","_id":"1220274"}}
	{"id":1220274,"type":"buy","buyer":"cryptoninjaz","seller":"mapac","symbol":"SIM","quantity":"2336.321","price":"0.00108890","timestamp":1626291864,"volume":"2.54401994","buyTxId":"a36d6d0217fde8c80eed2bd40f2fc351194fa034","sellTxId":"9a8e7be233aedf718022235b1c6e831012e731a1"}
{"index": {"_index":"sim","_id":"1220299"}}
	{"id":1220299,"type":"sell","buyer":"enginemaker","seller":"mpath","symbol":"SIM","quantity":"1234.000","price":"0.00105013","timestamp":1626292332,"volume":"1.29586042","buyTxId":"MM-P-8663286-55643453-3-2-0","sellTxId":"391ce4f263ad4923f791a1f470e4297605ed2649"}
{"index": {"_index":"sim","_id":"1220310"}}
	{"id":1220310,"type":"buy","buyer":"cryptoninjaz","seller":"nftmart.fees","symbol":"SIM","quantity":"110.000","price":"0.00108488","timestamp":1626292458,"volume":"0.11933680","buyTxId":"0eb10f0c8c97fe6a38d2552eee7c9643ca54931e","sellTxId":"db519e55800520c4591c4dcfdc53b6e7f873f105-0"}
{"index": {"_index":"sim","_id":"1220312"}}
	{"id":1220312,"type":"buy","buyer":"cryptoninjaz","seller":"mmrx","symbol":"SIM","quantity":"1482.251","price":"0.00108489","timestamp":1626292491,"volume":"1.60807929","buyTxId":"8336d4e17179772bc6742a35efd22a94af96d2a0","sellTxId":"MM-P-8663782-55643952-3-40-0"}
{"index": {"_index":"sim","_id":"1220314"}}
	{"id":1220314,"type":"buy","buyer":"cryptoninjaz","seller":"mpath","symbol":"SIM","quantity":"3455.000","price":"0.00108490","timestamp":1626292539,"volume":"3.74832950","buyTxId":"bcf4dff604d4f5aa4c42f74ce480c2b9999dbb5c","sellTxId":"836bcd171ff7602a4f6b474875ed933094ec3e5d"}
{"index": {"_index":"sim","_id":"1220331"}}
	{"id":1220331,"type":"buy","buyer":"vokus","seller":"mapac","symbol":"SIM","quantity":"9999.000","price":"0.00108590","timestamp":1626292788,"volume":"10.85791410","buyTxId":"ecaf789b0f5e6753220788d368f8aef6f605a019","sellTxId":"eb73fc024ddbdca7891c847aaee65b79c8053e64"}
{"index": {"_index":"sim","_id":"1220332"}}
	{"id":1220332,"type":"buy","buyer":"vokus","seller":"mapac","symbol":"SIM","quantity":"8.679","price":"0.00108890","timestamp":1626292788,"volume":"0.00945056","buyTxId":"ecaf789b0f5e6753220788d368f8aef6f605a019","sellTxId":"9a8e7be233aedf718022235b1c6e831012e731a1"}
{"index": {"_index":"sim","_id":"1220333"}}
	{"id":1220333,"type":"buy","buyer":"vokus","seller":"onecent","symbol":"SIM","quantity":"234.000","price":"0.00108900","timestamp":1626292788,"volume":"0.25482600","buyTxId":"ecaf789b0f5e6753220788d368f8aef6f605a019","sellTxId":"705ee76b8f278b8f28641a1b60de39bc100793f5"}
{"index": {"_index":"sim","_id":"1220334"}}
	{"id":1220334,"type":"buy","buyer":"vokus","seller":"accelerator","symbol":"SIM","quantity":"222.000","price":"0.00109000","timestamp":1626292788,"volume":"0.24198000","buyTxId":"ecaf789b0f5e6753220788d368f8aef6f605a019","sellTxId":"a9ea90c9b55eeeb64178c8ae8f1cfa0c4c76f921"}
{"index": {"_index":"sim","_id":"1220335"}}
	{"id":1220335,"type":"buy","buyer":"vokus","seller":"dhedge-drips","symbol":"SIM","quantity":"63.014","price":"0.00109372","timestamp":1626292788,"volume":"0.06891967","buyTxId":"ecaf789b0f5e6753220788d368f8aef6f605a019","sellTxId":"bc36b87b6526794b796813cb1ea4464178898471"}
{"index": {"_index":"sim","_id":"1220336"}}
	{"id":1220336,"type":"buy","buyer":"vokus","seller":"enginemaker","symbol":"SIM","quantity":"4173.307","price":"0.00109376","timestamp":1626292788,"volume":"4.56459626","buyTxId":"ecaf789b0f5e6753220788d368f8aef6f605a019","sellTxId":"MM-P-8658418-55638571-3-2-0"}
{"index": {"_index":"sim","_id":"1220342"}}
	{"id":1220342,"type":"sell","buyer":"enginemaker","seller":"florian-glechner","symbol":"SIM","quantity":"36.000","price":"0.00105013","timestamp":1626292944,"volume":"0.03780468","buyTxId":"MM-P-8663286-55643453-3-2-0","sellTxId":"b2b22e791e681aeb7588c0e81cc920403bbfac02"}
{"index": {"_index":"sim","_id":"1220343"}}
	{"id":1220343,"type":"sell","buyer":"enginemaker","seller":"eldudu","symbol":"SIM","quantity":"113","price":"0.00105013","timestamp":1626293148,"volume":"0.11866469","buyTxId":"MM-P-8663286-55643453-3-2-0","sellTxId":"bcaf0a33e7c6d4fc1abfba92d002790cd3dba37d"}
{"index": {"_index":"sim","_id":"1220401"}}
	{"id":1220401,"type":"buy","buyer":"cryptoninjaz","seller":"enginemaker","symbol":"SIM","quantity":"22459.239","price":"0.00108365","timestamp":1626294138,"volume":"24.33795434","buyTxId":"dc6f62476a08de9af8e8c28333d500a1238c4f3c","sellTxId":"MM-P-8664275-55644448-3-2-0"}
{"index": {"_index":"sim","_id":"1220412"}}
	{"id":1220412,"type":"sell","buyer":"enginemaker","seller":"steify","symbol":"SIM","quantity":"18929.575","price":"0.00105013","timestamp":1626294405,"volume":"19.87851459","buyTxId":"MM-P-8663286-55643453-3-2-0","sellTxId":"2a0d4fe04a80e453fdc61f67aeb4de606da6c4c7"}
{"index": {"_index":"sim","_id":"1220413"}}
	{"id":1220413,"type":"buy","buyer":"konvik","seller":"steify","symbol":"SIM","quantity":"48952.425","price":"0.00105000","timestamp":1626294408,"volume":"51.40004625","buyTxId":"c5903994f0f60a4393fe24463f3c3ce12172ccae-0","sellTxId":"2a0d4fe04a80e453fdc61f67aeb4de606da6c4c7"}
{"index": {"_index":"sim","_id":"1220421"}}
	{"id":1220421,"type":"sell","buyer":"freebornsociety","seller":"mfblack","symbol":"SIM","quantity":"10380.136","price":"0.00104073","timestamp":1626295068,"volume":"10.80291894","buyTxId":"MM-P-8664512-55644685-3-4-0","sellTxId":"71bb661a770e017d60aaf88e1b7cfa76d728121e"}
{"index": {"_index":"sim","_id":"1220442"}}
	{"id":1220442,"type":"sell","buyer":"freebornsociety","seller":"loganhate","symbol":"SIM","quantity":"234.000","price":"0.00104073","timestamp":1626295980,"volume":"0.24353082","buyTxId":"MM-P-8664512-55644685-3-4-0","sellTxId":"e1b23ebc8295fe9b137c1520a7bbde4011c23067"}
{"index": {"_index":"sim","_id":"1220443"}}
	{"id":1220443,"type":"buy","buyer":"toni.curation","seller":"nftmart.fees","symbol":"SIM","quantity":"192.999","price":"0.00104999","timestamp":1626296016,"volume":"0.20264702","buyTxId":"5cbe6e792319e2c0449360bd80820cc116d59d68-0","sellTxId":"fcecda1138c52adf3c2aaf0fd354d35542949284-0"}
{"index": {"_index":"sim","_id":"1220449"}}
	{"id":1220449,"type":"sell","buyer":"freebornsociety","seller":"deathwing","symbol":"SIM","quantity":"785","price":"0.00104073","timestamp":1626296106,"volume":"0.81697305","buyTxId":"MM-P-8664512-55644685-3-4-0","sellTxId":"0abc1e7b8675f89f6539952de13757ecc720fcfe-0"}
{"index": {"_index":"sim","_id":"1220547"}}
	{"id":1220547,"type":"buy","buyer":"toni.curation","seller":"nftmart.fees","symbol":"SIM","quantity":"166.999","price":"0.00104999","timestamp":1626297981,"volume":"0.17534728","buyTxId":"e39c272ab303b126e46e3f918001b5f579aa26f6-0","sellTxId":"456b7ccdc06fcddf6f0157d9b0c3560122e456c9-0"}
{"index": {"_index":"sim","_id":"1220563"}}
	{"id":1220563,"type":"sell","buyer":"freebornsociety","seller":"balte","symbol":"SIM","quantity":"25209.000","price":"0.00104073","timestamp":1626298590,"volume":"26.23576257","buyTxId":"MM-P-8664512-55644685-3-4-0","sellTxId":"440b3c3f7c827e065388d591b70546d73f949e12"}
{"index": {"_index":"sim","_id":"1220586"}}
	{"id":1220586,"type":"buy","buyer":"toni.curation","seller":"nftmart.fees","symbol":"SIM","quantity":"145.999","price":"0.00104999","timestamp":1626299199,"volume":"0.15329749","buyTxId":"214a8f294224a5af3abddbfec2e1247571b0fc08-0","sellTxId":"02bca89ab0013c007e2f6a8862b15b3c72c0eded-0"}
{"index": {"_index":"sim","_id":"1220592"}}
	{"id":1220592,"type":"sell","buyer":"freebornsociety","seller":"justinparke","symbol":"SIM","quantity":"29496.6","price":"0.00104073","timestamp":1626299307,"volume":"30.69799652","buyTxId":"MM-P-8664512-55644685-3-4-0","sellTxId":"fa1272e8eacb88d6bccc8a6ff5dfd7c287dc82af"}
{"index": {"_index":"sim","_id":"1220637"}}
	{"id":1220637,"type":"sell","buyer":"freebornsociety","seller":"joshh71390","symbol":"SIM","quantity":"3373.125","price":"0.00104073","timestamp":1626301137,"volume":"3.51051238","buyTxId":"MM-P-8664512-55644685-3-4-0","sellTxId":"a8f709f327d7d381478ec30b3ccda221f8e43db0"}
{"index": {"_index":"sim","_id":"1220648"}}
	{"id":1220648,"type":"buy","buyer":"toni.curation","seller":"nftmart.fees","symbol":"SIM","quantity":"126.999","price":"0.00104999","timestamp":1626301599,"volume":"0.13334768","buyTxId":"ce0d8115a9fd1285c9741b5138f21a53d8971853-0","sellTxId":"68a4b4fc4420d4362dfe1078be3a82b5e431ba11-0"}
{"index": {"_index":"sim","_id":"1220663"}}
	{"id":1220663,"type":"sell","buyer":"freebornsociety","seller":"steem.services","symbol":"SIM","quantity":"2586.940","price":"0.00104073","timestamp":1626302484,"volume":"2.69230606","buyTxId":"MM-P-8664512-55644685-3-4-0","sellTxId":"79e51da0baa27df9afeccd1e7553925aca4624a8"}
{"index": {"_index":"sim","_id":"1220664"}}
	{"id":1220664,"type":"sell","buyer":"aggroed","seller":"steem.services","symbol":"SIM","quantity":"427531.060","price":"0.00104013","timestamp":1626302484,"volume":"444.68788144","buyTxId":"48a220ea42d3bae5c013e98f874220a7381060b8","sellTxId":"79e51da0baa27df9afeccd1e7553925aca4624a8"}
{"index": {"_index":"sim","_id":"1220677"}}
	{"id":1220677,"type":"buy","buyer":"toni.curation","seller":"nftmart.fees","symbol":"SIM","quantity":"109.999","price":"0.00104998","timestamp":1626302799,"volume":"0.11549675","buyTxId":"8049b49ea32bdfdf50bc2b1cbba2c770443941c0-0","sellTxId":"43285452cbeb3e4076c24929c30fc6293ba39ef8-0"}
{"index": {"_index":"sim","_id":"1220680"}}
	{"id":1220680,"type":"buy","buyer":"emergehealthier","seller":"nftmart.fees","symbol":"SIM","quantity":"0.001","price":"0.00104998","timestamp":1626302874,"volume":"0.00000105","buyTxId":"effac6d53f26067bdc8bc1660bc14d0bcea3d860","sellTxId":"43285452cbeb3e4076c24929c30fc6293ba39ef8-0"}
{"index": {"_index":"sim","_id":"1220700"}}
	{"id":1220700,"type":"buy","buyer":"emergehealthier","seller":"yintercept","symbol":"SIM","quantity":"1.181","price":"0.00105000","timestamp":1626303675,"volume":"0.00124005","buyTxId":"ff82abcd09f9859c4f264d167f709601c94d4268","sellTxId":"1fde7f1a53ceddd9381d20ff5ff355ea2d19bcba"}
{"index": {"_index":"sim","_id":"1220706"}}
	{"id":1220706,"type":"buy","buyer":"emergehealthier","seller":"accelerator","symbol":"SIM","quantity":"500.000","price":"0.00106490","timestamp":1626303744,"volume":"0.53245000","buyTxId":"b0acb2422475230f1d2ede506dda26944513c0b0","sellTxId":"6bcecb67dbbcf6a16a53aa46d8882c5a9905a1a2"}
{"index": {"_index":"sim","_id":"1220774"}}
	{"id":1220774,"type":"sell","buyer":"aggroed","seller":"daveks","symbol":"SIM","quantity":"14321.000","price":"0.00104013","timestamp":1626307164,"volume":"14.89570173","buyTxId":"48a220ea42d3bae5c013e98f874220a7381060b8","sellTxId":"6f46ae7efd82828958dcaeec9640e780a4a930d0"}
{"index": {"_index":"sim","_id":"1220937"}}
	{"id":1220937,"type":"buy","buyer":"polarmystro","seller":"accelerator","symbol":"SIM","quantity":"1045.000","price":"0.00106490","timestamp":1626311415,"volume":"1.11282050","buyTxId":"7f7b478a2d034e6fab6c252a851b32a2ae311d57","sellTxId":"6bcecb67dbbcf6a16a53aa46d8882c5a9905a1a2"}
{"index": {"_index":"sim","_id":"1220938"}}
	{"id":1220938,"type":"buy","buyer":"polarmystro","seller":"onecent","symbol":"SIM","quantity":"1478.000","price":"0.00106700","timestamp":1626311415,"volume":"1.57702600","buyTxId":"7f7b478a2d034e6fab6c252a851b32a2ae311d57","sellTxId":"41b353011a1bfdb84060bd21cfc1308c578050d3"}
{"index": {"_index":"sim","_id":"1220939"}}
	{"id":1220939,"type":"buy","buyer":"polarmystro","seller":"bitt.nerd","symbol":"SIM","quantity":"100.000","price":"0.00107000","timestamp":1626311415,"volume":"0.10700000","buyTxId":"7f7b478a2d034e6fab6c252a851b32a2ae311d57","sellTxId":"e15fe00d0df315433d9a1f98a7bafb1dd264524c"}
{"index": {"_index":"sim","_id":"1220940"}}
	{"id":1220940,"type":"buy","buyer":"polarmystro","seller":"mapac","symbol":"SIM","quantity":"2346.000","price":"0.00107000","timestamp":1626311415,"volume":"2.51022000","buyTxId":"7f7b478a2d034e6fab6c252a851b32a2ae311d57","sellTxId":"d6b4909cf79029a455cc5d8a06b9735e7e8bbeca"}
{"index": {"_index":"sim","_id":"1220941"}}
	{"id":1220941,"type":"buy","buyer":"polarmystro","seller":"medaymane","symbol":"SIM","quantity":"2111.000","price":"0.00107673","timestamp":1626311415,"volume":"2.27297703","buyTxId":"7f7b478a2d034e6fab6c252a851b32a2ae311d57","sellTxId":"fc3e3fa129f5f3e932efe54f7956fc738b5f25b2"}
{"index": {"_index":"sim","_id":"1220942"}}
	{"id":1220942,"type":"buy","buyer":"polarmystro","seller":"accelerator","symbol":"SIM","quantity":"1772.000","price":"0.00107780","timestamp":1626311415,"volume":"1.90986160","buyTxId":"7f7b478a2d034e6fab6c252a851b32a2ae311d57","sellTxId":"c72aff10245a46c0954a9c39b9cfb806ca3af54c"}
{"index": {"_index":"sim","_id":"1220943"}}
	{"id":1220943,"type":"buy","buyer":"polarmystro","seller":"onecent","symbol":"SIM","quantity":"1492.000","price":"0.00107800","timestamp":1626311415,"volume":"1.60837600","buyTxId":"7f7b478a2d034e6fab6c252a851b32a2ae311d57","sellTxId":"6ebbfaff830fe23525e2d14b21a41381c77fd8ec"}
{"index": {"_index":"sim","_id":"1220944"}}
	{"id":1220944,"type":"buy","buyer":"polarmystro","seller":"enginemaker","symbol":"SIM","quantity":"82039.144","price":"0.00108365","timestamp":1626311415,"volume":"88.90171887","buyTxId":"7f7b478a2d034e6fab6c252a851b32a2ae311d57","sellTxId":"MM-P-8664275-55644448-3-2-0"}
{"index": {"_index":"sim","_id":"1220955"}}
	{"id":1220955,"type":"sell","buyer":"aggroed","seller":"melbourneswest","symbol":"SIM","quantity":"4174.615","price":"0.00104013","timestamp":1626311847,"volume":"4.34214230","buyTxId":"48a220ea42d3bae5c013e98f874220a7381060b8","sellTxId":"2188dbc35d1c56ab2c7d283a5cd08ba4283369f9"}
{"index": {"_index":"sim","_id":"1220994"}}
	{"id":1220994,"type":"sell","buyer":"looftee","seller":"willsaldeno","symbol":"SIM","quantity":"350.000","price":"0.00105000","timestamp":1626313740,"volume":"0.36750000","buyTxId":"85e3c1973871b7697d8e1d4abc9c060d7a5f67b8","sellTxId":"c9728819e7b85d0cb299214397a7da7844be5b3b"}
{"index": {"_index":"sim","_id":"1220995"}}
	{"id":1220995,"type":"sell","buyer":"aggroed","seller":"willsaldeno","symbol":"SIM","quantity":"1986.000","price":"0.00104013","timestamp":1626313740,"volume":"2.06569818","buyTxId":"48a220ea42d3bae5c013e98f874220a7381060b8","sellTxId":"c9728819e7b85d0cb299214397a7da7844be5b3b"}
{"index": {"_index":"sim","_id":"1221002"}}
	{"id":1221002,"type":"sell","buyer":"aggroed","seller":"bitcoinflood","symbol":"SIM","quantity":"5000.000","price":"0.00104013","timestamp":1626313857,"volume":"5.20065000","buyTxId":"48a220ea42d3bae5c013e98f874220a7381060b8","sellTxId":"954cf7dcd06a92ca8179b6f97fce759f5cd707cb"}
{"index": {"_index":"sim","_id":"1221011"}}
	{"id":1221011,"type":"sell","buyer":"aggroed","seller":"epilatero","symbol":"SIM","quantity":"1746","price":"0.00104013","timestamp":1626314121,"volume":"1.81606698","buyTxId":"48a220ea42d3bae5c013e98f874220a7381060b8","sellTxId":"388e58f0c0e348689a0d3256c79e98bfa00b5340"}
{"index": {"_index":"sim","_id":"1221039"}}
	{"id":1221039,"type":"sell","buyer":"aggroed","seller":"brofi-market","symbol":"SIM","quantity":"93.396","price":"0.00104013","timestamp":1626315153,"volume":"0.09714398","buyTxId":"48a220ea42d3bae5c013e98f874220a7381060b8","sellTxId":"f257f27eb42cdb5d785aabb47d11eba0ba0fdc44"}
