{"index": {"_index":"sim","_id":"3647642"}}
	{"id":3647642,"type":"sell","buyer":"pi-trader","seller":"themarkymark","symbol":"SIM","quantity":"171.878","price":"0.00049089","timestamp":1654827042,"volume":"0.08437319","buyTxId":"b7bb0400f46fb32360a924d1c6ea568df4dc8358-3","sellTxId":"b20dfb419b5ceb3cd13711a1c9813f455f2f8461"}
{"index": {"_index":"sim","_id":"3647879"}}
	{"id":3647879,"type":"buy","buyer":"libert","seller":"nftmart.fees","symbol":"SIM","quantity":"2.000","price":"0.00049993","timestamp":1654831596,"volume":"0.00099986","buyTxId":"69071b41324632e7fdf8798dfa2e5e41f7e87ccd","sellTxId":"9813cad8f70ce47c850ba3516ecf84424033df62-0"}
{"index": {"_index":"sim","_id":"3647880"}}
	{"id":3647880,"type":"buy","buyer":"libert","seller":"mmrx","symbol":"SIM","quantity":"3952.981","price":"0.00049994","timestamp":1654831596,"volume":"1.97625332","buyTxId":"69071b41324632e7fdf8798dfa2e5e41f7e87ccd","sellTxId":"MM-P-18133381-65124415-3-39-0"}
{"index": {"_index":"sim","_id":"3647881"}}
	{"id":3647881,"type":"buy","buyer":"libert","seller":"heikki1337","symbol":"SIM","quantity":"767.541","price":"0.00049995","timestamp":1654831596,"volume":"0.38373212","buyTxId":"69071b41324632e7fdf8798dfa2e5e41f7e87ccd","sellTxId":"c5c3ab921eebb8d38b93640aacca762934937379"}
{"index": {"_index":"sim","_id":"3647882"}}
	{"id":3647882,"type":"buy","buyer":"libert","seller":"jelly-cz","symbol":"SIM","quantity":"551.277","price":"0.00050431","timestamp":1654831596,"volume":"0.27801470","buyTxId":"69071b41324632e7fdf8798dfa2e5e41f7e87ccd","sellTxId":"MM-P-18133181-65124215-3-32-0"}
{"index": {"_index":"sim","_id":"3648103"}}
	{"id":3648103,"type":"sell","buyer":"pi-trader","seller":"theshaki","symbol":"SIM","quantity":"21.996","price":"0.00049089","timestamp":1654834032,"volume":"0.01079762","buyTxId":"333cfc9008e38dd3e63ffac99c9b6e061447f388-3","sellTxId":"e61b9b12fa431fa6c06fa4fd5e36040ea7ffc211"}
{"index": {"_index":"sim","_id":"3648336"}}
	{"id":3648336,"type":"sell","buyer":"pi-trader","seller":"steem82868","symbol":"SIM","quantity":"0.500","price":"0.00049089","timestamp":1654837530,"volume":"0.00024545","buyTxId":"47f12a03190f30ab90685da9730d5f67af61515b-3","sellTxId":"f22a14477d9050d0c428677b92b9c7a75afdf1a6"}
{"index": {"_index":"sim","_id":"3648407"}}
	{"id":3648407,"type":"sell","buyer":"pi-trader","seller":"hive-143869","symbol":"SIM","quantity":"0.300","price":"0.00049089","timestamp":1654838346,"volume":"0.00014727","buyTxId":"978a86a99877883d40337720e591ad17dcf675a4-1","sellTxId":"7b0961337316726db241e6d3d0d8056634289239"}
{"index": {"_index":"sim","_id":"3648857"}}
	{"id":3648857,"type":"sell","buyer":"pi-trader","seller":"decentropia","symbol":"SIM","quantity":"0.010","price":"0.00049089","timestamp":1654843365,"volume":"0.00000491","buyTxId":"98e7afdc2fea4379625c30d74fb634a72af9076b-1","sellTxId":"c7c7c6dab0049abf7935e7fdb6140528c4e49411"}
{"index": {"_index":"sim","_id":"3648946"}}
	{"id":3648946,"type":"buy","buyer":"weldmaster","seller":"nftmart.fees","symbol":"SIM","quantity":"14.000","price":"0.00050278","timestamp":1654844625,"volume":"0.00703892","buyTxId":"edfc4eaea1c89ae917a52ab05b3f0de700103305","sellTxId":"7db632179162fd7d4c9b0745796b892ba768cc11-0"}
{"index": {"_index":"sim","_id":"3648951"}}
	{"id":3648951,"type":"sell","buyer":"pi-trader","seller":"automaton","symbol":"SIM","quantity":"900.000","price":"0.00049089","timestamp":1654844769,"volume":"0.44180100","buyTxId":"35d9cbd8a2c1a346ceb092575b65bc8c591c70b1-0","sellTxId":"fa6d0bf6580bb3366c770c044bde631490269133"}
{"index": {"_index":"sim","_id":"3649090"}}
	{"id":3649090,"type":"sell","buyer":"pi-trader","seller":"itharagaian","symbol":"SIM","quantity":"0.800","price":"0.00049089","timestamp":1654846539,"volume":"0.00039271","buyTxId":"1e1c7c8538b5909e24a7bd7d58a606104b401d09-3","sellTxId":"1f5260beb890cf5767879067ae734806c9de9f1e"}
{"index": {"_index":"sim","_id":"3649102"}}
	{"id":3649102,"type":"sell","buyer":"pi-trader","seller":"loganhate","symbol":"SIM","quantity":"71.000","price":"0.00049089","timestamp":1654846734,"volume":"0.03485319","buyTxId":"aca6ff1297ce1127dd8a0e6d60f7a0fc23ea54c6-1","sellTxId":"83cacff1a95d173ed2a9d4f2feaac9cd2257b031"}
{"index": {"_index":"sim","_id":"3649206"}}
	{"id":3649206,"type":"buy","buyer":"dswap","seller":"nftmart.fees","symbol":"SIM","quantity":"12.000","price":"0.00050277","timestamp":1654848516,"volume":"0.00603324","buyTxId":"f5de9549dff0020794816618eadd15a34504f0c5","sellTxId":"a27cee1e7e275dce3e9b12b530b8bc970b534bd9-0"}
{"index": {"_index":"sim","_id":"3649207"}}
	{"id":3649207,"type":"buy","buyer":"dswap","seller":"medaymane","symbol":"SIM","quantity":"2150.300","price":"0.00050278","timestamp":1654848516,"volume":"1.08112783","buyTxId":"f5de9549dff0020794816618eadd15a34504f0c5","sellTxId":"cae349092b751679b05bd46b7893d92b56ad9e7c"}
{"index": {"_index":"sim","_id":"3649208"}}
	{"id":3649208,"type":"buy","buyer":"dswap","seller":"jelly-cz","symbol":"SIM","quantity":"41286.000","price":"0.00050279","timestamp":1654848516,"volume":"20.75818794","buyTxId":"f5de9549dff0020794816618eadd15a34504f0c5","sellTxId":"MM-P-18141246-65132300-3-32-0"}
{"index": {"_index":"sim","_id":"3649209"}}
	{"id":3649209,"type":"buy","buyer":"dswap","seller":"marfonso","symbol":"SIM","quantity":"4.953","price":"0.00053168","timestamp":1654848516,"volume":"0.00263341","buyTxId":"f5de9549dff0020794816618eadd15a34504f0c5","sellTxId":"b6e71dcaa4854540a3396f7173a1e32aa4a2abc0"}
{"index": {"_index":"sim","_id":"3649210"}}
	{"id":3649210,"type":"buy","buyer":"dswap","seller":"dhedge-drips","symbol":"SIM","quantity":"12.500","price":"0.00054233","timestamp":1654848516,"volume":"0.00677913","buyTxId":"f5de9549dff0020794816618eadd15a34504f0c5","sellTxId":"1fd7ffdbb4c037bf19c0f56446115c60f8af8fe3"}
{"index": {"_index":"sim","_id":"3649211"}}
	{"id":3649211,"type":"buy","buyer":"dswap","seller":"onealfa","symbol":"SIM","quantity":"1938.457","price":"0.00054842","timestamp":1654848516,"volume":"1.06308859","buyTxId":"f5de9549dff0020794816618eadd15a34504f0c5","sellTxId":"1bafd7f9be98d3b8d1b963eaa2f5bf918740446d"}
{"index": {"_index":"sim","_id":"3649212"}}
	{"id":3649212,"type":"buy","buyer":"dswap","seller":"coininstant","symbol":"SIM","quantity":"158.203","price":"0.00056448","timestamp":1654848516,"volume":"0.08930243","buyTxId":"f5de9549dff0020794816618eadd15a34504f0c5","sellTxId":"63751f25a0456eb4f44e2eaa0aa1c2176fc56379"}
{"index": {"_index":"sim","_id":"3649213"}}
	{"id":3649213,"type":"buy","buyer":"dswap","seller":"atomcollector","symbol":"SIM","quantity":"15425.666","price":"0.00057388","timestamp":1654848516,"volume":"8.85248120","buyTxId":"f5de9549dff0020794816618eadd15a34504f0c5","sellTxId":"833484c50c599563cffa43be08be860f9e095181"}
{"index": {"_index":"sim","_id":"3649214"}}
	{"id":3649214,"type":"buy","buyer":"dswap","seller":"dhedge-drips","symbol":"SIM","quantity":"12.500","price":"0.00057845","timestamp":1654848516,"volume":"0.00723063","buyTxId":"f5de9549dff0020794816618eadd15a34504f0c5","sellTxId":"05e366e823018e69115a3d36c325ca72437786c1"}
{"index": {"_index":"sim","_id":"3649215"}}
	{"id":3649215,"type":"buy","buyer":"dswap","seller":"hotasian","symbol":"SIM","quantity":"100000.000","price":"0.00058000","timestamp":1654848516,"volume":"58.00000000","buyTxId":"f5de9549dff0020794816618eadd15a34504f0c5","sellTxId":"6b96c4d9e08c640d2603ecd562ec6394213dba50"}
{"index": {"_index":"sim","_id":"3649216"}}
	{"id":3649216,"type":"buy","buyer":"dswap","seller":"eshr92","symbol":"SIM","quantity":"794.918","price":"0.00059000","timestamp":1654848516,"volume":"0.46900162","buyTxId":"f5de9549dff0020794816618eadd15a34504f0c5","sellTxId":"d02c3a065620496e54b5d20786859c404bb2c016"}
{"index": {"_index":"sim","_id":"3649217"}}
	{"id":3649217,"type":"buy","buyer":"dswap","seller":"allfabeta","symbol":"SIM","quantity":"2131.000","price":"0.00059300","timestamp":1654848516,"volume":"1.26368300","buyTxId":"f5de9549dff0020794816618eadd15a34504f0c5","sellTxId":"ac2506aa7b49fc8c2194790c8a67ae4784f4ed2d"}
{"index": {"_index":"sim","_id":"3649218"}}
	{"id":3649218,"type":"buy","buyer":"dswap","seller":"dhedge-drips","symbol":"SIM","quantity":"965.479","price":"0.00059370","timestamp":1654848516,"volume":"0.57320488","buyTxId":"f5de9549dff0020794816618eadd15a34504f0c5","sellTxId":"5e022eec8ffd55a15cb681b83cd81e4d9cd5a0a4"}
{"index": {"_index":"sim","_id":"3649219"}}
	{"id":3649219,"type":"buy","buyer":"dswap","seller":"ayhamyou","symbol":"SIM","quantity":"9522.197","price":"0.00082200","timestamp":1654848516,"volume":"7.82724610","buyTxId":"f5de9549dff0020794816618eadd15a34504f0c5","sellTxId":"01e890695670dd8b157abaf735910a56da0ac050"}
{"index": {"_index":"sim","_id":"3649254"}}
	{"id":3649254,"type":"sell","buyer":"pi-trader","seller":"laritheghost","symbol":"SIM","quantity":"69.111","price":"0.00049089","timestamp":1654848999,"volume":"0.03392590","buyTxId":"ffa6346759c0dd19f0a9b88e322f7b8664ae8cf2-1","sellTxId":"a628118a65122542da56fee996481232259d85ec"}
{"index": {"_index":"sim","_id":"3649397"}}
	{"id":3649397,"type":"sell","buyer":"pi-trader","seller":"besheda","symbol":"SIM","quantity":"65.871","price":"0.00049089","timestamp":1654851516,"volume":"0.03233542","buyTxId":"470e5b03eb4d196fde139aaad99da01a85cf2df3-1","sellTxId":"68343df3b80a72ac647b7ad9015a9e05dd9fc7e3"}
{"index": {"_index":"sim","_id":"3649454"}}
	{"id":3649454,"type":"sell","buyer":"pi-trader","seller":"vcelier","symbol":"SIM","quantity":"4500.000","price":"0.00049089","timestamp":1654852875,"volume":"2.20900500","buyTxId":"f5d2b7f3093352c6aa595d71d0cd9b7c5affebde-3","sellTxId":"0584d241faac992b4b6b7f82d49e0aed0bb92834"}
{"index": {"_index":"sim","_id":"3649457"}}
	{"id":3649457,"type":"sell","buyer":"pi-trader","seller":"vcelier","symbol":"SIM","quantity":"21000.000","price":"0.00049089","timestamp":1654852935,"volume":"10.30869000","buyTxId":"0b9450079bed1aa2a7423b1767a63d4257016d7b-3","sellTxId":"377bf1e903596612768a7ae7a37df57bc8ca6a34"}
{"index": {"_index":"sim","_id":"3649623"}}
	{"id":3649623,"type":"sell","buyer":"pi-trader","seller":"theiamultitude","symbol":"SIM","quantity":"1176.471","price":"0.00049089","timestamp":1654855290,"volume":"0.57751785","buyTxId":"204539fa92138bc1edd516fd780a25504fbde7f3-3","sellTxId":"13a21a9ca99e7f0b6a7b5f95cbc5a2ba6e768a8a"}
{"index": {"_index":"sim","_id":"3649648"}}
	{"id":3649648,"type":"sell","buyer":"pi-trader","seller":"steem82868","symbol":"SIM","quantity":"0.400","price":"0.00049089","timestamp":1654855890,"volume":"0.00019636","buyTxId":"1dca13472a002cc60dc92b2c38b43a8252f3022d-5","sellTxId":"2ded3b0c4d81313c80e3f41cbcacd3285b157671"}
{"index": {"_index":"sim","_id":"3650656"}}
	{"id":3650656,"type":"sell","buyer":"maryjane.main","seller":"lifeskills-tv","symbol":"SIM","quantity":"918.085","price":"0.00051400","timestamp":1654864890,"volume":"0.47189569","buyTxId":"a380eec727c9ee41d8d8776efec72e4911a0d12e","sellTxId":"160044d0196afa486f073c40f949234e2bae9a3a"}
{"index": {"_index":"sim","_id":"3650670"}}
	{"id":3650670,"type":"sell","buyer":"maryjane.main","seller":"pjansen","symbol":"SIM","quantity":"581.915","price":"0.00051400","timestamp":1654865073,"volume":"0.29910431","buyTxId":"a380eec727c9ee41d8d8776efec72e4911a0d12e","sellTxId":"8d6d15568ce7f39ff97d5a063b7f1e28d2b917c2"}
{"index": {"_index":"sim","_id":"3650671"}}
	{"id":3650671,"type":"sell","buyer":"boycharlieplays","seller":"pjansen","symbol":"SIM","quantity":"0.135","price":"0.00050000","timestamp":1654865073,"volume":"0.00006750","buyTxId":"48d7a46b1e00bed6f10177be83811adfb1db0411","sellTxId":"8d6d15568ce7f39ff97d5a063b7f1e28d2b917c2"}
{"index": {"_index":"sim","_id":"3650675"}}
	{"id":3650675,"type":"sell","buyer":"boycharlieplays","seller":"dhedge-drips","symbol":"SIM","quantity":"0.001","price":"0.00050000","timestamp":1654865118,"volume":"0.00000050","buyTxId":"48d7a46b1e00bed6f10177be83811adfb1db0411","sellTxId":"1e324b3a6a1664622eeecc1ba9cad8e2b02e3b28"}
{"index": {"_index":"sim","_id":"3650699"}}
	{"id":3650699,"type":"sell","buyer":"boycharlieplays","seller":"travelgirl","symbol":"SIM","quantity":"3021.000","price":"0.00050000","timestamp":1654865472,"volume":"1.51050000","buyTxId":"48d7a46b1e00bed6f10177be83811adfb1db0411","sellTxId":"fba0aedbb1b07324dd12788f70ee43e24447e0c9"}
{"index": {"_index":"sim","_id":"3650790"}}
	{"id":3650790,"type":"buy","buyer":"assassyn","seller":"pi-trader","symbol":"SIM","quantity":"1100.000","price":"0.00053667","timestamp":1654866006,"volume":"0.59033700","buyTxId":"f14b5e676b377371a1839c03a760083e74e41118","sellTxId":"b8617c3d0d64f85efd578716d1accf535e90f810-3"}
{"index": {"_index":"sim","_id":"3650840"}}
	{"id":3650840,"type":"sell","buyer":"boycharlieplays","seller":"isiksenpalvoja","symbol":"SIM","quantity":"1.100","price":"0.00050000","timestamp":1654866729,"volume":"0.00055000","buyTxId":"48d7a46b1e00bed6f10177be83811adfb1db0411","sellTxId":"e368c09dade5d312557d33d66ce04efefdc9ce45"}
{"index": {"_index":"sim","_id":"3650857"}}
	{"id":3650857,"type":"sell","buyer":"boycharlieplays","seller":"steem82868","symbol":"SIM","quantity":"0.100","price":"0.00050000","timestamp":1654866912,"volume":"0.00005000","buyTxId":"48d7a46b1e00bed6f10177be83811adfb1db0411","sellTxId":"96328a9a33c5af6df80019e007ee1767acacbda7"}
{"index": {"_index":"sim","_id":"3650888"}}
	{"id":3650888,"type":"sell","buyer":"assassyn","seller":"jelly-cz","symbol":"SIM","quantity":"19.000","price":"0.00053058","timestamp":1654867224,"volume":"0.01008102","buyTxId":"470a04f104e49f8d865c4c37e54a0f37c53abede","sellTxId":"MM-P-18152808-65143881-3-32-0"}
{"index": {"_index":"sim","_id":"3651221"}}
	{"id":3651221,"type":"sell","buyer":"boycharlieplays","seller":"paragism","symbol":"SIM","quantity":"4247.000","price":"0.00050000","timestamp":1654868595,"volume":"2.12350000","buyTxId":"48d7a46b1e00bed6f10177be83811adfb1db0411","sellTxId":"d918dc21856c9762ebd76af1b759143ce8ebe6d0"}
{"index": {"_index":"sim","_id":"3651558"}}
	{"id":3651558,"type":"sell","buyer":"boycharlieplays","seller":"poliwalt10","symbol":"SIM","quantity":"754.000","price":"0.00050000","timestamp":1654869774,"volume":"0.37700000","buyTxId":"48d7a46b1e00bed6f10177be83811adfb1db0411","sellTxId":"fff15f19e93ef47b92e7cb8e9dbefcddf434e217"}
{"index": {"_index":"sim","_id":"3651988"}}
	{"id":3651988,"type":"buy","buyer":"konvik","seller":"jelly-cz","symbol":"SIM","quantity":"41286.000","price":"0.00050476","timestamp":1654872459,"volume":"20.83952136","buyTxId":"70a291498b1a1e7125563e0f4ce10ce5f4eb749b-0","sellTxId":"MM-P-18154394-65145474-3-32-0"}
{"index": {"_index":"sim","_id":"3652143"}}
	{"id":3652143,"type":"buy","buyer":"cryptogillone","seller":"nftmart.fees","symbol":"SIM","quantity":"9.000","price":"0.00050776","timestamp":1654874223,"volume":"0.00456984","buyTxId":"7f9f919a591e8d3fbeffc33a343269460c39ecc1","sellTxId":"e96eb493b1c8badadf320eb86eda1d8e05210838-0"}
{"index": {"_index":"sim","_id":"3652144"}}
	{"id":3652144,"type":"buy","buyer":"cryptogillone","seller":"dhedge-drips","symbol":"SIM","quantity":"0.001","price":"0.00054123","timestamp":1654874223,"volume":"0.00000054","buyTxId":"7f9f919a591e8d3fbeffc33a343269460c39ecc1","sellTxId":"3ba23fb41209bb221cbd2ee19e914ccc1094ceea"}
{"index": {"_index":"sim","_id":"3652145"}}
	{"id":3652145,"type":"buy","buyer":"cryptogillone","seller":"pi-trader","symbol":"SIM","quantity":"816.397","price":"0.00057467","timestamp":1654874223,"volume":"0.46915915","buyTxId":"7f9f919a591e8d3fbeffc33a343269460c39ecc1","sellTxId":"d45889e5c44e55f757762d64200ce91b0d5b3634-1"}
{"index": {"_index":"sim","_id":"3652195"}}
	{"id":3652195,"type":"sell","buyer":"pi-trader","seller":"mindblast","symbol":"SIM","quantity":"5890.000","price":"0.00050001","timestamp":1654874556,"volume":"2.94505890","buyTxId":"c50edfc524852cd13344b445f0e62bb40f83d5df-5","sellTxId":"78a926d0e176e45fbb037bb16b84e46ddba3bc1d"}
{"index": {"_index":"sim","_id":"3652729"}}
	{"id":3652729,"type":"sell","buyer":"metzli","seller":"pjansen","symbol":"SIM","quantity":"500.000","price":"0.00055000","timestamp":1654878633,"volume":"0.27500000","buyTxId":"f7459b0da66d9c2e5855558d45fb9a3e8b9f6124","sellTxId":"2e2420048df64f91b777e29b42fb98d460b300b6"}
{"index": {"_index":"sim","_id":"3652730"}}
	{"id":3652730,"type":"sell","buyer":"otherbrandt","seller":"pjansen","symbol":"SIM","quantity":"0.147","price":"0.00051000","timestamp":1654878633,"volume":"0.00007497","buyTxId":"eeafc182dda19b1a71b29407e832360d2a3ab310","sellTxId":"2e2420048df64f91b777e29b42fb98d460b300b6"}
{"index": {"_index":"sim","_id":"3652810"}}
	{"id":3652810,"type":"sell","buyer":"otherbrandt","seller":"bhoa","symbol":"SIM","quantity":"8982","price":"0.00051000","timestamp":1654879404,"volume":"4.58082000","buyTxId":"eeafc182dda19b1a71b29407e832360d2a3ab310","sellTxId":"daea224b7f8ef9b8209d8514a6125a521d4c2c40"}
{"index": {"_index":"sim","_id":"3653355"}}
	{"id":3653355,"type":"sell","buyer":"otherbrandt","seller":"andy4475","symbol":"SIM","quantity":"27.450","price":"0.00051000","timestamp":1654882332,"volume":"0.01399950","buyTxId":"eeafc182dda19b1a71b29407e832360d2a3ab310","sellTxId":"81ef9483bd6968f2cbe89b810602ed44d658a1dc"}
{"index": {"_index":"sim","_id":"3653447"}}
	{"id":3653447,"type":"sell","buyer":"otherbrandt","seller":"bearbear613","symbol":"SIM","quantity":"447.000","price":"0.00051000","timestamp":1654883166,"volume":"0.22797000","buyTxId":"eeafc182dda19b1a71b29407e832360d2a3ab310","sellTxId":"639f6b6c049c35d1edb6b54141aec8660d50f2b3"}
{"index": {"_index":"sim","_id":"3653661"}}
	{"id":3653661,"type":"sell","buyer":"otherbrandt","seller":"hive-143869","symbol":"SIM","quantity":"0.500","price":"0.00051000","timestamp":1654885119,"volume":"0.00025500","buyTxId":"eeafc182dda19b1a71b29407e832360d2a3ab310","sellTxId":"e1db73ed1f4117d1acaf6412e28115b8ba0a1660"}
{"index": {"_index":"sim","_id":"3654230"}}
	{"id":3654230,"type":"sell","buyer":"otherbrandt","seller":"desyfit","symbol":"SIM","quantity":"31542.903","price":"0.00051000","timestamp":1654891047,"volume":"16.08688053","buyTxId":"eeafc182dda19b1a71b29407e832360d2a3ab310","sellTxId":"6aada3c58b350d756ad26a0ed8f9cab585cc7825"}
{"index": {"_index":"sim","_id":"3654231"}}
	{"id":3654231,"type":"sell","buyer":"boycharlieplays","seller":"desyfit","symbol":"SIM","quantity":"68457.097","price":"0.00050000","timestamp":1654891047,"volume":"34.22854850","buyTxId":"48d7a46b1e00bed6f10177be83811adfb1db0411","sellTxId":"6aada3c58b350d756ad26a0ed8f9cab585cc7825"}
{"index": {"_index":"sim","_id":"3654291"}}
	{"id":3654291,"type":"sell","buyer":"maryjane.main","seller":"svirus","symbol":"SIM","quantity":"7000.000","price":"0.00051301","timestamp":1654891545,"volume":"3.59107000","buyTxId":"33b9f110ab141160514a9b2c61aa55e5a9a447e1","sellTxId":"53d1c87246b4a5ef7a81c7cd6dcb1c65cf7e3615-1"}
{"index": {"_index":"sim","_id":"3654585"}}
	{"id":3654585,"type":"sell","buyer":"boycharlieplays","seller":"miketr","symbol":"SIM","quantity":"171.573","price":"0.00050000","timestamp":1654893543,"volume":"0.08578650","buyTxId":"48d7a46b1e00bed6f10177be83811adfb1db0411","sellTxId":"5b53eb2f55448b9b339160a78a88d37d5eac111a"}
{"index": {"_index":"sim","_id":"3654589"}}
	{"id":3654589,"type":"sell","buyer":"boycharlieplays","seller":"apocalypticblast","symbol":"SIM","quantity":"0.013","price":"0.00050000","timestamp":1654893618,"volume":"0.00000650","buyTxId":"48d7a46b1e00bed6f10177be83811adfb1db0411","sellTxId":"8c3cb74307ed7fc4f57ad9a4d8d3511eeefc874c"}
{"index": {"_index":"sim","_id":"3654599"}}
	{"id":3654599,"type":"sell","buyer":"boycharlieplays","seller":"bearbear613","symbol":"SIM","quantity":"449.000","price":"0.00050000","timestamp":1654893714,"volume":"0.22450000","buyTxId":"48d7a46b1e00bed6f10177be83811adfb1db0411","sellTxId":"9899fb645932a37752176003512fb63bee1f25c1"}
{"index": {"_index":"sim","_id":"3654957"}}
	{"id":3654957,"type":"sell","buyer":"boycharlieplays","seller":"he-index","symbol":"SIM","quantity":"51.307","price":"0.00050000","timestamp":1654898469,"volume":"0.02565350","buyTxId":"48d7a46b1e00bed6f10177be83811adfb1db0411","sellTxId":"5cf11431e60a3a236f3658b18b180c009cebb74b"}
{"index": {"_index":"sim","_id":"3655251"}}
	{"id":3655251,"type":"sell","buyer":"boycharlieplays","seller":"aliveandthriving","symbol":"SIM","quantity":"0.300","price":"0.00050000","timestamp":1654900863,"volume":"0.00015000","buyTxId":"48d7a46b1e00bed6f10177be83811adfb1db0411","sellTxId":"e699af2b4176e301e619050993d72ea0b8c84033"}
{"index": {"_index":"sim","_id":"3655314"}}
	{"id":3655314,"type":"sell","buyer":"boycharlieplays","seller":"steem82868","symbol":"SIM","quantity":"0.200","price":"0.00050000","timestamp":1654901370,"volume":"0.00010000","buyTxId":"48d7a46b1e00bed6f10177be83811adfb1db0411","sellTxId":"f87659f0f2e69b23fccbef9ba1b482f829c85b7b"}
{"index": {"_index":"sim","_id":"3655740"}}
	{"id":3655740,"type":"sell","buyer":"boycharlieplays","seller":"brofi-market","symbol":"SIM","quantity":"0.006","price":"0.00050000","timestamp":1654906143,"volume":"0.00000300","buyTxId":"48d7a46b1e00bed6f10177be83811adfb1db0411","sellTxId":"ae0adfb6444b73095ca65e56d460a8e6e43c32ab"}
{"index": {"_index":"sim","_id":"3655764"}}
	{"id":3655764,"type":"sell","buyer":"boycharlieplays","seller":"themarkymark","symbol":"SIM","quantity":"170.721","price":"0.00050000","timestamp":1654906626,"volume":"0.08536050","buyTxId":"48d7a46b1e00bed6f10177be83811adfb1db0411","sellTxId":"2de69d060a1b5bb03f16dff24b7fe37ff59debc1"}
{"index": {"_index":"sim","_id":"3655790"}}
	{"id":3655790,"type":"sell","buyer":"boycharlieplays","seller":"andy4475","symbol":"SIM","quantity":"242.505","price":"0.00050000","timestamp":1654907034,"volume":"0.12125250","buyTxId":"48d7a46b1e00bed6f10177be83811adfb1db0411","sellTxId":"7b506dd478676723dc8059661fc6a1807aeb8e31"}
{"index": {"_index":"sim","_id":"3655860"}}
	{"id":3655860,"type":"sell","buyer":"boycharlieplays","seller":"dhedge-drips","symbol":"SIM","quantity":"12.499","price":"0.00050000","timestamp":1654908315,"volume":"0.00624950","buyTxId":"48d7a46b1e00bed6f10177be83811adfb1db0411","sellTxId":"4e1f3d8a5c33cdd6b86d4b307647541b9225f779"}
{"index": {"_index":"sim","_id":"3655929"}}
	{"id":3655929,"type":"sell","buyer":"boycharlieplays","seller":"elevator09","symbol":"SIM","quantity":"1897.207","price":"0.00050000","timestamp":1654909455,"volume":"0.94860350","buyTxId":"48d7a46b1e00bed6f10177be83811adfb1db0411","sellTxId":"a55f11279d14e0f3d97ef4292f1e3127fbb4b971"}
{"index": {"_index":"sim","_id":"3655930"}}
	{"id":3655930,"type":"sell","buyer":"master-lamps","seller":"elevator09","symbol":"SIM","quantity":"357.608","price":"0.00049088","timestamp":1654909455,"volume":"0.17554262","buyTxId":"f513ef6c2fce2dd80ed3fc36d0f750bb9c901925","sellTxId":"a55f11279d14e0f3d97ef4292f1e3127fbb4b971"}
{"index": {"_index":"sim","_id":"3656018"}}
	{"id":3656018,"type":"sell","buyer":"maryjane.main","seller":"svirus","symbol":"SIM","quantity":"15000.000","price":"0.00051300","timestamp":1654910979,"volume":"7.69500000","buyTxId":"f550aa741a3647b6061bb2faab35373267b1cc71","sellTxId":"0ad250f3b4720fe5ef261c935e52a0c7cdf27e91-1"}
{"index": {"_index":"sim","_id":"3656043"}}
	{"id":3656043,"type":"sell","buyer":"alphamz","seller":"thegoliath","symbol":"SIM","quantity":"5054.007","price":"0.00049600","timestamp":1654911279,"volume":"2.50678747","buyTxId":"03ecd7b9b3b9296c7420a57614292e4f07e15598","sellTxId":"bb7a074611452c1015bad27be8908863454ddf1e"}
