{"index": {"_index":"sim","_id":"3800362"}}
	{"id":3800362,"type":"buy","buyer":"metzli","seller":"nftmart.fees","symbol":"SIM","quantity":"60.000","price":"0.00047398","timestamp":1656468768,"volume":"0.02843880","buyTxId":"8ad503a2051d67590ce700d0decbbaee2504cdef","sellTxId":"583c7caab318eaeae2930764b0a7ae3bb98e4bc4-0"}
{"index": {"_index":"sim","_id":"3800631"}}
	{"id":3800631,"type":"sell","buyer":"ironshield","seller":"artistparthoroy","symbol":"SIM","quantity":"11999.300","price":"0.00045910","timestamp":1656472080,"volume":"5.50887863","buyTxId":"46a5191807f82582c945703ec51f834ef7cc9715","sellTxId":"24176f4117a64145c8d514bce903f32f7d68d63a"}
{"index": {"_index":"sim","_id":"3800677"}}
	{"id":3800677,"type":"sell","buyer":"ana-maria","seller":"nftmart.fees","symbol":"SIM","quantity":"358.000","price":"0.00045714","timestamp":1656473037,"volume":"0.16365612","buyTxId":"e9d4f0aca9e4f59fc5585c5e6fa8aac2ac617c76","sellTxId":"8a4c421dd7d544ecb4bf726e55a40a291d266ac1"}
{"index": {"_index":"sim","_id":"3800951"}}
	{"id":3800951,"type":"sell","buyer":"ana-maria","seller":"imperij4427","symbol":"SIM","quantity":"1012.000","price":"0.00045714","timestamp":1656475821,"volume":"0.46262568","buyTxId":"e9d4f0aca9e4f59fc5585c5e6fa8aac2ac617c76","sellTxId":"a1da386704bc567ba13e9d13c9bc6b86912b5af7"}
{"index": {"_index":"sim","_id":"3800952"}}
	{"id":3800952,"type":"sell","buyer":"jelly-cz","seller":"imperij4427","symbol":"SIM","quantity":"27266.515","price":"0.00043900","timestamp":1656475821,"volume":"11.97000009","buyTxId":"MM-P-18676357-65668463-3-32-0","sellTxId":"a1da386704bc567ba13e9d13c9bc6b86912b5af7"}
{"index": {"_index":"sim","_id":"3800953"}}
	{"id":3800953,"type":"sell","buyer":"jelly13","seller":"imperij4427","symbol":"SIM","quantity":"164932.485","price":"0.00041151","timestamp":1656475821,"volume":"67.87136690","buyTxId":"129593e97ea1bb518f35ee41f24f23517245887a","sellTxId":"a1da386704bc567ba13e9d13c9bc6b86912b5af7"}
{"index": {"_index":"sim","_id":"3800955"}}
	{"id":3800955,"type":"sell","buyer":"pi-trader","seller":"imperij4427","symbol":"SIM","quantity":"150000.000","price":"0.00041152","timestamp":1656475860,"volume":"61.72800000","buyTxId":"092440a62b527663c0a273625236ea1234528fef","sellTxId":"76f1f86bc1cd2082da123af9b036ecf212304446"}
{"index": {"_index":"sim","_id":"3800963"}}
	{"id":3800963,"type":"sell","buyer":"pi-trader","seller":"imperij4427","symbol":"SIM","quantity":"150000.000","price":"0.00041304","timestamp":1656476007,"volume":"61.95600000","buyTxId":"7044de2d6c16eaf65b179c5f71ad286feef9e49a-3","sellTxId":"c85e48cb0d0ea3cf9994fed7671f9c17c8e54521"}
{"index": {"_index":"sim","_id":"3801010"}}
	{"id":3801010,"type":"sell","buyer":"pi-trader","seller":"archon-drips","symbol":"SIM","quantity":"1366.098","price":"0.00041691","timestamp":1656476715,"volume":"0.56953992","buyTxId":"903bedf09003da0ece9728070bfd4688fdaa28e8-3","sellTxId":"a65a73839bf245cd24235b991d9bf2399ee543c9"}
{"index": {"_index":"sim","_id":"3801082"}}
	{"id":3801082,"type":"sell","buyer":"pi-trader","seller":"zakludick","symbol":"SIM","quantity":"3.920","price":"0.00042451","timestamp":1656478263,"volume":"0.00166408","buyTxId":"4fdba09cfe5fb697a3957458ea67c5a2d9e3c57b-5","sellTxId":"06084b52a7551fb646de7870c5aca0b7fd909b62"}
{"index": {"_index":"sim","_id":"3801486"}}
	{"id":3801486,"type":"sell","buyer":"pi-trader","seller":"mango-juice","symbol":"SIM","quantity":"1540.300","price":"0.00043901","timestamp":1656483252,"volume":"0.67620710","buyTxId":"20f2bf42886de74bc5c4a3c860ef6a6ce1be960a-3","sellTxId":"14bbf918df41fd48012de41eab738a05e279204f"}
{"index": {"_index":"sim","_id":"3801553"}}
	{"id":3801553,"type":"sell","buyer":"pi-trader","seller":"archon-drips","symbol":"SIM","quantity":"0.003","price":"0.00043901","timestamp":1656483915,"volume":"0.00000132","buyTxId":"bedabdae5fb47838b3d0ca0b0235f04b47053145-4","sellTxId":"f1ad9b263d0b5ff0e933ee6982835c129e4d221c"}
{"index": {"_index":"sim","_id":"3801854"}}
	{"id":3801854,"type":"sell","buyer":"pi-trader","seller":"dswap","symbol":"SIM","quantity":"3436.661","price":"0.00043901","timestamp":1656486594,"volume":"1.50872855","buyTxId":"061bf7c0a25ad209348abdd8e2506a8305f61745-1","sellTxId":"7680f98933fa8da733d2ac6cc1970be4ecb575e7"}
{"index": {"_index":"sim","_id":"3801898"}}
	{"id":3801898,"type":"buy","buyer":"oople","seller":"nftmart.fees","symbol":"SIM","quantity":"5.000","price":"0.00045907","timestamp":1656486921,"volume":"0.00229535","buyTxId":"eaaff9d864ed9ef17147e0b0e4f0aa57c24c381e","sellTxId":"54c36ab4e58460b22ce9d347231428aac3ee2810-0"}
{"index": {"_index":"sim","_id":"3801902"}}
	{"id":3801902,"type":"buy","buyer":"oople","seller":"pi-trader","symbol":"SIM","quantity":"70.000","price":"0.00045908","timestamp":1656486969,"volume":"0.03213560","buyTxId":"d5b51c01ac00ec56373a9e12470a4c6d18045656","sellTxId":"ce83bfa483c1e5451106d86ea3da250babb4f4e0-4"}
{"index": {"_index":"sim","_id":"3801954"}}
	{"id":3801954,"type":"sell","buyer":"pi-trader","seller":"dswap","symbol":"SIM","quantity":"3000","price":"0.00043901","timestamp":1656487569,"volume":"1.31703000","buyTxId":"5dd0348cd8026db55ec64fdeddbfa9687c57e747-4","sellTxId":"207415db2e8c8d39149cdaf3d67871be95611752"}
{"index": {"_index":"sim","_id":"3802085"}}
	{"id":3802085,"type":"sell","buyer":"pi-trader","seller":"itharagaian","symbol":"SIM","quantity":"0.700","price":"0.00043901","timestamp":1656489498,"volume":"0.00030731","buyTxId":"61a837bf797942bddb3982c25460324487dba089-3","sellTxId":"cc19f672b218bf61705a279ca7897c1cb5f87282"}
{"index": {"_index":"sim","_id":"3802117"}}
	{"id":3802117,"type":"sell","buyer":"pi-trader","seller":"hive-143869","symbol":"SIM","quantity":"0.600","price":"0.00043901","timestamp":1656490023,"volume":"0.00026341","buyTxId":"70dd93de407e3daf6d170b6cee0a55e0291c2c33-1","sellTxId":"50b77a6defaf1193ca15bca825dc2c60ea378399"}
{"index": {"_index":"sim","_id":"3802233"}}
	{"id":3802233,"type":"sell","buyer":"pi-trader","seller":"linco","symbol":"SIM","quantity":"479.000","price":"0.00043901","timestamp":1656491400,"volume":"0.21028579","buyTxId":"704f973fc1c63edc1aa98bb9ca5d6664a9fa7d25-3","sellTxId":"42825dadfa79bbd726484bd5c012829bc83d067e"}
{"index": {"_index":"sim","_id":"3802280"}}
	{"id":3802280,"type":"sell","buyer":"pi-trader","seller":"thatcryptodave","symbol":"SIM","quantity":"250.000","price":"0.00043901","timestamp":1656492033,"volume":"0.10975250","buyTxId":"b11d4a4b362c23aa085c2ab4a8671fbe8f829798-3","sellTxId":"c1f4b08fc6cef8c97d265653dcb1972613650b52"}
{"index": {"_index":"sim","_id":"3802284"}}
	{"id":3802284,"type":"sell","buyer":"pi-trader","seller":"minava.museum","symbol":"SIM","quantity":"0.200","price":"0.00043901","timestamp":1656492081,"volume":"0.00008780","buyTxId":"881b58952f8a161f293712a7b0512b93af358cba-3","sellTxId":"ddc5ac1f3d581460856104b13dcfd015a5957d40"}
{"index": {"_index":"sim","_id":"3803082"}}
	{"id":3803082,"type":"sell","buyer":"pi-trader","seller":"elevator09","symbol":"SIM","quantity":"3059.671","price":"0.00043901","timestamp":1656503157,"volume":"1.34322617","buyTxId":"97211f5c128755d138c79ce0da956d7ecfa76a41-1","sellTxId":"689e8f1584f151aceb30320f8920f5127d377eda"}
{"index": {"_index":"sim","_id":"3803523"}}
	{"id":3803523,"type":"sell","buyer":"pi-trader","seller":"saleg25","symbol":"SIM","quantity":"496.033","price":"0.00043901","timestamp":1656506841,"volume":"0.21776345","buyTxId":"db2c9a6f3ca2351ca1eaec0bdb388924b2d326a3-4","sellTxId":"148e105533ecafb469777b3a54ee07630c7db11c"}
{"index": {"_index":"sim","_id":"3803763"}}
	{"id":3803763,"type":"sell","buyer":"pi-trader","seller":"egistar","symbol":"SIM","quantity":"1500","price":"0.00043901","timestamp":1656510045,"volume":"0.65851500","buyTxId":"a357da66f61bafc8f56aa317fd13b35b11d81a5c-5","sellTxId":"75cdfd2a53e16b6b78db14f7778b4536b51c8f98"}
{"index": {"_index":"sim","_id":"3804283"}}
	{"id":3804283,"type":"buy","buyer":"metzli","seller":"nftmart.fees","symbol":"SIM","quantity":"5.000","price":"0.00045906","timestamp":1656515619,"volume":"0.00229530","buyTxId":"f49939e2df3cccd21ca312b7b73c3d35c33d43e6","sellTxId":"be5de6572e8d72e0f8f2dcd02a753b243ba45def-0"}
{"index": {"_index":"sim","_id":"3805049"}}
	{"id":3805049,"type":"sell","buyer":"pi-trader","seller":"trifenix","symbol":"SIM","quantity":"1315.328","price":"0.00043901","timestamp":1656523266,"volume":"0.57744215","buyTxId":"aa39af771fdca18b1bdfbf9540373a8209b71a73-3","sellTxId":"21b0588b9ac435584809649bfc9fad8750a124b8"}
{"index": {"_index":"sim","_id":"3805718"}}
	{"id":3805718,"type":"buy","buyer":"floki-skarsgaard","seller":"nftmart.fees","symbol":"SIM","quantity":"4.000","price":"0.00045906","timestamp":1656531522,"volume":"0.00183624","buyTxId":"a1f7c6d895d5ef5828980792b10c1495fe300f7c","sellTxId":"a7d47d44458be6cbe6a56982e23efb75a6d2f8a5-0"}
{"index": {"_index":"sim","_id":"3805719"}}
	{"id":3805719,"type":"buy","buyer":"floki-skarsgaard","seller":"pi-trader","symbol":"SIM","quantity":"49996.000","price":"0.00045907","timestamp":1656531522,"volume":"22.95166372","buyTxId":"a1f7c6d895d5ef5828980792b10c1495fe300f7c","sellTxId":"6827a75501b0c47674505430b9a947c7103f69cb-6"}
{"index": {"_index":"sim","_id":"3805721"}}
	{"id":3805721,"type":"sell","buyer":"pi-trader","seller":"loganhate","symbol":"SIM","quantity":"124.000","price":"0.00043901","timestamp":1656531540,"volume":"0.05443724","buyTxId":"324896cfece3168023358e510e8126246fff25b1-3","sellTxId":"e4fe4dd8b3cfb7dfa27aadf3e5c52c00fd6fcec2"}
{"index": {"_index":"sim","_id":"3806029"}}
	{"id":3806029,"type":"sell","buyer":"pi-trader","seller":"asynckronism","symbol":"SIM","quantity":"600.000","price":"0.00044701","timestamp":1656535941,"volume":"0.26820600","buyTxId":"4dc1e972c1ff5a6915cfe7cf85394cb6ff90d8d7-1","sellTxId":"5c97c196146a34737cdfe24bc29d8820b6539d82"}
{"index": {"_index":"sim","_id":"3806068"}}
	{"id":3806068,"type":"buy","buyer":"floki-skarsgaard","seller":"nftmart.fees","symbol":"SIM","quantity":"4.000","price":"0.00045906","timestamp":1656536625,"volume":"0.00183624","buyTxId":"176c97a42ac5a67fdfe294c973354867db92f088","sellTxId":"e754ffa6b4b006de70cfc0e448e42b0f79c49c32-0"}
{"index": {"_index":"sim","_id":"3806069"}}
	{"id":3806069,"type":"buy","buyer":"floki-skarsgaard","seller":"pi-trader","symbol":"SIM","quantity":"4.000","price":"0.00045907","timestamp":1656536625,"volume":"0.00183628","buyTxId":"176c97a42ac5a67fdfe294c973354867db92f088","sellTxId":"6827a75501b0c47674505430b9a947c7103f69cb-6"}
{"index": {"_index":"sim","_id":"3806070"}}
	{"id":3806070,"type":"buy","buyer":"floki-skarsgaard","seller":"archon-drips","symbol":"SIM","quantity":"0.003","price":"0.00045908","timestamp":1656536625,"volume":"0.00000138","buyTxId":"176c97a42ac5a67fdfe294c973354867db92f088","sellTxId":"945f5a0267e7d3fbdd924a95c977b6bd362f7937"}
{"index": {"_index":"sim","_id":"3806071"}}
	{"id":3806071,"type":"buy","buyer":"floki-skarsgaard","seller":"pi-trader","symbol":"SIM","quantity":"24991.997","price":"0.00045908","timestamp":1656536625,"volume":"11.47332598","buyTxId":"176c97a42ac5a67fdfe294c973354867db92f088","sellTxId":"b5293f907e464b1db28fe46acfa111a91eaad519-5"}
{"index": {"_index":"sim","_id":"3806117"}}
	{"id":3806117,"type":"buy","buyer":"floki-skarsgaard","seller":"nftmart.fees","symbol":"SIM","quantity":"3.000","price":"0.00045907","timestamp":1656537582,"volume":"0.00137721","buyTxId":"6dc924dc0c2da119c374b5163966a885a275be07","sellTxId":"8771c28eb1faeb52b5dfb47067b90c70c7ded800-0"}
{"index": {"_index":"sim","_id":"3806118"}}
	{"id":3806118,"type":"buy","buyer":"floki-skarsgaard","seller":"pi-trader","symbol":"SIM","quantity":"19997.000","price":"0.00045908","timestamp":1656537582,"volume":"9.18022276","buyTxId":"6dc924dc0c2da119c374b5163966a885a275be07","sellTxId":"8798e445fac02393c1bc28fac064d6ce34b3e6aa-2"}
{"index": {"_index":"sim","_id":"3806158"}}
	{"id":3806158,"type":"buy","buyer":"ana-maria","seller":"nftmart.fees","symbol":"SIM","quantity":"3.000","price":"0.00045907","timestamp":1656538062,"volume":"0.00137721","buyTxId":"d1c8487237622662889bbb4f65715dab7c328448","sellTxId":"e192d7893a37f3bfafa6b0fe3bc82e588c0ff837-0"}
{"index": {"_index":"sim","_id":"3806159"}}
	{"id":3806159,"type":"buy","buyer":"ana-maria","seller":"pi-trader","symbol":"SIM","quantity":"293.000","price":"0.00045908","timestamp":1656538062,"volume":"0.13451044","buyTxId":"d1c8487237622662889bbb4f65715dab7c328448","sellTxId":"4bdadee07830faab775ab5025a671cc37881a936-8"}
{"index": {"_index":"sim","_id":"3806164"}}
	{"id":3806164,"type":"buy","buyer":"maryjane.main","seller":"pi-trader","symbol":"SIM","quantity":"19151.594","price":"0.00045908","timestamp":1656538158,"volume":"8.79211377","buyTxId":"d4cf91dd24e1fc53e2c2f25cb047c205c762bbde","sellTxId":"38786de6169b1e9f85c40604591b2df17048b0aa-4"}
{"index": {"_index":"sim","_id":"3806407"}}
	{"id":3806407,"type":"sell","buyer":"pi-trader","seller":"valor2s","symbol":"SIM","quantity":"47.546","price":"0.00043901","timestamp":1656541674,"volume":"0.02087317","buyTxId":"1cafcdff33553d6082082d36b9c371ce8882e79b-1","sellTxId":"9486e49a1f584c272d6286245f4180886ff97de4"}
{"index": {"_index":"sim","_id":"3806506"}}
	{"id":3806506,"type":"buy","buyer":"floki-skarsgaard","seller":"pi-trader","symbol":"SIM","quantity":"10000.000","price":"0.00045907","timestamp":1656542400,"volume":"4.59070000","buyTxId":"d3b8fadf5b7939d265f422af53eff08a7f71b8e1","sellTxId":"12ce2b155fede5ed99a2aa3bc07243f0481fbb0c-5"}
{"index": {"_index":"sim","_id":"3806716"}}
	{"id":3806716,"type":"sell","buyer":"pi-trader","seller":"poliwalt10","symbol":"SIM","quantity":"248.000","price":"0.00043901","timestamp":1656544608,"volume":"0.10887448","buyTxId":"ddde045b8e2094df9895a961316aca47d4e0c12d-3","sellTxId":"2d6cf3483c45b53662e2f9df8713a72caa6eca1a"}
{"index": {"_index":"sim","_id":"3806862"}}
	{"id":3806862,"type":"sell","buyer":"pi-trader","seller":"brianhuang","symbol":"SIM","quantity":"71.497","price":"0.00043901","timestamp":1656545745,"volume":"0.03138790","buyTxId":"c5a698bf28cedbd3de01cbe708b4bfd598157d00-3","sellTxId":"da8f6bff020f7916e71866bd186a470a795b2180"}
{"index": {"_index":"sim","_id":"3806907"}}
	{"id":3806907,"type":"sell","buyer":"pi-trader","seller":"andy4475","symbol":"SIM","quantity":"171.129","price":"0.00043901","timestamp":1656546204,"volume":"0.07512734","buyTxId":"118ea202456be7d807e5b3cac9846c5d2433fdda-1","sellTxId":"04e6f702b314e18e486eabb341815a0eb7b695eb"}
{"index": {"_index":"sim","_id":"3806941"}}
	{"id":3806941,"type":"sell","buyer":"pi-trader","seller":"nftmart.fees","symbol":"SIM","quantity":"1171.250","price":"0.00043901","timestamp":1656546564,"volume":"0.51419046","buyTxId":"57cbb1ceed3fe19364d2d996098a557b34963a7a-3","sellTxId":"d1af22ce0d0acf9677d53b47c4b4bafc1cb290cb"}
{"index": {"_index":"sim","_id":"3807095"}}
	{"id":3807095,"type":"sell","buyer":"pi-trader","seller":"rishi556","symbol":"SIM","quantity":"1.000","price":"0.00043901","timestamp":1656547968,"volume":"0.00043901","buyTxId":"3c6fcbd428c56ae5035899aadc50bc9b8b384772-3","sellTxId":"11a6ffdca2b96d98240d3ec12f98e7b03e8bfd19"}
{"index": {"_index":"sim","_id":"3807152"}}
	{"id":3807152,"type":"sell","buyer":"pi-trader","seller":"bitcoinflood","symbol":"SIM","quantity":"234.105","price":"0.00043901","timestamp":1656548427,"volume":"0.10277444","buyTxId":"8afc1f6024bd14285ce877ab759ae659ec1b4cf6-4","sellTxId":"95808a232517ed8df9bb635154f61e544796e205"}
{"index": {"_index":"sim","_id":"3807167"}}
	{"id":3807167,"type":"buy","buyer":"floki-skarsgaard","seller":"nftmart.fees","symbol":"SIM","quantity":"22.000","price":"0.00045906","timestamp":1656548556,"volume":"0.01009932","buyTxId":"f17154c28ca15505112e7e928cce577da600895d","sellTxId":"3f25dd2dce156b87f6474d1fe86bd63088ae4e29-0"}
{"index": {"_index":"sim","_id":"3807168"}}
	{"id":3807168,"type":"buy","buyer":"floki-skarsgaard","seller":"pi-trader","symbol":"SIM","quantity":"10978.000","price":"0.00045907","timestamp":1656548556,"volume":"5.03967046","buyTxId":"f17154c28ca15505112e7e928cce577da600895d","sellTxId":"4e252527d3d03cacc945356d7d389f3a9d287599-2"}
{"index": {"_index":"sim","_id":"3807386"}}
	{"id":3807386,"type":"buy","buyer":"nastyforce","seller":"nftmart.fees","symbol":"SIM","quantity":"19.000","price":"0.00045906","timestamp":1656549546,"volume":"0.00872214","buyTxId":"41940c35ec39baa9d258ef7abb924a23f8301673","sellTxId":"6888da70126e617bc02d5229dcbc1fc4527fd644-0"}
{"index": {"_index":"sim","_id":"3807388"}}
	{"id":3807388,"type":"buy","buyer":"nastyforce","seller":"pi-trader","symbol":"SIM","quantity":"1734.000","price":"0.00045907","timestamp":1656549573,"volume":"0.79602738","buyTxId":"fb670036a515feff96f1a7e70b78a33b6fcc30aa","sellTxId":"cfd64437980a6ad28344fba0ea41f99fcc44f93d-6"}
{"index": {"_index":"sim","_id":"3807417"}}
	{"id":3807417,"type":"sell","buyer":"pi-trader","seller":"dhedge-drips","symbol":"SIM","quantity":"12.999","price":"0.00044201","timestamp":1656549915,"volume":"0.00574569","buyTxId":"1eb10f3613038496fbc5b85ab6784523faeb136c-1","sellTxId":"079f2fa77944bd630ff31d149291f922b0379a73"}
{"index": {"_index":"sim","_id":"3807578"}}
	{"id":3807578,"type":"sell","buyer":"pi-trader","seller":"dswap","symbol":"SIM","quantity":"1852.664","price":"0.00043901","timestamp":1656551703,"volume":"0.81333802","buyTxId":"d801047d11000a61b40f384c79444aebea29a43e-1","sellTxId":"6f5ae134e5c8ef242ee82696f4b62d1973ef5d00"}
{"index": {"_index":"sim","_id":"3807659"}}
	{"id":3807659,"type":"buy","buyer":"pjansen","seller":"hive-trader","symbol":"SIM","quantity":"599.933","price":"0.00044905","timestamp":1656553329,"volume":"0.2694","buyTxId":"812da0e93486a51b9da4aa469695eaa44057b572","sellTxId":"58b84b351cbbdaee7f9e74db1394b246f042ad6d"}
{"index": {"_index":"sim","_id":"3807683"}}
	{"id":3807683,"type":"buy","buyer":"pjansen","seller":"nftmart.fees","symbol":"SIM","quantity":"17.000","price":"0.00044904","timestamp":1656553815,"volume":"0.00763368","buyTxId":"eb8a051563105dbc24830e4dd8d07948afdb5db2","sellTxId":"3d7974e3642173a5423d356e760793c2c34f9a42-0"}
{"index": {"_index":"sim","_id":"3807684"}}
	{"id":3807684,"type":"buy","buyer":"pjansen","seller":"hive-trader","symbol":"SIM","quantity":"0.067","price":"0.00044905","timestamp":1656553815,"volume":"0.00003009","buyTxId":"eb8a051563105dbc24830e4dd8d07948afdb5db2","sellTxId":"58b84b351cbbdaee7f9e74db1394b246f042ad6d"}
{"index": {"_index":"sim","_id":"3807685"}}
	{"id":3807685,"type":"buy","buyer":"pjansen","seller":"dhedge-drips","symbol":"SIM","quantity":"5.089","price":"0.00045907","timestamp":1656553815,"volume":"0.00233623","buyTxId":"eb8a051563105dbc24830e4dd8d07948afdb5db2","sellTxId":"e176452f0cc0c8035b8f7640b24ecd464f6ff68f"}
{"index": {"_index":"sim","_id":"3807760"}}
	{"id":3807760,"type":"buy","buyer":"libert","seller":"nftmart.fees","symbol":"SIM","quantity":"15.000","price":"0.00045906","timestamp":1656555135,"volume":"0.00688590","buyTxId":"8055272e9225ee2501db21cee47eaae3c182d19b","sellTxId":"cd8181d244756616f2b47f67d1fea1346762f80e-0"}
{"index": {"_index":"sim","_id":"3807761"}}
	{"id":3807761,"type":"buy","buyer":"libert","seller":"dhedge-drips","symbol":"SIM","quantity":"7.910","price":"0.00045907","timestamp":1656555135,"volume":"0.00363124","buyTxId":"8055272e9225ee2501db21cee47eaae3c182d19b","sellTxId":"e176452f0cc0c8035b8f7640b24ecd464f6ff68f"}
{"index": {"_index":"sim","_id":"3807762"}}
	{"id":3807762,"type":"buy","buyer":"libert","seller":"pi-trader","symbol":"SIM","quantity":"8407.177","price":"0.00045907","timestamp":1656555135,"volume":"3.85948286","buyTxId":"8055272e9225ee2501db21cee47eaae3c182d19b","sellTxId":"73ab309ebaf8eeb2d948acfd4834d85aac0ee1fc-6"}
