{"index": {"_index":"sim","_id":"2690211"}}
	{"id":2690211,"type":"sell","buyer":"pi-trader","seller":"theguruasia","symbol":"SIM","quantity":"1203.750","price":"0.00050003","timestamp":1643773698,"volume":"0.60191111","buyTxId":"4a5b3eb6fae79c728d2c5cd56e72a0a5accfd1cd-3","sellTxId":"106f7d316a7c2d4b73649add279abbca32da51f4"}
{"index": {"_index":"sim","_id":"2690396"}}
	{"id":2690396,"type":"sell","buyer":"pi-trader","seller":"maryjane.main","symbol":"SIM","quantity":"4417.235","price":"0.00050003","timestamp":1643776929,"volume":"2.20875002","buyTxId":"ac4020a7ea8b8ca205d535cb313f10e420ddd168-3","sellTxId":"e2a8b8bfcd6985c059ac0137397a24591cba22dc"}
{"index": {"_index":"sim","_id":"2691023"}}
	{"id":2691023,"type":"sell","buyer":"pi-trader","seller":"artistparthoroy","symbol":"SIM","quantity":"1417.000","price":"0.00050003","timestamp":1643787276,"volume":"0.70854251","buyTxId":"1d101eff84b8f2e43ccf21fdd2292847b58eab65-3","sellTxId":"daa3273c82261ef37ddc90ec53dccdc4fa3d46f8"}
{"index": {"_index":"sim","_id":"2691592"}}
	{"id":2691592,"type":"sell","buyer":"pi-trader","seller":"drunksamurai","symbol":"SIM","quantity":"15.123","price":"0.00050003","timestamp":1643794284,"volume":"0.00756195","buyTxId":"8be5285e5fda9ed4627096ff71015ec8b7314b32-3","sellTxId":"10c56690f0cc6ff397228ed5550440b88eebc133"}
{"index": {"_index":"sim","_id":"2691600"}}
	{"id":2691600,"type":"buy","buyer":"sevenoh-fiveoh","seller":"jelly-cz","symbol":"SIM","quantity":"20000.000","price":"0.00052107","timestamp":1643794413,"volume":"10.42140000","buyTxId":"0d4902042bda5b3db20a55e43d87cf19e19b90f5","sellTxId":"MM-P-14464540-61451831-3-28-0"}
{"index": {"_index":"sim","_id":"2691658"}}
	{"id":2691658,"type":"buy","buyer":"augustbrown","seller":"jelly-cz","symbol":"SIM","quantity":"438.000","price":"0.00052107","timestamp":1643795043,"volume":"0.22822866","buyTxId":"7a76c521194ce3c029321927b792189a9ff0b3d7","sellTxId":"MM-P-14464540-61451831-3-28-0"}
{"index": {"_index":"sim","_id":"2691664"}}
	{"id":2691664,"type":"buy","buyer":"augustbrown","seller":"jelly-cz","symbol":"SIM","quantity":"428.000","price":"0.00052107","timestamp":1643795247,"volume":"0.22301796","buyTxId":"57950935b899a033eee5930270c190c83253dda6","sellTxId":"MM-P-14464540-61451831-3-28-0"}
{"index": {"_index":"sim","_id":"2691670"}}
	{"id":2691670,"type":"buy","buyer":"augustbrown","seller":"jelly-cz","symbol":"SIM","quantity":"219.000","price":"0.00052107","timestamp":1643795337,"volume":"0.11411433","buyTxId":"a4a1903343b6ce361cee7bdc87b61fd75245e333","sellTxId":"MM-P-14464540-61451831-3-28-0"}
{"index": {"_index":"sim","_id":"2691714"}}
	{"id":2691714,"type":"sell","buyer":"pi-trader","seller":"digital-fortress","symbol":"SIM","quantity":"0.104","price":"0.00050001","timestamp":1643796276,"volume":"0.00005200","buyTxId":"d9429198dcb9a2773cccdef2cc72c5c11c3aef17-1","sellTxId":"0f635fbb61d65621e9ef9787a90c60c4bd5e62fe"}
{"index": {"_index":"sim","_id":"2691729"}}
	{"id":2691729,"type":"buy","buyer":"sevenoh-fiveoh","seller":"jelly-cz","symbol":"SIM","quantity":"21396.000","price":"0.00052107","timestamp":1643796444,"volume":"11.14881372","buyTxId":"e99c9bcb306fe77d7c5887477e35231c7ddf522b","sellTxId":"MM-P-14464540-61451831-3-28-0"}
{"index": {"_index":"sim","_id":"2691730"}}
	{"id":2691730,"type":"buy","buyer":"sevenoh-fiveoh","seller":"brofi-market","symbol":"SIM","quantity":"0.004","price":"0.00052158","timestamp":1643796444,"volume":"0.00000209","buyTxId":"e99c9bcb306fe77d7c5887477e35231c7ddf522b","sellTxId":"b94546ede02f76ee13687a3c64a0a4ad884e9178"}
{"index": {"_index":"sim","_id":"2691731"}}
	{"id":2691731,"type":"buy","buyer":"sevenoh-fiveoh","seller":"brofi-market","symbol":"SIM","quantity":"0.005","price":"0.00052365","timestamp":1643796444,"volume":"0.00000262","buyTxId":"e99c9bcb306fe77d7c5887477e35231c7ddf522b","sellTxId":"01f9d3797aa94e8bd83d58b7ca4b17c1e4832d68"}
{"index": {"_index":"sim","_id":"2691732"}}
	{"id":2691732,"type":"buy","buyer":"sevenoh-fiveoh","seller":"myothuzar","symbol":"SIM","quantity":"8603.991","price":"0.00055996","timestamp":1643796444,"volume":"4.81789080","buyTxId":"e99c9bcb306fe77d7c5887477e35231c7ddf522b","sellTxId":"34d76ca771bf1a22e7c70ad3473b97cbb909fbf8"}
{"index": {"_index":"sim","_id":"2691740"}}
	{"id":2691740,"type":"sell","buyer":"sevenoh-fiveoh","seller":"genet","symbol":"SIM","quantity":"5000.000","price":"0.00052500","timestamp":1643796510,"volume":"2.62500000","buyTxId":"44ffb125b77d757435c90e0a833fd138317a4f9f","sellTxId":"6451319da22d031571679ffa629a76e556a416bc-1"}
{"index": {"_index":"sim","_id":"2691993"}}
	{"id":2691993,"type":"sell","buyer":"pi-trader","seller":"fiberfrau","symbol":"SIM","quantity":"3.411","price":"0.00050001","timestamp":1643801142,"volume":"0.00170553","buyTxId":"0217a1ca5655545bd5a42297c486c4ce4c75f4c7-1","sellTxId":"6fce0a5d3be756b3099d2c91e650d994ec7c1670"}
{"index": {"_index":"sim","_id":"2692258"}}
	{"id":2692258,"type":"sell","buyer":"pi-trader","seller":"andy4475","symbol":"SIM","quantity":"32.549","price":"0.00050001","timestamp":1643803947,"volume":"0.01627483","buyTxId":"9118d9a7d6c7a97e68e3fe4cab481a136721e548-2","sellTxId":"da27711d0205dca5b65621967be396762cfe8b66"}
{"index": {"_index":"sim","_id":"2692403"}}
	{"id":2692403,"type":"sell","buyer":"pi-trader","seller":"tonytrillions","symbol":"SIM","quantity":"0.020","price":"0.00050001","timestamp":1643805702,"volume":"0.00001000","buyTxId":"4e0103aed951ae7681f6358da845fbdca441c8a0-3","sellTxId":"9767353b2f932adbe3fab0296c4615c0dab26571"}
{"index": {"_index":"sim","_id":"2692872"}}
	{"id":2692872,"type":"sell","buyer":"pi-trader","seller":"evilisme","symbol":"SIM","quantity":"1636.811","price":"0.00050003","timestamp":1643811888,"volume":"0.81845460","buyTxId":"d37e7ab1ed50882a34949b72860a3eb62bbd6625-3","sellTxId":"71af3905d53e5fecfd67a2e64b7c3eb949f7b229"}
{"index": {"_index":"sim","_id":"2693326"}}
	{"id":2693326,"type":"buy","buyer":"stickupcash","seller":"pi-trader","symbol":"SIM","quantity":"17981.000","price":"0.00052771","timestamp":1643815335,"volume":"9.48875351","buyTxId":"57ec266315da602382519295c33e88b3815b6455","sellTxId":"7e285debd17851de8cd96bc6be3127ef092453d7-3"}
{"index": {"_index":"sim","_id":"2693526"}}
	{"id":2693526,"type":"sell","buyer":"pi-trader","seller":"friendlymoose","symbol":"SIM","quantity":"9352.590","price":"0.00050011","timestamp":1643817678,"volume":"4.67732378","buyTxId":"3580381cb1d216879aa1e9db38e14e113a07bb79-1","sellTxId":"3c0911c8740cb36f3424831db77becaae4d4c6bc"}
{"index": {"_index":"sim","_id":"2693554"}}
	{"id":2693554,"type":"buy","buyer":"monsterjamgold","seller":"pi-trader","symbol":"SIM","quantity":"43425.365","price":"0.00052355","timestamp":1643818026,"volume":"22.73534985","buyTxId":"c32a467be3204fdf1fd97bd59f2f5e54d523d5ae","sellTxId":"6525eaa936ae7d8dd3dd91aebb30b348d77e04a1-3"}
{"index": {"_index":"sim","_id":"2693593"}}
	{"id":2693593,"type":"sell","buyer":"pi-trader","seller":"brofi-market","symbol":"SIM","quantity":"0.005","price":"0.00050001","timestamp":1643818332,"volume":"0.00000250","buyTxId":"5b97d6abca9e50ae920dea45414c4390a5cbc329-2","sellTxId":"1b45e369a831e4d0b968d6e329ce32499d33ba5b"}
{"index": {"_index":"sim","_id":"2693623"}}
	{"id":2693623,"type":"buy","buyer":"monsterjamgold","seller":"steemwija","symbol":"SIM","quantity":"125.348","price":"0.00050011","timestamp":1643818551,"volume":"0.06268779","buyTxId":"0ccbb9c239f54b2e62016a398e79f449f7e7ab59","sellTxId":"b1e62c3df63e94f37de4171b9964a6fcac50943e"}
{"index": {"_index":"sim","_id":"2694129"}}
	{"id":2694129,"type":"buy","buyer":"monsterjamgold","seller":"jelly-cz","symbol":"SIM","quantity":"422.781","price":"0.00052148","timestamp":1643820834,"volume":"0.22047184","buyTxId":"12270411119fc980c0f20d8f39bf066ac46d9b9f","sellTxId":"MM-P-14484097-61471389-3-28-0"}
{"index": {"_index":"sim","_id":"2694204"}}
	{"id":2694204,"type":"sell","buyer":"pi-trader","seller":"miketr","symbol":"SIM","quantity":"2621.000","price":"0.00050012","timestamp":1643821083,"volume":"1.31081452","buyTxId":"6a3d586bfe937080ddd92c0748b48fbc1e409931-1","sellTxId":"ea28efceab643932546f7f50e7bb5ba851dcd192"}
{"index": {"_index":"sim","_id":"2694550"}}
	{"id":2694550,"type":"buy","buyer":"d35tr0","seller":"pinkfloyd878","symbol":"SIM","quantity":"2700.000","price":"0.00052147","timestamp":1643822922,"volume":"1.40796900","buyTxId":"6faad2d29b096c2ac9b4471cb1bf32c54bd46674","sellTxId":"89ddd5d10531291079812288c90eb0aa1d213739"}
{"index": {"_index":"sim","_id":"2694585"}}
	{"id":2694585,"type":"buy","buyer":"dstampede","seller":"pinkfloyd878","symbol":"SIM","quantity":"1500.000","price":"0.00052147","timestamp":1643823285,"volume":"0.78220500","buyTxId":"435d0d25c2e5c2e3846f8125b2e88ec687d5ef85","sellTxId":"89ddd5d10531291079812288c90eb0aa1d213739"}
{"index": {"_index":"sim","_id":"2694724"}}
	{"id":2694724,"type":"buy","buyer":"dstampede","seller":"pinkfloyd878","symbol":"SIM","quantity":"420.000","price":"0.00052147","timestamp":1643824743,"volume":"0.21901740","buyTxId":"b303b15f2a5d368e7aecf6e0b4ca48508d7ddd88","sellTxId":"89ddd5d10531291079812288c90eb0aa1d213739"}
{"index": {"_index":"sim","_id":"2694812"}}
	{"id":2694812,"type":"buy","buyer":"dstampede","seller":"pinkfloyd878","symbol":"SIM","quantity":"700.000","price":"0.00052147","timestamp":1643825526,"volume":"0.36502900","buyTxId":"ecb1929db899d81a5da4450faf55b1709da9e3f5","sellTxId":"89ddd5d10531291079812288c90eb0aa1d213739"}
{"index": {"_index":"sim","_id":"2694894"}}
	{"id":2694894,"type":"buy","buyer":"dstampede","seller":"pinkfloyd878","symbol":"SIM","quantity":"378.000","price":"0.00052147","timestamp":1643826417,"volume":"0.19711566","buyTxId":"320395094cbb11ef80a658378d0d22152e10123b","sellTxId":"89ddd5d10531291079812288c90eb0aa1d213739"}
{"index": {"_index":"sim","_id":"2695074"}}
	{"id":2695074,"type":"sell","buyer":"pi-trader","seller":"egistar","symbol":"SIM","quantity":"3500","price":"0.00050012","timestamp":1643828892,"volume":"1.75042000","buyTxId":"6d491caf264d950eb5448effb9ff8d14154e4984-5","sellTxId":"4128eda4bf701da7a0ddb18f868c9584d3f51465"}
{"index": {"_index":"sim","_id":"2695122"}}
	{"id":2695122,"type":"sell","buyer":"pi-trader","seller":"jrcornel","symbol":"SIM","quantity":"10070.000","price":"0.00050012","timestamp":1643829402,"volume":"5.03620840","buyTxId":"119439c286e8621f76bcdd7968156d3a55062f9b-5","sellTxId":"95b23cefab8f6096ecbde9fbeeedb611df65a27c"}
{"index": {"_index":"sim","_id":"2695447"}}
	{"id":2695447,"type":"sell","buyer":"pi-trader","seller":"brofi-market","symbol":"SIM","quantity":"0.003","price":"0.00050012","timestamp":1643832882,"volume":"0.00000150","buyTxId":"152f4a6f85f078c0c6f0ed34cb5a44f37efd7493-3","sellTxId":"a457c6d32312bc54cd94f3997e32f09c23646c46"}
{"index": {"_index":"sim","_id":"2695459"}}
	{"id":2695459,"type":"sell","buyer":"pi-trader","seller":"rarej","symbol":"SIM","quantity":"2124.902","price":"0.00050012","timestamp":1643832936,"volume":"1.06270599","buyTxId":"7a65449da0ddf008cd5515af63acfdce4e2226f2-4","sellTxId":"882510f7642a67856b965239f3c288ff2a7cdfc6"}
{"index": {"_index":"sim","_id":"2695529"}}
	{"id":2695529,"type":"sell","buyer":"pi-trader","seller":"bearbear613","symbol":"SIM","quantity":"2089.194","price":"0.00050012","timestamp":1643833488,"volume":"1.04484770","buyTxId":"e94995caac861391b47a39c4b58d97a02896831c-3","sellTxId":"d84a027a0b99d0a0920857a77b0828828809da64"}
{"index": {"_index":"sim","_id":"2695599"}}
	{"id":2695599,"type":"sell","buyer":"pi-trader","seller":"evilisme","symbol":"SIM","quantity":"2848.200","price":"0.00050012","timestamp":1643834316,"volume":"1.42444178","buyTxId":"d56b5b43321057c21fe9b771492a2e4164e8afd3-3","sellTxId":"b9d3ec6e980765e9b517371def3dcf46c8adae6d"}
{"index": {"_index":"sim","_id":"2695654"}}
	{"id":2695654,"type":"sell","buyer":"pi-trader","seller":"kaeves4711","symbol":"SIM","quantity":"15654.000","price":"0.00050012","timestamp":1643835516,"volume":"7.82887848","buyTxId":"2b22d4becb8d55dec86d877ffb338dcfbbb80e3d-3","sellTxId":"71067a4f135becd98393a0770dd192a42ee85140"}
{"index": {"_index":"sim","_id":"2695823"}}
	{"id":2695823,"type":"sell","buyer":"pi-trader","seller":"heikki1337","symbol":"SIM","quantity":"1534.610","price":"0.00050012","timestamp":1643837925,"volume":"0.76748915","buyTxId":"60843ab5b8a5deb6b4229c55af31fe5683b6d59d-3","sellTxId":"9b68686b8f07a71ec25314c5a2269cbbdab455c4"}
{"index": {"_index":"sim","_id":"2696031"}}
	{"id":2696031,"type":"sell","buyer":"pi-trader","seller":"medaymane","symbol":"SIM","quantity":"1807.000","price":"0.00050012","timestamp":1643840934,"volume":"0.90371684","buyTxId":"733b24ac19e3a25e722b8b901dd0070766eb88b3-3","sellTxId":"8466c9f7ff8779d62a47a4792e4233846f3b29a4"}
{"index": {"_index":"sim","_id":"2696182"}}
	{"id":2696182,"type":"sell","buyer":"pi-trader","seller":"he-index","symbol":"SIM","quantity":"143.115","price":"0.00050012","timestamp":1643842998,"volume":"0.07157467","buyTxId":"084281a77a23c4ffd9411b348e9bb98e6d494938-2","sellTxId":"867e6c45d0a59f9c4c5b1be3ff0e0831fb61fa98"}
{"index": {"_index":"sim","_id":"2696311"}}
	{"id":2696311,"type":"sell","buyer":"pi-trader","seller":"elianaicgomes","symbol":"SIM","quantity":"1267.312","price":"0.00050012","timestamp":1643845320,"volume":"0.63380808","buyTxId":"b635ddc29a985f709bcd051d3c4979a72020cd88-3","sellTxId":"242253ea9c46f5362b4e79bd2ff28ee41bcb6895"}
{"index": {"_index":"sim","_id":"2696341"}}
	{"id":2696341,"type":"buy","buyer":"rexikhan","seller":"danewilliams","symbol":"SIM","quantity":"427.911","price":"0.00051000","timestamp":1643845674,"volume":"0.21823461","buyTxId":"59c942ffc869d20d2302f70932a787889d93ae58","sellTxId":"016e8ae20e3a416b2c245165f2d3fec53c90aa15"}
{"index": {"_index":"sim","_id":"2696383"}}
	{"id":2696383,"type":"sell","buyer":"pi-trader","seller":"steem-hodler","symbol":"SIM","quantity":"41500.000","price":"0.00050012","timestamp":1643846256,"volume":"20.75498000","buyTxId":"44877f63465e8c5d0be7407ec03c7575a6f7adf6-4","sellTxId":"c067ac4ec55a4831af4991a099d0c2114f77589a"}
{"index": {"_index":"sim","_id":"2696397"}}
	{"id":2696397,"type":"sell","buyer":"pi-trader","seller":"desyfit","symbol":"SIM","quantity":"150000.000","price":"0.00050012","timestamp":1643846442,"volume":"75.01800000","buyTxId":"ad1c156446a66dcd56996777dc162773d9a45254-3","sellTxId":"aada767dc57f907c30fe202f2161c39f56f7bb2b"}
{"index": {"_index":"sim","_id":"2696398"}}
	{"id":2696398,"type":"sell","buyer":"monsterjamgold","seller":"desyfit","symbol":"SIM","quantity":"313.652","price":"0.00050011","timestamp":1643846442,"volume":"0.15686050","buyTxId":"0ccbb9c239f54b2e62016a398e79f449f7e7ab59","sellTxId":"aada767dc57f907c30fe202f2161c39f56f7bb2b"}
{"index": {"_index":"sim","_id":"2696399"}}
	{"id":2696399,"type":"sell","buyer":"eirik","seller":"desyfit","symbol":"SIM","quantity":"4000.000","price":"0.00050000","timestamp":1643846442,"volume":"2.00000000","buyTxId":"c71184b1e72fc07049803f8f32fdc2c3abb500e5","sellTxId":"aada767dc57f907c30fe202f2161c39f56f7bb2b"}
{"index": {"_index":"sim","_id":"2696400"}}
	{"id":2696400,"type":"sell","buyer":"enginemaker","seller":"desyfit","symbol":"SIM","quantity":"45686.348","price":"0.00050000","timestamp":1643846442,"volume":"22.84317400","buyTxId":"MM-P-14427334-61414617-3-2-0","sellTxId":"aada767dc57f907c30fe202f2161c39f56f7bb2b"}
{"index": {"_index":"sim","_id":"2696521"}}
	{"id":2696521,"type":"sell","buyer":"enginemaker","seller":"brofi-market","symbol":"SIM","quantity":"0.002","price":"0.00050000","timestamp":1643847231,"volume":"0.00000100","buyTxId":"MM-P-14427334-61414617-3-2-0","sellTxId":"001a1d2921b0aac708548f44ab3caa6cd82d790e"}
{"index": {"_index":"sim","_id":"2696570"}}
	{"id":2696570,"type":"sell","buyer":"enginemaker","seller":"solarpowers","symbol":"SIM","quantity":"4246.000","price":"0.00050000","timestamp":1643848026,"volume":"2.12300000","buyTxId":"MM-P-14427334-61414617-3-2-0","sellTxId":"706e7c7f59d72fc2a44dd3de76e308a89ae65f2a"}
{"index": {"_index":"sim","_id":"2696572"}}
	{"id":2696572,"type":"sell","buyer":"enginemaker","seller":"desyfit","symbol":"SIM","quantity":"67.650","price":"0.00050000","timestamp":1643848035,"volume":"0.03382500","buyTxId":"MM-P-14427334-61414617-3-2-0","sellTxId":"b08895e78fbd1378eaaa28f021a3ed2064005d65"}
{"index": {"_index":"sim","_id":"2696573"}}
	{"id":2696573,"type":"sell","buyer":"d-pend","seller":"desyfit","symbol":"SIM","quantity":"975932.350","price":"0.00049000","timestamp":1643848035,"volume":"478.20685150","buyTxId":"d60813df1d8a26ddeb84fcc84f10097f815401a1","sellTxId":"b08895e78fbd1378eaaa28f021a3ed2064005d65"}
{"index": {"_index":"sim","_id":"2696582"}}
	{"id":2696582,"type":"buy","buyer":"genet","seller":"enginemaker","symbol":"SIM","quantity":"50000.000","price":"0.00049999","timestamp":1643848068,"volume":"24.99950000","buyTxId":"a9effd07dde15bf81ee31a564b69249bf87c9cc2-0","sellTxId":"MM-P-14493472-61480766-3-2-1"}
{"index": {"_index":"sim","_id":"2697046"}}
	{"id":2697046,"type":"sell","buyer":"pi-trader","seller":"lisamgentile1961","symbol":"SIM","quantity":"55.082","price":"0.00049001","timestamp":1643850444,"volume":"0.02699073","buyTxId":"6ea1288abd76ce05214012b8fa66d33e914f5101-0","sellTxId":"ed48d2b53507dd8a786eacf71b792078bd893323"}
{"index": {"_index":"sim","_id":"2697268"}}
	{"id":2697268,"type":"sell","buyer":"pi-trader","seller":"velourex","symbol":"SIM","quantity":"20805.908","price":"0.00049001","timestamp":1643851356,"volume":"10.19510298","buyTxId":"a180fa963473fff3423ded763beeed25f5a5af3b-3","sellTxId":"74f8b77cbc928a25eb73f7d3c211ddda24de6faf"}
{"index": {"_index":"sim","_id":"2697419"}}
	{"id":2697419,"type":"sell","buyer":"pi-trader","seller":"cageon360","symbol":"SIM","quantity":"11600.000","price":"0.00049001","timestamp":1643853798,"volume":"5.68411600","buyTxId":"7dcf81c21c75f9b5d413f16dd42891c4f93925cb-5","sellTxId":"0ca7e30842f48e414ee169709a9db5a7709b3df9"}
{"index": {"_index":"sim","_id":"2697534"}}
	{"id":2697534,"type":"sell","buyer":"pi-trader","seller":"andy4475","symbol":"SIM","quantity":"28.143","price":"0.00049001","timestamp":1643855007,"volume":"0.01379035","buyTxId":"792e12e2523be7c2fe4cb3bd2b3b1c6be7c20572-4","sellTxId":"58541c1dfc615ca1537731a8723b25703ad25378"}
{"index": {"_index":"sim","_id":"2697555"}}
	{"id":2697555,"type":"buy","buyer":"theclasser1","seller":"pi-trader","symbol":"SIM","quantity":"32511.311","price":"0.00050999","timestamp":1643855091,"volume":"16.58044350","buyTxId":"a596e2fdc17b66dea096043ab9353c1a50686f47","sellTxId":"99a418b1d0758f53076191a442e77953dcf9f12f-1"}
{"index": {"_index":"sim","_id":"2697786"}}
	{"id":2697786,"type":"sell","buyer":"pi-trader","seller":"travelgirl","symbol":"SIM","quantity":"2554.000","price":"0.00049001","timestamp":1643857842,"volume":"1.25148554","buyTxId":"d0de57dbff2f3c66066d9220d64d59218ea9c631-3","sellTxId":"329348d4fa261bad1f8ea98b629ce5231409599a"}
{"index": {"_index":"sim","_id":"2697788"}}
	{"id":2697788,"type":"sell","buyer":"pi-trader","seller":"thatcryptodave","symbol":"SIM","quantity":"700.689","price":"0.00049001","timestamp":1643857887,"volume":"0.34334462","buyTxId":"dae9c29c8820c772fdd39ad3d63f74b34296b67d-4","sellTxId":"fa816e6f554da9ecc8bde2f6675013efe9e72ba8"}
{"index": {"_index":"sim","_id":"2697924"}}
	{"id":2697924,"type":"sell","buyer":"pi-trader","seller":"nrg","symbol":"SIM","quantity":"8650.000","price":"0.00049001","timestamp":1643859531,"volume":"4.23858650","buyTxId":"7dba38343f0e8690c87cfd385cb475b7d660e668-3","sellTxId":"b4e7a7e6525ab4d1c90316f76aa7bcc5e3e5d62b-1"}
