{"index": {"_index":"sim","_id":"2356960"}}
	{"id":2356960,"type":"buy","buyer":"alphamz","seller":"boycharliefamily","symbol":"SIM","quantity":"1143.940","price":"0.00064788","timestamp":1640231904,"volume":"0.74113585","buyTxId":"04d55b12fa59a16d02451041ae558c02cfd1ac84","sellTxId":"0f9f47cc1b02bbdfa758e8dba37a740abf46b80e"}
{"index": {"_index":"sim","_id":"2356987"}}
	{"id":2356987,"type":"sell","buyer":"dkid14","seller":"gsauce1989","symbol":"SIM","quantity":"27.356","price":"0.00064000","timestamp":1640232354,"volume":"0.01750784","buyTxId":"d7674e40338e2cbad88fbc8be48799868e0d4e6a","sellTxId":"13ab5422b0b52fa645593d7fd0a3a78869e74f48"}
{"index": {"_index":"sim","_id":"2357000"}}
	{"id":2357000,"type":"sell","buyer":"dkid14","seller":"pathu","symbol":"SIM","quantity":"6181.551","price":"0.00064000","timestamp":1640232540,"volume":"3.95619264","buyTxId":"d7674e40338e2cbad88fbc8be48799868e0d4e6a","sellTxId":"db54f4029e48fe28501c7edb22dcac59854947f3"}
{"index": {"_index":"sim","_id":"2357002"}}
	{"id":2357002,"type":"buy","buyer":"konvik","seller":"pathu","symbol":"SIM","quantity":"77401.509","price":"0.00064000","timestamp":1640232543,"volume":"49.53696576","buyTxId":"cc71389d714c214cfc119058fcce1c6d4abe8709-0","sellTxId":"db54f4029e48fe28501c7edb22dcac59854947f3"}
{"index": {"_index":"sim","_id":"2357044"}}
	{"id":2357044,"type":"sell","buyer":"jelly-cz","seller":"steemshiro","symbol":"SIM","quantity":"147949.768","price":"0.00063800","timestamp":1640233263,"volume":"94.39195198","buyTxId":"MM-P-13281625-60268573-3-29-0","sellTxId":"1509bf9959c8b656415e23a60466654412995126"}
{"index": {"_index":"sim","_id":"2357045"}}
	{"id":2357045,"type":"buy","buyer":"konvik","seller":"steemshiro","symbol":"SIM","quantity":"150399.520","price":"0.00063800","timestamp":1640233266,"volume":"95.95489376","buyTxId":"89773c7c5d21a6b10e2181120e6df693c5692df7-0","sellTxId":"1509bf9959c8b656415e23a60466654412995126"}
{"index": {"_index":"sim","_id":"2357090"}}
	{"id":2357090,"type":"sell","buyer":"pi-trader","seller":"otherbrandt","symbol":"SIM","quantity":"11690.579","price":"0.00062605","timestamp":1640233950,"volume":"7.31888698","buyTxId":"bd4b4901648535074476620eaeacd0db04bd92b1-1","sellTxId":"214ea4693ba91048eacd68aed572b098400fc408"}
{"index": {"_index":"sim","_id":"2357116"}}
	{"id":2357116,"type":"buy","buyer":"svirus","seller":"thahodler","symbol":"SIM","quantity":"4189.380","price":"0.00063000","timestamp":1640234265,"volume":"2.63930940","buyTxId":"de557f020dfb7fc191fa92d8a651e2cbda9565a4-0","sellTxId":"b55471554f3b10cf2ea5c6b769defd3c579b95e4"}
{"index": {"_index":"sim","_id":"2357226"}}
	{"id":2357226,"type":"buy","buyer":"masterful","seller":"thahodler","symbol":"SIM","quantity":"0.009","price":"0.00063000","timestamp":1640236215,"volume":"0.00000567","buyTxId":"8cfa0bb7eb1f004bd9c88f89f42b70a1d740a45c","sellTxId":"b55471554f3b10cf2ea5c6b769defd3c579b95e4"}
{"index": {"_index":"sim","_id":"2357227"}}
	{"id":2357227,"type":"buy","buyer":"masterful","seller":"he-index","symbol":"SIM","quantity":"4.192","price":"0.00063000","timestamp":1640236215,"volume":"0.00264096","buyTxId":"8cfa0bb7eb1f004bd9c88f89f42b70a1d740a45c","sellTxId":"613027d086b997798398e60bcb5d57fb33b09910"}
{"index": {"_index":"sim","_id":"2357228"}}
	{"id":2357228,"type":"buy","buyer":"masterful","seller":"steemshiro","symbol":"SIM","quantity":"2995.799","price":"0.00063800","timestamp":1640236215,"volume":"1.91131976","buyTxId":"8cfa0bb7eb1f004bd9c88f89f42b70a1d740a45c","sellTxId":"1509bf9959c8b656415e23a60466654412995126"}
{"index": {"_index":"sim","_id":"2357241"}}
	{"id":2357241,"type":"sell","buyer":"pi-trader","seller":"tonytrillions","symbol":"SIM","quantity":"0.016","price":"0.00063021","timestamp":1640236296,"volume":"0.00001008","buyTxId":"1f5cd0c4d5472a726f816acd4d2d3f03b5d3f978-1","sellTxId":"c049c5b0863c50d57b36fa06d01818c545da154b"}
{"index": {"_index":"sim","_id":"2357300"}}
	{"id":2357300,"type":"sell","buyer":"jelly-cz","seller":"nftmart.fees","symbol":"SIM","quantity":"734.230","price":"0.00063124","timestamp":1640236860,"volume":"0.46347535","buyTxId":"MM-P-13292997-60279946-3-29-0","sellTxId":"7855b8654deed6d661f71d15f8ae7708b89e8494"}
{"index": {"_index":"sim","_id":"2357637"}}
	{"id":2357637,"type":"sell","buyer":"frugal-fun","seller":"daigorokoike","symbol":"SIM","quantity":"2570.000","price":"0.00063300","timestamp":1640241075,"volume":"1.62681000","buyTxId":"37e0103431794d4ce872245f81927da86ff1d86d","sellTxId":"21d6e9f3238978fbb38b30fbcf104fa420118380"}
{"index": {"_index":"sim","_id":"2357703"}}
	{"id":2357703,"type":"buy","buyer":"tynew240","seller":"steemshiro","symbol":"SIM","quantity":"3000.000","price":"0.00063800","timestamp":1640241789,"volume":"1.91400000","buyTxId":"fccd93a1062d0c8ec651255de9d08c5092643ea8","sellTxId":"1509bf9959c8b656415e23a60466654412995126"}
{"index": {"_index":"sim","_id":"2357787"}}
	{"id":2357787,"type":"buy","buyer":"konvik","seller":"steemshiro","symbol":"SIM","quantity":"35654.913","price":"0.00063800","timestamp":1640242782,"volume":"22.74783449","buyTxId":"60c561f9212274927f856cf1643815e7997d17e2-0","sellTxId":"1509bf9959c8b656415e23a60466654412995126"}
{"index": {"_index":"sim","_id":"2357853"}}
	{"id":2357853,"type":"sell","buyer":"pi-trader","seller":"gamsam","symbol":"SIM","quantity":"34287","price":"0.00063457","timestamp":1640243553,"volume":"21.75750159","buyTxId":"5cf78507d8310ef263b54fa0a9fe026739715b73-3","sellTxId":"85419a418abd19498ed9ed89c1706b7a5dfa6a81"}
{"index": {"_index":"sim","_id":"2358218"}}
	{"id":2358218,"type":"sell","buyer":"jelly-cz","seller":"thatcryptodave","symbol":"SIM","quantity":"1460.878","price":"0.00063456","timestamp":1640247027,"volume":"0.92701474","buyTxId":"MM-P-13295191-60282140-3-29-0","sellTxId":"e112a4c09bf5fcad03cf576b3999af71f157d047"}
{"index": {"_index":"sim","_id":"2358436"}}
	{"id":2358436,"type":"sell","buyer":"jelly-cz","seller":"kobusu","symbol":"SIM","quantity":"33000.000","price":"0.00063508","timestamp":1640249286,"volume":"20.95764000","buyTxId":"MM-P-13296984-60283933-3-29-0","sellTxId":"3311674795978b6746a0afd913cff9301cf5e1b7"}
{"index": {"_index":"sim","_id":"2358452"}}
	{"id":2358452,"type":"sell","buyer":"jelly-cz","seller":"anosys","symbol":"SIM","quantity":"29.011","price":"0.00063508","timestamp":1640249454,"volume":"0.01842431","buyTxId":"MM-P-13296984-60283933-3-29-0","sellTxId":"105b2b692901a0913b8a30d29a838c3dbfc23beb"}
{"index": {"_index":"sim","_id":"2358535"}}
	{"id":2358535,"type":"buy","buyer":"stickupmusic","seller":"medaymane","symbol":"SIM","quantity":"213.050","price":"0.00064200","timestamp":1640250489,"volume":"0.13677810","buyTxId":"aa3a2d0795da6c458c3ac302a717a19853f2de6a","sellTxId":"2ef60d0a09299e3f773246df1487647790fdbba6"}
{"index": {"_index":"sim","_id":"2358536"}}
	{"id":2358536,"type":"buy","buyer":"stickupmusic","seller":"boycharliefamily","symbol":"SIM","quantity":"1647.950","price":"0.00064788","timestamp":1640250489,"volume":"1.06767385","buyTxId":"aa3a2d0795da6c458c3ac302a717a19853f2de6a","sellTxId":"0f9f47cc1b02bbdfa758e8dba37a740abf46b80e"}
{"index": {"_index":"sim","_id":"2358585"}}
	{"id":2358585,"type":"buy","buyer":"zash","seller":"pi-trader","symbol":"SIM","quantity":"7000.000","price":"0.00064787","timestamp":1640250978,"volume":"4.53509000","buyTxId":"dd3ef10272a8fa65f79018fe27a44a031980435e","sellTxId":"25be8fd99507250f502874e0940e5ca35fa117f9"}
{"index": {"_index":"sim","_id":"2358592"}}
	{"id":2358592,"type":"sell","buyer":"jelly-cz","seller":"piotr42","symbol":"SIM","quantity":"557.000","price":"0.00063508","timestamp":1640251068,"volume":"0.35373956","buyTxId":"MM-P-13296984-60283933-3-29-0","sellTxId":"46ea76e33bbddff3dad9b810ec9caed87bc8c805"}
{"index": {"_index":"sim","_id":"2358612"}}
	{"id":2358612,"type":"buy","buyer":"zash","seller":"pi-trader","symbol":"SIM","quantity":"1100.000","price":"0.00064787","timestamp":1640251269,"volume":"0.71265700","buyTxId":"74505dd9c9b9b5675f341f12033c44d1db19ce4c","sellTxId":"3bff5872a9a5083021bffc873f967d7dc59bcf5f-2"}
{"index": {"_index":"sim","_id":"2358619"}}
	{"id":2358619,"type":"buy","buyer":"zash","seller":"pi-trader","symbol":"SIM","quantity":"600.000","price":"0.00064787","timestamp":1640251392,"volume":"0.38872200","buyTxId":"9150e034071bb666b4b6ac98110a09b1284dcff0","sellTxId":"19bad1a68641fe1fbe6e329d14981c84a6722312-2"}
{"index": {"_index":"sim","_id":"2358879"}}
	{"id":2358879,"type":"buy","buyer":"dswap","seller":"pi-trader","symbol":"SIM","quantity":"5729.914","price":"0.00064787","timestamp":1640254479,"volume":"3.71224000","buyTxId":"6e766598d72876fb7b224fa6ff4a7c550d6fe5a5","sellTxId":"81df5c8c14a1aa7e45d84ba270beca97921fe9b4-2"}
{"index": {"_index":"sim","_id":"2359014"}}
	{"id":2359014,"type":"sell","buyer":"jelly-cz","seller":"chesatochi","symbol":"SIM","quantity":"16.014","price":"0.00063508","timestamp":1640255949,"volume":"0.01017017","buyTxId":"MM-P-13296984-60283933-3-29-0","sellTxId":"6604c7a87f18537d02abd34bf92ce2d543742953"}
{"index": {"_index":"sim","_id":"2359341"}}
	{"id":2359341,"type":"sell","buyer":"pi-trader","seller":"mobi72","symbol":"SIM","quantity":"1500.000","price":"0.00063665","timestamp":1640259177,"volume":"0.95497500","buyTxId":"e248f7b3fcceedf4f02e4945532fb4450e9f38c8-2","sellTxId":"13efedb05b1030c74daf6670a2ba1f56a4209d0d"}
{"index": {"_index":"sim","_id":"2359395"}}
	{"id":2359395,"type":"sell","buyer":"jelly-cz","seller":"m2nnari","symbol":"SIM","quantity":"730.000","price":"0.00063716","timestamp":1640259597,"volume":"0.46512680","buyTxId":"MM-P-13300472-60287424-3-29-0","sellTxId":"d351c94ef1a183031775762e81255540a689b05c"}
{"index": {"_index":"sim","_id":"2360326"}}
	{"id":2360326,"type":"buy","buyer":"notak1","seller":"innyc","symbol":"SIM","quantity":"570.000","price":"0.00064000","timestamp":1640268099,"volume":"0.36480000","buyTxId":"aecbfc00cb260ec10ec8079f66639475ddeb93dd","sellTxId":"ccb29d3cb25da6bd794204f6416d9f5dae1c23a2"}
{"index": {"_index":"sim","_id":"2360733"}}
	{"id":2360733,"type":"sell","buyer":"jelly-cz","seller":"florian-glechner","symbol":"SIM","quantity":"26.000","price":"0.00063768","timestamp":1640271426,"volume":"0.01657968","buyTxId":"MM-P-13300971-60287923-3-29-0","sellTxId":"7d24ab2818483a1c23575374217e52bd28560bea"}
{"index": {"_index":"sim","_id":"2360987"}}
	{"id":2360987,"type":"sell","buyer":"jelly-cz","seller":"manoldonchev","symbol":"SIM","quantity":"11623.000","price":"0.00063768","timestamp":1640273772,"volume":"7.41175464","buyTxId":"MM-P-13300971-60287923-3-29-0","sellTxId":"cbc1c30dfaf68d8e61b34f52e145c0cbb5102d58"}
{"index": {"_index":"sim","_id":"2361288"}}
	{"id":2361288,"type":"sell","buyer":"jelly-cz","seller":"nrg","symbol":"SIM","quantity":"5304.000","price":"0.00063768","timestamp":1640276139,"volume":"3.38225472","buyTxId":"MM-P-13300971-60287923-3-29-0","sellTxId":"247700ca2c7d4d81a433bc31d9f4b6f212ea1025-2"}
{"index": {"_index":"sim","_id":"2361299"}}
	{"id":2361299,"type":"buy","buyer":"ressonlelong","seller":"axeman","symbol":"SIM","quantity":"750.000","price":"0.00064700","timestamp":1640276145,"volume":"0.48525000","buyTxId":"a7551445df514326f8b2cd2170c5ed652a9eae0a","sellTxId":"a7155f0e3a73709a9d00c64c870cb9197510dff4"}
{"index": {"_index":"sim","_id":"2361463"}}
	{"id":2361463,"type":"sell","buyer":"jelly-cz","seller":"leo.bank","symbol":"SIM","quantity":"8538.823","price":"0.00063768","timestamp":1640277210,"volume":"5.44503665","buyTxId":"MM-P-13300971-60287923-3-29-0","sellTxId":"6bbf2cc42157ee24078af949de1c83c52a152c03"}
{"index": {"_index":"sim","_id":"2361469"}}
	{"id":2361469,"type":"sell","buyer":"jelly-cz","seller":"mosho-o","symbol":"SIM","quantity":"0.026","price":"0.00063768","timestamp":1640277258,"volume":"0.00001658","buyTxId":"MM-P-13300971-60287923-3-29-0","sellTxId":"9c238b0fb46c9953e82cfc05563cd99dd3b739d0"}
{"index": {"_index":"sim","_id":"2361516"}}
	{"id":2361516,"type":"buy","buyer":"rexikhan","seller":"axeman","symbol":"SIM","quantity":"188.840","price":"0.00064700","timestamp":1640277582,"volume":"0.12217948","buyTxId":"84eebf54dc6a1ad7f117dd9c4f93a784420ed7c0","sellTxId":"a7155f0e3a73709a9d00c64c870cb9197510dff4"}
{"index": {"_index":"sim","_id":"2362224"}}
	{"id":2362224,"type":"sell","buyer":"jelly-cz","seller":"nyxlabs","symbol":"SIM","quantity":"753.164","price":"0.00063768","timestamp":1640280522,"volume":"0.48027762","buyTxId":"MM-P-13300971-60287923-3-29-0","sellTxId":"abb64122ac4ae26c64fd185285a4b0a9a0a96a37"}
{"index": {"_index":"sim","_id":"2362348"}}
	{"id":2362348,"type":"sell","buyer":"jelly-cz","seller":"sisygoboom","symbol":"SIM","quantity":"33218.011","price":"0.00063768","timestamp":1640281200,"volume":"21.18246125","buyTxId":"MM-P-13300971-60287923-3-29-0","sellTxId":"c5bd1976f16efceb95dca30c8690e6f20fbf64ed"}
{"index": {"_index":"sim","_id":"2362385"}}
	{"id":2362385,"type":"sell","buyer":"jelly-cz","seller":"ministickupboy","symbol":"SIM","quantity":"15.831","price":"0.00063768","timestamp":1640281410,"volume":"0.01009511","buyTxId":"MM-P-13300971-60287923-3-29-0","sellTxId":"dd7380d429098f18582329037d3764d94fed862f"}
{"index": {"_index":"sim","_id":"2362741"}}
	{"id":2362741,"type":"buy","buyer":"dswap","seller":"axeman","symbol":"SIM","quantity":"499.997","price":"0.00064700","timestamp":1640283918,"volume":"0.32349846","buyTxId":"53e9a3eb748cb74868e3b96b33dcca3fae2baa5d","sellTxId":"a7155f0e3a73709a9d00c64c870cb9197510dff4"}
{"index": {"_index":"sim","_id":"2362831"}}
	{"id":2362831,"type":"sell","buyer":"jelly-cz","seller":"desyfit","symbol":"SIM","quantity":"94203.243","price":"0.00063768","timestamp":1640284509,"volume":"60.07152400","buyTxId":"MM-P-13300971-60287923-3-29-0","sellTxId":"139804862264459dc7259a85ee5c9f5c50b043be"}
{"index": {"_index":"sim","_id":"2362832"}}
	{"id":2362832,"type":"sell","buyer":"frugal-fun","seller":"desyfit","symbol":"SIM","quantity":"3500.000","price":"0.00063300","timestamp":1640284509,"volume":"2.21550000","buyTxId":"37e0103431794d4ce872245f81927da86ff1d86d","sellTxId":"139804862264459dc7259a85ee5c9f5c50b043be"}
{"index": {"_index":"sim","_id":"2362833"}}
	{"id":2362833,"type":"sell","buyer":"tdctunes","seller":"desyfit","symbol":"SIM","quantity":"45000.000","price":"0.00062500","timestamp":1640284509,"volume":"28.12500000","buyTxId":"f4b8fd2e0036d6e3d4330ddc444a4d76cef5444b","sellTxId":"139804862264459dc7259a85ee5c9f5c50b043be"}
{"index": {"_index":"sim","_id":"2362834"}}
	{"id":2362834,"type":"sell","buyer":"jelly13","seller":"desyfit","symbol":"SIM","quantity":"49966.989","price":"0.00062000","timestamp":1640284509,"volume":"30.97953318","buyTxId":"db669396425e3859b1792b145dced38cded0b165","sellTxId":"139804862264459dc7259a85ee5c9f5c50b043be"}
{"index": {"_index":"sim","_id":"2362835"}}
	{"id":2362835,"type":"sell","buyer":"stickupmusic","seller":"desyfit","symbol":"SIM","quantity":"2132.000","price":"0.00062000","timestamp":1640284509,"volume":"1.32184000","buyTxId":"8af5315b2655d82b26d3a5822976b95f47fb1d7f","sellTxId":"139804862264459dc7259a85ee5c9f5c50b043be"}
{"index": {"_index":"sim","_id":"2362836"}}
	{"id":2362836,"type":"sell","buyer":"d-pend","seller":"desyfit","symbol":"SIM","quantity":"5197.768","price":"0.00061000","timestamp":1640284509,"volume":"3.17063848","buyTxId":"ba64a03de4c07ad69e18e8470eb0401050934f10","sellTxId":"139804862264459dc7259a85ee5c9f5c50b043be"}
{"index": {"_index":"sim","_id":"2362857"}}
	{"id":2362857,"type":"buy","buyer":"lrekt01","seller":"axeman","symbol":"SIM","quantity":"1530.163","price":"0.00064700","timestamp":1640284698,"volume":"0.99001546","buyTxId":"45e2a5bac264b23af339d0dc29b0b22bdcde12df","sellTxId":"a7155f0e3a73709a9d00c64c870cb9197510dff4"}
{"index": {"_index":"sim","_id":"2362870"}}
	{"id":2362870,"type":"buy","buyer":"lrekt01","seller":"yameen","symbol":"SIM","quantity":"1060.000","price":"0.00064750","timestamp":1640284761,"volume":"0.68635000","buyTxId":"a062dc699eba592e6738124d10d8c166749de1fb","sellTxId":"8034461be300438c56118d4c3af736acf78e2c0d"}
{"index": {"_index":"sim","_id":"2362922"}}
	{"id":2362922,"type":"sell","buyer":"jelly-cz","seller":"lulu-the-fizzgig","symbol":"SIM","quantity":"350.206","price":"0.00061156","timestamp":1640285160,"volume":"0.21417198","buyTxId":"MM-P-13309049-60296004-3-29-0","sellTxId":"0d58c134113964dfae7ef5a21669f63539055411"}
{"index": {"_index":"sim","_id":"2363043"}}
	{"id":2363043,"type":"sell","buyer":"jelly-cz","seller":"taiiyou","symbol":"SIM","quantity":"20937.800","price":"0.00061260","timestamp":1640285751,"volume":"12.82649628","buyTxId":"MM-P-13309249-60296204-3-29-0","sellTxId":"0bc222cae5df8987f7111a867d0cc9508a401c05"}
{"index": {"_index":"sim","_id":"2363156"}}
	{"id":2363156,"type":"sell","buyer":"pi-trader","seller":"justinparke","symbol":"SIM","quantity":"22226.6","price":"0.00061417","timestamp":1640286669,"volume":"13.65091092","buyTxId":"39b9558efec32400694bac8e7a81469806a7e828-1","sellTxId":"8eaccd2eab60a8bbd40b1088e5a1ae53ef17a23e"}
{"index": {"_index":"sim","_id":"2363169"}}
	{"id":2363169,"type":"buy","buyer":"gnatale","seller":"yameen","symbol":"SIM","quantity":"60.000","price":"0.00064750","timestamp":1640286789,"volume":"0.03885000","buyTxId":"fea20742a07928d49a1303ba3d65ff905f5224d8","sellTxId":"8034461be300438c56118d4c3af736acf78e2c0d"}
{"index": {"_index":"sim","_id":"2363287"}}
	{"id":2363287,"type":"buy","buyer":"cardi0","seller":"automaton","symbol":"SIM","quantity":"410.077","price":"0.00062000","timestamp":1640287398,"volume":"0.25424774","buyTxId":"6c941aedab6a066b06414038237cab41e1e5ab4f","sellTxId":"81163b563e284c29373cb7276da8a6efdae32334"}
{"index": {"_index":"sim","_id":"2363306"}}
	{"id":2363306,"type":"buy","buyer":"notak1","seller":"automaton","symbol":"SIM","quantity":"589.923","price":"0.00062000","timestamp":1640287539,"volume":"0.36575226","buyTxId":"65970c5245ab26ef9ada8bf34159363731f57590","sellTxId":"81163b563e284c29373cb7276da8a6efdae32334"}
{"index": {"_index":"sim","_id":"2363502"}}
	{"id":2363502,"type":"sell","buyer":"pi-trader","seller":"tonytrillions","symbol":"SIM","quantity":"0.016","price":"0.00061833","timestamp":1640289249,"volume":"0.00000989","buyTxId":"65b5bff48ddde9ed296230fef0889bb772b49ce4-1","sellTxId":"62ca165a064f44e9ee4443e7fceb9062c97a9d07"}
{"index": {"_index":"sim","_id":"2363551"}}
	{"id":2363551,"type":"buy","buyer":"evernoticethat","seller":"yameen","symbol":"SIM","quantity":"1000.000","price":"0.00064750","timestamp":1640289672,"volume":"0.64750000","buyTxId":"1511134bf7b13322413552f3666432caa91b18fc","sellTxId":"8034461be300438c56118d4c3af736acf78e2c0d"}
{"index": {"_index":"sim","_id":"2363574"}}
	{"id":2363574,"type":"sell","buyer":"jelly-cz","seller":"imperij4427","symbol":"SIM","quantity":"37440.000","price":"0.00061936","timestamp":1640289843,"volume":"23.18883840","buyTxId":"MM-P-13310546-60297501-3-29-0","sellTxId":"bee7854a9160e0db74527a244c44fd16ea4e78f5"}
{"index": {"_index":"sim","_id":"2363651"}}
	{"id":2363651,"type":"sell","buyer":"pi-trader","seller":"deepsafe","symbol":"SIM","quantity":"3569.150","price":"0.00062041","timestamp":1640290338,"volume":"2.21433635","buyTxId":"51ab4208b0979413c75f11270dccd38cf92f7149-1","sellTxId":"2b9f629b4a643ae8d544886d08bb08a0ee84a7b8"}
{"index": {"_index":"sim","_id":"2363654"}}
	{"id":2363654,"type":"sell","buyer":"pi-trader","seller":"monsterjamgold","symbol":"SIM","quantity":"1633.492","price":"0.00062041","timestamp":1640290347,"volume":"1.01343477","buyTxId":"51ab4208b0979413c75f11270dccd38cf92f7149-1","sellTxId":"766a7cdeefd54e9c3999b999688ce627318512cb"}
{"index": {"_index":"sim","_id":"2363667"}}
	{"id":2363667,"type":"sell","buyer":"pi-trader","seller":"monsterjamgold","symbol":"SIM","quantity":"121.000","price":"0.00062041","timestamp":1640290473,"volume":"0.07506961","buyTxId":"cdc1a0055d9561178b3c205c1d79e15c5f688eae-11","sellTxId":"124e765fb82c9bb001bea42a5cbd738251a07a77"}
{"index": {"_index":"sim","_id":"2363735"}}
	{"id":2363735,"type":"buy","buyer":"jjprac","seller":"yameen","symbol":"SIM","quantity":"2000.000","price":"0.00064750","timestamp":1640291049,"volume":"1.29500000","buyTxId":"783bc6e7238264351f92219c8f265918fbab7d45","sellTxId":"8034461be300438c56118d4c3af736acf78e2c0d"}
{"index": {"_index":"sim","_id":"2363859"}}
	{"id":2363859,"type":"sell","buyer":"pi-trader","seller":"piotr42","symbol":"SIM","quantity":"617.000","price":"0.00062405","timestamp":1640292450,"volume":"0.38503885","buyTxId":"c91c9d7752064d647b809271642342b15779c05e-1","sellTxId":"982e1b6fdeb473fc7064a96c3153d86e233db909"}
{"index": {"_index":"sim","_id":"2363936"}}
	{"id":2363936,"type":"sell","buyer":"pi-trader","seller":"jrcornel","symbol":"SIM","quantity":"100000.000","price":"0.00062561","timestamp":1640293290,"volume":"62.56100000","buyTxId":"593cd46d4f726eee49a3f8b5c17e4630836eca19-2","sellTxId":"b39742ad9d54615a15eca300acc713df4b6958c1"}
{"index": {"_index":"sim","_id":"2363937"}}
	{"id":2363937,"type":"sell","buyer":"jelly-cz","seller":"jrcornel","symbol":"SIM","quantity":"40510.000","price":"0.00062560","timestamp":1640293290,"volume":"25.34305600","buyTxId":"MM-P-13311739-60298695-3-29-0","sellTxId":"b39742ad9d54615a15eca300acc713df4b6958c1"}
{"index": {"_index":"sim","_id":"2363973"}}
	{"id":2363973,"type":"sell","buyer":"jelly-cz","seller":"theiamultitude","symbol":"SIM","quantity":"1050.290","price":"0.00062612","timestamp":1640293560,"volume":"0.65760757","buyTxId":"MM-P-13311839-60298795-3-29-0","sellTxId":"6a14a60698492867d9e324c93d5523bebb1053e7"}
{"index": {"_index":"sim","_id":"2364074"}}
	{"id":2364074,"type":"sell","buyer":"pi-trader","seller":"razam","symbol":"SIM","quantity":"4.000","price":"0.00062717","timestamp":1640294259,"volume":"0.00250868","buyTxId":"93b1ee9dc62c06c6e4296862cfaeb1cbe072a9f3-3","sellTxId":"86796d8740c39a80677f80ae5eb1ee592c50a68d"}
{"index": {"_index":"sim","_id":"2364192"}}
	{"id":2364192,"type":"buy","buyer":"svirus","seller":"bosmob","symbol":"SIM","quantity":"9306.820","price":"0.00063000","timestamp":1640295261,"volume":"5.86329660","buyTxId":"f459ae2e8a1bf6663ca668450b980fe116d632f3-0","sellTxId":"2b0573f4a78b959076791cb2b494252946be7b9b"}
{"index": {"_index":"sim","_id":"2364193"}}
	{"id":2364193,"type":"buy","buyer":"konvik","seller":"bosmob","symbol":"SIM","quantity":"0.002","price":"0.00063000","timestamp":1640295261,"volume":"0.00000126","buyTxId":"24e9048d4f017802f3c9608426c2069df6b8b6bb-0","sellTxId":"2b0573f4a78b959076791cb2b494252946be7b9b"}
{"index": {"_index":"sim","_id":"2364218"}}
	{"id":2364218,"type":"sell","buyer":"pi-trader","seller":"balte","symbol":"SIM","quantity":"25000.000","price":"0.00062925","timestamp":1640295450,"volume":"15.73125000","buyTxId":"6c39058f518256a2fa4c526082e52bd90f2d8f69-3","sellTxId":"91652fd6bdc74087d0636a01d3277a304630050e"}
{"index": {"_index":"sim","_id":"2364408"}}
	{"id":2364408,"type":"buy","buyer":"mengao","seller":"axeman","symbol":"SIM","quantity":"678.000","price":"0.00064000","timestamp":1640297292,"volume":"0.43392000","buyTxId":"ef16847ea853d56980558e6806e2c43ed994b75f","sellTxId":"a0e5b3c319a7890c010bd311a5d11d3fb6c68079"}
{"index": {"_index":"sim","_id":"2364416"}}
	{"id":2364416,"type":"buy","buyer":"mengao","seller":"axeman","symbol":"SIM","quantity":"3.000","price":"0.00064000","timestamp":1640297352,"volume":"0.00192000","buyTxId":"e9731771dc7edd7f97fcfe9bf6e6eeac2563fa18","sellTxId":"a0e5b3c319a7890c010bd311a5d11d3fb6c68079"}
{"index": {"_index":"sim","_id":"2364419"}}
	{"id":2364419,"type":"sell","buyer":"pi-trader","seller":"vincentnijman","symbol":"SIM","quantity":"2173.465","price":"0.00063237","timestamp":1640297406,"volume":"1.37443406","buyTxId":"0b7b7245674ffd05842740272f633d75791cdd41-5","sellTxId":"d5121781e56c4480b5d712d1b6b0627d835acb75"}
{"index": {"_index":"sim","_id":"2364439"}}
	{"id":2364439,"type":"buy","buyer":"mengao","seller":"axeman","symbol":"SIM","quantity":"485.000","price":"0.00064000","timestamp":1640297622,"volume":"0.31040000","buyTxId":"704f4745311112b361273ae203cbbfe0b1baf174","sellTxId":"a0e5b3c319a7890c010bd311a5d11d3fb6c68079"}
{"index": {"_index":"sim","_id":"2364582"}}
	{"id":2364582,"type":"sell","buyer":"jelly-cz","seller":"solarpowers","symbol":"SIM","quantity":"8167.000","price":"0.00063392","timestamp":1640299638,"volume":"5.17722464","buyTxId":"MM-P-13313336-60300292-3-29-0","sellTxId":"8a2852337ce628d196c5554cf72694c273a6a624"}
{"index": {"_index":"sim","_id":"2364622"}}
	{"id":2364622,"type":"sell","buyer":"jelly-cz","seller":"he-index","symbol":"SIM","quantity":"345.304","price":"0.00063392","timestamp":1640300469,"volume":"0.21889511","buyTxId":"MM-P-13313336-60300292-3-29-0","sellTxId":"a2216fae86d515f3b7a512596ab8075d0af68e59"}
{"index": {"_index":"sim","_id":"2364625"}}
	{"id":2364625,"type":"sell","buyer":"jelly-cz","seller":"adamdabeast","symbol":"SIM","quantity":"10659.000","price":"0.00063392","timestamp":1640300475,"volume":"6.75695328","buyTxId":"MM-P-13313336-60300292-3-29-0","sellTxId":"71e5ff9e4bfabdaf2fc1c49614c53daddfbced10"}
{"index": {"_index":"sim","_id":"2364627"}}
	{"id":2364627,"type":"buy","buyer":"barrenwolfsbane","seller":"medaymane","symbol":"SIM","quantity":"2556.000","price":"0.00064349","timestamp":1640300490,"volume":"1.64476044","buyTxId":"020a00cd4e44f6eccee96a70f6799417c5bd471b","sellTxId":"001fcde2393b23fc4118d1d12757e368f04689ed"}
{"index": {"_index":"sim","_id":"2364628"}}
	{"id":2364628,"type":"sell","buyer":"barrenwolfsbane","seller":"svirus","symbol":"SIM","quantity":"3129.000","price":"0.00064349","timestamp":1640300493,"volume":"2.01348021","buyTxId":"020a00cd4e44f6eccee96a70f6799417c5bd471b","sellTxId":"f7be33f004003cacfa568d5582ca62370ebdcc69-1"}
{"index": {"_index":"sim","_id":"2364673"}}
	{"id":2364673,"type":"buy","buyer":"dswap","seller":"pi-trader","symbol":"SIM","quantity":"6332.144","price":"0.00064749","timestamp":1640301126,"volume":"4.10000000","buyTxId":"3b7427e1fc2edb255fda0a4d4fcefcda8eaa2e63","sellTxId":"69c4aad4e6ea06bdd778aab1aca2827227b65928-7"}
{"index": {"_index":"sim","_id":"2364776"}}
	{"id":2364776,"type":"sell","buyer":"jelly-cz","seller":"hirohurl","symbol":"SIM","quantity":"43.401","price":"0.00063392","timestamp":1640302188,"volume":"0.02751276","buyTxId":"MM-P-13313336-60300292-3-29-0","sellTxId":"dd23b1ca3793404002c7b204522e2034713d1755"}
{"index": {"_index":"sim","_id":"2364815"}}
	{"id":2364815,"type":"sell","buyer":"jelly-cz","seller":"thatcryptodave","symbol":"SIM","quantity":"830.286","price":"0.00063392","timestamp":1640302479,"volume":"0.52633490","buyTxId":"MM-P-13313336-60300292-3-29-0","sellTxId":"ec9cb1d468e4e6b0b716a7ccee6e4c5be9448e0b"}
{"index": {"_index":"sim","_id":"2364895"}}
	{"id":2364895,"type":"sell","buyer":"jelly-cz","seller":"bearbear613","symbol":"SIM","quantity":"1917.000","price":"0.00063392","timestamp":1640303154,"volume":"1.21522464","buyTxId":"MM-P-13313336-60300292-3-29-0","sellTxId":"328413f96078091716ca9a1f57b01fbc91cd48cd"}
{"index": {"_index":"sim","_id":"2365017"}}
	{"id":2365017,"type":"buy","buyer":"princekham","seller":"pi-trader","symbol":"SIM","quantity":"1600.000","price":"0.00064749","timestamp":1640303976,"volume":"1.03598400","buyTxId":"c1c8dbbb7eb3f77bea2f81add5ed142387b82826","sellTxId":"1f2e7693960577c11aca4a8f3c0eb0098855242a-4"}
{"index": {"_index":"sim","_id":"2365226"}}
	{"id":2365226,"type":"buy","buyer":"dswap","seller":"pi-trader","symbol":"SIM","quantity":"100.001","price":"0.00064749","timestamp":1640305533,"volume":"0.06475023","buyTxId":"3ce1eb6ecbb5842b39c833247e331bbda82071a1","sellTxId":"9ddf5b8433298620c97f83cdae61ec984a10ec1a-7"}
{"index": {"_index":"sim","_id":"2365334"}}
	{"id":2365334,"type":"sell","buyer":"mmrx","seller":"mobi72","symbol":"SIM","quantity":"3400.000","price":"0.00063393","timestamp":1640306334,"volume":"2.15536200","buyTxId":"MM-P-13315928-60302884-3-36-0","sellTxId":"5af531292806b014b950291421fa7fade207cd3c"}
{"index": {"_index":"sim","_id":"2365361"}}
	{"id":2365361,"type":"buy","buyer":"ressonlelong","seller":"pi-trader","symbol":"SIM","quantity":"2230.000","price":"0.00064747","timestamp":1640306685,"volume":"1.44385810","buyTxId":"62db42e4fe9890fb6137d975e3b2483d24399020","sellTxId":"025bd4b3d21f66835dc110c44a093b22cacd2915-9"}
{"index": {"_index":"sim","_id":"2365393"}}
	{"id":2365393,"type":"sell","buyer":"mmrx","seller":"rambo21","symbol":"SIM","quantity":"331.000","price":"0.00063393","timestamp":1640307063,"volume":"0.20983083","buyTxId":"MM-P-13315928-60302884-3-36-0","sellTxId":"230440e85bcc362a7b60e44f2efb915ee31dd92a"}
{"index": {"_index":"sim","_id":"2365423"}}
	{"id":2365423,"type":"sell","buyer":"mmrx","seller":"lisamgentile1961","symbol":"SIM","quantity":"12.750","price":"0.00063393","timestamp":1640307318,"volume":"0.00808261","buyTxId":"MM-P-13315928-60302884-3-36-0","sellTxId":"8fec64e60ce2df2ee58c22cf1183cec88f33207f"}
{"index": {"_index":"sim","_id":"2365633"}}
	{"id":2365633,"type":"sell","buyer":"jelly-cz","seller":"otherbrandt","symbol":"SIM","quantity":"12591.396","price":"0.00063392","timestamp":1640309634,"volume":"7.98193775","buyTxId":"MM-P-13313336-60300292-3-29-0","sellTxId":"10a5e1e95964fbdba122ccae5f6319280fdbe0bb"}
{"index": {"_index":"sim","_id":"2365648"}}
	{"id":2365648,"type":"buy","buyer":"alphamz","seller":"lisamgentile1961","symbol":"SIM","quantity":"37.888","price":"0.00063393","timestamp":1640309790,"volume":"0.02401834","buyTxId":"92664eba5b62350bb5f84d7c8712cc090b146ab6","sellTxId":"8fec64e60ce2df2ee58c22cf1183cec88f33207f"}
{"index": {"_index":"sim","_id":"2365795"}}
	{"id":2365795,"type":"buy","buyer":"alphamz","seller":"mmrx","symbol":"SIM","quantity":"850.845","price":"0.00064734","timestamp":1640311254,"volume":"0.55078600","buyTxId":"c7853412f13e98521f2080ea7a6f5876a5501136","sellTxId":"MM-P-13317723-60304680-3-36-0"}
{"index": {"_index":"sim","_id":"2365855"}}
	{"id":2365855,"type":"sell","buyer":"jelly-cz","seller":"ericburgoyne","symbol":"SIM","quantity":"33.274","price":"0.00063392","timestamp":1640311998,"volume":"0.02109305","buyTxId":"MM-P-13313336-60300292-3-29-0","sellTxId":"df8e2e64526bd84a944623f7029bb2c4a435706f"}
{"index": {"_index":"sim","_id":"2365948"}}
	{"id":2365948,"type":"sell","buyer":"jelly-cz","seller":"nrg","symbol":"SIM","quantity":"5863.000","price":"0.00063392","timestamp":1640313222,"volume":"3.71667296","buyTxId":"MM-P-13313336-60300292-3-29-0","sellTxId":"68001480272325e9651a7212433e9afbc7521451-0"}
{"index": {"_index":"sim","_id":"2366018"}}
	{"id":2366018,"type":"sell","buyer":"jelly-cz","seller":"ascienceguy","symbol":"SIM","quantity":"39675.063","price":"0.00063392","timestamp":1640313792,"volume":"25.15081594","buyTxId":"MM-P-13313336-60300292-3-29-0","sellTxId":"253b7b0336fb4080b6729db3a584ab273c835210"}
{"index": {"_index":"sim","_id":"2366074"}}
	{"id":2366074,"type":"sell","buyer":"jelly-cz","seller":"andy4475","symbol":"SIM","quantity":"52.840","price":"0.00063392","timestamp":1640314515,"volume":"0.03349633","buyTxId":"MM-P-13313336-60300292-3-29-0","sellTxId":"f154a232c829511c8b2a44fb04dcbeee8acb02e1"}
{"index": {"_index":"sim","_id":"2366231"}}
	{"id":2366231,"type":"buy","buyer":"kasaisoul","seller":"pi-trader","symbol":"SIM","quantity":"1400.226","price":"0.00064701","timestamp":1640316084,"volume":"0.90596022","buyTxId":"071b21a197cbc35cf70fe6a40dacc89731232ce4","sellTxId":"75f96d434e3cbb2f0cd2cb654dfd97752afae787-9"}
{"index": {"_index":"sim","_id":"2366241"}}
	{"id":2366241,"type":"sell","buyer":"jelly-cz","seller":"steliosfan","symbol":"SIM","quantity":"262.000","price":"0.00063392","timestamp":1640316267,"volume":"0.16608704","buyTxId":"MM-P-13313336-60300292-3-29-0","sellTxId":"30e15dbb1cd4689156ea76363c44b76d65478dd4"}
{"index": {"_index":"sim","_id":"2366265"}}
	{"id":2366265,"type":"buy","buyer":"kasaisoul","seller":"pi-trader","symbol":"SIM","quantity":"1401.202","price":"0.00064699","timestamp":1640316504,"volume":"0.90656368","buyTxId":"3cc139abcab4f25c56b31327e25fb7e320d39d65","sellTxId":"fe233e5a9b755163e2e489ee6c307118d5368e3a-5"}
{"index": {"_index":"sim","_id":"2366376"}}
	{"id":2366376,"type":"buy","buyer":"dirego1","seller":"pi-trader","symbol":"SIM","quantity":"3225.000","price":"0.00064693","timestamp":1640317455,"volume":"2.08634925","buyTxId":"2f42f4d60c1eb00ec8cfc26593bf2ada044f6197","sellTxId":"69457a01c2fffee043c24970f28f8c19f463a276-10"}
