{"index": {"_index":"sim","_id":"2909776"}}
	{"id":2909776,"type":"sell","buyer":"gsauce1989","seller":"theguruasia","symbol":"SIM","quantity":"1284.050","price":"0.00051000","timestamp":1646451987,"volume":"0.65486550","buyTxId":"39aeea05e2e02ed2be3c11b5b654ba990560e602","sellTxId":"2c2628cbb210664c78016ba8a6c4819a10748241"}
{"index": {"_index":"sim","_id":"2909897"}}
	{"id":2909897,"type":"sell","buyer":"sbi-tokens","seller":"brofi-market","symbol":"SIM","quantity":"0.001","price":"0.00051100","timestamp":1646453535,"volume":"0.00000051","buyTxId":"be25a5bfd919de0f4650748fce8f6d512c928f20","sellTxId":"5e05837cf7aff893fc62abb8c337b946f3a7dadc"}
{"index": {"_index":"sim","_id":"2909938"}}
	{"id":2909938,"type":"buy","buyer":"irqueawkins","seller":"sbi-tokens","symbol":"SIM","quantity":"1300.000","price":"0.00051400","timestamp":1646453889,"volume":"0.66820000","buyTxId":"d0f3b9322c0d59bb400dd34b65b9d72463ee8922","sellTxId":"b65dedd2c3bc6b5257eb34f74bb0f8b20cf71339"}
{"index": {"_index":"sim","_id":"2909963"}}
	{"id":2909963,"type":"buy","buyer":"irqueawkins","seller":"sbi-tokens","symbol":"SIM","quantity":"958.400","price":"0.00051400","timestamp":1646454573,"volume":"0.49261760","buyTxId":"51209a6b47ac627dc6492bc2dcdf99bb48d652a8","sellTxId":"b65dedd2c3bc6b5257eb34f74bb0f8b20cf71339"}
{"index": {"_index":"sim","_id":"2909964"}}
	{"id":2909964,"type":"buy","buyer":"irqueawkins","seller":"brofi-market","symbol":"SIM","quantity":"0.001","price":"0.00051400","timestamp":1646454573,"volume":"0.00000051","buyTxId":"51209a6b47ac627dc6492bc2dcdf99bb48d652a8","sellTxId":"487d29053d2bc2e8292a3387e8531666d2d6d851"}
{"index": {"_index":"sim","_id":"2910038"}}
	{"id":2910038,"type":"buy","buyer":"irqueawkins","seller":"brofi-market","symbol":"SIM","quantity":"0.003","price":"0.00051499","timestamp":1646455779,"volume":"0.00000154","buyTxId":"75b5f4c80d629ef7880374dee00aee2e1c55cb7c","sellTxId":"ad5610bd23abc89da0d7173b5e334abe72386e06"}
{"index": {"_index":"sim","_id":"2910039"}}
	{"id":2910039,"type":"buy","buyer":"irqueawkins","seller":"pi-trader","symbol":"SIM","quantity":"3199.997","price":"0.00051499","timestamp":1646455779,"volume":"1.64796646","buyTxId":"75b5f4c80d629ef7880374dee00aee2e1c55cb7c","sellTxId":"519a065063fd579a37b651bdb3457ccf730e2a80-2"}
{"index": {"_index":"sim","_id":"2910062"}}
	{"id":2910062,"type":"buy","buyer":"gsauce1989","seller":"pi-trader","symbol":"SIM","quantity":"5000.000","price":"0.00051499","timestamp":1646455920,"volume":"2.57495000","buyTxId":"977da3ae732661a5d2cfd304d6aa6760a55f452d","sellTxId":"7cedc46617368d97880795d5494b16a850d2eb04-5"}
{"index": {"_index":"sim","_id":"2910125"}}
	{"id":2910125,"type":"buy","buyer":"gentlepusa","seller":"pi-trader","symbol":"SIM","quantity":"9000.000","price":"0.00051499","timestamp":1646456523,"volume":"4.63491000","buyTxId":"239c7b86525bd5bc09ad5199231fe077a7f9d6eb","sellTxId":"2cca3f548c8344b03f349c335a670383f35f1dd0-4"}
{"index": {"_index":"sim","_id":"2910194"}}
	{"id":2910194,"type":"buy","buyer":"irqueawkins","seller":"pi-trader","symbol":"SIM","quantity":"9500.000","price":"0.00051499","timestamp":1646457384,"volume":"4.89240500","buyTxId":"b8e591a8567e087f69755bdc9b04b15ecc29c4ff","sellTxId":"7c68d72443e738c9fc7abaebbf05e30d17cce491-4"}
{"index": {"_index":"sim","_id":"2910253"}}
	{"id":2910253,"type":"buy","buyer":"gentlepusa","seller":"pi-trader","symbol":"SIM","quantity":"1900.000","price":"0.00051499","timestamp":1646458119,"volume":"0.97848100","buyTxId":"66ed61ebf0b2f242facb54ccbc379c85121eabe4","sellTxId":"3a0376deea4fe9a402c9ad4a27113e9f266574a6-6"}
{"index": {"_index":"sim","_id":"2910344"}}
	{"id":2910344,"type":"buy","buyer":"catotune","seller":"pi-trader","symbol":"SIM","quantity":"5000.000","price":"0.00051499","timestamp":1646459688,"volume":"2.57495000","buyTxId":"66dc800c58dc785bce359cf210ef742992c9f4d6","sellTxId":"026edcc39680296147a837dbb722008748885b10-6"}
{"index": {"_index":"sim","_id":"2910666"}}
	{"id":2910666,"type":"sell","buyer":"irqueawkins","seller":"chekohler","symbol":"SIM","quantity":"6.621","price":"0.00051400","timestamp":1646464446,"volume":"0.00340319","buyTxId":"51209a6b47ac627dc6492bc2dcdf99bb48d652a8","sellTxId":"2f6370ff0fddbc14f0da3b3d7e433d5b631b2958"}
{"index": {"_index":"sim","_id":"2910855"}}
	{"id":2910855,"type":"sell","buyer":"irqueawkins","seller":"boycharlieplays","symbol":"SIM","quantity":"879.978","price":"0.00051400","timestamp":1646467488,"volume":"0.45230869","buyTxId":"51209a6b47ac627dc6492bc2dcdf99bb48d652a8","sellTxId":"3c9b610b5089a31f7298f405f6adeccfdc35836c"}
{"index": {"_index":"sim","_id":"2910867"}}
	{"id":2910867,"type":"sell","buyer":"sbi-tokens","seller":"onealfa","symbol":"SIM","quantity":"2269.999","price":"0.00051100","timestamp":1646467794,"volume":"1.15996949","buyTxId":"be25a5bfd919de0f4650748fce8f6d512c928f20","sellTxId":"a8a6b90e0f5225da53e1d873967063e3ad92a309"}
{"index": {"_index":"sim","_id":"2910868"}}
	{"id":2910868,"type":"sell","buyer":"gsauce1989","seller":"onealfa","symbol":"SIM","quantity":"3518.001","price":"0.00051000","timestamp":1646467794,"volume":"1.79418051","buyTxId":"39aeea05e2e02ed2be3c11b5b654ba990560e602","sellTxId":"a8a6b90e0f5225da53e1d873967063e3ad92a309"}
{"index": {"_index":"sim","_id":"2910875"}}
	{"id":2910875,"type":"sell","buyer":"gsauce1989","seller":"ericburgoyne","symbol":"SIM","quantity":"141.325","price":"0.00051000","timestamp":1646467881,"volume":"0.07207575","buyTxId":"39aeea05e2e02ed2be3c11b5b654ba990560e602","sellTxId":"3794f830b1ec939cc0eb0903518fdd90e3b398ba"}
{"index": {"_index":"sim","_id":"2911169"}}
	{"id":2911169,"type":"sell","buyer":"gsauce1989","seller":"rexaa","symbol":"SIM","quantity":"56.624","price":"0.00051000","timestamp":1646472954,"volume":"0.02887824","buyTxId":"39aeea05e2e02ed2be3c11b5b654ba990560e602","sellTxId":"779967dc1d8126ce7be1ee0c8c541a36f17a5c7a"}
{"index": {"_index":"sim","_id":"2911178"}}
	{"id":2911178,"type":"sell","buyer":"pi-trader","seller":"onealfa","symbol":"SIM","quantity":"150000.000","price":"0.00050001","timestamp":1646473038,"volume":"75.00150000","buyTxId":"7d920f5f026a63de3e6defa9d8b52f1264207aa6","sellTxId":"4e02c713dffd41e69eec30bb630edcbadb0b96e7"}
{"index": {"_index":"sim","_id":"2911179"}}
	{"id":2911179,"type":"sell","buyer":"catotune","seller":"onealfa","symbol":"SIM","quantity":"13254.000","price":"0.00050000","timestamp":1646473038,"volume":"6.62700000","buyTxId":"29612e978248ab79ab22079ab12a6fa1a9125122","sellTxId":"4e02c713dffd41e69eec30bb630edcbadb0b96e7"}
{"index": {"_index":"sim","_id":"2911182"}}
	{"id":2911182,"type":"buy","buyer":"cardi0","seller":"rexaa","symbol":"SIM","quantity":"171.376","price":"0.00051000","timestamp":1646473110,"volume":"0.08740176","buyTxId":"6353b687cad059c342b6a2c247cb0b1d13314155","sellTxId":"779967dc1d8126ce7be1ee0c8c541a36f17a5c7a"}
{"index": {"_index":"sim","_id":"2911230"}}
	{"id":2911230,"type":"buy","buyer":"cardi0","seller":"pi-trader","symbol":"SIM","quantity":"1897.468","price":"0.00051399","timestamp":1646474028,"volume":"0.97527958","buyTxId":"f3afb34d50df835ed0019ac06ea612606dc45a8f","sellTxId":"2a1edb60822ff603248ee24e84e5b87517a123d6-2"}
{"index": {"_index":"sim","_id":"2911271"}}
	{"id":2911271,"type":"sell","buyer":"catotune","seller":"gamsam","symbol":"SIM","quantity":"0.155","price":"0.00050000","timestamp":1646475003,"volume":"0.00007750","buyTxId":"29612e978248ab79ab22079ab12a6fa1a9125122","sellTxId":"34f235526b4d1f5ab8c3f36ec2dec94e82524949"}
{"index": {"_index":"sim","_id":"2911272"}}
	{"id":2911272,"type":"sell","buyer":"pi-trader","seller":"gamsam","symbol":"SIM","quantity":"21264.845","price":"0.00048001","timestamp":1646475003,"volume":"10.20733825","buyTxId":"86c1b5859474b46721a08b9329976d67aa272891-2","sellTxId":"34f235526b4d1f5ab8c3f36ec2dec94e82524949"}
{"index": {"_index":"sim","_id":"2911344"}}
	{"id":2911344,"type":"sell","buyer":"pi-trader","seller":"cookaiss","symbol":"SIM","quantity":"3.174","price":"0.00048001","timestamp":1646476125,"volume":"0.00152355","buyTxId":"866c05a9dcaa7124c491a774704cb123f1111927-5","sellTxId":"503ebc81f4be19a073847b916ea9cb7dae6a41ca"}
{"index": {"_index":"sim","_id":"2911368"}}
	{"id":2911368,"type":"sell","buyer":"pi-trader","seller":"itharagaian","symbol":"SIM","quantity":"7.000","price":"0.00048001","timestamp":1646476569,"volume":"0.00336007","buyTxId":"7bbfbb98cdca57530f31db3c453710e381568cee-3","sellTxId":"3c8e2181318fd6ecf3008fff8e6cecde5f9c226f"}
{"index": {"_index":"sim","_id":"2911382"}}
	{"id":2911382,"type":"buy","buyer":"ana-maria","seller":"pi-trader","symbol":"SIM","quantity":"3000.000","price":"0.00051399","timestamp":1646477088,"volume":"1.54197000","buyTxId":"14c9b6fb5f84afc1df4b2c614637f16275726ed4","sellTxId":"8769f37390cc81e520824bf8e446142e67b99e4e-6"}
{"index": {"_index":"sim","_id":"2911425"}}
	{"id":2911425,"type":"buy","buyer":"ana-maria","seller":"pi-trader","symbol":"SIM","quantity":"300.000","price":"0.00051295","timestamp":1646477898,"volume":"0.15388500","buyTxId":"579bdf3ce50740d9336b685feba1a82b044c3df0","sellTxId":"e20dd99671a2d52f72d725224f54c7e8e760c8ab-3"}
{"index": {"_index":"sim","_id":"2911429"}}
	{"id":2911429,"type":"sell","buyer":"pi-trader","seller":"heikki1337","symbol":"SIM","quantity":"8569.687","price":"0.00048001","timestamp":1646477934,"volume":"4.11353546","buyTxId":"0a3c8f94e2e29c93a5726f0b5060054b23893d5a-3","sellTxId":"5cbd4ee83049fa73bbee03d3bf0936051ca9dcf1"}
{"index": {"_index":"sim","_id":"2911490"}}
	{"id":2911490,"type":"buy","buyer":"sevenoh-fiveoh","seller":"pi-trader","symbol":"SIM","quantity":"20000.000","price":"0.00051087","timestamp":1646478972,"volume":"10.21740000","buyTxId":"03c4ef37d12472ddc02b525f3030013a7d4bedcb","sellTxId":"0b170a5e2441014db91e75a0341c1ce4c4983f6c-3"}
{"index": {"_index":"sim","_id":"2911781"}}
	{"id":2911781,"type":"sell","buyer":"pi-trader","seller":"balte","symbol":"SIM","quantity":"14000.000","price":"0.00048001","timestamp":1646483832,"volume":"6.72014000","buyTxId":"2345cd02e1e7b0b5e06578d97e0e3e6407fc1e85-4","sellTxId":"f010c9e5b479bc7936c5557249ac0aaff623fc06"}
{"index": {"_index":"sim","_id":"2911972"}}
	{"id":2911972,"type":"sell","buyer":"pi-trader","seller":"phoenixwren","symbol":"SIM","quantity":"1.659","price":"0.00048001","timestamp":1646486136,"volume":"0.00079634","buyTxId":"c681b4a6e253e363276e9ddb75daa7a2137f150d-3","sellTxId":"5f69b7d1c739b23106752fe2a41ea2f64152df35"}
{"index": {"_index":"sim","_id":"2912047"}}
	{"id":2912047,"type":"buy","buyer":"konvik","seller":"steem-hodler","symbol":"SIM","quantity":"98038.000","price":"0.00050000","timestamp":1646487198,"volume":"49.01900000","buyTxId":"a20f5aa053bd3d13af6cf63e8445c62743993302-0","sellTxId":"82f286a4d521aac4e20c19403bd4a27b92f41e95"}
{"index": {"_index":"sim","_id":"2912165"}}
	{"id":2912165,"type":"sell","buyer":"pi-trader","seller":"epilatero","symbol":"SIM","quantity":"862","price":"0.00048001","timestamp":1646489043,"volume":"0.41376862","buyTxId":"70f6f78257eed6b1a05571fc6e9ee245f6850490","sellTxId":"ffbaf4d4f659bfdf82fbe5f47408abd2cad06190"}
{"index": {"_index":"sim","_id":"2912243"}}
	{"id":2912243,"type":"sell","buyer":"pi-trader","seller":"brofi-market","symbol":"SIM","quantity":"0.003","price":"0.00048001","timestamp":1646490267,"volume":"0.00000144","buyTxId":"eb41ac944e17cd5dd4adcde681d37073996bad1c-5","sellTxId":"b3de73c47741736c1531ddb631919b91df25379a"}
{"index": {"_index":"sim","_id":"2912302"}}
	{"id":2912302,"type":"sell","buyer":"pi-trader","seller":"nrg","symbol":"SIM","quantity":"2826.427","price":"0.00048001","timestamp":1646490804,"volume":"1.35671322","buyTxId":"f1846fa254eddb6dcd3abfc89b758a2f61accba2-3","sellTxId":"b02e8f4ba4544f8e7c0e47184c0b93895adb74e1-2"}
{"index": {"_index":"sim","_id":"2912630"}}
	{"id":2912630,"type":"buy","buyer":"catotune","seller":"jelly-cz","symbol":"SIM","quantity":"6635.000","price":"0.00050881","timestamp":1646494878,"volume":"3.37595435","buyTxId":"741bdf726448cbe28ec037ab74124f90ba36485e","sellTxId":"MM-P-15371520-62359316-3-28-0"}
{"index": {"_index":"sim","_id":"2912726"}}
	{"id":2912726,"type":"sell","buyer":"pi-trader","seller":"goldcoin","symbol":"SIM","quantity":"63.156","price":"0.00048001","timestamp":1646496621,"volume":"0.03031551","buyTxId":"0e310e6378811bff06624d5f84a248d5ffd90818-0","sellTxId":"2c00f351c7528dbe1672e26a6cf85b0a6f6ac8ce"}
{"index": {"_index":"sim","_id":"2912727"}}
	{"id":2912727,"type":"sell","buyer":"pi-trader","seller":"brofi-market","symbol":"SIM","quantity":"0.001","price":"0.00048001","timestamp":1646496624,"volume":"0.00000048","buyTxId":"0e310e6378811bff06624d5f84a248d5ffd90818-0","sellTxId":"e0fd6cb1933a8f398aab289155a3c603cf547bea"}
{"index": {"_index":"sim","_id":"2912991"}}
	{"id":2912991,"type":"buy","buyer":"catotune","seller":"jelly-cz","symbol":"SIM","quantity":"77000.000","price":"0.00050830","timestamp":1646499333,"volume":"39.13910000","buyTxId":"d96e4737ab2ce5b5d13dbb311f986e5b8f5481cc","sellTxId":"MM-P-15373614-62361411-3-28-0"}
{"index": {"_index":"sim","_id":"2913681"}}
	{"id":2913681,"type":"buy","buyer":"lisergicus","seller":"brofi-market","symbol":"SIM","quantity":"0.001","price":"0.00050881","timestamp":1646504529,"volume":"0.00000051","buyTxId":"ce874f57226f77009cfdd6c75f4c5c920f7ba0e3","sellTxId":"c6855d8f821d99d9970b4ba94598823234825b1c"}
{"index": {"_index":"sim","_id":"2913687"}}
	{"id":2913687,"type":"buy","buyer":"catotune","seller":"brofi-market","symbol":"SIM","quantity":"0.003","price":"0.00050932","timestamp":1646504598,"volume":"0.00000153","buyTxId":"42cc49fca4c4b9dc31e934f8e5e72af028f2d306","sellTxId":"1571c97be737308679cbaf4f7d773e4c7e32c58f"}
{"index": {"_index":"sim","_id":"2913717"}}
	{"id":2913717,"type":"buy","buyer":"catotune","seller":"boycharlieplays","symbol":"SIM","quantity":"2012.472","price":"0.00051400","timestamp":1646504901,"volume":"1.03441061","buyTxId":"f5745a72a6ba15ebdf6ee5d6859e1afd862f20f5","sellTxId":"3c9b610b5089a31f7298f405f6adeccfdc35836c"}
{"index": {"_index":"sim","_id":"2913718"}}
	{"id":2913718,"type":"buy","buyer":"catotune","seller":"allfabeta","symbol":"SIM","quantity":"1019.000","price":"0.00051500","timestamp":1646504901,"volume":"0.52478500","buyTxId":"f5745a72a6ba15ebdf6ee5d6859e1afd862f20f5","sellTxId":"279d1d4b64f711cb76f5407ac1fe6ed659bf83c3"}
{"index": {"_index":"sim","_id":"2913719"}}
	{"id":2913719,"type":"buy","buyer":"catotune","seller":"atomcollector","symbol":"SIM","quantity":"666.000","price":"0.00051998","timestamp":1646504901,"volume":"0.34630668","buyTxId":"f5745a72a6ba15ebdf6ee5d6859e1afd862f20f5","sellTxId":"eb6a974f349395d41fb7725474e7bc8651e41340"}
{"index": {"_index":"sim","_id":"2913720"}}
	{"id":2913720,"type":"buy","buyer":"catotune","seller":"epic-fail","symbol":"SIM","quantity":"1.177","price":"0.00052000","timestamp":1646504901,"volume":"0.00061204","buyTxId":"f5745a72a6ba15ebdf6ee5d6859e1afd862f20f5","sellTxId":"bf2aa6ef6a887e30d330b82b0a4987b1017b5cfe"}
{"index": {"_index":"sim","_id":"2913721"}}
	{"id":2913721,"type":"buy","buyer":"catotune","seller":"stormz-y","symbol":"SIM","quantity":"3851.351","price":"0.00052000","timestamp":1646504901,"volume":"2.00270252","buyTxId":"f5745a72a6ba15ebdf6ee5d6859e1afd862f20f5","sellTxId":"ddc1e972545af7e010d027c363fb947c885159e7"}
{"index": {"_index":"sim","_id":"2913739"}}
	{"id":2913739,"type":"sell","buyer":"lisergicus","seller":"thranax","symbol":"SIM","quantity":"11.116","price":"0.00050881","timestamp":1646505132,"volume":"0.00565593","buyTxId":"ce874f57226f77009cfdd6c75f4c5c920f7ba0e3","sellTxId":"70ecc7d2b3482d1535d4d74c533f58f67c95c7a5"}
{"index": {"_index":"sim","_id":"2913907"}}
	{"id":2913907,"type":"buy","buyer":"maryjane.main","seller":"pi-trader","symbol":"SIM","quantity":"12000.000","price":"0.00051999","timestamp":1646506659,"volume":"6.23988000","buyTxId":"582884ff12cbd424678be7d858b64b90ffc188ff","sellTxId":"6d6b2c8f9b425492572b6729e3132526a441f287"}
{"index": {"_index":"sim","_id":"2914271"}}
	{"id":2914271,"type":"sell","buyer":"lisergicus","seller":"rexaa","symbol":"SIM","quantity":"1550.400","price":"0.00050881","timestamp":1646509626,"volume":"0.78885902","buyTxId":"ce874f57226f77009cfdd6c75f4c5c920f7ba0e3","sellTxId":"9af6e3d0f3d939db410b3898754565be5a44467d"}
{"index": {"_index":"sim","_id":"2914304"}}
	{"id":2914304,"type":"sell","buyer":"lisergicus","seller":"jelly13","symbol":"SIM","quantity":"703.483","price":"0.00050881","timestamp":1646510004,"volume":"0.35793919","buyTxId":"ce874f57226f77009cfdd6c75f4c5c920f7ba0e3","sellTxId":"6f47b68743e846bb327f7750d2e7830fbbebd51c"}
{"index": {"_index":"sim","_id":"2914326"}}
	{"id":2914326,"type":"sell","buyer":"pi-trader","seller":"rarej","symbol":"SIM","quantity":"3454.489","price":"0.00048001","timestamp":1646510430,"volume":"1.65818926","buyTxId":"33dc9f6bce5078fee451cffb710892dc4ed37661-0","sellTxId":"977b0b66ff3f04165753ca488d11f9af5cd95619"}
{"index": {"_index":"sim","_id":"2914380"}}
	{"id":2914380,"type":"buy","buyer":"catotune","seller":"jelly-cz","symbol":"SIM","quantity":"19100.000","price":"0.00050830","timestamp":1646511069,"volume":"9.70853000","buyTxId":"24fb2161f077d83253111815ad1d9f657cbdc682","sellTxId":"MM-P-15377991-62365794-3-28-0"}
{"index": {"_index":"sim","_id":"2914448"}}
	{"id":2914448,"type":"buy","buyer":"maryjane.main","seller":"jelly-cz","symbol":"SIM","quantity":"18000.000","price":"0.00050830","timestamp":1646511807,"volume":"9.14940000","buyTxId":"7aaa316e242b118092cef18bf40e50ebcc36434f","sellTxId":"MM-P-15377991-62365794-3-28-0"}
{"index": {"_index":"sim","_id":"2914477"}}
	{"id":2914477,"type":"sell","buyer":"pi-trader","seller":"kasaisoul","symbol":"SIM","quantity":"10.469","price":"0.00048001","timestamp":1646512047,"volume":"0.00502522","buyTxId":"c00f56c0bf841e8c01d24325f87dd528ea3a7373-3","sellTxId":"8c9f1ca850dc21d33e4bed2e12c6b8b056a33bb2"}
{"index": {"_index":"sim","_id":"2914519"}}
	{"id":2914519,"type":"buy","buyer":"catotune","seller":"jelly-cz","symbol":"SIM","quantity":"4425.000","price":"0.00050830","timestamp":1646512347,"volume":"2.24922750","buyTxId":"3b22db4efb2293d5ae3718b3e8845d2ca13182d9","sellTxId":"MM-P-15377991-62365794-3-28-0"}
{"index": {"_index":"sim","_id":"2914552"}}
	{"id":2914552,"type":"sell","buyer":"pi-trader","seller":"andy4475","symbol":"SIM","quantity":"32.125","price":"0.00048001","timestamp":1646512623,"volume":"0.01542032","buyTxId":"575a7c7124662cdcd8d8ebf842b3903f1b3b4223-1","sellTxId":"42d784a0470ca4d51535203b0c25837a33e235ab"}
{"index": {"_index":"sim","_id":"2914572"}}
	{"id":2914572,"type":"buy","buyer":"catotune","seller":"jelly-cz","symbol":"SIM","quantity":"2000.000","price":"0.00050830","timestamp":1646512809,"volume":"1.01660000","buyTxId":"a077314ea61ee49b343f9cf9a06d908e3393f247","sellTxId":"MM-P-15377991-62365794-3-28-0"}
{"index": {"_index":"sim","_id":"2914596"}}
	{"id":2914596,"type":"buy","buyer":"chunkysoupsvc","seller":"jelly-cz","symbol":"SIM","quantity":"1000.000","price":"0.00050830","timestamp":1646513256,"volume":"0.50830000","buyTxId":"e34b8b45c42f06cf0881598a022e949da4828700","sellTxId":"MM-P-15377991-62365794-3-28-0"}
{"index": {"_index":"sim","_id":"2914787"}}
	{"id":2914787,"type":"buy","buyer":"fnvdesigns","seller":"jelly-cz","symbol":"SIM","quantity":"8000.000","price":"0.00050830","timestamp":1646515308,"volume":"4.06640000","buyTxId":"5f92f0aa84c205692be702cbebd698b100bbe17a","sellTxId":"MM-P-15377991-62365794-3-28-0"}
{"index": {"_index":"sim","_id":"2914891"}}
	{"id":2914891,"type":"sell","buyer":"irqueawkins","seller":"jelly13","symbol":"SIM","quantity":"12380.000","price":"0.00050800","timestamp":1646517156,"volume":"6.28904000","buyTxId":"8ae42a8932789c868e2e2b20e1921646ede97310","sellTxId":"7df16e87afac6adf732fe7a0983bb8758c7855a7"}
{"index": {"_index":"sim","_id":"2914953"}}
	{"id":2914953,"type":"sell","buyer":"pi-trader","seller":"boycharlieplays","symbol":"SIM","quantity":"150000.000","price":"0.00048001","timestamp":1646517666,"volume":"72.00150000","buyTxId":"035f13b5c03710adc4c2250dea64f354c3ce96be","sellTxId":"c9567a76a089cde0e04fd080280cff5e011b59da"}
{"index": {"_index":"sim","_id":"2914977"}}
	{"id":2914977,"type":"sell","buyer":"pi-trader","seller":"imagenius","symbol":"SIM","quantity":"38.393","price":"0.00048001","timestamp":1646517819,"volume":"0.01842902","buyTxId":"35cbb0eb9689cf7ef1c63ebeef38731237a272f3-2","sellTxId":"0cf01d2ff7e928fafb9508d53111cd5694f393b4"}
{"index": {"_index":"sim","_id":"2915315"}}
	{"id":2915315,"type":"sell","buyer":"pi-trader","seller":"he-index","symbol":"SIM","quantity":"38.666","price":"0.00048101","timestamp":1646521266,"volume":"0.01859873","buyTxId":"71028d39c5263be11cb512362afa07081328c858-5","sellTxId":"55fbb14b68ef5a63c8a3506dda19f9f8df25e31a"}
{"index": {"_index":"sim","_id":"2915708"}}
	{"id":2915708,"type":"sell","buyer":"pi-trader","seller":"oahb132","symbol":"SIM","quantity":"341.687","price":"0.00048101","timestamp":1646525370,"volume":"0.16435486","buyTxId":"986783d2fadabcdb690e0505ea73538cd7b1b140-3","sellTxId":"bfe42c1e4eb148da8151e90af3c43cb76183b0da"}
{"index": {"_index":"sim","_id":"2915734"}}
	{"id":2915734,"type":"sell","buyer":"pi-trader","seller":"brofi-market","symbol":"SIM","quantity":"0.003","price":"0.00048101","timestamp":1646525592,"volume":"0.00000144","buyTxId":"a3e8c887ecddff5de9f95fa2191b58b6b701177a-3","sellTxId":"0d7142d1bd89b4152a3f4cb1f08eedd933e39a44"}
{"index": {"_index":"sim","_id":"2916032"}}
	{"id":2916032,"type":"buy","buyer":"cunctator89","seller":"jelly-cz","symbol":"SIM","quantity":"98500.000","price":"0.00050698","timestamp":1646529168,"volume":"49.93753000","buyTxId":"8b4bbff8bc17319fc4dcfc8f80c6563ae73362e3","sellTxId":"MM-P-15383178-62370985-3-28-0"}
{"index": {"_index":"sim","_id":"2916135"}}
	{"id":2916135,"type":"buy","buyer":"konvik","seller":"steem-hodler","symbol":"SIM","quantity":"41655.000","price":"0.00050000","timestamp":1646530578,"volume":"20.82750000","buyTxId":"59f0c75b04166b73db6d915b7d1720553a334a1c-0","sellTxId":"9b5ea2f102ce2ce7d93aec847da79c3892c1fe5a"}
{"index": {"_index":"sim","_id":"2916211"}}
	{"id":2916211,"type":"buy","buyer":"catotune","seller":"jelly-cz","symbol":"SIM","quantity":"47384.000","price":"0.00050698","timestamp":1646531682,"volume":"24.02274032","buyTxId":"ff7e4415f36cea3294978aef185590d311423584","sellTxId":"MM-P-15383178-62370985-3-28-0"}
{"index": {"_index":"sim","_id":"2916212"}}
	{"id":2916212,"type":"buy","buyer":"catotune","seller":"brofi-market","symbol":"SIM","quantity":"0.003","price":"0.00050749","timestamp":1646531682,"volume":"0.00000152","buyTxId":"ff7e4415f36cea3294978aef185590d311423584","sellTxId":"ac5b697599a636521392779e6bed56a106ebdddc"}
{"index": {"_index":"sim","_id":"2916213"}}
	{"id":2916213,"type":"buy","buyer":"catotune","seller":"jelly13","symbol":"SIM","quantity":"11055.997","price":"0.00050800","timestamp":1646531682,"volume":"5.61644648","buyTxId":"ff7e4415f36cea3294978aef185590d311423584","sellTxId":"7df16e87afac6adf732fe7a0983bb8758c7855a7"}
{"index": {"_index":"sim","_id":"2916229"}}
	{"id":2916229,"type":"buy","buyer":"gsauce1989","seller":"jelly13","symbol":"SIM","quantity":"20000.000","price":"0.00050800","timestamp":1646531769,"volume":"10.16000000","buyTxId":"9934fed4122333b3b47ed3f83a631078368e5771","sellTxId":"7df16e87afac6adf732fe7a0983bb8758c7855a7"}
{"index": {"_index":"sim","_id":"2916283"}}
	{"id":2916283,"type":"sell","buyer":"pi-trader","seller":"thatcryptodave","symbol":"SIM","quantity":"383.565","price":"0.00048001","timestamp":1646532804,"volume":"0.18411504","buyTxId":"1524005617d091dfb8ca557cdea43297957696ac-1","sellTxId":"33dcecb6c94f4dc25e04099ca922989d8d31fe9c"}
{"index": {"_index":"sim","_id":"2916299"}}
	{"id":2916299,"type":"sell","buyer":"pi-trader","seller":"theshaki","symbol":"SIM","quantity":"70.347","price":"0.00048001","timestamp":1646533014,"volume":"0.03376726","buyTxId":"de2594ba65b61fdc331ed9c785300617a01f718b-3","sellTxId":"0bc89e004896c73097417597a90ccbc5717ac8cc"}
{"index": {"_index":"sim","_id":"2916498"}}
	{"id":2916498,"type":"sell","buyer":"pi-trader","seller":"n4tiv3","symbol":"SIM","quantity":"589.000","price":"0.00048001","timestamp":1646536209,"volume":"0.28272589","buyTxId":"2f4786a61142b778d091f22f71e39e0ff4c0ebf4-1","sellTxId":"31176c997b65585f3a76d109dd99e60cbc92b8cd"}
{"index": {"_index":"sim","_id":"2916522"}}
	{"id":2916522,"type":"buy","buyer":"libert","seller":"jelly-cz","symbol":"SIM","quantity":"14167.766","price":"0.00050749","timestamp":1646536551,"volume":"7.19","buyTxId":"cd188d8a1644b4d3292b5c910a16d43bc09409c1","sellTxId":"MM-P-15385270-62373079-3-28-0"}
{"index": {"_index":"sim","_id":"2916541"}}
	{"id":2916541,"type":"buy","buyer":"svirus","seller":"steem-hodler","symbol":"SIM","quantity":"22051.940","price":"0.00050000","timestamp":1646536971,"volume":"11.02597000","buyTxId":"f8424367ff1a876a6608e7ce076edec920ecdad7-0","sellTxId":"eab1c58f722b82012b5859cd9091fc0b8261b70b"}
{"index": {"_index":"sim","_id":"2916544"}}
	{"id":2916544,"type":"sell","buyer":"pi-trader","seller":"steem-hodler","symbol":"SIM","quantity":"5770.000","price":"0.00048201","timestamp":1646537076,"volume":"2.78119770","buyTxId":"735b40b112f119ce94eba9cc6f20ad401f307308-1","sellTxId":"a906bbc4c45d0730ce7045b8ac0968883b20b103"}
