{"index": {"_index":"sim","_id":"2047600"}}
	{"id":2047600,"type":"sell","buyer":"pi-trader","seller":"otherbrandt","symbol":"SIM","quantity":"21624.000","price":"0.00072296","timestamp":1637380884,"volume":"15.63328704","buyTxId":"de9730c234bf44830c8b55eb2d70586b05ce0991-4","sellTxId":"0fc06b031f678edcb34178824ba4f3968b074112"}
{"index": {"_index":"sim","_id":"2047616"}}
	{"id":2047616,"type":"buy","buyer":"eythorphoto","seller":"pi-trader","symbol":"SIM","quantity":"2000.000","price":"0.00079948","timestamp":1637380965,"volume":"1.59896000","buyTxId":"00effe36a643a65e57dad7b2f89658bacd6cac1d","sellTxId":"95dc2a14a571105c8625afb57cf89c4bb77dc56b-5"}
{"index": {"_index":"sim","_id":"2047653"}}
	{"id":2047653,"type":"sell","buyer":"pi-trader","seller":"eythorphoto","symbol":"SIM","quantity":"2517.500","price":"0.00072302","timestamp":1637381433,"volume":"1.82020285","buyTxId":"6fc00e16b6f5658e6a03bc3d43f12308e958944b-5","sellTxId":"b112e2af0a2ccecac73110e79e1f44a4c0088280"}
{"index": {"_index":"sim","_id":"2047683"}}
	{"id":2047683,"type":"sell","buyer":"pi-trader","seller":"brofi-market","symbol":"SIM","quantity":"0.001","price":"0.00072302","timestamp":1637381520,"volume":"0.00000072","buyTxId":"7af505167777b8c09fb8f098135f8a1a790a889e-1","sellTxId":"7f704c0b5158c6d090d2e9d667b2621b22feb3e7"}
{"index": {"_index":"sim","_id":"2047703"}}
	{"id":2047703,"type":"sell","buyer":"pi-trader","seller":"nftmart.fees","symbol":"SIM","quantity":"616.800","price":"0.00072302","timestamp":1637381634,"volume":"0.44595874","buyTxId":"3305c7e117f854c6ce4cc87a265b44a225cf1a27-1","sellTxId":"396c70ef64330fb90072e2463ad727d82da6764e"}
{"index": {"_index":"sim","_id":"2047983"}}
	{"id":2047983,"type":"sell","buyer":"pi-trader","seller":"he-index","symbol":"SIM","quantity":"51.585","price":"0.00072335","timestamp":1637384766,"volume":"0.03731401","buyTxId":"1a7bf0278a1e688298149aaf1ee47f6ac2a262ba-1","sellTxId":"02214ab87a822f285a7f06df8e91e43c0970d8f8"}
{"index": {"_index":"sim","_id":"2047993"}}
	{"id":2047993,"type":"buy","buyer":"pimpstudio","seller":"pi-trader","symbol":"SIM","quantity":"37090.159","price":"0.00079948","timestamp":1637384976,"volume":"29.65284032","buyTxId":"392629de8f842a46aaae2b728f09496cbb2ac04b","sellTxId":"fea5fdd9af3cdd1a749d283909cef2b6f5e5d6a5-1"}
{"index": {"_index":"sim","_id":"2048055"}}
	{"id":2048055,"type":"sell","buyer":"pi-trader","seller":"artistparthoroy","symbol":"SIM","quantity":"2552.000","price":"0.00072344","timestamp":1637385774,"volume":"1.84621888","buyTxId":"79820c2e65e1cb47b3e2ecae9cfebd9e6556617d-1","sellTxId":"a717432b7794ba43949b3a9e3efa57c54ea99e3e"}
{"index": {"_index":"sim","_id":"2048135"}}
	{"id":2048135,"type":"sell","buyer":"pi-trader","seller":"lionsuit","symbol":"SIM","quantity":"6.964","price":"0.00073007","timestamp":1637387259,"volume":"0.00508421","buyTxId":"667916823e95189e10e398244b3e8fac5d360ab4-1","sellTxId":"ad7821cc4735263c517d064134c72170dc23aa4d"}
{"index": {"_index":"sim","_id":"2048212"}}
	{"id":2048212,"type":"sell","buyer":"pi-trader","seller":"atomcollector","symbol":"SIM","quantity":"2290.000","price":"0.00073016","timestamp":1637388108,"volume":"1.67206640","buyTxId":"26a4e91d7243829559ce2669f13fd858022ab7a7-4","sellTxId":"8c33a17f8c802de504f4e05c2dec703ab013e586"}
{"index": {"_index":"sim","_id":"2048241"}}
	{"id":2048241,"type":"sell","buyer":"pi-trader","seller":"dswap","symbol":"SIM","quantity":"9528.620","price":"0.00073019","timestamp":1637388537,"volume":"6.95770304","buyTxId":"5f749b56bc6fcffcd43fb140ebb3359613285ea4-3","sellTxId":"b70a681ce7b33e015bc33a31adb2b0bae14ae292"}
{"index": {"_index":"sim","_id":"2048303"}}
	{"id":2048303,"type":"sell","buyer":"pi-trader","seller":"paragism","symbol":"SIM","quantity":"328.000","price":"0.00073028","timestamp":1637389233,"volume":"0.23953184","buyTxId":"02261f8fcf6ff2637d444eba78ed0a9acb5bfe69-3","sellTxId":"a7e8a62556158ae08644c2d8cbd6e3b0cdb044ec"}
{"index": {"_index":"sim","_id":"2048315"}}
	{"id":2048315,"type":"sell","buyer":"pi-trader","seller":"fantasycrypto","symbol":"SIM","quantity":"17993.924","price":"0.00073028","timestamp":1637389440,"volume":"13.14060282","buyTxId":"f45f7eeff3c25903be6805d4a8e6e2c045d4909a-3","sellTxId":"6b0ae42d9d9c50dddaf952f126ba7107e2f8f6fc"}
{"index": {"_index":"sim","_id":"2048323"}}
	{"id":2048323,"type":"sell","buyer":"pi-trader","seller":"valor2s","symbol":"SIM","quantity":"31.000","price":"0.00073028","timestamp":1637389512,"volume":"0.02263868","buyTxId":"c944e2ff77a35a1465098a47d18afc961f6ef5c5-3","sellTxId":"f3090c0ac8b9498591a294976ab45ff2cced0a97"}
{"index": {"_index":"sim","_id":"2048351"}}
	{"id":2048351,"type":"buy","buyer":"agolasol","seller":"pi-trader","symbol":"SIM","quantity":"700.000","price":"0.00079947","timestamp":1637389923,"volume":"0.55962900","buyTxId":"c6fcfe584890fefe630f36d3967805812953884d","sellTxId":"ef5a5b443dca4668eafb3c237460dd708a41dac2-2"}
{"index": {"_index":"sim","_id":"2048535"}}
	{"id":2048535,"type":"buy","buyer":"weldmaster","seller":"pi-trader","symbol":"SIM","quantity":"13031.000","price":"0.00079947","timestamp":1637391051,"volume":"10.41789357","buyTxId":"302c3b673c4a92c4b0bf5bf53cbf964ebf65820d","sellTxId":"bc65d357068a436948e07209a36ca0ae7b417580-2"}
{"index": {"_index":"sim","_id":"2048688"}}
	{"id":2048688,"type":"buy","buyer":"cryptoaeneas","seller":"medaymane","symbol":"SIM","quantity":"406.000","price":"0.00079049","timestamp":1637392539,"volume":"0.32093894","buyTxId":"c9771f7156b86a28b114e24f95fc211d90774ae5","sellTxId":"3ba22ef1f7b28bf4b3f1dbac39eef661e59cc5e2"}
{"index": {"_index":"sim","_id":"2048689"}}
	{"id":2048689,"type":"buy","buyer":"cryptoaeneas","seller":"brofi-market","symbol":"SIM","quantity":"0.001","price":"0.00079948","timestamp":1637392539,"volume":"0.00000080","buyTxId":"c9771f7156b86a28b114e24f95fc211d90774ae5","sellTxId":"509fa4f38593c77a73baa82742d73f222e1a209a"}
{"index": {"_index":"sim","_id":"2048690"}}
	{"id":2048690,"type":"buy","buyer":"cryptoaeneas","seller":"pokerarema","symbol":"SIM","quantity":"23310.040","price":"0.00079949","timestamp":1637392539,"volume":"18.63614388","buyTxId":"c9771f7156b86a28b114e24f95fc211d90774ae5","sellTxId":"0395888f0b18037958ce773beb31eee211e687a6"}
{"index": {"_index":"sim","_id":"2048691"}}
	{"id":2048691,"type":"sell","buyer":"pi-trader","seller":"thatcryptodave","symbol":"SIM","quantity":"257.315","price":"0.00073058","timestamp":1637392542,"volume":"0.18798919","buyTxId":"e7a0a9e634254602a2b8af720cf9923f36a55a18-1","sellTxId":"3ae67426eb29c8043f6a5869e4f2a58d95a04830"}
{"index": {"_index":"sim","_id":"2048694"}}
	{"id":2048694,"type":"sell","buyer":"cryptoaeneas","seller":"invest4free","symbol":"SIM","quantity":"1000.000","price":"0.00074600","timestamp":1637392623,"volume":"0.74600000","buyTxId":"dd406fda0d3100553764d03963d5d4ce99639fcc","sellTxId":"dafeefed181ef4a344aad6e2d33cd12b986c42e7"}
{"index": {"_index":"sim","_id":"2049126"}}
	{"id":2049126,"type":"sell","buyer":"pi-trader","seller":"outlinez","symbol":"SIM","quantity":"285.030","price":"0.00074601","timestamp":1637398509,"volume":"0.21263523","buyTxId":"96d2c7e9f78e0fcad9fb92d2e43ef60456821515-1","sellTxId":"008bdc759f0a87d31ff105806fc5161e25966f6d"}
{"index": {"_index":"sim","_id":"2049136"}}
	{"id":2049136,"type":"buy","buyer":"looftee","seller":"anosys","symbol":"SIM","quantity":"19.031","price":"0.00075000","timestamp":1637398749,"volume":"0.01427325","buyTxId":"e4db68f6b9e9d5756f76bf8467775c824a781109","sellTxId":"197ca8a01d404ff2830ced98bcbd436aed7cfd7b"}
{"index": {"_index":"sim","_id":"2049143"}}
	{"id":2049143,"type":"sell","buyer":"pi-trader","seller":"mobi72","symbol":"SIM","quantity":"9232.840","price":"0.00075001","timestamp":1637399133,"volume":"6.92472233","buyTxId":"fa9ed2f628b32f3ee2a537f226d74af5d98e2f5e-3","sellTxId":"088517bbc3baf6cc089a1a93b71135f28b09672d"}
{"index": {"_index":"sim","_id":"2049156"}}
	{"id":2049156,"type":"sell","buyer":"pi-trader","seller":"balte","symbol":"SIM","quantity":"11000.000","price":"0.00075001","timestamp":1637399391,"volume":"8.25011000","buyTxId":"dac1d38adc08c1f2c757709945032a95098a491c-3","sellTxId":"d897a10ca6fa8ec11f20ba49df61177bd6eaae08"}
{"index": {"_index":"sim","_id":"2049439"}}
	{"id":2049439,"type":"sell","buyer":"pi-trader","seller":"inri","symbol":"SIM","quantity":"36917.000","price":"0.00075001","timestamp":1637402916,"volume":"27.68811917","buyTxId":"02cc97a23e4f90dd40918238ab492e2ae842fbd8-3","sellTxId":"4022ca9cd89f588b70a27d4f4bb63443c0270dd9"}
{"index": {"_index":"sim","_id":"2049514"}}
	{"id":2049514,"type":"sell","buyer":"pi-trader","seller":"muenchen","symbol":"SIM","quantity":"8593.850","price":"0.00075001","timestamp":1637403702,"volume":"6.44547344","buyTxId":"0dee48acd04b7b1d6d826c84f6197c58251dd6f6-5","sellTxId":"fefa060fb16859ae5914990af6585ddfcc9a86c9"}
{"index": {"_index":"sim","_id":"2049605"}}
	{"id":2049605,"type":"buy","buyer":"nzore","seller":"jelly13","symbol":"SIM","quantity":"1654.765","price":"0.00078748","timestamp":1637405226,"volume":"1.30309434","buyTxId":"d835b4f3215ce370b76db93a376f8796e068f7ab","sellTxId":"f868b407afc778bc22efe883b28e229ede8c21f7"}
{"index": {"_index":"sim","_id":"2049694"}}
	{"id":2049694,"type":"sell","buyer":"pi-trader","seller":"kaeptn-iglo","symbol":"SIM","quantity":"6323.160","price":"0.00076001","timestamp":1637406879,"volume":"4.80566483","buyTxId":"8598679df4ad3f086bf905ace3bd604ece29e532-3","sellTxId":"1205af5c1d470f9d3d3ce5e7e1ff085edce29852"}
{"index": {"_index":"sim","_id":"2049711"}}
	{"id":2049711,"type":"buy","buyer":"libbane","seller":"fiberfrau","symbol":"SIM","quantity":"15.000","price":"0.00077000","timestamp":1637407245,"volume":"0.01155000","buyTxId":"a2938c6c9e226a55ae0b673c4c96459dbe073036","sellTxId":"344ae40189e1fd10b7db253aa175630e2a260cf0"}
{"index": {"_index":"sim","_id":"2049720"}}
	{"id":2049720,"type":"buy","buyer":"libbane","seller":"jelly13","symbol":"SIM","quantity":"6000.000","price":"0.00078748","timestamp":1637407386,"volume":"4.72488000","buyTxId":"7fbe856628f9ef3cce5ea35be72def5088905c4a","sellTxId":"f868b407afc778bc22efe883b28e229ede8c21f7"}
{"index": {"_index":"sim","_id":"2049753"}}
	{"id":2049753,"type":"buy","buyer":"svirus","seller":"jelly13","symbol":"SIM","quantity":"7767.230","price":"0.00078748","timestamp":1637407728,"volume":"6.11653828","buyTxId":"a207eb071d076ffe352c18d80aa9455fdba3917f-0","sellTxId":"f868b407afc778bc22efe883b28e229ede8c21f7"}
{"index": {"_index":"sim","_id":"2049754"}}
	{"id":2049754,"type":"buy","buyer":"konvik","seller":"jelly13","symbol":"SIM","quantity":"0.005","price":"0.00078748","timestamp":1637407728,"volume":"0.00000394","buyTxId":"fde833c9133542f7c8ff71c0273ddcd428d468d0-0","sellTxId":"f868b407afc778bc22efe883b28e229ede8c21f7"}
{"index": {"_index":"sim","_id":"2049755"}}
	{"id":2049755,"type":"buy","buyer":"konvik","seller":"pokerarema","symbol":"SIM","quantity":"226689.960","price":"0.00079949","timestamp":1637407731,"volume":"181.23635612","buyTxId":"73ca1a7a9597356d39c517a719cb6f449a14f91b-0","sellTxId":"0395888f0b18037958ce773beb31eee211e687a6"}
{"index": {"_index":"sim","_id":"2049758"}}
	{"id":2049758,"type":"buy","buyer":"konvik","seller":"dera123","symbol":"SIM","quantity":"12806.272","price":"0.00080000","timestamp":1637407734,"volume":"10.24501760","buyTxId":"b8d06850f79d6ebd6cf2ca3d65edf374c89d3697-0","sellTxId":"c953dae09f7c7a230a7854aa319432d1e021eee7"}
{"index": {"_index":"sim","_id":"2049759"}}
	{"id":2049759,"type":"buy","buyer":"konvik","seller":"peerfinance","symbol":"SIM","quantity":"0.128","price":"0.00080000","timestamp":1637407734,"volume":"0.00010240","buyTxId":"b8d06850f79d6ebd6cf2ca3d65edf374c89d3697-0","sellTxId":"7d9febc2adb51fc8c654f4f30f232266ad9680ea"}
{"index": {"_index":"sim","_id":"2049761"}}
	{"id":2049761,"type":"buy","buyer":"konvik","seller":"peerfinance","symbol":"SIM","quantity":"194.287","price":"0.00080000","timestamp":1637407737,"volume":"0.15542960","buyTxId":"598a099afd56eea5725ff67599856b5c0241a99a-0","sellTxId":"7d9febc2adb51fc8c654f4f30f232266ad9680ea"}
{"index": {"_index":"sim","_id":"2049762"}}
	{"id":2049762,"type":"buy","buyer":"konvik","seller":"augustbrown","symbol":"SIM","quantity":"14.000","price":"0.00080000","timestamp":1637407737,"volume":"0.01120000","buyTxId":"598a099afd56eea5725ff67599856b5c0241a99a-0","sellTxId":"3d09146e782f70514d79db9f1e7202644f9d0807"}
{"index": {"_index":"sim","_id":"2049763"}}
	{"id":2049763,"type":"buy","buyer":"konvik","seller":"cccf","symbol":"SIM","quantity":"17.742","price":"0.00080200","timestamp":1637407737,"volume":"0.01422908","buyTxId":"598a099afd56eea5725ff67599856b5c0241a99a-0","sellTxId":"3d348a5aad70a1ff44aff8ac5974cd84a3fe5dc9"}
{"index": {"_index":"sim","_id":"2049764"}}
	{"id":2049764,"type":"buy","buyer":"konvik","seller":"jelly-cz","symbol":"SIM","quantity":"66501.638","price":"0.00080969","timestamp":1637407737,"volume":"53.84571127","buyTxId":"598a099afd56eea5725ff67599856b5c0241a99a-0","sellTxId":"MM-P-12333660-59319993-3-33-0"}
{"index": {"_index":"sim","_id":"2049766"}}
	{"id":2049766,"type":"buy","buyer":"konvik","seller":"jelly-cz","symbol":"SIM","quantity":"225.362","price":"0.00080969","timestamp":1637407740,"volume":"0.18247336","buyTxId":"c8bced4861274c9c1ed62c75f7958033c91b12fc-0","sellTxId":"MM-P-12333660-59319993-3-33-0"}
{"index": {"_index":"sim","_id":"2049767"}}
	{"id":2049767,"type":"buy","buyer":"konvik","seller":"brofi-market","symbol":"SIM","quantity":"0.007","price":"0.00080987","timestamp":1637407740,"volume":"0.00000567","buyTxId":"c8bced4861274c9c1ed62c75f7958033c91b12fc-0","sellTxId":"2a7281d9c06759ab7f1af3932347d67be7b3bc2c"}
{"index": {"_index":"sim","_id":"2049768"}}
	{"id":2049768,"type":"buy","buyer":"konvik","seller":"atomcollector","symbol":"SIM","quantity":"6774.700","price":"0.00081400","timestamp":1637407740,"volume":"5.51460580","buyTxId":"c8bced4861274c9c1ed62c75f7958033c91b12fc-0","sellTxId":"cf9b5d86628ad5476583364250a85ee328f3c7a0"}
{"index": {"_index":"sim","_id":"2049769"}}
	{"id":2049769,"type":"buy","buyer":"konvik","seller":"atomcollector","symbol":"SIM","quantity":"225.300","price":"0.00081400","timestamp":1637407743,"volume":"0.18339420","buyTxId":"3da8384eaad99b00190220f5069ef8048de5e959-0","sellTxId":"cf9b5d86628ad5476583364250a85ee328f3c7a0"}
{"index": {"_index":"sim","_id":"2049770"}}
	{"id":2049770,"type":"buy","buyer":"konvik","seller":"brofi-market","symbol":"SIM","quantity":"0.003","price":"0.00081847","timestamp":1637407743,"volume":"0.00000246","buyTxId":"3da8384eaad99b00190220f5069ef8048de5e959-0","sellTxId":"e01fe964b8d09b398e86731f3845848ff3a69401"}
{"index": {"_index":"sim","_id":"2049771"}}
	{"id":2049771,"type":"buy","buyer":"konvik","seller":"brofi-market","symbol":"SIM","quantity":"0.006","price":"0.00082947","timestamp":1637407743,"volume":"0.00000498","buyTxId":"3da8384eaad99b00190220f5069ef8048de5e959-0","sellTxId":"15bf07b396326658805614c0e1a321c404694c65"}
{"index": {"_index":"sim","_id":"2049772"}}
	{"id":2049772,"type":"buy","buyer":"konvik","seller":"brofi-market","symbol":"SIM","quantity":"0.001","price":"0.00082947","timestamp":1637407743,"volume":"0.00000083","buyTxId":"3da8384eaad99b00190220f5069ef8048de5e959-0","sellTxId":"3476adc25538d532908bbad046940bb30824a934"}
{"index": {"_index":"sim","_id":"2049773"}}
	{"id":2049773,"type":"buy","buyer":"konvik","seller":"jelly-cz","symbol":"SIM","quantity":"66502.357","price":"0.00082947","timestamp":1637407743,"volume":"55.16171006","buyTxId":"3da8384eaad99b00190220f5069ef8048de5e959-0","sellTxId":"MM-P-12352768-59339107-3-33-0"}
{"index": {"_index":"sim","_id":"2049774"}}
	{"id":2049774,"type":"buy","buyer":"konvik","seller":"jelly-cz","symbol":"SIM","quantity":"224.643","price":"0.00082947","timestamp":1637407746,"volume":"0.18633463","buyTxId":"89cd6922c9553c70f0a7fb5a81d5c3f832592a4b-0","sellTxId":"MM-P-12352768-59339107-3-33-0"}
{"index": {"_index":"sim","_id":"2049775"}}
	{"id":2049775,"type":"buy","buyer":"konvik","seller":"jelly13","symbol":"SIM","quantity":"223448.640","price":"0.00082949","timestamp":1637407746,"volume":"185.34841239","buyTxId":"89cd6922c9553c70f0a7fb5a81d5c3f832592a4b-0","sellTxId":"a087bc8a964c5d05f1f0d9b89585fa458571ee17"}
{"index": {"_index":"sim","_id":"2050103"}}
	{"id":2050103,"type":"sell","buyer":"pi-trader","seller":"brofi-market","symbol":"SIM","quantity":"0.006","price":"0.00077001","timestamp":1637410104,"volume":"0.00000462","buyTxId":"ce0ea126271e99879aa9725ffcd3be889b81c1a8-2","sellTxId":"c1d4a6a61981c61605c26b9ec0a2fe524f8db711"}
{"index": {"_index":"sim","_id":"2050167"}}
	{"id":2050167,"type":"sell","buyer":"pi-trader","seller":"tefer13","symbol":"SIM","quantity":"12376.260","price":"0.00077001","timestamp":1637410659,"volume":"9.52984396","buyTxId":"cee110feea0e2ab54e01194ea0e994099f18338a-5","sellTxId":"16a264801bf136403710b4571d0d24a6d097e1b1"}
{"index": {"_index":"sim","_id":"2050291"}}
	{"id":2050291,"type":"sell","buyer":"pi-trader","seller":"rickardoh","symbol":"SIM","quantity":"7.701","price":"0.00077001","timestamp":1637411727,"volume":"0.00592985","buyTxId":"a470090f012794e143b68083ed4f32e53217746b-5","sellTxId":"f49921db3909ad1b6f8d29eca46636f16dd57dad"}
{"index": {"_index":"sim","_id":"2050358"}}
	{"id":2050358,"type":"buy","buyer":"konvik","seller":"tonytrillions","symbol":"SIM","quantity":"0.009","price":"0.00080000","timestamp":1637412387,"volume":"0.00000720","buyTxId":"9289d4a5d007bbd756781867ddfd933d4ff600aa-0","sellTxId":"03e9629abc0fdb37b65e93d22968f3823141f544"}
{"index": {"_index":"sim","_id":"2050359"}}
	{"id":2050359,"type":"buy","buyer":"konvik","seller":"jelly-cz","symbol":"SIM","quantity":"65012.082","price":"0.00082945","timestamp":1637412387,"volume":"53.92427141","buyTxId":"9289d4a5d007bbd756781867ddfd933d4ff600aa-0","sellTxId":"MM-P-12353566-59339905-3-33-0"}
{"index": {"_index":"sim","_id":"2050367"}}
	{"id":2050367,"type":"sell","buyer":"pi-trader","seller":"eforucom","symbol":"SIM","quantity":"0.008","price":"0.00077001","timestamp":1637412444,"volume":"0.00000616","buyTxId":"0c1c2fe78a266b3f29a617eddf2f3f51a90a379d-1","sellTxId":"ff91ebf1583d35733c0778f50c75c49ea919ef02"}
{"index": {"_index":"sim","_id":"2050369"}}
	{"id":2050369,"type":"sell","buyer":"pi-trader","seller":"emsonic","symbol":"SIM","quantity":"4126.000","price":"0.00077001","timestamp":1637412450,"volume":"3.17706126","buyTxId":"0c1c2fe78a266b3f29a617eddf2f3f51a90a379d-1","sellTxId":"bc3740e5dd55a2b06c255f9e21e443ad1c9e029f"}
{"index": {"_index":"sim","_id":"2050392"}}
	{"id":2050392,"type":"sell","buyer":"pi-trader","seller":"tattoodjay","symbol":"SIM","quantity":"50000.000","price":"0.00077001","timestamp":1637412624,"volume":"38.50050000","buyTxId":"0c11f5468c8663b29d8b6d27206aa0b11f2e5c06-5","sellTxId":"d8e6305f2bec026b6240ea4e1bc262b852e80f6d"}
{"index": {"_index":"sim","_id":"2050393"}}
	{"id":2050393,"type":"sell","buyer":"libbane","seller":"tattoodjay","symbol":"SIM","quantity":"14985.000","price":"0.00077000","timestamp":1637412624,"volume":"11.53845000","buyTxId":"a2938c6c9e226a55ae0b673c4c96459dbe073036","sellTxId":"d8e6305f2bec026b6240ea4e1bc262b852e80f6d"}
{"index": {"_index":"sim","_id":"2050394"}}
	{"id":2050394,"type":"sell","buyer":"bellygun","seller":"tattoodjay","symbol":"SIM","quantity":"0.139","price":"0.00076000","timestamp":1637412624,"volume":"0.00010564","buyTxId":"4d65e5a0db2d2529ca54d5d4a47d83de18a13b39","sellTxId":"d8e6305f2bec026b6240ea4e1bc262b852e80f6d"}
{"index": {"_index":"sim","_id":"2050395"}}
	{"id":2050395,"type":"sell","buyer":"looftee","seller":"tattoodjay","symbol":"SIM","quantity":"2210.969","price":"0.00075000","timestamp":1637412624,"volume":"1.65822675","buyTxId":"e4db68f6b9e9d5756f76bf8467775c824a781109","sellTxId":"d8e6305f2bec026b6240ea4e1bc262b852e80f6d"}
{"index": {"_index":"sim","_id":"2050396"}}
	{"id":2050396,"type":"sell","buyer":"mchero","seller":"tattoodjay","symbol":"SIM","quantity":"114.652","price":"0.00075000","timestamp":1637412624,"volume":"0.08598900","buyTxId":"7a7fcee0ce31a0955e1a560838b9536e1b776041","sellTxId":"d8e6305f2bec026b6240ea4e1bc262b852e80f6d"}
{"index": {"_index":"sim","_id":"2050476"}}
	{"id":2050476,"type":"sell","buyer":"pi-trader","seller":"captaincryptic","symbol":"SIM","quantity":"909.030","price":"0.00075001","timestamp":1637413248,"volume":"0.68178159","buyTxId":"fd5191221e4c63ca1795de4236c6a525bd33564e-3","sellTxId":"1a4b90db83e1b05c6b03e1db9bbd05b27d15060f"}
{"index": {"_index":"sim","_id":"2050503"}}
	{"id":2050503,"type":"sell","buyer":"pi-trader","seller":"eforucom","symbol":"SIM","quantity":"0.001","price":"0.00075001","timestamp":1637413869,"volume":"0.00000075","buyTxId":"7f60aa7a37347eec2a5b8e9ca45dbafc1003f4e9-3","sellTxId":"6ee455ef1ae137f494b3b207ea62bd72afd91909"}
{"index": {"_index":"sim","_id":"2050953"}}
	{"id":2050953,"type":"sell","buyer":"pi-trader","seller":"unicron","symbol":"SIM","quantity":"20000.000","price":"0.00075001","timestamp":1637418828,"volume":"15.00020000","buyTxId":"f1f173b95b060f79b6d34951d6f4273ab014ebbd-1","sellTxId":"c132379920fcca54bcf316725692f2c765e1d878"}
{"index": {"_index":"sim","_id":"2050999"}}
	{"id":2050999,"type":"sell","buyer":"pi-trader","seller":"eforucom","symbol":"SIM","quantity":"0.070","price":"0.00075001","timestamp":1637419590,"volume":"0.00005250","buyTxId":"cfd4762f028f806452efe4c4dad2ab2dce1104de-6","sellTxId":"d5e52d2b09ac975f9df535bc387ee95c41dcccec"}
{"index": {"_index":"sim","_id":"2051125"}}
	{"id":2051125,"type":"sell","buyer":"pi-trader","seller":"elricmoonslayer","symbol":"SIM","quantity":"137.030","price":"0.00075001","timestamp":1637420886,"volume":"0.10277387","buyTxId":"d438427d633db1a1d3e8ae598ec820754eb587b5-1","sellTxId":"47318917c4be6d17cb638f4783700b7bd83dd5b7"}
{"index": {"_index":"sim","_id":"2051362"}}
	{"id":2051362,"type":"buy","buyer":"achimmertens","seller":"tonytrillions","symbol":"SIM","quantity":"0.037","price":"0.00080000","timestamp":1637422575,"volume":"0.00002960","buyTxId":"220b3c960ef229e7d131ad719b021332512182b5","sellTxId":"44f7dfb2aa887a49da8eb77a9ed9bc48a2973912"}
{"index": {"_index":"sim","_id":"2051363"}}
	{"id":2051363,"type":"buy","buyer":"achimmertens","seller":"jelly-cz","symbol":"SIM","quantity":"55526.483","price":"0.00082847","timestamp":1637422575,"volume":"46.00202537","buyTxId":"220b3c960ef229e7d131ad719b021332512182b5","sellTxId":"MM-P-12354464-59340803-3-33-0"}
{"index": {"_index":"sim","_id":"2051374"}}
	{"id":2051374,"type":"buy","buyer":"nyxlabs","seller":"jelly-cz","symbol":"SIM","quantity":"6002.000","price":"0.00082847","timestamp":1637422710,"volume":"4.97247694","buyTxId":"cafaceac2734214f55ce4b754169c5008bfe43de","sellTxId":"MM-P-12354464-59340803-3-33-0"}
{"index": {"_index":"sim","_id":"2051408"}}
	{"id":2051408,"type":"sell","buyer":"pi-trader","seller":"industriousliv","symbol":"SIM","quantity":"2000.000","price":"0.00075001","timestamp":1637423103,"volume":"1.50002000","buyTxId":"2d34cd97975ca2523c61e5914cef4a43d5ad02a5-5","sellTxId":"607dc2d720eb8496c088f35762b054a96863f48b"}
{"index": {"_index":"sim","_id":"2051425"}}
	{"id":2051425,"type":"buy","buyer":"dkid14","seller":"jelly-cz","symbol":"SIM","quantity":"5198.517","price":"0.00082847","timestamp":1637423226,"volume":"4.30681538","buyTxId":"84a41d8c23c6ea34136b63743b5fafa692660da3","sellTxId":"MM-P-12354464-59340803-3-33-0"}
{"index": {"_index":"sim","_id":"2051426"}}
	{"id":2051426,"type":"buy","buyer":"dkid14","seller":"pokerarema","symbol":"SIM","quantity":"284801.483","price":"0.00082849","timestamp":1637423226,"volume":"235.95518065","buyTxId":"84a41d8c23c6ea34136b63743b5fafa692660da3","sellTxId":"6e12f993d51e757945c62144a537460bb16c4da6"}
{"index": {"_index":"sim","_id":"2051430"}}
	{"id":2051430,"type":"buy","buyer":"dkid14","seller":"pokerarema","symbol":"SIM","quantity":"66970.517","price":"0.00082849","timestamp":1637423265,"volume":"55.48440363","buyTxId":"f77bc6ef0379a26c61812a449ecbe3741a08b078","sellTxId":"6e12f993d51e757945c62144a537460bb16c4da6"}
{"index": {"_index":"sim","_id":"2051431"}}
	{"id":2051431,"type":"buy","buyer":"dkid14","seller":"brofi-market","symbol":"SIM","quantity":"0.006","price":"0.00082947","timestamp":1637423265,"volume":"0.00000498","buyTxId":"f77bc6ef0379a26c61812a449ecbe3741a08b078","sellTxId":"4a58db500cbe578f0548a0e847a640a4cd71f6c8"}
{"index": {"_index":"sim","_id":"2051432"}}
	{"id":2051432,"type":"buy","buyer":"dkid14","seller":"jelly13","symbol":"SIM","quantity":"93029.477","price":"0.00082949","timestamp":1637423265,"volume":"77.16702088","buyTxId":"f77bc6ef0379a26c61812a449ecbe3741a08b078","sellTxId":"a087bc8a964c5d05f1f0d9b89585fa458571ee17"}
{"index": {"_index":"sim","_id":"2051644"}}
	{"id":2051644,"type":"sell","buyer":"pi-trader","seller":"magnacarta","symbol":"SIM","quantity":"0.099","price":"0.00075001","timestamp":1637424459,"volume":"0.00007425","buyTxId":"e5ac7fa003aa23e5d3000174a15ecf98ba74386b-3","sellTxId":"d3a1f83d7c3b430984a5664738b0d94177f8490e"}
{"index": {"_index":"sim","_id":"2051676"}}
	{"id":2051676,"type":"sell","buyer":"pi-trader","seller":"brofi-market","symbol":"SIM","quantity":"0.001","price":"0.00075001","timestamp":1637424735,"volume":"0.00000075","buyTxId":"7232059b5f6a144b4d8adae6fffcf83757369f11-3","sellTxId":"c743abc5bcfb2bf27e452f87589ced7ecb6694d6"}
{"index": {"_index":"sim","_id":"2051741"}}
	{"id":2051741,"type":"sell","buyer":"pi-trader","seller":"krenden","symbol":"SIM","quantity":"57.472","price":"0.00075001","timestamp":1637425221,"volume":"0.04310457","buyTxId":"fdff500518d5632133c8b1602b4436d4b5a93308-3","sellTxId":"a59387c6fc3d987d10d3b1dbb66b35b6167ecdd7"}
{"index": {"_index":"sim","_id":"2052058"}}
	{"id":2052058,"type":"sell","buyer":"pi-trader","seller":"willsaldeno","symbol":"SIM","quantity":"1895.000","price":"0.00075101","timestamp":1637427381,"volume":"1.42316395","buyTxId":"264d5f5cf1f7e9ea411ad7ed219a7f42c86e2c2f-1","sellTxId":"71c371d8a7a699f6f37907f4547e2b260f8c7841"}
{"index": {"_index":"sim","_id":"2052059"}}
	{"id":2052059,"type":"sell","buyer":"pi-trader","seller":"intimez","symbol":"SIM","quantity":"674.309","price":"0.00075101","timestamp":1637427390,"volume":"0.50641280","buyTxId":"264d5f5cf1f7e9ea411ad7ed219a7f42c86e2c2f-1","sellTxId":"0294292613d330dc485aa0667d0178c8bb4b366b"}
{"index": {"_index":"sim","_id":"2052294"}}
	{"id":2052294,"type":"sell","buyer":"pi-trader","seller":"eforucom","symbol":"SIM","quantity":"0.001","price":"0.00075101","timestamp":1637428443,"volume":"0.00000075","buyTxId":"f1b0ff2a080250bd4e4b9fe807be7d2f7db61804-5","sellTxId":"2e345024fdbd6fe6528aa797d81b5fa987ca112b"}
{"index": {"_index":"sim","_id":"2052411"}}
	{"id":2052411,"type":"sell","buyer":"pi-trader","seller":"bilpcoinbpc","symbol":"SIM","quantity":"30.626","price":"0.00075101","timestamp":1637429211,"volume":"0.02300043","buyTxId":"8d7b982ad22ed7c4df50399ef19fa5cb34e6face-3","sellTxId":"21493221c7bcc304556892401627399eefe0c3fa"}
{"index": {"_index":"sim","_id":"2052472"}}
	{"id":2052472,"type":"sell","buyer":"pi-trader","seller":"iamalivechalleng","symbol":"SIM","quantity":"2.315","price":"0.00075101","timestamp":1637429856,"volume":"0.00173859","buyTxId":"c2d3a9ce7f39ea1911bd7f8d0349686e236084c5-3","sellTxId":"b0418448f8b6ee257bc48d96569d46a1bf043d97"}
{"index": {"_index":"sim","_id":"2052490"}}
	{"id":2052490,"type":"sell","buyer":"pi-trader","seller":"eforucom","symbol":"SIM","quantity":"0.035","price":"0.00075101","timestamp":1637430048,"volume":"0.00002629","buyTxId":"fa5ee9551cf673a3c67f96a600ef93ce9ffe6e95-3","sellTxId":"c5da4508ab4f1496fc0ccd0de718d6bd3f7285d1"}
{"index": {"_index":"sim","_id":"2052499"}}
	{"id":2052499,"type":"sell","buyer":"pi-trader","seller":"eforucom","symbol":"SIM","quantity":"0.001","price":"0.00075101","timestamp":1637430075,"volume":"0.00000075","buyTxId":"fa5ee9551cf673a3c67f96a600ef93ce9ffe6e95-3","sellTxId":"4f32c1bee469c0ddbee01082f58fb4f0c6e8c19b"}
{"index": {"_index":"sim","_id":"2052577"}}
	{"id":2052577,"type":"sell","buyer":"pi-trader","seller":"apoloo1","symbol":"SIM","quantity":"23.034","price":"0.00075101","timestamp":1637430744,"volume":"0.01729876","buyTxId":"fe9fee8f5a78706b4dc2a1b3afb313ef9a0e7cf8-3","sellTxId":"f50c1c1cd753beadbdfd675785ea7e5519a7b383"}
{"index": {"_index":"sim","_id":"2052709"}}
	{"id":2052709,"type":"buy","buyer":"sirmanonu312","seller":"peerfinance","symbol":"SIM","quantity":"35.140","price":"0.00082900","timestamp":1637431560,"volume":"0.02913106","buyTxId":"dc64a9d3929d5ffa9c4f974467f93a2a5d4982de","sellTxId":"097f2050c2a132dd88a0cc081bffc8c1baee09e2"}
{"index": {"_index":"sim","_id":"2052710"}}
	{"id":2052710,"type":"buy","buyer":"sirmanonu312","seller":"brofi-market","symbol":"SIM","quantity":"0.001","price":"0.00082900","timestamp":1637431560,"volume":"0.00000083","buyTxId":"dc64a9d3929d5ffa9c4f974467f93a2a5d4982de","sellTxId":"171da61b642c8a1d7ed0b7355e998ebfe05c8542"}
{"index": {"_index":"sim","_id":"2052711"}}
	{"id":2052711,"type":"buy","buyer":"sirmanonu312","seller":"ganjafarmer","symbol":"SIM","quantity":"1.923","price":"0.00082900","timestamp":1637431560,"volume":"0.00159417","buyTxId":"dc64a9d3929d5ffa9c4f974467f93a2a5d4982de","sellTxId":"25f8199fa1ea5d89d540593e8a251066145adb00"}
{"index": {"_index":"sim","_id":"2052965"}}
	{"id":2052965,"type":"sell","buyer":"sirmanonu312","seller":"alberimsi","symbol":"SIM","quantity":"20.400","price":"0.00082900","timestamp":1637433363,"volume":"0.01691160","buyTxId":"dc64a9d3929d5ffa9c4f974467f93a2a5d4982de","sellTxId":"2879f3451e248eb924c276b872f50d3dace6cac9"}
{"index": {"_index":"sim","_id":"2052981"}}
	{"id":2052981,"type":"buy","buyer":"svirus","seller":"alberimsi","symbol":"SIM","quantity":"19923.880","price":"0.00080000","timestamp":1637433486,"volume":"15.93910400","buyTxId":"b4d18810c7f2724bc2bdcf8c8b0a826c9f3b7cc3-0","sellTxId":"23e2f1bad07a78e5fd804bdacaa5b0b355940797"}
{"index": {"_index":"sim","_id":"2052983"}}
	{"id":2052983,"type":"buy","buyer":"konvik","seller":"alberimsi","symbol":"SIM","quantity":"0.001","price":"0.00080000","timestamp":1637433486,"volume":"0.00000080","buyTxId":"07fa4bd2f37ae276c2a9756e338cba59304190ef-0","sellTxId":"23e2f1bad07a78e5fd804bdacaa5b0b355940797"}
{"index": {"_index":"sim","_id":"2053030"}}
	{"id":2053030,"type":"buy","buyer":"bordel","seller":"pi-trader","symbol":"SIM","quantity":"739.676","price":"0.00082998","timestamp":1637433813,"volume":"0.61391629","buyTxId":"264f9e77dcf30e1c7507286e558f350035e17ea2","sellTxId":"d767a802ea996beb55af5900da78a71758152dbf-7"}
{"index": {"_index":"sim","_id":"2053156"}}
	{"id":2053156,"type":"sell","buyer":"pi-trader","seller":"imperij4427","symbol":"SIM","quantity":"50000.000","price":"0.00075101","timestamp":1637435037,"volume":"37.55050000","buyTxId":"3102d5794625e1e4b5afc3b0ff82a0630935c8d6-3","sellTxId":"7861b08e7b4869f9878f1f3c674d9df25e7f0e49"}
{"index": {"_index":"sim","_id":"2053157"}}
	{"id":2053157,"type":"sell","buyer":"wildebunny","seller":"imperij4427","symbol":"SIM","quantity":"2412.000","price":"0.00075100","timestamp":1637435037,"volume":"1.81141200","buyTxId":"98d6e3d486c93a407ee45ce9794110430e6f07ea","sellTxId":"7861b08e7b4869f9878f1f3c674d9df25e7f0e49"}
{"index": {"_index":"sim","_id":"2053193"}}
	{"id":2053193,"type":"sell","buyer":"pi-trader","seller":"lisamgentile1961","symbol":"SIM","quantity":"35.240","price":"0.00075101","timestamp":1637435499,"volume":"0.02646559","buyTxId":"e42d2a925fea277aed39876322771b8624750b63-4","sellTxId":"312bb2c17d1d53b244e0e40351d42f44c32054d7"}
{"index": {"_index":"sim","_id":"2053224"}}
	{"id":2053224,"type":"buy","buyer":"bordel","seller":"pi-trader","symbol":"SIM","quantity":"2000.000","price":"0.00082998","timestamp":1637435769,"volume":"1.65996000","buyTxId":"d01ae1935a256a93e785e2c396faae03ffcccb07","sellTxId":"8535ec666af38d17f1cde47f6979af6782e9162f-12"}
{"index": {"_index":"sim","_id":"2053277"}}
	{"id":2053277,"type":"sell","buyer":"pi-trader","seller":"vincentnijman","symbol":"SIM","quantity":"2361.237","price":"0.00075001","timestamp":1637436405,"volume":"1.77095136","buyTxId":"28eaca75217bc235e5f577f7007eb8c5a100d5c5-3","sellTxId":"e0e20caed620ae6ad172785f49459b2dff28c724"}
{"index": {"_index":"sim","_id":"2053345"}}
	{"id":2053345,"type":"sell","buyer":"pi-trader","seller":"heikki1337","symbol":"SIM","quantity":"6549.482","price":"0.00075001","timestamp":1637437155,"volume":"4.91217699","buyTxId":"bdb5b57173d4d8e397179c5cb23586cc5cd37fe2-3","sellTxId":"e4066e8dede2166c6148a78ced76c7eae762d1c4"}
{"index": {"_index":"sim","_id":"2053401"}}
	{"id":2053401,"type":"sell","buyer":"pi-trader","seller":"simplegame","symbol":"SIM","quantity":"54.453","price":"0.00075001","timestamp":1637437779,"volume":"0.04084029","buyTxId":"e35525868411b89f204c2cce62a067c23fa617ae-3","sellTxId":"f5e1e8827d4bd214ee18023e68f4afbc7f372ad6"}
{"index": {"_index":"sim","_id":"2053520"}}
	{"id":2053520,"type":"sell","buyer":"pi-trader","seller":"muenchen","symbol":"SIM","quantity":"12243.000","price":"0.00075001","timestamp":1637438673,"volume":"9.18237243","buyTxId":"57641b05c276ee0c4b257f304c22bf20fb27536f-4","sellTxId":"21974cd68069c2c623582fc11c7c744588717105"}
{"index": {"_index":"sim","_id":"2053596"}}
	{"id":2053596,"type":"sell","buyer":"pi-trader","seller":"ctrlyse","symbol":"SIM","quantity":"0.020","price":"0.00075001","timestamp":1637439207,"volume":"0.00001500","buyTxId":"27cead1a69b22e1c603b58c73a948835634294ba-5","sellTxId":"f40c2d201380d5216ec8c137eb6812d95c4040d7"}
{"index": {"_index":"sim","_id":"2053606"}}
	{"id":2053606,"type":"buy","buyer":"lrekt01","seller":"pi-trader","symbol":"SIM","quantity":"4.000","price":"0.00082845","timestamp":1637439300,"volume":"0.00331380","buyTxId":"0671b775c0367964944b29c126fb756496143454","sellTxId":"4e00cbee9caabc9b87f782c2c897eeda4a1151ea-9"}
{"index": {"_index":"sim","_id":"2053643"}}
	{"id":2053643,"type":"sell","buyer":"pi-trader","seller":"florian-glechner","symbol":"SIM","quantity":"21.000","price":"0.00075001","timestamp":1637439618,"volume":"0.01575021","buyTxId":"33bc6230c59b98021cdc139c6236423a2f32062b-1","sellTxId":"44d94d688f5680d996b62b3c690e1205d28ac5a1"}
{"index": {"_index":"sim","_id":"2054032"}}
	{"id":2054032,"type":"sell","buyer":"pi-trader","seller":"justinparke","symbol":"SIM","quantity":"9013","price":"0.00075001","timestamp":1637442324,"volume":"6.75984013","buyTxId":"8e5720c9dfde756bf21a39d8d1cadc219e9c6bc7-2","sellTxId":"80a922628cfad9c283a4b3d046089c93e558076d"}
{"index": {"_index":"sim","_id":"2054056"}}
	{"id":2054056,"type":"sell","buyer":"pi-trader","seller":"willsaldeno","symbol":"SIM","quantity":"1026.000","price":"0.00075001","timestamp":1637442537,"volume":"0.76951026","buyTxId":"c8736dc269ffcf9d76951f158e803fd68377449c-3","sellTxId":"86657b469e6281d13b3678bc129e319eb0dcd285"}
{"index": {"_index":"sim","_id":"2054084"}}
	{"id":2054084,"type":"sell","buyer":"pi-trader","seller":"otherbrandt","symbol":"SIM","quantity":"14128.777","price":"0.00075001","timestamp":1637442909,"volume":"10.59672404","buyTxId":"33a29179f1fc88e758ab9a759a042761df5ad6a7-5","sellTxId":"cfa648f9739656e7f6688ac03d4051885bbb1a2e"}
{"index": {"_index":"sim","_id":"2054266"}}
	{"id":2054266,"type":"sell","buyer":"mmrx","seller":"piotr42","symbol":"SIM","quantity":"1203.000","price":"0.00075008","timestamp":1637444955,"volume":"0.90234624","buyTxId":"MM-P-12365124-59351466-3-41-0","sellTxId":"4909f0ccecc8e93f1a2e85e9ba8e78fae7f26fd7"}
{"index": {"_index":"sim","_id":"2054351"}}
	{"id":2054351,"type":"buy","buyer":"pompeylad","seller":"pi-trader","symbol":"SIM","quantity":"8700.000","price":"0.00082775","timestamp":1637446191,"volume":"7.20142500","buyTxId":"1b357bcfc24dc5c79a36418a51a5f268297589d1","sellTxId":"9ab8b080af949f1c60ae4bb317a0f34b429a5984-7"}
{"index": {"_index":"sim","_id":"2054524"}}
	{"id":2054524,"type":"sell","buyer":"pi-trader","seller":"postapocgamer","symbol":"SIM","quantity":"0.074","price":"0.00075003","timestamp":1637448060,"volume":"0.00005550","buyTxId":"4b0955f848bcde658b3e4c1a9742f811ce0c0027-1","sellTxId":"e6ee154bc42da6d32a2cf806f7d51670ade34dd2"}
{"index": {"_index":"sim","_id":"2054526"}}
	{"id":2054526,"type":"sell","buyer":"pi-trader","seller":"nrg","symbol":"SIM","quantity":"18870.000","price":"0.00075003","timestamp":1637448078,"volume":"14.15306610","buyTxId":"4b0955f848bcde658b3e4c1a9742f811ce0c0027-1","sellTxId":"42a66e44dd43e1a4c55aa7adee8ee0b60d49d0a6"}
{"index": {"_index":"sim","_id":"2054771"}}
	{"id":2054771,"type":"sell","buyer":"pi-trader","seller":"bitcoinflood","symbol":"SIM","quantity":"2609.597","price":"0.00075003","timestamp":1637449575,"volume":"1.95727604","buyTxId":"51aba53a2d0115dbae7ce1b293878e9a5d87f5d4-1","sellTxId":"5cd5d215f0dfa3f7f6c81c02783ad94bda12c60f"}
{"index": {"_index":"sim","_id":"2054838"}}
	{"id":2054838,"type":"sell","buyer":"pi-trader","seller":"balte","symbol":"SIM","quantity":"15000.000","price":"0.00075003","timestamp":1637450526,"volume":"11.25045000","buyTxId":"69e5d2d72a703351bfb2f1625b5d9b8b9a4703db-5","sellTxId":"ab133a6f26d2258bd595e85a2c6d2960a82976e1"}
{"index": {"_index":"sim","_id":"2055000"}}
	{"id":2055000,"type":"sell","buyer":"pi-trader","seller":"dera123","symbol":"SIM","quantity":"17819.831","price":"0.00075003","timestamp":1637451486,"volume":"13.36540784","buyTxId":"0d06e7aa663b9c33832a28a1e7aa8b4f33a1af2b-3","sellTxId":"a2456466d7650151327e3a9388938f0927abbcb6"}
{"index": {"_index":"sim","_id":"2055034"}}
	{"id":2055034,"type":"sell","buyer":"pi-trader","seller":"ericburgoyne","symbol":"SIM","quantity":"47.926","price":"0.00075003","timestamp":1637452191,"volume":"0.03594594","buyTxId":"ad73a3ea43b0877ba4720573b15bc0f18252e9a5-3","sellTxId":"0062d97ce883cad353c459469e00ba02a594f3ae"}
{"index": {"_index":"sim","_id":"2055084"}}
	{"id":2055084,"type":"buy","buyer":"wine-cellar","seller":"mmrx","symbol":"SIM","quantity":"1203.000","price":"0.00079999","timestamp":1637452560,"volume":"0.96238797","buyTxId":"79e44804993dededccca709fa07623d4fea4143a","sellTxId":"MM-P-12367216-59353558-3-41-0"}
{"index": {"_index":"sim","_id":"2055085"}}
	{"id":2055085,"type":"buy","buyer":"wine-cellar","seller":"steem-hodler","symbol":"SIM","quantity":"110000.000","price":"0.00080000","timestamp":1637452560,"volume":"88.00000000","buyTxId":"79e44804993dededccca709fa07623d4fea4143a","sellTxId":"45ea0894db4d1fd38e12f00746e142f63a377699"}
{"index": {"_index":"sim","_id":"2055105"}}
	{"id":2055105,"type":"sell","buyer":"wine-cellar","seller":"medaymane","symbol":"SIM","quantity":"828.000","price":"0.00080000","timestamp":1637452722,"volume":"0.66240000","buyTxId":"79e44804993dededccca709fa07623d4fea4143a","sellTxId":"5f6702c412984574de55dfc7271388ce509f8618"}
{"index": {"_index":"sim","_id":"2055115"}}
	{"id":2055115,"type":"sell","buyer":"wine-cellar","seller":"medaymane","symbol":"SIM","quantity":"1741.000","price":"0.00080000","timestamp":1637452809,"volume":"1.39280000","buyTxId":"79e44804993dededccca709fa07623d4fea4143a","sellTxId":"75c2c750c54361a29b98df8aac7e59606ea1d7f3"}
{"index": {"_index":"sim","_id":"2055181"}}
	{"id":2055181,"type":"sell","buyer":"wine-cellar","seller":"jelly13","symbol":"SIM","quantity":"6228.000","price":"0.00080000","timestamp":1637453340,"volume":"4.98240000","buyTxId":"79e44804993dededccca709fa07623d4fea4143a","sellTxId":"019ef6b17de8bfad40e5b8159bdb49b3110539a0"}
{"index": {"_index":"sim","_id":"2055210"}}
	{"id":2055210,"type":"sell","buyer":"pi-trader","seller":"brofi-market","symbol":"SIM","quantity":"0.002","price":"0.00075004","timestamp":1637453511,"volume":"0.00000150","buyTxId":"7b72ebef1b0cde713d3166d01231835438e4b02c-0","sellTxId":"b94190cfef605ced0bf02b6a5e71c1af9f1d7347"}
{"index": {"_index":"sim","_id":"2055343"}}
	{"id":2055343,"type":"sell","buyer":"pi-trader","seller":"eythorphoto","symbol":"SIM","quantity":"12776.387","price":"0.00075004","timestamp":1637454351,"volume":"9.58280131","buyTxId":"6f775d45c63e52a5a2e274996c8483ffe8d8e8be-6","sellTxId":"4cca708d3945d7e19fed3a0e24f68bb329e695bf"}
{"index": {"_index":"sim","_id":"2055364"}}
	{"id":2055364,"type":"sell","buyer":"pi-trader","seller":"eythorphoto","symbol":"SIM","quantity":"15404.134","price":"0.00075004","timestamp":1637454600,"volume":"11.55371667","buyTxId":"bd61164d31556b9bb984cfb135026388a37a9098-3","sellTxId":"a7a8987c26ff4b528e0b89e6d33da7c32341a346"}
{"index": {"_index":"sim","_id":"2055391"}}
	{"id":2055391,"type":"sell","buyer":"pi-trader","seller":"peerfinance","symbol":"SIM","quantity":"303.459","price":"0.00075004","timestamp":1637454816,"volume":"0.22760639","buyTxId":"759d5886201cbca8c128873a7b9831045f217849-3","sellTxId":"5b61dc3e2b6d09e57caeedb0fd288390cc9debb8"}
{"index": {"_index":"sim","_id":"2055665"}}
	{"id":2055665,"type":"sell","buyer":"pi-trader","seller":"m2nnari","symbol":"SIM","quantity":"403.000","price":"0.00075004","timestamp":1637456667,"volume":"0.30226612","buyTxId":"b488ccd3d5b679e9c44759b79ba329d12a6b0322-4","sellTxId":"d218ce5acea979d0f2202be6d47ce846b431ffb3"}
{"index": {"_index":"sim","_id":"2055828"}}
	{"id":2055828,"type":"sell","buyer":"pi-trader","seller":"cliffagreen","symbol":"SIM","quantity":"10.860","price":"0.00075004","timestamp":1637456985,"volume":"0.00814543","buyTxId":"07772a9acf48c17d05db15a71a61dace288f22b5-6","sellTxId":"557661bcb53f0b3c33b3b89e4ca06b5a869c40c8"}
{"index": {"_index":"sim","_id":"2055884"}}
	{"id":2055884,"type":"sell","buyer":"pi-trader","seller":"bigram13","symbol":"SIM","quantity":"15990.000","price":"0.00075004","timestamp":1637457555,"volume":"11.99313960","buyTxId":"6ff62db5e524058a7aead9827bba8770e4802dd6-1","sellTxId":"d9820cd3cd636011a7e7dda692ff0a043d58b161"}
{"index": {"_index":"sim","_id":"2055998"}}
	{"id":2055998,"type":"sell","buyer":"pi-trader","seller":"elianaicgomes","symbol":"SIM","quantity":"1130.953","price":"0.00075004","timestamp":1637457750,"volume":"0.84825999","buyTxId":"c5a69122f676e7eefb20d75343689eba4d2ec787-5","sellTxId":"c41f1f098cd211fa9aeb6d5e4963c84e59a0f022"}
{"index": {"_index":"sim","_id":"2056211"}}
	{"id":2056211,"type":"buy","buyer":"aslehansen","seller":"pi-trader","symbol":"SIM","quantity":"103.000","price":"0.00079999","timestamp":1637458143,"volume":"0.08239897","buyTxId":"848742cf0557a1ff6efc92a2b197fcff9d326774","sellTxId":"c63de0a0e549d3eafaa315763519c2f561c9d0ac-1"}
{"index": {"_index":"sim","_id":"2056406"}}
	{"id":2056406,"type":"sell","buyer":"pi-trader","seller":"razam","symbol":"SIM","quantity":"8.000","price":"0.00075004","timestamp":1637458785,"volume":"0.00600032","buyTxId":"816e8a018757576e285fc3ea952ce4de57d2e14c-4","sellTxId":"efc3ddf7c37c8d1f4593f6e3d97f865a3cb4878f"}
{"index": {"_index":"sim","_id":"2056509"}}
	{"id":2056509,"type":"sell","buyer":"pi-trader","seller":"thahodler","symbol":"SIM","quantity":"2692.954","price":"0.00075004","timestamp":1637459445,"volume":"2.01982322","buyTxId":"b5abdb7b4d9054f62174c7719b6ec89a552cedc8-5","sellTxId":"5c15658671f74f8619ddf026017fd3ab709f04d9"}
{"index": {"_index":"sim","_id":"2056554"}}
	{"id":2056554,"type":"buy","buyer":"weldmaster","seller":"schlees","symbol":"SIM","quantity":"161.714","price":"0.00077000","timestamp":1637459763,"volume":"0.12451978","buyTxId":"193f2452868c199341eb8d51c3527a28aa348be5","sellTxId":"ec8f8485fd3ee37a044eb377832897ec3071190e"}
{"index": {"_index":"sim","_id":"2056574"}}
	{"id":2056574,"type":"buy","buyer":"weldmaster","seller":"pi-trader","symbol":"SIM","quantity":"4009.000","price":"0.00079999","timestamp":1637459835,"volume":"3.20715991","buyTxId":"205f0335ba3545e2b7897e388fb562d01106dad8","sellTxId":"fcd2e38d002ffb207be48380743dc8f9b91fbc3f-4"}
{"index": {"_index":"sim","_id":"2056734"}}
	{"id":2056734,"type":"sell","buyer":"pi-trader","seller":"andy4475","symbol":"SIM","quantity":"36.808","price":"0.00075005","timestamp":1637460750,"volume":"0.02760784","buyTxId":"e63c262d4e42545283e2eb711453f999098d1539-3","sellTxId":"3128557c1e894b36c44083040a540b8473efb770"}
{"index": {"_index":"sim","_id":"2056831"}}
	{"id":2056831,"type":"sell","buyer":"pi-trader","seller":"eforucom","symbol":"SIM","quantity":"0.063","price":"0.00075005","timestamp":1637461701,"volume":"0.00004725","buyTxId":"3e82a0ab8af4682e17a839d9ed9fd4c27a1cf923-3","sellTxId":"abe0cf13a4fcbd3035b04751d5e67b832ceaced9"}
{"index": {"_index":"sim","_id":"2056929"}}
	{"id":2056929,"type":"sell","buyer":"pi-trader","seller":"bearbear613","symbol":"SIM","quantity":"22464.257","price":"0.00075005","timestamp":1637462067,"volume":"16.84931596","buyTxId":"f5698c14288eeafb16c22076bd1579e94a0ddf78-3","sellTxId":"465c13cc5e4b896a6e06ccb166b65ebd491eb133"}
{"index": {"_index":"sim","_id":"2057282"}}
	{"id":2057282,"type":"sell","buyer":"pi-trader","seller":"ironshield","symbol":"SIM","quantity":"45850.860","price":"0.00075005","timestamp":1637464458,"volume":"34.39043754","buyTxId":"5a8a552e0887a44b1d6364351e304d20f0337403-3","sellTxId":"37c84792493521df9d008144914dbd45e7613f5c"}
{"index": {"_index":"sim","_id":"2057306"}}
	{"id":2057306,"type":"sell","buyer":"pi-trader","seller":"hirohurl","symbol":"SIM","quantity":"36.564","price":"0.00075005","timestamp":1637464719,"volume":"0.02742483","buyTxId":"a7c2a5c480f8d45a9ac9cfcd4773b6bcbf05ac67-3","sellTxId":"b60cb65a8e07b224c2b966e0e32b00fae9d32531"}
{"index": {"_index":"sim","_id":"2057411"}}
	{"id":2057411,"type":"sell","buyer":"pi-trader","seller":"ironshield","symbol":"SIM","quantity":"50000.000","price":"0.00075005","timestamp":1637465706,"volume":"37.50250000","buyTxId":"f66a60d3038dac8aaa4f8e95e93fe8cceeec3c84-1","sellTxId":"8f55fe2ba88a1270baf72f4e824c7b92f4f9c805"}
{"index": {"_index":"sim","_id":"2057533"}}
	{"id":2057533,"type":"sell","buyer":"he-index","seller":"magnacarta","symbol":"SIM","quantity":"0.911","price":"0.00075004","timestamp":1637466780,"volume":"0.00068329","buyTxId":"e2597a4d20daa28005f9c0647d5c304654819340","sellTxId":"0361b7eb3edc378bcd8c0167a2e180eaff868149"}
