{"index": {"_index":"sim","_id":"3746046"}}
	{"id":3746046,"type":"sell","buyer":"pi-trader","seller":"justinparke","symbol":"SIM","quantity":"2919.000","price":"0.00050005","timestamp":1655864574,"volume":"1.45964595","buyTxId":"e4bdf903370986e177af78742d1569a187a1f4ab-3","sellTxId":"ca9f4576bb19673e3f1ad5427053ee4a136248d5"}
{"index": {"_index":"sim","_id":"3746213"}}
	{"id":3746213,"type":"buy","buyer":"whatsup","seller":"pi-trader","symbol":"SIM","quantity":"23000.000","price":"0.00052998","timestamp":1655867754,"volume":"12.18954000","buyTxId":"fc562e5d066620af806f43d12492c01718f864b9","sellTxId":"62b765f2675f7714e241c8891f0981aeee73f683-4"}
{"index": {"_index":"sim","_id":"3746396"}}
	{"id":3746396,"type":"sell","buyer":"pi-trader","seller":"laritheghost","symbol":"SIM","quantity":"24.791","price":"0.00050005","timestamp":1655871192,"volume":"0.01239674","buyTxId":"9d5c62106ed7a3e8e13ac22b58d8512b3ef1b892-3","sellTxId":"0f81e3bd94ec10fd6ad2c5f15636d31b67ff97e2"}
{"index": {"_index":"sim","_id":"3746458"}}
	{"id":3746458,"type":"buy","buyer":"cryptogillone","seller":"pi-trader","symbol":"SIM","quantity":"317.586","price":"0.00052899","timestamp":1655872338,"volume":"0.168","buyTxId":"1a8015e55c755050bc44cd8860fdad6748eac050","sellTxId":"765461171ec02b4cd5416d6054c2ecb6b0317c00-2"}
{"index": {"_index":"sim","_id":"3746501"}}
	{"id":3746501,"type":"sell","buyer":"pi-trader","seller":"dustindivitto","symbol":"SIM","quantity":"150000.000","price":"0.00050005","timestamp":1655873217,"volume":"75.00750000","buyTxId":"289f290d9d8dd43087c653a5b16f8eaab45b7a1a-1","sellTxId":"5948cc79b55f30483226883e71ab87f91951b0a9"}
{"index": {"_index":"sim","_id":"3746502"}}
	{"id":3746502,"type":"sell","buyer":"wine-cellar","seller":"dustindivitto","symbol":"SIM","quantity":"900.000","price":"0.00050004","timestamp":1655873217,"volume":"0.45003600","buyTxId":"5c4d243a9bd07fe1c074dbdfc8adeeef9b4b8861","sellTxId":"5948cc79b55f30483226883e71ab87f91951b0a9"}
{"index": {"_index":"sim","_id":"3746859"}}
	{"id":3746859,"type":"buy","buyer":"bambukah","seller":"pi-trader","symbol":"SIM","quantity":"4000.000","price":"0.00052899","timestamp":1655879523,"volume":"2.11596000","buyTxId":"589915ae64eb80ca227c2d17a9569ba78cc28757","sellTxId":"26f13438fbd9689ab0d95754074e2aeaf4b01814-2"}
{"index": {"_index":"sim","_id":"3746931"}}
	{"id":3746931,"type":"buy","buyer":"he-index","seller":"pi-trader","symbol":"SIM","quantity":"45.369","price":"0.00052899","timestamp":1655880150,"volume":"0.02399975","buyTxId":"814b68482b867ef372a1e30aeb46be9fe0f8e4f6","sellTxId":"7ed87b8b36f87d5bdeb84dfd18ba68697b754cfa-2"}
{"index": {"_index":"sim","_id":"3746948"}}
	{"id":3746948,"type":"sell","buyer":"pi-trader","seller":"dhedge-drips","symbol":"SIM","quantity":"0.001","price":"0.00050005","timestamp":1655880318,"volume":"0.00000050","buyTxId":"e868ea0717e851b9173b1f7dcc7b764e5f5c5f46-4","sellTxId":"4f292d02bf4f996ad6730a772b27809159868381"}
{"index": {"_index":"sim","_id":"3747437"}}
	{"id":3747437,"type":"sell","buyer":"pi-trader","seller":"dotwin1981","symbol":"SIM","quantity":"0.100","price":"0.00050005","timestamp":1655886606,"volume":"0.00005001","buyTxId":"d65ce6f6676662a88749b91d4c0a092742dd847b-7","sellTxId":"06c397146cbac33a4c3ed42e8bef13733165db61"}
{"index": {"_index":"sim","_id":"3747627"}}
	{"id":3747627,"type":"sell","buyer":"pi-trader","seller":"subashtechy","symbol":"SIM","quantity":"1000.000","price":"0.00050005","timestamp":1655888361,"volume":"0.50005000","buyTxId":"c0ff42ca30701b657fcfd8a7089832cdc1e882dd-1","sellTxId":"d21cfdb2e29cea50578c8bbd830f40fe489eefc2"}
{"index": {"_index":"sim","_id":"3747689"}}
	{"id":3747689,"type":"sell","buyer":"pi-trader","seller":"dswap","symbol":"SIM","quantity":"30.787","price":"0.00050005","timestamp":1655889222,"volume":"0.01539504","buyTxId":"ab0eb2ad737d774631ed7db285bf11a73c5d8d64-5","sellTxId":"31f4e4362e6722e9174c2bd5701a84582cb198b4"}
{"index": {"_index":"sim","_id":"3747860"}}
	{"id":3747860,"type":"buy","buyer":"evilisme","seller":"pi-trader","symbol":"SIM","quantity":"5000.000","price":"0.00052899","timestamp":1655891631,"volume":"2.64495000","buyTxId":"0eafff846bcf0e1e17596590dd0a9facc9f55e4a","sellTxId":"411774f8ef0ebb01042fc42afb2e1ccfa7fe510c-6"}
{"index": {"_index":"sim","_id":"3747971"}}
	{"id":3747971,"type":"sell","buyer":"pi-trader","seller":"fiberfrau","symbol":"SIM","quantity":"16.906","price":"0.00050005","timestamp":1655893746,"volume":"0.00845385","buyTxId":"7aa3bdc482754c50349049a9924c66914e54b409-1","sellTxId":"936284828927e2e73e979bd89a6cf965db77ca52"}
{"index": {"_index":"sim","_id":"3748777"}}
	{"id":3748777,"type":"sell","buyer":"pi-trader","seller":"andy4475","symbol":"SIM","quantity":"229.812","price":"0.00050005","timestamp":1655903811,"volume":"0.11491749","buyTxId":"8a683fc05814a104af21c74536e3ff51c44caf5e-1","sellTxId":"70759bbded67c110bbcbc04cd4ac982043467f12"}
{"index": {"_index":"sim","_id":"3749104"}}
	{"id":3749104,"type":"sell","buyer":"pi-trader","seller":"rihc94","symbol":"SIM","quantity":"1805.96","price":"0.00050005","timestamp":1655906106,"volume":"0.90307030","buyTxId":"d7e9a865270c70fd489e798456fb381a5db9d0d8-3","sellTxId":"2bde4712a5bb3cf57452c0af03d8a4685f4baa87"}
{"index": {"_index":"sim","_id":"3749324"}}
	{"id":3749324,"type":"sell","buyer":"pi-trader","seller":"isiksenpalvoja","symbol":"SIM","quantity":"1.200","price":"0.00050005","timestamp":1655907891,"volume":"0.00060006","buyTxId":"9baf884c5ae506a1a3efd1615db189e68a27cb74-3","sellTxId":"726f8062b6fb3982e03b7573ef31b8004e5417af"}
{"index": {"_index":"sim","_id":"3749386"}}
	{"id":3749386,"type":"sell","buyer":"pi-trader","seller":"lisamgentile1961","symbol":"SIM","quantity":"40.260","price":"0.00050005","timestamp":1655908389,"volume":"0.02013201","buyTxId":"3dad4604399087cbc1e7980139964a4e1b6f6e96-4","sellTxId":"38b37f54a802279e36a733bdd688e16d49f32328"}
{"index": {"_index":"sim","_id":"3749560"}}
	{"id":3749560,"type":"sell","buyer":"pi-trader","seller":"poliwalt10","symbol":"SIM","quantity":"302.000","price":"0.00050005","timestamp":1655910057,"volume":"0.15101510","buyTxId":"ad7b0244c60a128c2979a230b89e6f95c1d1dc4b-1","sellTxId":"1cbcf5a551837ed3940dd48ee196e5123e480009"}
{"index": {"_index":"sim","_id":"3749826"}}
	{"id":3749826,"type":"buy","buyer":"ana-maria","seller":"pi-trader","symbol":"SIM","quantity":"2500.000","price":"0.00052898","timestamp":1655912697,"volume":"1.32245000","buyTxId":"a9336be020e3929477929d42ce9be63660a114da","sellTxId":"42939a4096b60b92b3a775d8672a811ca99f9e67-2"}
{"index": {"_index":"sim","_id":"3749924"}}
	{"id":3749924,"type":"sell","buyer":"pi-trader","seller":"flaxz","symbol":"SIM","quantity":"1.543","price":"0.00050005","timestamp":1655913420,"volume":"0.00077158","buyTxId":"b15a1dd462affe813060fde8a709385edc45d7ac-3","sellTxId":"1cac504e280beb65aff0d05a4be3c5e78f3d3943"}
{"index": {"_index":"sim","_id":"3749988"}}
	{"id":3749988,"type":"sell","buyer":"pi-trader","seller":"elevator09","symbol":"SIM","quantity":"2774.671","price":"0.00050005","timestamp":1655914155,"volume":"1.38747423","buyTxId":"f2795f69f27539a5b6837c39833f546ff3db2fd9-1","sellTxId":"0067d83dc8f7ebfe499788171ea1872e4b600bc9"}
{"index": {"_index":"sim","_id":"3750157"}}
	{"id":3750157,"type":"sell","buyer":"pi-trader","seller":"misterc","symbol":"SIM","quantity":"93.830","price":"0.00050005","timestamp":1655915118,"volume":"0.04691969","buyTxId":"5c9548a3e92bc1859cf5ea2cde7bcad93b7af25f-3","sellTxId":"4586814d92be336cec58fff614f8074225745d49"}
{"index": {"_index":"sim","_id":"3750253"}}
	{"id":3750253,"type":"sell","buyer":"pi-trader","seller":"aliveprojects","symbol":"SIM","quantity":"1.843","price":"0.00050005","timestamp":1655915790,"volume":"0.00092159","buyTxId":"a697e6b1a412b2cfcb893df51e44279c667683cd-1","sellTxId":"b3ecbd26dcf7149cd32c108f82b81f8e61116735"}
{"index": {"_index":"sim","_id":"3750902"}}
	{"id":3750902,"type":"buy","buyer":"elevator09","seller":"pi-trader","symbol":"SIM","quantity":"50000.000","price":"0.00052898","timestamp":1655920569,"volume":"26.44900000","buyTxId":"14f96bc0270d94dd1fab4a3be065f37b62a691f4","sellTxId":"98328762e7b04bf7c8bc669edf7be6b84a9b6601-4"}
{"index": {"_index":"sim","_id":"3750903"}}
	{"id":3750903,"type":"buy","buyer":"elevator09","seller":"dhedge-drips","symbol":"SIM","quantity":"0.001","price":"0.00052899","timestamp":1655920569,"volume":"0.00000053","buyTxId":"14f96bc0270d94dd1fab4a3be065f37b62a691f4","sellTxId":"f5a5b50056c4bdb4cf14b6519b2970dce8ade381"}
{"index": {"_index":"sim","_id":"3750904"}}
	{"id":3750904,"type":"buy","buyer":"elevator09","seller":"bhoa","symbol":"SIM","quantity":"4207.000","price":"0.00052900","timestamp":1655920569,"volume":"2.22550300","buyTxId":"14f96bc0270d94dd1fab4a3be065f37b62a691f4","sellTxId":"bc7102e2ffa166c36a3b662640f7ad276c50fc69"}
{"index": {"_index":"sim","_id":"3750905"}}
	{"id":3750905,"type":"buy","buyer":"elevator09","seller":"medaymane","symbol":"SIM","quantity":"21205.860","price":"0.00052900","timestamp":1655920569,"volume":"11.21789994","buyTxId":"14f96bc0270d94dd1fab4a3be065f37b62a691f4","sellTxId":"323d2c4daca6c37604cc0b9a42210861bfe64b15"}
{"index": {"_index":"sim","_id":"3750906"}}
	{"id":3750906,"type":"buy","buyer":"elevator09","seller":"louis88","symbol":"SIM","quantity":"113587.139","price":"0.00053000","timestamp":1655920569,"volume":"60.20118367","buyTxId":"14f96bc0270d94dd1fab4a3be065f37b62a691f4","sellTxId":"3b6c596a05d74bf990252d2f5288675f17b8c3c1"}
{"index": {"_index":"sim","_id":"3751079"}}
	{"id":3751079,"type":"buy","buyer":"assassyn","seller":"pi-trader","symbol":"SIM","quantity":"200.000","price":"0.00052999","timestamp":1655922468,"volume":"0.10599800","buyTxId":"7fd8394b0a4387a8ddbb4902be0a96b04b1ff58e","sellTxId":"150d3de546347d6490bd92089e902054cd5fbca6-2"}
{"index": {"_index":"sim","_id":"3751603"}}
	{"id":3751603,"type":"buy","buyer":"ana-maria","seller":"pi-trader","symbol":"SIM","quantity":"50000.000","price":"0.00052999","timestamp":1655926692,"volume":"26.49950000","buyTxId":"b00c1685687badb4b5f019050317253e7dbaa001","sellTxId":"d6657189d58ce805f1376b86ae254a466fc66921-6"}
{"index": {"_index":"sim","_id":"3751777"}}
	{"id":3751777,"type":"sell","buyer":"maryjane.main","seller":"balte","symbol":"SIM","quantity":"11361.000","price":"0.00051300","timestamp":1655928972,"volume":"5.82819300","buyTxId":"37bfbb8dd42e39dcc12288014250f543448c69ad","sellTxId":"dfc152e8c6489a09e4f3fb6a963b91028b951b03"}
{"index": {"_index":"sim","_id":"3751896"}}
	{"id":3751896,"type":"sell","buyer":"maryjane.main","seller":"chekohler","symbol":"SIM","quantity":"8.253","price":"0.00051300","timestamp":1655930313,"volume":"0.00423379","buyTxId":"37bfbb8dd42e39dcc12288014250f543448c69ad","sellTxId":"14a869475d312e0927f5cd6d5e6d55c798b03356"}
{"index": {"_index":"sim","_id":"3751926"}}
	{"id":3751926,"type":"buy","buyer":"ana-maria","seller":"pi-trader","symbol":"SIM","quantity":"25000.000","price":"0.00052999","timestamp":1655930481,"volume":"13.24975000","buyTxId":"c45e433ecfddacd3d338117ffc4bd9294eb8a5da","sellTxId":"d4e4ef609073771b23dea35d638401cc3e3c7155-5"}
{"index": {"_index":"sim","_id":"3751944"}}
	{"id":3751944,"type":"sell","buyer":"maryjane.main","seller":"itharagaian","symbol":"SIM","quantity":"11.000","price":"0.00051300","timestamp":1655930580,"volume":"0.00564300","buyTxId":"37bfbb8dd42e39dcc12288014250f543448c69ad","sellTxId":"0cfb29e929a557c340950a5881e0e3a0e317714f"}
{"index": {"_index":"sim","_id":"3752028"}}
	{"id":3752028,"type":"buy","buyer":"maryjane.main","seller":"pi-trader","symbol":"SIM","quantity":"16000.000","price":"0.00052998","timestamp":1655931801,"volume":"8.47968000","buyTxId":"9f03c68dcbf21f84fe6f373719dffe4aec49975c","sellTxId":"c841edb041f8edf135c7d9ddd58d2b458134ca2d-7"}
{"index": {"_index":"sim","_id":"3752096"}}
	{"id":3752096,"type":"sell","buyer":"pi-trader","seller":"chronocrypto","symbol":"SIM","quantity":"9162.967","price":"0.00050005","timestamp":1655932698,"volume":"4.58194165","buyTxId":"f4a433794066e94c3e9dbf20fd0f7b6328dfd6d7-0","sellTxId":"14817654d4521461f71431fcaf3cb6cfe682ea30"}
{"index": {"_index":"sim","_id":"3752287"}}
	{"id":3752287,"type":"sell","buyer":"pi-trader","seller":"he-index","symbol":"SIM","quantity":"6.153","price":"0.00050005","timestamp":1655935329,"volume":"0.00307681","buyTxId":"adbe8be81af87368444dcb7e43b65e2c43ae1c62-3","sellTxId":"9ff509b9bb8a181b69ebd6c4cb04251bf23be6ab"}
{"index": {"_index":"sim","_id":"3752561"}}
	{"id":3752561,"type":"sell","buyer":"pi-trader","seller":"travelgirl","symbol":"SIM","quantity":"2126.000","price":"0.00050005","timestamp":1655939061,"volume":"1.06310630","buyTxId":"d21aa87473deff08e44f9c4739f18a7f32c727bf-3","sellTxId":"7f2fa0bef5d383ed864e155ef9fa461928af0203"}
{"index": {"_index":"sim","_id":"3752587"}}
	{"id":3752587,"type":"sell","buyer":"pi-trader","seller":"alexandrzombi","symbol":"SIM","quantity":"19.948","price":"0.00050005","timestamp":1655939595,"volume":"0.00997500","buyTxId":"d41f26cd91ba9b3f7608b97a6bb7c99f4d2a7f95-3","sellTxId":"e200234567dc1ad77933962c6247450e54f28ae5"}
{"index": {"_index":"sim","_id":"3752604"}}
	{"id":3752604,"type":"sell","buyer":"pi-trader","seller":"b401","symbol":"SIM","quantity":"487.861","price":"0.00050005","timestamp":1655939697,"volume":"0.24395489","buyTxId":"1e387364e69b6221d0da9685d1e7474246d1b953-1","sellTxId":"70df180be5911d92c8469dbd68c283cd94703960-0"}
{"index": {"_index":"sim","_id":"3752793"}}
	{"id":3752793,"type":"sell","buyer":"pi-trader","seller":"poliwalt10","symbol":"SIM","quantity":"272.000","price":"0.00050005","timestamp":1655942421,"volume":"0.13601360","buyTxId":"1944b69b8e7f0dfe024890eeaeae7251100dc688-4","sellTxId":"a4be57157d3abad19df91c7bcb1002abaf29535f"}
{"index": {"_index":"sim","_id":"3752825"}}
	{"id":3752825,"type":"sell","buyer":"pi-trader","seller":"andy4475","symbol":"SIM","quantity":"87.521","price":"0.00050005","timestamp":1655942583,"volume":"0.04376488","buyTxId":"8639d281a791fcaf26cfe2975a73b6e5920b4aac-3","sellTxId":"1a7132faf8fedfe12f24f08a2fb1bb25533cb172"}
{"index": {"_index":"sim","_id":"3752861"}}
	{"id":3752861,"type":"sell","buyer":"pi-trader","seller":"themarkymark","symbol":"SIM","quantity":"152.514","price":"0.00050005","timestamp":1655942961,"volume":"0.07626463","buyTxId":"da8384805b1c7aa35f8b1c72d10ff031d5aaf8a6-2","sellTxId":"8d46d93801d7d089877a74308b3176ab2dd366ad"}
{"index": {"_index":"sim","_id":"3753027"}}
	{"id":3753027,"type":"sell","buyer":"pi-trader","seller":"dhedge-drips","symbol":"SIM","quantity":"12.499","price":"0.00050005","timestamp":1655945118,"volume":"0.00625012","buyTxId":"3687e3a4526d461fff5661ec53cd14fee242b73b-3","sellTxId":"dc7699f5ac0da28312faaf850fb8c0c792a76f0d"}
{"index": {"_index":"sim","_id":"3753033"}}
	{"id":3753033,"type":"buy","buyer":"quantumg","seller":"pi-trader","symbol":"SIM","quantity":"20880.033","price":"0.00052998","timestamp":1655945169,"volume":"11.066","buyTxId":"17bfbaf9b1e881edf61eb77877ef6ba3580e85b7","sellTxId":"9746bba839a52250bc15bf44cee9ffc1a08b1ea2-4"}
{"index": {"_index":"sim","_id":"3753091"}}
	{"id":3753091,"type":"sell","buyer":"pi-trader","seller":"likeastone","symbol":"SIM","quantity":"762.000","price":"0.00050005","timestamp":1655946426,"volume":"0.38103810","buyTxId":"f1ddd64d808a8eff899559fd71be943d2ae00dab-3","sellTxId":"253b6db9c6414f00a495c9c7837683415b68305f"}
{"index": {"_index":"sim","_id":"3753092"}}
	{"id":3753092,"type":"sell","buyer":"pi-trader","seller":"therentaltest","symbol":"SIM","quantity":"672.000","price":"0.00050005","timestamp":1655946477,"volume":"0.33603360","buyTxId":"3fb318ee6fb01d1b6d8439942073f4585a7f6699-3","sellTxId":"d792edcd8c4d161d5121664a465b50cf2fd2ac4d"}
{"index": {"_index":"sim","_id":"3753097"}}
	{"id":3753097,"type":"sell","buyer":"pi-trader","seller":"bulletmind","symbol":"SIM","quantity":"1056.000","price":"0.00050005","timestamp":1655946534,"volume":"0.52805280","buyTxId":"02165c71252f0622e88257ab386b5719dbecbe5c-5","sellTxId":"862de16915edae34c344bbb9cd3f85805cb727b2"}
{"index": {"_index":"sim","_id":"3753287"}}
	{"id":3753287,"type":"buy","buyer":"azzah","seller":"pi-trader","symbol":"SIM","quantity":"25000.000","price":"0.00052997","timestamp":1655949396,"volume":"13.24925000","buyTxId":"0799382d7d5666411719b371a2b9131634b289d7","sellTxId":"a23e88e17b6f96c0fe50746cda25d60ced70ab28-3"}
