{"index": {"_index":"sim","_id":"1362151"}}
	{"id":1362151,"type":"sell","buyer":"solovey6o2","seller":"hirohurl","symbol":"SIM","quantity":"120.005","price":"0.00189001","timestamp":1629082110,"volume":"0.22681065","buyTxId":"972e4d7777dd7115a5b982efe7e20b71ad457113","sellTxId":"6cf0bb7e879d906a51cf2eeed76af3643b4cac7a"}
{"index": {"_index":"sim","_id":"1362171"}}
	{"id":1362171,"type":"buy","buyer":"wolfninja","seller":"mmrx","symbol":"SIM","quantity":"722.474","price":"0.00193386","timestamp":1629082506,"volume":"1.39716357","buyTxId":"ffc856d42840a2a13d9401d0b1a30391a864427e","sellTxId":"MM-P-9588148-56571146-3-41-0"}
{"index": {"_index":"sim","_id":"1362173"}}
	{"id":1362173,"type":"buy","buyer":"wolfninja","seller":"nftmart.fees","symbol":"SIM","quantity":"92.000","price":"0.00193387","timestamp":1629082539,"volume":"0.17791604","buyTxId":"3fe3a192de162afafca3e6033b23fd44024be9c3","sellTxId":"4e1e0db966ec2ce7e775e558c5851b91b822dda7-0"}
{"index": {"_index":"sim","_id":"1362175"}}
	{"id":1362175,"type":"buy","buyer":"wolfninja","seller":"dhedge-drips","symbol":"SIM","quantity":"4.028","price":"0.00193399","timestamp":1629082569,"volume":"0.00779011","buyTxId":"b2156af44286b6597449db1f80d0078289e12a0b","sellTxId":"ec057a5fdb640ccfbc0dce1c50cf985efa8863ed"}
{"index": {"_index":"sim","_id":"1362177"}}
	{"id":1362177,"type":"buy","buyer":"wolfninja","seller":"onecent","symbol":"SIM","quantity":"1288.000","price":"0.00193400","timestamp":1629082620,"volume":"2.49099200","buyTxId":"342bf300b7725996be4d4730db5ebd99a909407d","sellTxId":"e47b611da5cac93738bab9797c7756c186bd2030"}
{"index": {"_index":"sim","_id":"1362187"}}
	{"id":1362187,"type":"buy","buyer":"wolfninja","seller":"nftmart.fees","symbol":"SIM","quantity":"80.000","price":"0.00193999","timestamp":1629082839,"volume":"0.15519920","buyTxId":"4301dbe3b89eef167c088478d5100490f0505901","sellTxId":"4ac9ac5bd17cf200edc5bf2deff07545a2d01822-0"}
{"index": {"_index":"sim","_id":"1362188"}}
	{"id":1362188,"type":"buy","buyer":"wolfninja","seller":"picciridda2","symbol":"SIM","quantity":"8565.000","price":"0.00194000","timestamp":1629082839,"volume":"16.61610000","buyTxId":"4301dbe3b89eef167c088478d5100490f0505901","sellTxId":"7b0ffb12df3dc5939316abca060b20a899a36bd1"}
{"index": {"_index":"sim","_id":"1362202"}}
	{"id":1362202,"type":"sell","buyer":"solovey6o2","seller":"theguruasia","symbol":"SIM","quantity":"317.687","price":"0.00190001","timestamp":1629083184,"volume":"0.60360848","buyTxId":"6e400186637f5bec5bcb966eddaae13a5c6c94bd","sellTxId":"f10770d0500a8530359250496de2d2ae1436cb08"}
{"index": {"_index":"sim","_id":"1362240"}}
	{"id":1362240,"type":"sell","buyer":"solovey6o2","seller":"hiveupme","symbol":"SIM","quantity":"47.000","price":"0.00190001","timestamp":1629083793,"volume":"0.08930047","buyTxId":"6e400186637f5bec5bcb966eddaae13a5c6c94bd","sellTxId":"62caf8cc9f67da9082e7ee119d3e388c927fd832"}
{"index": {"_index":"sim","_id":"1362294"}}
	{"id":1362294,"type":"sell","buyer":"he-index","seller":"oahb132","symbol":"SIM","quantity":"204.535","price":"0.00189001","timestamp":1629085284,"volume":"0.38657320","buyTxId":"c1758dc1691b41df1bbdb09ee96443ade54fd3e9","sellTxId":"e14e28cd272c2cc4d878dbe4061b78d807ac2bcd"}
{"index": {"_index":"sim","_id":"1362311"}}
	{"id":1362311,"type":"sell","buyer":"he-index","seller":"pinkfloyd878","symbol":"SIM","quantity":"98.638","price":"0.00189001","timestamp":1629085536,"volume":"0.18642680","buyTxId":"c1758dc1691b41df1bbdb09ee96443ade54fd3e9","sellTxId":"41a0a3671b1e14c00d10452ae3f9647ea4a54ccc"}
{"index": {"_index":"sim","_id":"1362312"}}
	{"id":1362312,"type":"sell","buyer":"solovey6o2","seller":"pinkfloyd878","symbol":"SIM","quantity":"901.362","price":"0.00189001","timestamp":1629085536,"volume":"1.70358319","buyTxId":"db81ebee9c7e40ee64475781c0c2c46ea528a8e3","sellTxId":"41a0a3671b1e14c00d10452ae3f9647ea4a54ccc"}
{"index": {"_index":"sim","_id":"1362359"}}
	{"id":1362359,"type":"sell","buyer":"solovey6o2","seller":"industriousliv","symbol":"SIM","quantity":"20000.000","price":"0.00189001","timestamp":1629086517,"volume":"37.80020000","buyTxId":"db81ebee9c7e40ee64475781c0c2c46ea528a8e3","sellTxId":"8f90f9e3fc40d4930e2f4e8a923d5924febdd857"}
{"index": {"_index":"sim","_id":"1362382"}}
	{"id":1362382,"type":"sell","buyer":"solovey6o2","seller":"pimpstudio","symbol":"SIM","quantity":"8853.000","price":"0.00189001","timestamp":1629087081,"volume":"16.73225853","buyTxId":"db81ebee9c7e40ee64475781c0c2c46ea528a8e3","sellTxId":"9fe37907f5a1415f4e8c383ae7c17149874a9fe0"}
{"index": {"_index":"sim","_id":"1362383"}}
	{"id":1362383,"type":"sell","buyer":"solovey6o2","seller":"onealfa","symbol":"SIM","quantity":"13843","price":"0.00189001","timestamp":1629087108,"volume":"26.16340843","buyTxId":"db81ebee9c7e40ee64475781c0c2c46ea528a8e3","sellTxId":"b34d1be1e675e810045f18ffb9d6b4f574bb36e1"}
{"index": {"_index":"sim","_id":"1362402"}}
	{"id":1362402,"type":"sell","buyer":"solovey6o2","seller":"brofi-market","symbol":"SIM","quantity":"166.119","price":"0.00189001","timestamp":1629087339,"volume":"0.31396657","buyTxId":"db81ebee9c7e40ee64475781c0c2c46ea528a8e3","sellTxId":"046d2da18c3a9fc1802b3973f995d13c3781b10a"}
{"index": {"_index":"sim","_id":"1362486"}}
	{"id":1362486,"type":"sell","buyer":"solovey6o2","seller":"jemmarti","symbol":"SIM","quantity":"12528.000","price":"0.00189001","timestamp":1629088368,"volume":"23.67804528","buyTxId":"db81ebee9c7e40ee64475781c0c2c46ea528a8e3","sellTxId":"91b9f3f8187df86f826f2e7df797af7dae90e613"}
{"index": {"_index":"sim","_id":"1362507"}}
	{"id":1362507,"type":"sell","buyer":"solovey6o2","seller":"evernoticethat","symbol":"SIM","quantity":"645.221","price":"0.00189001","timestamp":1629088836,"volume":"1.21947414","buyTxId":"db81ebee9c7e40ee64475781c0c2c46ea528a8e3","sellTxId":"383125ec9dceaf94784a28f389cecc4b11cda826"}
{"index": {"_index":"sim","_id":"1362532"}}
	{"id":1362532,"type":"buy","buyer":"vokus","seller":"nftmart.fees","symbol":"SIM","quantity":"30.000","price":"0.00193997","timestamp":1629089274,"volume":"0.05819910","buyTxId":"6c33c0384fb48497024ad285b0ffa485ddaff3a2","sellTxId":"b3e5c0d8c364054b09574093ecb8549a7a789fdd-0"}
{"index": {"_index":"sim","_id":"1362563"}}
	{"id":1362563,"type":"sell","buyer":"solovey6o2","seller":"bitcoinflood","symbol":"SIM","quantity":"87.400","price":"0.00189001","timestamp":1629090189,"volume":"0.16518687","buyTxId":"db81ebee9c7e40ee64475781c0c2c46ea528a8e3","sellTxId":"e9c9ea66ec6ed8c65e5ebf1acc6892afdafdda99"}
{"index": {"_index":"sim","_id":"1362649"}}
	{"id":1362649,"type":"sell","buyer":"solovey6o2","seller":"thelogicaldude","symbol":"SIM","quantity":"3362.889","price":"0.00189001","timestamp":1629091851,"volume":"6.35589384","buyTxId":"db81ebee9c7e40ee64475781c0c2c46ea528a8e3","sellTxId":"1ff8bdbc6be934cb8cfe56e341cbb7422518a5fb"}
{"index": {"_index":"sim","_id":"1362683"}}
	{"id":1362683,"type":"sell","buyer":"solovey6o2","seller":"oahb132","symbol":"SIM","quantity":"31.897","price":"0.00189001","timestamp":1629092202,"volume":"0.06028565","buyTxId":"db81ebee9c7e40ee64475781c0c2c46ea528a8e3","sellTxId":"9bae5751b6d5621549e741ff91dbf3f9bd174f27"}
{"index": {"_index":"sim","_id":"1362688"}}
	{"id":1362688,"type":"sell","buyer":"solovey6o2","seller":"forykw","symbol":"SIM","quantity":"8780.296","price":"0.00189001","timestamp":1629092301,"volume":"16.59484724","buyTxId":"db81ebee9c7e40ee64475781c0c2c46ea528a8e3","sellTxId":"baca23690b6847b578cb3ea0a79986afd025b17b"}
{"index": {"_index":"sim","_id":"1362731"}}
	{"id":1362731,"type":"sell","buyer":"solovey6o2","seller":"theshaki","symbol":"SIM","quantity":"232.956","price":"0.00189001","timestamp":1629093084,"volume":"0.44028917","buyTxId":"db81ebee9c7e40ee64475781c0c2c46ea528a8e3","sellTxId":"35e23c4680da6d8758d19d2d24ca57a128bbbbce"}
{"index": {"_index":"sim","_id":"1362763"}}
	{"id":1362763,"type":"sell","buyer":"solovey6o2","seller":"goldcoin","symbol":"SIM","quantity":"168.712","price":"0.00189001","timestamp":1629093990,"volume":"0.31886737","buyTxId":"db81ebee9c7e40ee64475781c0c2c46ea528a8e3","sellTxId":"8a09e75a518014c3842e83fe8fdbb322232b5a0f"}
{"index": {"_index":"sim","_id":"1362849"}}
	{"id":1362849,"type":"sell","buyer":"solovey6o2","seller":"forykw","symbol":"SIM","quantity":"66135.898","price":"0.00189001","timestamp":1629095307,"volume":"124.99750858","buyTxId":"db81ebee9c7e40ee64475781c0c2c46ea528a8e3","sellTxId":"6ba7e75fd604ea5227ec33ecaf872bc0b1a70827"}
{"index": {"_index":"sim","_id":"1362869"}}
	{"id":1362869,"type":"sell","buyer":"solovey6o2","seller":"megalithic","symbol":"SIM","quantity":"8897.000","price":"0.00189001","timestamp":1629095568,"volume":"16.81541897","buyTxId":"db81ebee9c7e40ee64475781c0c2c46ea528a8e3","sellTxId":"d8e2967c5053a11daab2d687b052c42278f25a55"}
{"index": {"_index":"sim","_id":"1362901"}}
	{"id":1362901,"type":"sell","buyer":"solovey6o2","seller":"trumpman","symbol":"SIM","quantity":"1653.351","price":"0.00189001","timestamp":1629096000,"volume":"3.12484992","buyTxId":"db81ebee9c7e40ee64475781c0c2c46ea528a8e3","sellTxId":"b8bcd241aaae0d164b6de3d24aee31b7732bfb17"}
{"index": {"_index":"sim","_id":"1362914"}}
	{"id":1362914,"type":"sell","buyer":"solovey6o2","seller":"emsonic","symbol":"SIM","quantity":"19003.000","price":"0.00189001","timestamp":1629096252,"volume":"35.91586003","buyTxId":"db81ebee9c7e40ee64475781c0c2c46ea528a8e3","sellTxId":"5295c4d2964de9addc50e800580b91eed5d5b742"}
{"index": {"_index":"sim","_id":"1362920"}}
	{"id":1362920,"type":"sell","buyer":"solovey6o2","seller":"dhedge-drips","symbol":"SIM","quantity":"15.573","price":"0.00189001","timestamp":1629096324,"volume":"0.02943313","buyTxId":"db81ebee9c7e40ee64475781c0c2c46ea528a8e3","sellTxId":"ea59541ad7e33ab5d35b5d73675dfee37f5e93b3"}
{"index": {"_index":"sim","_id":"1362959"}}
	{"id":1362959,"type":"sell","buyer":"solovey6o2","seller":"photobook","symbol":"SIM","quantity":"13629.067","price":"0.00189001","timestamp":1629096597,"volume":"25.75907292","buyTxId":"db81ebee9c7e40ee64475781c0c2c46ea528a8e3","sellTxId":"fc2f3f8ab32e03694c50249a931f5807d75657a4"}
{"index": {"_index":"sim","_id":"1363038"}}
	{"id":1363038,"type":"sell","buyer":"solovey6o2","seller":"rahul.stan","symbol":"SIM","quantity":"4975.270","price":"0.00189001","timestamp":1629097905,"volume":"9.40331005","buyTxId":"db81ebee9c7e40ee64475781c0c2c46ea528a8e3","sellTxId":"15e24fe796fe2fa8565fea3dc01268fad9ca6979"}
{"index": {"_index":"sim","_id":"1363039"}}
	{"id":1363039,"type":"sell","buyer":"he-index","seller":"rahul.stan","symbol":"SIM","quantity":"207.935","price":"0.00189001","timestamp":1629097905,"volume":"0.39299923","buyTxId":"9534c71348918f45c88a4c48482d89213f51c2c7","sellTxId":"15e24fe796fe2fa8565fea3dc01268fad9ca6979"}
{"index": {"_index":"sim","_id":"1363040"}}
	{"id":1363040,"type":"sell","buyer":"solovey6o2","seller":"rahul.stan","symbol":"SIM","quantity":"15829.302","price":"0.00189001","timestamp":1629097905,"volume":"29.91753907","buyTxId":"9f2aed591bdec5348cf30df68133d3eeba500b36","sellTxId":"15e24fe796fe2fa8565fea3dc01268fad9ca6979"}
{"index": {"_index":"sim","_id":"1363073"}}
	{"id":1363073,"type":"sell","buyer":"solovey6o2","seller":"gamsam","symbol":"SIM","quantity":"21582.856","price":"0.00189001","timestamp":1629098364,"volume":"40.79181367","buyTxId":"9f2aed591bdec5348cf30df68133d3eeba500b36","sellTxId":"21f434e7d488e9eb6659942df7fc0a6736a1823f"}
{"index": {"_index":"sim","_id":"1363097"}}
	{"id":1363097,"type":"buy","buyer":"jacques29","seller":"nftmart.fees","symbol":"SIM","quantity":"66.000","price":"0.00191997","timestamp":1629098871,"volume":"0.12671802","buyTxId":"2e2fee3def2bc1216ef98a13262bd722dc1035d2","sellTxId":"e3cf74236f37a9d4b86d0d6d260e5b23a1026497-0"}
{"index": {"_index":"sim","_id":"1363098"}}
	{"id":1363098,"type":"buy","buyer":"jacques29","seller":"dhedge-drips","symbol":"SIM","quantity":"15.573","price":"0.00191998","timestamp":1629098871,"volume":"0.02989985","buyTxId":"2e2fee3def2bc1216ef98a13262bd722dc1035d2","sellTxId":"8021c24b2a9b1ba34d2dc0006f5393c6b0c35cd6"}
{"index": {"_index":"sim","_id":"1363099"}}
	{"id":1363099,"type":"buy","buyer":"jacques29","seller":"solovey6o2","symbol":"SIM","quantity":"2237.427","price":"0.00191999","timestamp":1629098871,"volume":"4.29583747","buyTxId":"2e2fee3def2bc1216ef98a13262bd722dc1035d2","sellTxId":"7a9a04a63492b79340ca1cbb9057d33f2388159b"}
{"index": {"_index":"sim","_id":"1363107"}}
	{"id":1363107,"type":"buy","buyer":"petlore","seller":"solovey6o2","symbol":"SIM","quantity":"200.000","price":"0.00191999","timestamp":1629099030,"volume":"0.38399800","buyTxId":"b0fd1e14d8cbe6558eef9ea0e1d76de7917462e8","sellTxId":"7a9a04a63492b79340ca1cbb9057d33f2388159b"}
{"index": {"_index":"sim","_id":"1363109"}}
	{"id":1363109,"type":"sell","buyer":"solovey6o2","seller":"tonytrillions","symbol":"SIM","quantity":"0.148","price":"0.00189001","timestamp":1629099060,"volume":"0.00027972","buyTxId":"9f2aed591bdec5348cf30df68133d3eeba500b36","sellTxId":"364102d236f0129820ce31ab0e5fa3a9c275c77f"}
{"index": {"_index":"sim","_id":"1363203"}}
	{"id":1363203,"type":"sell","buyer":"d-pend","seller":"brofi-market","symbol":"SIM","quantity":"0.001","price":"0.00189000","timestamp":1629101370,"volume":"0.00000189","buyTxId":"004f2e735a356eaa157975bb599bffcfd43bb5e6","sellTxId":"c6e66b68cbe01ebd6347b254e3c080c81e7d8169"}
{"index": {"_index":"sim","_id":"1363213"}}
	{"id":1363213,"type":"sell","buyer":"d-pend","seller":"lightcaptured","symbol":"SIM","quantity":"1979.438","price":"0.00189000","timestamp":1629101631,"volume":"3.74113782","buyTxId":"004f2e735a356eaa157975bb599bffcfd43bb5e6","sellTxId":"85a70cee87378001d42c0cf7b8934d914bc9a385"}
{"index": {"_index":"sim","_id":"1363215"}}
	{"id":1363215,"type":"buy","buyer":"konvik","seller":"looftee","symbol":"SIM","quantity":"14671.000","price":"0.00190000","timestamp":1629101646,"volume":"27.87490000","buyTxId":"d3e7e32733100bb83ee6efc057dd1519e12ffea4-0","sellTxId":"6df1af6d379b63e7604059de81ee50b318c52a15"}
{"index": {"_index":"sim","_id":"1363216"}}
	{"id":1363216,"type":"buy","buyer":"konvik","seller":"brofi-market","symbol":"SIM","quantity":"0.001","price":"0.00190000","timestamp":1629101646,"volume":"0.00000190","buyTxId":"d3e7e32733100bb83ee6efc057dd1519e12ffea4-0","sellTxId":"2c30c4b8ca9ed12a3098f988658274df4ddee5bb"}
{"index": {"_index":"sim","_id":"1363324"}}
	{"id":1363324,"type":"sell","buyer":"d-pend","seller":"news-today","symbol":"SIM","quantity":"7500.000","price":"0.00189000","timestamp":1629102825,"volume":"14.17500000","buyTxId":"004f2e735a356eaa157975bb599bffcfd43bb5e6","sellTxId":"96ae14f63f9c210da65c46a9212b07ad2e707225"}
{"index": {"_index":"sim","_id":"1363373"}}
	{"id":1363373,"type":"sell","buyer":"d-pend","seller":"bitandi","symbol":"SIM","quantity":"950.415","price":"0.00189000","timestamp":1629103845,"volume":"1.79628435","buyTxId":"004f2e735a356eaa157975bb599bffcfd43bb5e6","sellTxId":"a5525e408357f1796856cb20d762e6956d9de6f8"}
{"index": {"_index":"sim","_id":"1363553"}}
	{"id":1363553,"type":"buy","buyer":"solovey6o2","seller":"nftmart.fees","symbol":"SIM","quantity":"57.000","price":"0.00193998","timestamp":1629108021,"volume":"0.11057886","buyTxId":"366f62a7bac191effcca11054be831a2d82e17eb","sellTxId":"d41436978d07f88b110b45f31b038579337984de-0"}
{"index": {"_index":"sim","_id":"1363554"}}
	{"id":1363554,"type":"buy","buyer":"solovey6o2","seller":"brofi-market","symbol":"SIM","quantity":"166.119","price":"0.00193999","timestamp":1629108021,"volume":"0.32226920","buyTxId":"366f62a7bac191effcca11054be831a2d82e17eb","sellTxId":"a656ce573bf9eb6fd7356bd1e54669fb698b4a86"}
{"index": {"_index":"sim","_id":"1363555"}}
	{"id":1363555,"type":"buy","buyer":"solovey6o2","seller":"picciridda2","symbol":"SIM","quantity":"80.000","price":"0.00194000","timestamp":1629108021,"volume":"0.15520000","buyTxId":"366f62a7bac191effcca11054be831a2d82e17eb","sellTxId":"7b0ffb12df3dc5939316abca060b20a899a36bd1"}
{"index": {"_index":"sim","_id":"1363556"}}
	{"id":1363556,"type":"buy","buyer":"solovey6o2","seller":"kaeptn-iglo","symbol":"SIM","quantity":"5769.000","price":"0.00194000","timestamp":1629108021,"volume":"11.19186000","buyTxId":"366f62a7bac191effcca11054be831a2d82e17eb","sellTxId":"2e4946facafea5e7e7f68fe7dbc336ec129e91f4"}
{"index": {"_index":"sim","_id":"1363557"}}
	{"id":1363557,"type":"buy","buyer":"solovey6o2","seller":"kaseldz","symbol":"SIM","quantity":"1327.000","price":"0.00194000","timestamp":1629108021,"volume":"2.57438000","buyTxId":"366f62a7bac191effcca11054be831a2d82e17eb","sellTxId":"0f668884cc0bf68b53659218fd5055ac81f1ef58"}
{"index": {"_index":"sim","_id":"1363558"}}
	{"id":1363558,"type":"buy","buyer":"solovey6o2","seller":"mapac","symbol":"SIM","quantity":"1211.000","price":"0.00194000","timestamp":1629108021,"volume":"2.34934000","buyTxId":"366f62a7bac191effcca11054be831a2d82e17eb","sellTxId":"04370f653255142d316d0eceaf6befb4e6a6be4c"}
{"index": {"_index":"sim","_id":"1363559"}}
	{"id":1363559,"type":"buy","buyer":"solovey6o2","seller":"alexvan","symbol":"SIM","quantity":"2497.002","price":"0.00194998","timestamp":1629108021,"volume":"4.86910396","buyTxId":"366f62a7bac191effcca11054be831a2d82e17eb","sellTxId":"8c9eb5459f98f7a2b17ed65e6abdbd3699425dd8"}
{"index": {"_index":"sim","_id":"1363560"}}
	{"id":1363560,"type":"buy","buyer":"solovey6o2","seller":"braaiboy","symbol":"SIM","quantity":"1949.224","price":"0.00198900","timestamp":1629108021,"volume":"3.87700654","buyTxId":"366f62a7bac191effcca11054be831a2d82e17eb","sellTxId":"57f9a8796befded9ffe0952d8a7b37ca988ae42c"}
{"index": {"_index":"sim","_id":"1363561"}}
	{"id":1363561,"type":"buy","buyer":"solovey6o2","seller":"medaymane","symbol":"SIM","quantity":"3133.100","price":"0.00198900","timestamp":1629108021,"volume":"6.23173590","buyTxId":"366f62a7bac191effcca11054be831a2d82e17eb","sellTxId":"9cfbd795b56419ebe75bcf3d6cb835ea4b5ebec0"}
{"index": {"_index":"sim","_id":"1363562"}}
	{"id":1363562,"type":"buy","buyer":"solovey6o2","seller":"mapac","symbol":"SIM","quantity":"888.000","price":"0.00198900","timestamp":1629108021,"volume":"1.76623200","buyTxId":"366f62a7bac191effcca11054be831a2d82e17eb","sellTxId":"8957357350b4a65289dd43704cacec09f23eba2e"}
{"index": {"_index":"sim","_id":"1363563"}}
	{"id":1363563,"type":"buy","buyer":"solovey6o2","seller":"dhedge-drips","symbol":"SIM","quantity":"0.005","price":"0.00198999","timestamp":1629108021,"volume":"0.00000995","buyTxId":"366f62a7bac191effcca11054be831a2d82e17eb","sellTxId":"9b2e7d8643f71d91230e0713dcf6ba37037caf40"}
{"index": {"_index":"sim","_id":"1363564"}}
	{"id":1363564,"type":"buy","buyer":"solovey6o2","seller":"yintercept","symbol":"SIM","quantity":"3.220","price":"0.00199000","timestamp":1629108021,"volume":"0.00640780","buyTxId":"366f62a7bac191effcca11054be831a2d82e17eb","sellTxId":"58a82360e6fb485106cf3bcb0ba241623f816e68"}
{"index": {"_index":"sim","_id":"1363565"}}
	{"id":1363565,"type":"buy","buyer":"solovey6o2","seller":"kiwibloke","symbol":"SIM","quantity":"495.000","price":"0.00199000","timestamp":1629108021,"volume":"0.98505000","buyTxId":"366f62a7bac191effcca11054be831a2d82e17eb","sellTxId":"bda8437514d7d8868137ed040c4cd3bf059cd79d"}
{"index": {"_index":"sim","_id":"1363566"}}
	{"id":1363566,"type":"buy","buyer":"solovey6o2","seller":"onecent","symbol":"SIM","quantity":"887.000","price":"0.00199000","timestamp":1629108021,"volume":"1.76513000","buyTxId":"366f62a7bac191effcca11054be831a2d82e17eb","sellTxId":"4d5f779b157623fe1af86d85aa54539c11d437a6"}
{"index": {"_index":"sim","_id":"1363567"}}
	{"id":1363567,"type":"buy","buyer":"solovey6o2","seller":"vincentnijman","symbol":"SIM","quantity":"3000.000","price":"0.00200000","timestamp":1629108021,"volume":"6.00000000","buyTxId":"366f62a7bac191effcca11054be831a2d82e17eb","sellTxId":"26eaa65caf997252363ceec1f8703b3b91494828"}
{"index": {"_index":"sim","_id":"1363568"}}
	{"id":1363568,"type":"buy","buyer":"solovey6o2","seller":"onecent","symbol":"SIM","quantity":"889.000","price":"0.00210000","timestamp":1629108021,"volume":"1.86690000","buyTxId":"366f62a7bac191effcca11054be831a2d82e17eb","sellTxId":"1fd3784794aefcb38b3c15b13f15e69926deeb18"}
{"index": {"_index":"sim","_id":"1363569"}}
	{"id":1363569,"type":"sell","buyer":"solovey6o2","seller":"konvik","symbol":"SIM","quantity":"2645.708","price":"0.00210000","timestamp":1629108024,"volume":"5.55598680","buyTxId":"366f62a7bac191effcca11054be831a2d82e17eb","sellTxId":"b5bbc65f7f27e368eb207b5c36684b3b8ff0449b-1"}
{"index": {"_index":"sim","_id":"1363603"}}
	{"id":1363603,"type":"sell","buyer":"d-pend","seller":"worldfinances","symbol":"SIM","quantity":"1000.000","price":"0.00189000","timestamp":1629108507,"volume":"1.89000000","buyTxId":"004f2e735a356eaa157975bb599bffcfd43bb5e6","sellTxId":"4ac9a1213c189f7cbfd2230a5a5b5bb0b6c6c6c9"}
{"index": {"_index":"sim","_id":"1363628"}}
	{"id":1363628,"type":"sell","buyer":"d-pend","seller":"reaverza","symbol":"SIM","quantity":"2466.000","price":"0.00189000","timestamp":1629109239,"volume":"4.66074000","buyTxId":"004f2e735a356eaa157975bb599bffcfd43bb5e6","sellTxId":"0c748ba8c2ef97e4bfc84651a26912ff9ac325eb"}
{"index": {"_index":"sim","_id":"1363650"}}
	{"id":1363650,"type":"sell","buyer":"d-pend","seller":"andy4475","symbol":"SIM","quantity":"63.029","price":"0.00189000","timestamp":1629109566,"volume":"0.11912481","buyTxId":"004f2e735a356eaa157975bb599bffcfd43bb5e6","sellTxId":"3ebb8e9854258cdd679935064af51d3684593fca"}
{"index": {"_index":"sim","_id":"1363690"}}
	{"id":1363690,"type":"sell","buyer":"d-pend","seller":"frugal-fun","symbol":"SIM","quantity":"27587.618","price":"0.00189000","timestamp":1629110442,"volume":"52.14059802","buyTxId":"004f2e735a356eaa157975bb599bffcfd43bb5e6","sellTxId":"8f5f56cd4820a16fa35d2886c98dd4a4758a66a4"}
{"index": {"_index":"sim","_id":"1363752"}}
	{"id":1363752,"type":"sell","buyer":"d-pend","seller":"soulsdetour","symbol":"SIM","quantity":"64.273","price":"0.00189000","timestamp":1629110904,"volume":"0.12147597","buyTxId":"004f2e735a356eaa157975bb599bffcfd43bb5e6","sellTxId":"2d043bad80d76dd377bc97a6e9a9e887a1e4a6fc"}
{"index": {"_index":"sim","_id":"1363787"}}
	{"id":1363787,"type":"sell","buyer":"d-pend","seller":"justinparke","symbol":"SIM","quantity":"8389.226","price":"0.00189000","timestamp":1629111405,"volume":"15.85563714","buyTxId":"004f2e735a356eaa157975bb599bffcfd43bb5e6","sellTxId":"278d7d52d68811486c1cd0077321f6cada7a08ae"}
{"index": {"_index":"sim","_id":"1363788"}}
	{"id":1363788,"type":"sell","buyer":"solovey6o2","seller":"justinparke","symbol":"SIM","quantity":"19536.935","price":"0.00188191","timestamp":1629111405,"volume":"36.76675335","buyTxId":"b962e199d214d4bcf0e6ee0bb32f4b67a4ad418d","sellTxId":"278d7d52d68811486c1cd0077321f6cada7a08ae"}
{"index": {"_index":"sim","_id":"1363789"}}
	{"id":1363789,"type":"sell","buyer":"enginemaker","seller":"justinparke","symbol":"SIM","quantity":"13284.447","price":"0.00188190","timestamp":1629111405,"volume":"25.00000081","buyTxId":"MM-P-9577091-56560067-3-2-0","sellTxId":"278d7d52d68811486c1cd0077321f6cada7a08ae"}
{"index": {"_index":"sim","_id":"1363790"}}
	{"id":1363790,"type":"sell","buyer":"he-index","seller":"justinparke","symbol":"SIM","quantity":"155.849","price":"0.00188002","timestamp":1629111405,"volume":"0.29299924","buyTxId":"3914a1b5c5cbe1f2ca9db02ccc99b98f86ce4e72","sellTxId":"278d7d52d68811486c1cd0077321f6cada7a08ae"}
{"index": {"_index":"sim","_id":"1363791"}}
	{"id":1363791,"type":"sell","buyer":"mastergerund","seller":"justinparke","symbol":"SIM","quantity":"11019.557","price":"0.00188000","timestamp":1629111405,"volume":"20.71676716","buyTxId":"4c3323e89562095b0cb6cbe16cbe98951b7c92ea","sellTxId":"278d7d52d68811486c1cd0077321f6cada7a08ae"}
{"index": {"_index":"sim","_id":"1363925"}}
	{"id":1363925,"type":"sell","buyer":"janusface","seller":"konvik","symbol":"SIM","quantity":"49950.498","price":"0.00192000","timestamp":1629113658,"volume":"95.90495616","buyTxId":"bb5e9c31f6b4b6fa888f85f363f049615b61f288","sellTxId":"cd14a1bcd65790e873865f4f3023a3230b70bb43-1"}
{"index": {"_index":"sim","_id":"1363995"}}
	{"id":1363995,"type":"buy","buyer":"stickupboys","seller":"solovey6o2","symbol":"SIM","quantity":"3000.000","price":"0.00209986","timestamp":1629114807,"volume":"6.29958000","buyTxId":"cb9b7721629cf0168617110cfcdc04be68c9eae7","sellTxId":"67042a4e7eaefdacfd5a41f776b4de4664555605"}
{"index": {"_index":"sim","_id":"1364038"}}
	{"id":1364038,"type":"buy","buyer":"he-index","seller":"enginemaker","symbol":"SIM","quantity":"139.533","price":"0.00206984","timestamp":1629115473,"volume":"0.28881098","buyTxId":"b0ae6ec816f95545004594939ef960d2a294f98a","sellTxId":"MM-P-9599308-56582329-3-2-0"}
{"index": {"_index":"sim","_id":"1364057"}}
	{"id":1364057,"type":"sell","buyer":"janusface","seller":"brofi-market","symbol":"SIM","quantity":"0.002","price":"0.00192000","timestamp":1629115719,"volume":"0.00000384","buyTxId":"bb5e9c31f6b4b6fa888f85f363f049615b61f288","sellTxId":"2e9eca573e5e208c25e2a1358fce7c7afd38bb5f"}
{"index": {"_index":"sim","_id":"1364147"}}
	{"id":1364147,"type":"buy","buyer":"konvik","seller":"nftmart.fees","symbol":"SIM","quantity":"53.000","price":"0.00199999","timestamp":1629116811,"volume":"0.10599947","buyTxId":"a0811093f48b14c4b2b5473dadda7588f543a225-0","sellTxId":"6988811012042e4daf979e09f6a1b672e05090a9-0"}
{"index": {"_index":"sim","_id":"1364148"}}
	{"id":1364148,"type":"buy","buyer":"konvik","seller":"taitux","symbol":"SIM","quantity":"3131.031","price":"0.00200000","timestamp":1629116811,"volume":"6.26206200","buyTxId":"a0811093f48b14c4b2b5473dadda7588f543a225-0","sellTxId":"3fdf4ce6908d9f4f17167348e2adb4e3f02bface"}
{"index": {"_index":"sim","_id":"1364171"}}
	{"id":1364171,"type":"buy","buyer":"konvik","seller":"taitux","symbol":"SIM","quantity":"52.969","price":"0.00200000","timestamp":1629117264,"volume":"0.10593800","buyTxId":"8f509423f433475fdd9584ea0b4e14cc438f2a7e-0","sellTxId":"3fdf4ce6908d9f4f17167348e2adb4e3f02bface"}
{"index": {"_index":"sim","_id":"1364172"}}
	{"id":1364172,"type":"buy","buyer":"konvik","seller":"enginemaker","symbol":"SIM","quantity":"13092.076","price":"0.00200978","timestamp":1629117264,"volume":"26.31219250","buyTxId":"8f509423f433475fdd9584ea0b4e14cc438f2a7e-0","sellTxId":"MM-P-9599904-56582928-3-2-0"}
{"index": {"_index":"sim","_id":"1364177"}}
	{"id":1364177,"type":"buy","buyer":"cwow2","seller":"enginemaker","symbol":"SIM","quantity":"52.838","price":"0.00200978","timestamp":1629117339,"volume":"0.10619276","buyTxId":"6d173fe61a9887f074dd4d0e7c6a756bde661126","sellTxId":"MM-P-9599904-56582928-3-2-0"}
{"index": {"_index":"sim","_id":"1364206"}}
	{"id":1364206,"type":"sell","buyer":"pi-trader","seller":"dhedge-drips","symbol":"SIM","quantity":"0.001","price":"0.00192001","timestamp":1629117933,"volume":"0.00000192","buyTxId":"ec6dabd9f8c5834cf2ee292e39c0838c9a2d581c","sellTxId":"fc0678c0d34a31dbf0fbc0edd7da4d53d621d004"}
{"index": {"_index":"sim","_id":"1364219"}}
	{"id":1364219,"type":"sell","buyer":"pi-trader","seller":"kobusu","symbol":"SIM","quantity":"2000.000","price":"0.00192001","timestamp":1629118122,"volume":"3.84002000","buyTxId":"dc8ac46b7f80ff7e06929f6350b94b55c956bf0e-1","sellTxId":"a6aa18f340cf0ce1ffd6268214649689d70a7cd5"}
{"index": {"_index":"sim","_id":"1364230"}}
	{"id":1364230,"type":"sell","buyer":"pi-trader","seller":"muenchen","symbol":"SIM","quantity":"2000.000","price":"0.00192001","timestamp":1629118308,"volume":"3.84002000","buyTxId":"8fcf9fcf195062e6f115b4d5e8090c2d2219245e","sellTxId":"7edf66d4e55dc4f9207bf644350dca12e98854a8"}
{"index": {"_index":"sim","_id":"1364231"}}
	{"id":1364231,"type":"sell","buyer":"janusface","seller":"muenchen","symbol":"SIM","quantity":"49.500","price":"0.00192000","timestamp":1629118308,"volume":"0.09504000","buyTxId":"bb5e9c31f6b4b6fa888f85f363f049615b61f288","sellTxId":"7edf66d4e55dc4f9207bf644350dca12e98854a8"}
{"index": {"_index":"sim","_id":"1364232"}}
	{"id":1364232,"type":"sell","buyer":"solovey6o2","seller":"muenchen","symbol":"SIM","quantity":"17075.600","price":"0.00188001","timestamp":1629118308,"volume":"32.10229876","buyTxId":"d66c3b5603e8f24612a5aff5b43ed4cab54eccdf","sellTxId":"7edf66d4e55dc4f9207bf644350dca12e98854a8"}
{"index": {"_index":"sim","_id":"1364285"}}
	{"id":1364285,"type":"sell","buyer":"pi-trader","seller":"imperij4427","symbol":"SIM","quantity":"2000.000","price":"0.00188002","timestamp":1629119010,"volume":"3.76004000","buyTxId":"fdcf1e1ea1e535e9a9caa3f8f49220a967cd4bbf","sellTxId":"22324069de936a669ba76cc2c0d01324f37c0079"}
{"index": {"_index":"sim","_id":"1364286"}}
	{"id":1364286,"type":"sell","buyer":"solovey6o2","seller":"imperij4427","symbol":"SIM","quantity":"27173.412","price":"0.00188001","timestamp":1629119010,"volume":"51.08628629","buyTxId":"d66c3b5603e8f24612a5aff5b43ed4cab54eccdf","sellTxId":"22324069de936a669ba76cc2c0d01324f37c0079"}
{"index": {"_index":"sim","_id":"1364287"}}
	{"id":1364287,"type":"sell","buyer":"mastergerund","seller":"imperij4427","symbol":"SIM","quantity":"8361.088","price":"0.00188000","timestamp":1629119010,"volume":"15.71884544","buyTxId":"4c3323e89562095b0cb6cbe16cbe98951b7c92ea","sellTxId":"22324069de936a669ba76cc2c0d01324f37c0079"}
{"index": {"_index":"sim","_id":"1364303"}}
	{"id":1364303,"type":"buy","buyer":"stickupboys","seller":"nftmart.fees","symbol":"SIM","quantity":"53.000","price":"0.00206981","timestamp":1629119235,"volume":"0.10969993","buyTxId":"cbbd1b827a1cd53a5b554b1ba0ef440aad0cd3dc","sellTxId":"4082279533340592e625ce58fdbc825396c0787f-0"}
{"index": {"_index":"sim","_id":"1364307"}}
	{"id":1364307,"type":"buy","buyer":"stickupboys","seller":"dhedge-drips","symbol":"SIM","quantity":"0.001","price":"0.00206982","timestamp":1629119355,"volume":"0.00000207","buyTxId":"4ba7560ec4a28dce4afbb7c7ebd9830a9f9c5321","sellTxId":"804ede76b896ed4ec9dc3f56b8d473827f1c5f5e"}
{"index": {"_index":"sim","_id":"1364308"}}
	{"id":1364308,"type":"buy","buyer":"stickupboys","seller":"brofi-market","symbol":"SIM","quantity":"0.002","price":"0.00206983","timestamp":1629119355,"volume":"0.00000414","buyTxId":"4ba7560ec4a28dce4afbb7c7ebd9830a9f9c5321","sellTxId":"9ac85d0f424c17dac78744309a6585f1e64706dd"}
{"index": {"_index":"sim","_id":"1364309"}}
	{"id":1364309,"type":"buy","buyer":"stickupboys","seller":"mapac","symbol":"SIM","quantity":"304.997","price":"0.00212000","timestamp":1629119355,"volume":"0.64659364","buyTxId":"4ba7560ec4a28dce4afbb7c7ebd9830a9f9c5321","sellTxId":"70a5a8e99483831823c8881e41be628ccfd22e31"}
{"index": {"_index":"sim","_id":"1364330"}}
	{"id":1364330,"type":"buy","buyer":"emergehealthier","seller":"mapac","symbol":"SIM","quantity":"583.003","price":"0.00212000","timestamp":1629119646,"volume":"1.23596636","buyTxId":"02e8bf2541b2bca5644424bda74c366609b72870","sellTxId":"70a5a8e99483831823c8881e41be628ccfd22e31"}
{"index": {"_index":"sim","_id":"1364332"}}
	{"id":1364332,"type":"buy","buyer":"emergehealthier","seller":"master-lamps","symbol":"SIM","quantity":"200.000","price":"0.00219999","timestamp":1629119718,"volume":"0.43999800","buyTxId":"6016ef5f435d0e3825d5bd49aa2336a62ff7cc91","sellTxId":"25d93733289cfcb3d1a65b25706148a06a6cb7f6"}
{"index": {"_index":"sim","_id":"1364586"}}
	{"id":1364586,"type":"buy","buyer":"sra1992","seller":"ecuaminte","symbol":"SIM","quantity":"457.000","price":"0.00218900","timestamp":1629123669,"volume":"1.00037300","buyTxId":"3a96d2247aa07d8a0fc14224398e90db5e15f3e2","sellTxId":"082fc3eaf70f43e613b98b12ae9518ced273f6fe"}
{"index": {"_index":"sim","_id":"1364590"}}
	{"id":1364590,"type":"sell","buyer":"sra1992","seller":"konvik","symbol":"SIM","quantity":"2086.931","price":"0.00218900","timestamp":1629123672,"volume":"4.56829196","buyTxId":"3a96d2247aa07d8a0fc14224398e90db5e15f3e2","sellTxId":"2db34f3fda1542f8b9a35879c9146cc0ae2ee2cb-1"}
{"index": {"_index":"sim","_id":"1364602"}}
	{"id":1364602,"type":"sell","buyer":"sra1992","seller":"mary.janikowski","symbol":"SIM","quantity":"2.069","price":"0.00218900","timestamp":1629123849,"volume":"0.00452904","buyTxId":"3a96d2247aa07d8a0fc14224398e90db5e15f3e2","sellTxId":"5e1a07cec7c1c246cef8e9e5c53f106c57a26cb5"}
{"index": {"_index":"sim","_id":"1364645"}}
	{"id":1364645,"type":"sell","buyer":"pi-trader","seller":"peter-stone","symbol":"SIM","quantity":"2.310","price":"0.00188001","timestamp":1629124290,"volume":"0.00434282","buyTxId":"57d3a29ebd8d0862150cebd9ca350be62b6191cb","sellTxId":"98c108ab239e434ab59ee2b4abaa322467a3223b"}
{"index": {"_index":"sim","_id":"1364649"}}
	{"id":1364649,"type":"sell","buyer":"pi-trader","seller":"bearbear613","symbol":"SIM","quantity":"2000.000","price":"0.00188001","timestamp":1629124386,"volume":"3.76002000","buyTxId":"15e6e77a0808a2048aaa2819af1d609c4055b8cf-1","sellTxId":"c7a6a905cfe1c1850dd981897e4a01d482e40779"}
{"index": {"_index":"sim","_id":"1364650"}}
	{"id":1364650,"type":"buy","buyer":"konvik","seller":"bearbear613","symbol":"SIM","quantity":"12317.495","price":"0.00188001","timestamp":1629124389,"volume":"23.15701377","buyTxId":"0dcb0c44f494ea3ee3ddda8831ac2d9605094530-0","sellTxId":"c7a6a905cfe1c1850dd981897e4a01d482e40779"}
{"index": {"_index":"sim","_id":"1364682"}}
	{"id":1364682,"type":"sell","buyer":"pi-trader","seller":"roninrelax","symbol":"SIM","quantity":"9.046","price":"0.00188001","timestamp":1629124638,"volume":"0.01700657","buyTxId":"5200d65cb37e19554b7cd503ef089fb3c2aa5c00","sellTxId":"46a6884f7bbdd1f1bb1ba2d33d345d0cdfee0341"}
{"index": {"_index":"sim","_id":"1364709"}}
	{"id":1364709,"type":"buy","buyer":"solovey6o2","seller":"nftmart.fees","symbol":"SIM","quantity":"46.000","price":"0.00214999","timestamp":1629124869,"volume":"0.09889954","buyTxId":"9a5c017f5f163b8c8de1b8749fe71c25d8976ca2","sellTxId":"e6b732eb44487c7827872349a557104db6e2fd51-0"}
{"index": {"_index":"sim","_id":"1364710"}}
	{"id":1364710,"type":"buy","buyer":"solovey6o2","seller":"videobooster","symbol":"SIM","quantity":"29000.000","price":"0.00215000","timestamp":1629124869,"volume":"62.35000000","buyTxId":"9a5c017f5f163b8c8de1b8749fe71c25d8976ca2","sellTxId":"a24859cf9cf0ab2e8637b6a88e37f9a24f5da3b6"}
{"index": {"_index":"sim","_id":"1364711"}}
	{"id":1364711,"type":"buy","buyer":"solovey6o2","seller":"mary.janikowski","symbol":"SIM","quantity":"4743.786","price":"0.00218000","timestamp":1629124869,"volume":"10.34145348","buyTxId":"9a5c017f5f163b8c8de1b8749fe71c25d8976ca2","sellTxId":"5e1a07cec7c1c246cef8e9e5c53f106c57a26cb5"}
{"index": {"_index":"sim","_id":"1364712"}}
	{"id":1364712,"type":"buy","buyer":"solovey6o2","seller":"ctrlyse","symbol":"SIM","quantity":"799.800","price":"0.00218998","timestamp":1629124869,"volume":"1.75154600","buyTxId":"9a5c017f5f163b8c8de1b8749fe71c25d8976ca2","sellTxId":"5f92f043ae7c045bc6ca63fcadff41065cff6364"}
{"index": {"_index":"sim","_id":"1364713"}}
	{"id":1364713,"type":"buy","buyer":"solovey6o2","seller":"tussar11","symbol":"SIM","quantity":"4503.000","price":"0.00219000","timestamp":1629124869,"volume":"9.86157000","buyTxId":"9a5c017f5f163b8c8de1b8749fe71c25d8976ca2","sellTxId":"6e7bd8ba1d057ea81da5b1d74dd81aadedc88caf"}
{"index": {"_index":"sim","_id":"1364714"}}
	{"id":1364714,"type":"buy","buyer":"solovey6o2","seller":"holoferncro","symbol":"SIM","quantity":"6407.414","price":"0.00219000","timestamp":1629124869,"volume":"14.03223666","buyTxId":"9a5c017f5f163b8c8de1b8749fe71c25d8976ca2","sellTxId":"40390225e12681939865495748616a68038b6b7e"}
{"index": {"_index":"sim","_id":"1364809"}}
	{"id":1364809,"type":"buy","buyer":"freebornsociety","seller":"solovey6o2","symbol":"SIM","quantity":"4566.439","price":"0.00218989","timestamp":1629125934,"volume":"10","buyTxId":"a699c4c500f480600c63a2736caafdd8f9de84c7","sellTxId":"949ef7d4873ec9428872980da090584d9c270bb2"}
{"index": {"_index":"sim","_id":"1364817"}}
	{"id":1364817,"type":"sell","buyer":"pi-trader","seller":"sra1992","symbol":"SIM","quantity":"1177.000","price":"0.00189001","timestamp":1629126027,"volume":"2.22454177","buyTxId":"f20b3b5e1471fcfdeca77f90d643274a9bb1483c-1","sellTxId":"f006041a6fca7406fa3d3c8af46db36e117e9393"}
{"index": {"_index":"sim","_id":"1364848"}}
	{"id":1364848,"type":"buy","buyer":"solovey6o2","seller":"nftmart.fees","symbol":"SIM","quantity":"40.000","price":"0.00218988","timestamp":1629126186,"volume":"0.08759520","buyTxId":"f4b4b6d394d11372e4083f805e346f5948e23ae8","sellTxId":"09f8b24f0cb2e6ae068a506f61b01a71c946734d-0"}
{"index": {"_index":"sim","_id":"1364849"}}
	{"id":1364849,"type":"buy","buyer":"solovey6o2","seller":"rubymooney","symbol":"SIM","quantity":"2722.000","price":"0.00218990","timestamp":1629126186,"volume":"5.96090780","buyTxId":"f4b4b6d394d11372e4083f805e346f5948e23ae8","sellTxId":"cfb74972b53ede2f2e2da5450641a82deb8a57f9"}
{"index": {"_index":"sim","_id":"1364850"}}
	{"id":1364850,"type":"buy","buyer":"solovey6o2","seller":"shaktidas2020","symbol":"SIM","quantity":"23764.000","price":"0.00218990","timestamp":1629126186,"volume":"52.04078360","buyTxId":"f4b4b6d394d11372e4083f805e346f5948e23ae8","sellTxId":"e591de12f7d19e57a2363465301525c7bdfdc9ad"}
{"index": {"_index":"sim","_id":"1364851"}}
	{"id":1364851,"type":"buy","buyer":"solovey6o2","seller":"holoferncro","symbol":"SIM","quantity":"766.588","price":"0.00219000","timestamp":1629126186,"volume":"1.67882772","buyTxId":"f4b4b6d394d11372e4083f805e346f5948e23ae8","sellTxId":"40390225e12681939865495748616a68038b6b7e"}
{"index": {"_index":"sim","_id":"1364852"}}
	{"id":1364852,"type":"buy","buyer":"solovey6o2","seller":"themightyvolcano","symbol":"SIM","quantity":"58049.000","price":"0.00219997","timestamp":1629126186,"volume":"127.70605853","buyTxId":"f4b4b6d394d11372e4083f805e346f5948e23ae8","sellTxId":"bfae290ee34952ff70b45bd4fb543c0f07903cf7"}
{"index": {"_index":"sim","_id":"1364853"}}
	{"id":1364853,"type":"buy","buyer":"solovey6o2","seller":"master-lamps","symbol":"SIM","quantity":"3707.066","price":"0.00219999","timestamp":1629126186,"volume":"8.15550813","buyTxId":"f4b4b6d394d11372e4083f805e346f5948e23ae8","sellTxId":"25d93733289cfcb3d1a65b25706148a06a6cb7f6"}
{"index": {"_index":"sim","_id":"1364854"}}
	{"id":1364854,"type":"buy","buyer":"solovey6o2","seller":"cryptofiloz","symbol":"SIM","quantity":"1020.000","price":"0.00220501","timestamp":1629126186,"volume":"2.24911020","buyTxId":"f4b4b6d394d11372e4083f805e346f5948e23ae8","sellTxId":"ba15564423051cfc9e880564d81572e93b1983f1"}
{"index": {"_index":"sim","_id":"1364855"}}
	{"id":1364855,"type":"buy","buyer":"solovey6o2","seller":"desyfit","symbol":"SIM","quantity":"1931.346","price":"0.00220998","timestamp":1629126186,"volume":"4.26823603","buyTxId":"f4b4b6d394d11372e4083f805e346f5948e23ae8","sellTxId":"bda26deef13863dea0ef9c2c36ae77dad42f9f26"}
{"index": {"_index":"sim","_id":"1364923"}}
	{"id":1364923,"type":"buy","buyer":"gerber","seller":"solovey6o2","symbol":"SIM","quantity":"60400.000","price":"0.00220997","timestamp":1629126714,"volume":"133.48218800","buyTxId":"e3b1ab6c69222518175efeb8aec2cf71884ae44b","sellTxId":"d403dfaf3982bfe0bcb0ab4df8c0e1b9da988766"}
{"index": {"_index":"sim","_id":"1365007"}}
	{"id":1365007,"type":"sell","buyer":"pi-trader","seller":"kcgm","symbol":"SIM","quantity":"5.286","price":"0.00201004","timestamp":1629127842,"volume":"0.01062507","buyTxId":"522807b933e73a4dd533a4c7cab3cd4113f97cad-1","sellTxId":"d9a9c071267f9b3b6f0f3c286404a756adfef699"}
{"index": {"_index":"sim","_id":"1365062"}}
	{"id":1365062,"type":"buy","buyer":"konvik","seller":"skippyza","symbol":"SIM","quantity":"2000.000","price":"0.00215000","timestamp":1629128574,"volume":"4.30000000","buyTxId":"120bb1ccbd7f01e1c93717ef8143bde267e190e2-0","sellTxId":"ff72923d7ce1631f50f4717bfefdd33827e45c4e"}
{"index": {"_index":"sim","_id":"1365085"}}
	{"id":1365085,"type":"sell","buyer":"pi-trader","seller":"newiz","symbol":"SIM","quantity":"53.756","price":"0.00201004","timestamp":1629129141,"volume":"0.10805171","buyTxId":"2d21cb6945a38664d43e6f4bcdffa79d7b75a872-1","sellTxId":"85d656bd96a33d231d1f89ad1bd86a9c7e4c4ab1"}
{"index": {"_index":"sim","_id":"1365091"}}
	{"id":1365091,"type":"buy","buyer":"konvik","seller":"videobooster","symbol":"SIM","quantity":"50000.000","price":"0.00215000","timestamp":1629129216,"volume":"107.50000000","buyTxId":"e78dd1494317c9c6580b8038cc118e995b60455e-0","sellTxId":"1a52f047d89feea407ec80aecc2a728ed9435e19"}
{"index": {"_index":"sim","_id":"1365128"}}
	{"id":1365128,"type":"buy","buyer":"dadspardan","seller":"solovey6o2","symbol":"SIM","quantity":"13400.000","price":"0.00217999","timestamp":1629129543,"volume":"29.21186600","buyTxId":"2087c44abd43a76d7c3a539bd5f478bfa81243f8","sellTxId":"8d18acdc5bce98dfde9d2efc38fadcd08065eae1"}
{"index": {"_index":"sim","_id":"1365242"}}
	{"id":1365242,"type":"buy","buyer":"dadspardan","seller":"nftmart.fees","symbol":"SIM","quantity":"35.000","price":"0.00217998","timestamp":1629130479,"volume":"0.07629930","buyTxId":"8701a547e197fa3a28c5313bbb6aba332508b1d2","sellTxId":"eddd0207d89cae27e54edb34e4682c429bb08e98-0"}
{"index": {"_index":"sim","_id":"1365243"}}
	{"id":1365243,"type":"buy","buyer":"dadspardan","seller":"solovey6o2","symbol":"SIM","quantity":"9443.000","price":"0.00217999","timestamp":1629130479,"volume":"20.58564557","buyTxId":"8701a547e197fa3a28c5313bbb6aba332508b1d2","sellTxId":"8d18acdc5bce98dfde9d2efc38fadcd08065eae1"}
{"index": {"_index":"sim","_id":"1365274"}}
	{"id":1365274,"type":"buy","buyer":"solovey6o2","seller":"videobooster","symbol":"SIM","quantity":"30000.000","price":"0.00218000","timestamp":1629130641,"volume":"65.40000000","buyTxId":"46c44b4a9152bcd91667635dfd2f698e665c9956","sellTxId":"2637f2283a707c23180a0f3804974e9478e7f10d"}
{"index": {"_index":"sim","_id":"1365275"}}
	{"id":1365275,"type":"buy","buyer":"solovey6o2","seller":"onecent","symbol":"SIM","quantity":"1224.000","price":"0.00220000","timestamp":1629130641,"volume":"2.69280000","buyTxId":"46c44b4a9152bcd91667635dfd2f698e665c9956","sellTxId":"2560b9e0a20d9c0cd3ed7314573897da7d351ac8"}
{"index": {"_index":"sim","_id":"1365276"}}
	{"id":1365276,"type":"buy","buyer":"solovey6o2","seller":"pinkfloyd878","symbol":"SIM","quantity":"2500.000","price":"0.00220100","timestamp":1629130641,"volume":"5.50250000","buyTxId":"46c44b4a9152bcd91667635dfd2f698e665c9956","sellTxId":"7e94875f839e5c0db3ee1ab8ecb1a25bdba43467"}
{"index": {"_index":"sim","_id":"1365277"}}
	{"id":1365277,"type":"buy","buyer":"solovey6o2","seller":"mapac","symbol":"SIM","quantity":"2276.000","price":"0.00220400","timestamp":1629130641,"volume":"5.01630400","buyTxId":"46c44b4a9152bcd91667635dfd2f698e665c9956","sellTxId":"b87eda77016e86ed134b3ba9a436d1f28f9734c4"}
{"index": {"_index":"sim","_id":"1365300"}}
	{"id":1365300,"type":"buy","buyer":"konvik","seller":"mapac","symbol":"SIM","quantity":"179.000","price":"0.00220400","timestamp":1629130788,"volume":"0.39451600","buyTxId":"08f60f3469cd01ddebdfeefdb6ea5cbdd61e7992-0","sellTxId":"b87eda77016e86ed134b3ba9a436d1f28f9734c4"}
{"index": {"_index":"sim","_id":"1365301"}}
	{"id":1365301,"type":"buy","buyer":"konvik","seller":"solovey6o2","symbol":"SIM","quantity":"365193.889","price":"0.00220997","timestamp":1629130788,"volume":"807.06753887","buyTxId":"08f60f3469cd01ddebdfeefdb6ea5cbdd61e7992-0","sellTxId":"73d32b2ca2db25c195a1f54015efeca8b17f8f8e"}
{"index": {"_index":"sim","_id":"1365302"}}
	{"id":1365302,"type":"buy","buyer":"konvik","seller":"solovey6o2","symbol":"SIM","quantity":"40253.482","price":"0.00220997","timestamp":1629130791,"volume":"88.95898762","buyTxId":"9f2cc0585e32c06734892f4cd52c2f0292e0554e-0","sellTxId":"73d32b2ca2db25c195a1f54015efeca8b17f8f8e"}
{"index": {"_index":"sim","_id":"1365306"}}
	{"id":1365306,"type":"sell","buyer":"pi-trader","seller":"lifeskills-tv","symbol":"SIM","quantity":"860.514","price":"0.00201004","timestamp":1629130833,"volume":"1.72966756","buyTxId":"b6476634f9e1180002b078e7675fd61e007418d9-1","sellTxId":"c88e05aea5e72458f271d03a0819f4f385fb5674"}
{"index": {"_index":"sim","_id":"1365372"}}
	{"id":1365372,"type":"buy","buyer":"solovey6o2","seller":"nftmart.fees","symbol":"SIM","quantity":"30.000","price":"0.00220996","timestamp":1629131193,"volume":"0.06629880","buyTxId":"341684c994ad7230298e55d758c368b2e5596e73","sellTxId":"e9a2f16209099a1e232d23124afadb330f3ad8d2-0"}
{"index": {"_index":"sim","_id":"1365373"}}
	{"id":1365373,"type":"buy","buyer":"solovey6o2","seller":"desyfit","symbol":"SIM","quantity":"178068.654","price":"0.00220998","timestamp":1629131193,"volume":"393.52816397","buyTxId":"341684c994ad7230298e55d758c368b2e5596e73","sellTxId":"bda26deef13863dea0ef9c2c36ae77dad42f9f26"}
{"index": {"_index":"sim","_id":"1365374"}}
	{"id":1365374,"type":"buy","buyer":"solovey6o2","seller":"sallhiddles","symbol":"SIM","quantity":"6000.000","price":"0.00220999","timestamp":1629131193,"volume":"13.25994000","buyTxId":"341684c994ad7230298e55d758c368b2e5596e73","sellTxId":"8cde8ac40b3ca91b987c660b2fd50e0ca62d95a8"}
{"index": {"_index":"sim","_id":"1365375"}}
	{"id":1365375,"type":"buy","buyer":"solovey6o2","seller":"hotasian","symbol":"SIM","quantity":"66566.742","price":"0.00221000","timestamp":1629131193,"volume":"147.11249982","buyTxId":"341684c994ad7230298e55d758c368b2e5596e73","sellTxId":"e9ba770a95109c73da67dc4f8a9e3d92ba22ee7a"}
{"index": {"_index":"sim","_id":"1365376"}}
	{"id":1365376,"type":"buy","buyer":"solovey6o2","seller":"mpath","symbol":"SIM","quantity":"777.000","price":"0.00221000","timestamp":1629131193,"volume":"1.71717000","buyTxId":"341684c994ad7230298e55d758c368b2e5596e73","sellTxId":"f7aad911ea313b08201d793ecfb2ec33036ea3d6"}
{"index": {"_index":"sim","_id":"1365377"}}
	{"id":1365377,"type":"buy","buyer":"solovey6o2","seller":"mapac","symbol":"SIM","quantity":"888.000","price":"0.00221100","timestamp":1629131193,"volume":"1.96336800","buyTxId":"341684c994ad7230298e55d758c368b2e5596e73","sellTxId":"4967fdf3eb74eacae3a73ec7d0e01d7546b13720"}
{"index": {"_index":"sim","_id":"1365378"}}
	{"id":1365378,"type":"buy","buyer":"solovey6o2","seller":"onecent","symbol":"SIM","quantity":"888.000","price":"0.00221100","timestamp":1629131193,"volume":"1.96336800","buyTxId":"341684c994ad7230298e55d758c368b2e5596e73","sellTxId":"56bb70395378e4818821577fc3bc79285ae9fd5d"}
{"index": {"_index":"sim","_id":"1365379"}}
	{"id":1365379,"type":"buy","buyer":"solovey6o2","seller":"onecent","symbol":"SIM","quantity":"555.000","price":"0.00223500","timestamp":1629131193,"volume":"1.24042500","buyTxId":"341684c994ad7230298e55d758c368b2e5596e73","sellTxId":"13b3480a1f9aaa19c9a03a548cb35482a7f104da"}
{"index": {"_index":"sim","_id":"1365380"}}
	{"id":1365380,"type":"buy","buyer":"solovey6o2","seller":"nastyforce","symbol":"SIM","quantity":"2000.000","price":"0.00224000","timestamp":1629131193,"volume":"4.48000000","buyTxId":"341684c994ad7230298e55d758c368b2e5596e73","sellTxId":"8d6cea2a28d3351e4f0af26530017d04807de1a0"}
{"index": {"_index":"sim","_id":"1365381"}}
	{"id":1365381,"type":"buy","buyer":"solovey6o2","seller":"nastyforce","symbol":"SIM","quantity":"2000.000","price":"0.00225000","timestamp":1629131193,"volume":"4.50000000","buyTxId":"341684c994ad7230298e55d758c368b2e5596e73","sellTxId":"bc477e0253c7ea84018e8b5a586b0ed40b43834f"}
{"index": {"_index":"sim","_id":"1365382"}}
	{"id":1365382,"type":"buy","buyer":"solovey6o2","seller":"nastyforce","symbol":"SIM","quantity":"2000.000","price":"0.00226000","timestamp":1629131193,"volume":"4.52000000","buyTxId":"341684c994ad7230298e55d758c368b2e5596e73","sellTxId":"4227c4db2a31503960a4953a94620ae2f6494f68"}
{"index": {"_index":"sim","_id":"1365383"}}
	{"id":1365383,"type":"buy","buyer":"solovey6o2","seller":"nastyforce","symbol":"SIM","quantity":"226.604","price":"0.00227000","timestamp":1629131193,"volume":"0.51439108","buyTxId":"341684c994ad7230298e55d758c368b2e5596e73","sellTxId":"dda614c27d01d5d1bdc5e49478392da9f8b68239"}
{"index": {"_index":"sim","_id":"1365417"}}
	{"id":1365417,"type":"buy","buyer":"juanmiguelsalas","seller":"nastyforce","symbol":"SIM","quantity":"1773.396","price":"0.00227000","timestamp":1629131340,"volume":"4.02560892","buyTxId":"520d3bee0eaf6097a9f83b67008dc387cd563f2a","sellTxId":"dda614c27d01d5d1bdc5e49478392da9f8b68239"}
{"index": {"_index":"sim","_id":"1365424"}}
	{"id":1365424,"type":"buy","buyer":"juanmiguelsalas","seller":"nastyforce","symbol":"SIM","quantity":"2000.000","price":"0.00228000","timestamp":1629131367,"volume":"4.56000000","buyTxId":"fc9a9e553f6875d084b549e10aaa02b48de2d550","sellTxId":"505f70baafe6c29756a34a3735cb1b9cfc9d75a3"}
{"index": {"_index":"sim","_id":"1365429"}}
	{"id":1365429,"type":"buy","buyer":"solovey6o2","seller":"cryptofiloz","symbol":"SIM","quantity":"6055.000","price":"0.00229000","timestamp":1629131376,"volume":"13.86595000","buyTxId":"fbed4a3265eb0f9b4930d14090929f9d80f60aad","sellTxId":"0c3cf25eee2fe9f6b11db9073de50a613470debf"}
{"index": {"_index":"sim","_id":"1365430"}}
	{"id":1365430,"type":"buy","buyer":"solovey6o2","seller":"algotraderx","symbol":"SIM","quantity":"229.000","price":"0.00230000","timestamp":1629131376,"volume":"0.52670000","buyTxId":"fbed4a3265eb0f9b4930d14090929f9d80f60aad","sellTxId":"145750d7514176d3e29f3a5a35771513c00ee89c"}
{"index": {"_index":"sim","_id":"1365431"}}
	{"id":1365431,"type":"buy","buyer":"solovey6o2","seller":"accelerator","symbol":"SIM","quantity":"555.000","price":"0.00230000","timestamp":1629131376,"volume":"1.27650000","buyTxId":"fbed4a3265eb0f9b4930d14090929f9d80f60aad","sellTxId":"e02a91b02f50535ff1de9a0612bbea7fb35e9f87"}
{"index": {"_index":"sim","_id":"1365432"}}
	{"id":1365432,"type":"buy","buyer":"solovey6o2","seller":"pardinus","symbol":"SIM","quantity":"10000.000","price":"0.00230000","timestamp":1629131376,"volume":"23.00000000","buyTxId":"fbed4a3265eb0f9b4930d14090929f9d80f60aad","sellTxId":"a39ef46d83d83099db6b671abdc566b9ff751929"}
{"index": {"_index":"sim","_id":"1365433"}}
	{"id":1365433,"type":"buy","buyer":"solovey6o2","seller":"mapac","symbol":"SIM","quantity":"888.000","price":"0.00230200","timestamp":1629131376,"volume":"2.04417600","buyTxId":"fbed4a3265eb0f9b4930d14090929f9d80f60aad","sellTxId":"3335c7a903449f8671e1fa28edc354ebee24a988"}
{"index": {"_index":"sim","_id":"1365434"}}
	{"id":1365434,"type":"buy","buyer":"solovey6o2","seller":"mpath","symbol":"SIM","quantity":"555.000","price":"0.00231000","timestamp":1629131376,"volume":"1.28205000","buyTxId":"fbed4a3265eb0f9b4930d14090929f9d80f60aad","sellTxId":"9130b2941c53d8bd03045fc96ef38f6fd512f958"}
{"index": {"_index":"sim","_id":"1365435"}}
	{"id":1365435,"type":"buy","buyer":"solovey6o2","seller":"onecent","symbol":"SIM","quantity":"888.000","price":"0.00232000","timestamp":1629131376,"volume":"2.06016000","buyTxId":"fbed4a3265eb0f9b4930d14090929f9d80f60aad","sellTxId":"c11f66e14e9b185be2dab6cdfd799acb2e7a016d"}
{"index": {"_index":"sim","_id":"1365436"}}
	{"id":1365436,"type":"buy","buyer":"solovey6o2","seller":"algotraderx","symbol":"SIM","quantity":"65.000","price":"0.00240000","timestamp":1629131376,"volume":"0.15600000","buyTxId":"fbed4a3265eb0f9b4930d14090929f9d80f60aad","sellTxId":"7dd14681d9e91cf745075a5ff29e366bd5a706f4"}
{"index": {"_index":"sim","_id":"1365437"}}
	{"id":1365437,"type":"buy","buyer":"solovey6o2","seller":"accelerator","symbol":"SIM","quantity":"555.000","price":"0.00240200","timestamp":1629131376,"volume":"1.33311000","buyTxId":"fbed4a3265eb0f9b4930d14090929f9d80f60aad","sellTxId":"78257c7cc64fc883816eacec52006e62f47e7d4a"}
{"index": {"_index":"sim","_id":"1365438"}}
	{"id":1365438,"type":"buy","buyer":"solovey6o2","seller":"onecent","symbol":"SIM","quantity":"888.000","price":"0.00242100","timestamp":1629131376,"volume":"2.14984800","buyTxId":"fbed4a3265eb0f9b4930d14090929f9d80f60aad","sellTxId":"5c227789385f06ff26a257a1acf27732cdb8436a"}
{"index": {"_index":"sim","_id":"1365439"}}
	{"id":1365439,"type":"buy","buyer":"solovey6o2","seller":"jeanlucsr","symbol":"SIM","quantity":"5000.000","price":"0.00245000","timestamp":1629131376,"volume":"12.25000000","buyTxId":"fbed4a3265eb0f9b4930d14090929f9d80f60aad","sellTxId":"a123fbe82c8eee98a204289c3499c3c58f6757b5"}
{"index": {"_index":"sim","_id":"1365440"}}
	{"id":1365440,"type":"buy","buyer":"solovey6o2","seller":"medaymane","symbol":"SIM","quantity":"3730.100","price":"0.00247000","timestamp":1629131376,"volume":"9.21334700","buyTxId":"fbed4a3265eb0f9b4930d14090929f9d80f60aad","sellTxId":"f842f2d26738e78d2e3d37dc6b5adc4d7fc11d37"}
{"index": {"_index":"sim","_id":"1365441"}}
	{"id":1365441,"type":"buy","buyer":"solovey6o2","seller":"jjb777","symbol":"SIM","quantity":"2591.900","price":"0.00249000","timestamp":1629131376,"volume":"6.45383100","buyTxId":"fbed4a3265eb0f9b4930d14090929f9d80f60aad","sellTxId":"121df7f6fe582d38c8b8519ebd69b343afdbf6a8"}
{"index": {"_index":"sim","_id":"1365455"}}
	{"id":1365455,"type":"sell","buyer":"juanmiguelsalas","seller":"konvik","symbol":"SIM","quantity":"6049.005","price":"0.00229000","timestamp":1629131409,"volume":"13.85222145","buyTxId":"c20baba913b692c0d7a619f6674035b8d1dfdf23","sellTxId":"1715615d2f210a14cc648b9cb7c4508a5014e00d-1"}
{"index": {"_index":"sim","_id":"1365476"}}
	{"id":1365476,"type":"buy","buyer":"juanmiguelsalas","seller":"solovey6o2","symbol":"SIM","quantity":"9847.000","price":"0.00248999","timestamp":1629131565,"volume":"24.51893153","buyTxId":"c4512aa6f9e8ec28c8676188d3f01196d5937b45","sellTxId":"7136a3065667a16e5134c59a27060f26c46a433f"}
{"index": {"_index":"sim","_id":"1365601"}}
	{"id":1365601,"type":"buy","buyer":"senstless","seller":"solovey6o2","symbol":"SIM","quantity":"10181.707","price":"0.00237999","timestamp":1629132531,"volume":"24.23236084","buyTxId":"c8e9e93cfcde0dfbde38575f0057eada1412aa1a","sellTxId":"a9eff3c1dd6c9fd63c3b1c9329ab68314c850ad9"}
{"index": {"_index":"sim","_id":"1365644"}}
	{"id":1365644,"type":"sell","buyer":"pi-trader","seller":"dannychain","symbol":"SIM","quantity":"2000.000","price":"0.00201004","timestamp":1629133116,"volume":"4.02008000","buyTxId":"c9397120db8bbfb1e86b917190d0a0c7650b3589","sellTxId":"746f864f15b3b2c351212275cd7d799aaf3e8d82"}
{"index": {"_index":"sim","_id":"1365645"}}
	{"id":1365645,"type":"sell","buyer":"gerber","seller":"dannychain","symbol":"SIM","quantity":"42536.000","price":"0.00201003","timestamp":1629133116,"volume":"85.49863608","buyTxId":"04bc8aa343445831ca062c439a02983d6a9693c2","sellTxId":"746f864f15b3b2c351212275cd7d799aaf3e8d82"}
{"index": {"_index":"sim","_id":"1365730"}}
	{"id":1365730,"type":"sell","buyer":"pi-trader","seller":"thedanklad","symbol":"SIM","quantity":"2000.000","price":"0.00201004","timestamp":1629134001,"volume":"4.02008000","buyTxId":"c9359d58ef0819feaf45d373b059508c12dd4cc4","sellTxId":"bd89b54da554baae26682258253e914215fd32ad"}
{"index": {"_index":"sim","_id":"1365731"}}
	{"id":1365731,"type":"sell","buyer":"gerber","seller":"thedanklad","symbol":"SIM","quantity":"12864.000","price":"0.00201003","timestamp":1629134001,"volume":"25.85702592","buyTxId":"04bc8aa343445831ca062c439a02983d6a9693c2","sellTxId":"bd89b54da554baae26682258253e914215fd32ad"}
{"index": {"_index":"sim","_id":"1365732"}}
	{"id":1365732,"type":"sell","buyer":"gerber","seller":"thedanklad","symbol":"SIM","quantity":"21718.140","price":"0.00199002","timestamp":1629134001,"volume":"43.21953296","buyTxId":"5720f12b225d6c9b098642f90d17a2f276fd4c01","sellTxId":"bd89b54da554baae26682258253e914215fd32ad"}
{"index": {"_index":"sim","_id":"1365742"}}
	{"id":1365742,"type":"sell","buyer":"pi-trader","seller":"leontr","symbol":"SIM","quantity":"107.518","price":"0.00199003","timestamp":1629134094,"volume":"0.21396405","buyTxId":"337af0da99d27c013b673cf779fd980fccfb7441","sellTxId":"bb884a2949f379c4a5e9c463b06df76fac28531b"}
{"index": {"_index":"sim","_id":"1365784"}}
	{"id":1365784,"type":"buy","buyer":"solovey6o2","seller":"captaincryptic","symbol":"SIM","quantity":"82.956","price":"0.00219900","timestamp":1629134304,"volume":"0.18242024","buyTxId":"69e30cb52e6076c2108cb19eacdcddc7322a6bc3","sellTxId":"647e5686aa885dcae2efb42b60c8eb5a4723c340"}
{"index": {"_index":"sim","_id":"1365785"}}
	{"id":1365785,"type":"buy","buyer":"solovey6o2","seller":"joshh71390","symbol":"SIM","quantity":"7.010","price":"0.00220000","timestamp":1629134304,"volume":"0.01542200","buyTxId":"69e30cb52e6076c2108cb19eacdcddc7322a6bc3","sellTxId":"89baf1682c754eb3031786cade27f726649ef985"}
{"index": {"_index":"sim","_id":"1365786"}}
	{"id":1365786,"type":"buy","buyer":"solovey6o2","seller":"upali","symbol":"SIM","quantity":"10000.000","price":"0.00222000","timestamp":1629134304,"volume":"22.20000000","buyTxId":"69e30cb52e6076c2108cb19eacdcddc7322a6bc3","sellTxId":"d225b599fbea52bdc1645f069c5699ba2f57a0f4"}
{"index": {"_index":"sim","_id":"1365787"}}
	{"id":1365787,"type":"buy","buyer":"solovey6o2","seller":"upali","symbol":"SIM","quantity":"10000.000","price":"0.00225000","timestamp":1629134304,"volume":"22.50000000","buyTxId":"69e30cb52e6076c2108cb19eacdcddc7322a6bc3","sellTxId":"7aeb63cf2ae7ea450b75885d177843bfa02efa1b"}
{"index": {"_index":"sim","_id":"1365788"}}
	{"id":1365788,"type":"buy","buyer":"solovey6o2","seller":"nftmart.fees","symbol":"SIM","quantity":"26.000","price":"0.00233488","timestamp":1629134304,"volume":"0.06070688","buyTxId":"69e30cb52e6076c2108cb19eacdcddc7322a6bc3","sellTxId":"b34b1275a14985a2b6359bb222c0e40d98ee1128-0"}
{"index": {"_index":"sim","_id":"1365789"}}
	{"id":1365789,"type":"buy","buyer":"solovey6o2","seller":"upali","symbol":"SIM","quantity":"92884.034","price":"0.00235000","timestamp":1629134304,"volume":"218.27747990","buyTxId":"69e30cb52e6076c2108cb19eacdcddc7322a6bc3","sellTxId":"d4d48f632ae465a278aeee4df474d8bc73270922"}
{"index": {"_index":"sim","_id":"1365793"}}
	{"id":1365793,"type":"buy","buyer":"solovey6o2","seller":"upali","symbol":"SIM","quantity":"7000.000","price":"0.00235000","timestamp":1629134337,"volume":"16.45000000","buyTxId":"5fd41b2baf3dedb45b82f68a92cd93a22bbd67c2","sellTxId":"d4d48f632ae465a278aeee4df474d8bc73270922"}
{"index": {"_index":"sim","_id":"1365796"}}
	{"id":1365796,"type":"buy","buyer":"solovey6o2","seller":"upali","symbol":"SIM","quantity":"115.966","price":"0.00235000","timestamp":1629134364,"volume":"0.27252010","buyTxId":"30a7105da1b9f97e5f26f7816c4dedd4457e0125","sellTxId":"d4d48f632ae465a278aeee4df474d8bc73270922"}
{"index": {"_index":"sim","_id":"1365797"}}
	{"id":1365797,"type":"buy","buyer":"solovey6o2","seller":"jjb777","symbol":"SIM","quantity":"884.034","price":"0.00249000","timestamp":1629134364,"volume":"2.20124466","buyTxId":"30a7105da1b9f97e5f26f7816c4dedd4457e0125","sellTxId":"121df7f6fe582d38c8b8519ebd69b343afdbf6a8"}
{"index": {"_index":"sim","_id":"1365813"}}
	{"id":1365813,"type":"buy","buyer":"he-index","seller":"solovey6o2","symbol":"SIM","quantity":"280.321","price":"0.00244999","timestamp":1629134553,"volume":"0.68678365","buyTxId":"8c02cbea05299b83074c66b224f947dcd392c930","sellTxId":"924b81a6db9346b071f2b958c4f6c922236112d0"}
{"index": {"_index":"sim","_id":"1365874"}}
	{"id":1365874,"type":"sell","buyer":"pi-trader","seller":"automaton","symbol":"SIM","quantity":"2000.000","price":"0.00199003","timestamp":1629135693,"volume":"3.98006000","buyTxId":"e88f16a339a380754759332ffd9d78764bea94a6-1","sellTxId":"5df71e92b469777491a9dd2e7fa63f14e3c1796c"}
{"index": {"_index":"sim","_id":"1365920"}}
	{"id":1365920,"type":"buy","buyer":"konvik","seller":"videobooster","symbol":"SIM","quantity":"10000.000","price":"0.00218400","timestamp":1629136584,"volume":"21.84000000","buyTxId":"4abe6d2b75683c02b9ec5bfff416ee9ee72678ea-0","sellTxId":"124c106e89d137bba67bf425876566ffbacd195e"}
{"index": {"_index":"sim","_id":"1365945"}}
	{"id":1365945,"type":"buy","buyer":"konvik","seller":"solovey6o2","symbol":"SIM","quantity":"33155.833","price":"0.00219999","timestamp":1629136914,"volume":"72.94250104","buyTxId":"2c08c5c9a978e4a239945e6c643afe758cecffa8-0","sellTxId":"d926c5da36b9e48d1e8aeb6844211705efe5367a"}
{"index": {"_index":"sim","_id":"1365951"}}
	{"id":1365951,"type":"buy","buyer":"konvik","seller":"videobooster","symbol":"SIM","quantity":"10000.000","price":"0.00219000","timestamp":1629137016,"volume":"21.90000000","buyTxId":"6c870a8944805ab1163cb87108fd34b5bf2201f0-0","sellTxId":"2912fbcc3c1fee4918cff74302d06b03953c6171"}
{"index": {"_index":"sim","_id":"1365960"}}
	{"id":1365960,"type":"buy","buyer":"konvik","seller":"videobooster","symbol":"SIM","quantity":"10000.000","price":"0.00219000","timestamp":1629137106,"volume":"21.90000000","buyTxId":"3f28c48d4dd5235c476679a7fab36fc3cfb549b0-0","sellTxId":"a29e2545287d5a58fb2968c0b1473f648e42314d"}
{"index": {"_index":"sim","_id":"1365986"}}
	{"id":1365986,"type":"buy","buyer":"konvik","seller":"videobooster","symbol":"SIM","quantity":"10000.000","price":"0.00219000","timestamp":1629137370,"volume":"21.90000000","buyTxId":"32573c5e9d4563467a12975b195a12888e6cb7a4-0","sellTxId":"c08a6760164ad90be913c89b64db73c5303b93a7"}
{"index": {"_index":"sim","_id":"1366011"}}
	{"id":1366011,"type":"buy","buyer":"jacques29","seller":"solovey6o2","symbol":"SIM","quantity":"69490.250","price":"0.00219499","timestamp":1629137523,"volume":"152.53040385","buyTxId":"b80aab3d2a71c02d0d865322105280109f46f9c3","sellTxId":"3a6f142ed3f41400ee6f9b0fc4bedf6ba11b2276"}
{"index": {"_index":"sim","_id":"1366015"}}
	{"id":1366015,"type":"buy","buyer":"konvik","seller":"dera123","symbol":"SIM","quantity":"18637.580","price":"0.00218000","timestamp":1629137592,"volume":"40.62992440","buyTxId":"2689f02800fc30069a637cf0c68323b41a05996a-0","sellTxId":"f394bc619edb20d1beb2557656dfeac5e9853a27"}
{"index": {"_index":"sim","_id":"1366066"}}
	{"id":1366066,"type":"buy","buyer":"konvik","seller":"videobooster","symbol":"SIM","quantity":"10000.000","price":"0.00215000","timestamp":1629138018,"volume":"21.50000000","buyTxId":"f0db407885b7c21318db6ae60fcd3cd59190dbf8-0","sellTxId":"3f207aeadccb3e61198c2e38fd0fc4a612f9ec0c"}
{"index": {"_index":"sim","_id":"1366070"}}
	{"id":1366070,"type":"buy","buyer":"konvik","seller":"videobooster","symbol":"SIM","quantity":"10000.000","price":"0.00217000","timestamp":1629138120,"volume":"21.70000000","buyTxId":"6843413ccc2eb897fb316418a69044a87f525a67-0","sellTxId":"e21bb5e2a6c94124e50661ef521439e9089fd99c"}
{"index": {"_index":"sim","_id":"1366077"}}
	{"id":1366077,"type":"buy","buyer":"konvik","seller":"videobooster","symbol":"SIM","quantity":"10000.000","price":"0.00218000","timestamp":1629138249,"volume":"21.80000000","buyTxId":"a3b1a442823b62ccddb3c84336839e7505fdcf1d-0","sellTxId":"0e0dc399b51b9485cf48faef09b44370353656f6"}
{"index": {"_index":"sim","_id":"1366097"}}
	{"id":1366097,"type":"sell","buyer":"pi-trader","seller":"epilatero","symbol":"SIM","quantity":"869","price":"0.00199003","timestamp":1629138459,"volume":"1.72933607","buyTxId":"99fff224e54cb6e5c33ac7782343eaf0727971ad-1","sellTxId":"2bd4fff35bef95916c6465089f9046fe937df624"}
{"index": {"_index":"sim","_id":"1366099"}}
	{"id":1366099,"type":"buy","buyer":"konvik","seller":"mary.janikowski","symbol":"SIM","quantity":"15145.000","price":"0.00218000","timestamp":1629138531,"volume":"33.01610000","buyTxId":"f387aabb3474147c7c5204a9ecac11699fde2b1a-0","sellTxId":"9d0c91fde3ef786fb03208fde32344b27ac30779"}
{"index": {"_index":"sim","_id":"1366104"}}
	{"id":1366104,"type":"buy","buyer":"konvik","seller":"solovey6o2","symbol":"SIM","quantity":"30095.605","price":"0.00217999","timestamp":1629138564,"volume":"65.60811794","buyTxId":"42dd333bd81d543c5379f20fe60c11496176d444-0","sellTxId":"fda0396e3e8b174e84257d4f275e35657ebe6a95"}
{"index": {"_index":"sim","_id":"1366105"}}
	{"id":1366105,"type":"sell","buyer":"pi-trader","seller":"dustindivitto","symbol":"SIM","quantity":"2000.000","price":"0.00199003","timestamp":1629138600,"volume":"3.98006000","buyTxId":"0ae66296c512e4967979fdf9aabcf3b884dc06f6-1","sellTxId":"c78e1cc805879e137465ccc472a093da43e48993"}
{"index": {"_index":"sim","_id":"1366106"}}
	{"id":1366106,"type":"sell","buyer":"gerber","seller":"dustindivitto","symbol":"SIM","quantity":"28223.000","price":"0.00199002","timestamp":1629138600,"volume":"56.16433446","buyTxId":"5720f12b225d6c9b098642f90d17a2f276fd4c01","sellTxId":"c78e1cc805879e137465ccc472a093da43e48993"}
{"index": {"_index":"sim","_id":"1366116"}}
	{"id":1366116,"type":"buy","buyer":"konvik","seller":"mary-jane","symbol":"SIM","quantity":"7992.000","price":"0.00217000","timestamp":1629138834,"volume":"17.34264000","buyTxId":"836ecae014f50d8c28fa70b35c77f3bfdaf20fe8-0","sellTxId":"0bc52bc577dace6fa4d993e80d7e6a844452860f"}
{"index": {"_index":"sim","_id":"1366129"}}
	{"id":1366129,"type":"sell","buyer":"pi-trader","seller":"lammbock","symbol":"SIM","quantity":"160.833","price":"0.00199003","timestamp":1629138990,"volume":"0.32006249","buyTxId":"d368f8dad8cee00e808bf63f68dfc40b606aad7c","sellTxId":"276c7a23f4057e0297965af1f16c2ebbafe80ef7"}
{"index": {"_index":"sim","_id":"1366130"}}
	{"id":1366130,"type":"buy","buyer":"konvik","seller":"picciridda2","symbol":"SIM","quantity":"4317.000","price":"0.00217000","timestamp":1629139017,"volume":"9.36789000","buyTxId":"28b2169425f001e1a430938929953fdfb1552404-0","sellTxId":"448842c58997d25c8f70a5484f2ed88d51293601"}
{"index": {"_index":"sim","_id":"1366137"}}
	{"id":1366137,"type":"sell","buyer":"pi-trader","seller":"dustindivitto","symbol":"SIM","quantity":"2000.000","price":"0.00199003","timestamp":1629139053,"volume":"3.98006000","buyTxId":"f1b041b0ce726c299e66ddc5bb1aa53b0cf5ef99-1","sellTxId":"c5f8a3bd71dcaa9abc348da7a472c650139f8012"}
{"index": {"_index":"sim","_id":"1366138"}}
	{"id":1366138,"type":"sell","buyer":"gerber","seller":"dustindivitto","symbol":"SIM","quantity":"5058.860","price":"0.00199002","timestamp":1629139053,"volume":"10.06723258","buyTxId":"5720f12b225d6c9b098642f90d17a2f276fd4c01","sellTxId":"c5f8a3bd71dcaa9abc348da7a472c650139f8012"}
{"index": {"_index":"sim","_id":"1366139"}}
	{"id":1366139,"type":"sell","buyer":"gerber","seller":"dustindivitto","symbol":"SIM","quantity":"11083.140","price":"0.00196001","timestamp":1629139053,"volume":"21.72306523","buyTxId":"aacb578ee5adbc994cbca094c94cd2737d991be3","sellTxId":"c5f8a3bd71dcaa9abc348da7a472c650139f8012"}
{"index": {"_index":"sim","_id":"1366143"}}
	{"id":1366143,"type":"buy","buyer":"konvik","seller":"diana.catherine","symbol":"SIM","quantity":"12505.000","price":"0.00217000","timestamp":1629139068,"volume":"27.13585000","buyTxId":"9895aa5375513d8a60697a1381c8663e6bce86a5-0","sellTxId":"0556c6bae57c88d02252ffb2bbf62ed4562ca612"}
{"index": {"_index":"sim","_id":"1366149"}}
	{"id":1366149,"type":"buy","buyer":"konvik","seller":"solovey6o2","symbol":"SIM","quantity":"64743.207","price":"0.00216999","timestamp":1629139101,"volume":"140.49211176","buyTxId":"9cc879e3f6b5bfe071f61369599bc34e2f584e82-0","sellTxId":"c21274fea912afefcfa62ccc9d493484e9fe6327"}
{"index": {"_index":"sim","_id":"1366158"}}
	{"id":1366158,"type":"sell","buyer":"pi-trader","seller":"balte","symbol":"SIM","quantity":"2000.000","price":"0.00196002","timestamp":1629139188,"volume":"3.92004000","buyTxId":"444ef6f95030a420cf92a086d83d01ce9a0e0500","sellTxId":"d1a6a17e38c5d37cdc441786acdead26123fd0dc"}
{"index": {"_index":"sim","_id":"1366159"}}
	{"id":1366159,"type":"sell","buyer":"gerber","seller":"balte","symbol":"SIM","quantity":"18918.860","price":"0.00196001","timestamp":1629139188,"volume":"37.08115479","buyTxId":"aacb578ee5adbc994cbca094c94cd2737d991be3","sellTxId":"d1a6a17e38c5d37cdc441786acdead26123fd0dc"}
{"index": {"_index":"sim","_id":"1366160"}}
	{"id":1366160,"type":"sell","buyer":"gerber","seller":"balte","symbol":"SIM","quantity":"7081.140","price":"0.00194001","timestamp":1629139188,"volume":"13.73748241","buyTxId":"9c06ecc9f4a78018db36e4442ceb0e3e0099b76d","sellTxId":"d1a6a17e38c5d37cdc441786acdead26123fd0dc"}
{"index": {"_index":"sim","_id":"1366173"}}
	{"id":1366173,"type":"sell","buyer":"pi-trader","seller":"epilatero","symbol":"SIM","quantity":"293","price":"0.00194002","timestamp":1629139239,"volume":"0.56842586","buyTxId":"27cc16fc11f58258fa60e6d93ce06dbf6a6f885a","sellTxId":"8cd01e7e46156e9482ffac2ff136e4ac4f95912a"}
{"index": {"_index":"sim","_id":"1366208"}}
	{"id":1366208,"type":"sell","buyer":"pi-trader","seller":"dhedge-drips","symbol":"SIM","quantity":"0.004","price":"0.00194002","timestamp":1629139521,"volume":"0.00000776","buyTxId":"057e98453801baa5c290f99fc1e5f0400e2fe950-1","sellTxId":"586f5b058afb7b12751e0309c9bd040d15e4d2fb"}
{"index": {"_index":"sim","_id":"1366216"}}
	{"id":1366216,"type":"buy","buyer":"nastyforce","seller":"nftmart.fees","symbol":"SIM","quantity":"20.000","price":"0.00217998","timestamp":1629139590,"volume":"0.04359960","buyTxId":"4c62bc9de30d442ebd5319c112823da4535e003a","sellTxId":"22e3860ef484337f41f75d307d64696f56fcae6c-0"}
{"index": {"_index":"sim","_id":"1366223"}}
	{"id":1366223,"type":"buy","buyer":"nastyforce","seller":"dhedge-drips","symbol":"SIM","quantity":"0.004","price":"0.00217998","timestamp":1629139623,"volume":"0.00000872","buyTxId":"ed7f9db5cef2a0d365ab1ecbfe11a3c87759c5b2","sellTxId":"86413c4cd60d52cd3499aa48247b031ee4b4be66"}
{"index": {"_index":"sim","_id":"1366231"}}
	{"id":1366231,"type":"buy","buyer":"nastyforce","seller":"rubymooney","symbol":"SIM","quantity":"2437.000","price":"0.00214900","timestamp":1629139674,"volume":"5.23711300","buyTxId":"ce16d5372b911920e19a9aa3bccb7f8224b484b4","sellTxId":"50d12804d4252f08479be119d96f8c2a40a818ff"}
{"index": {"_index":"sim","_id":"1366232"}}
	{"id":1366232,"type":"buy","buyer":"nastyforce","seller":"solovey6o2","symbol":"SIM","quantity":"7910.016","price":"0.00217999","timestamp":1629139674,"volume":"17.24375578","buyTxId":"ce16d5372b911920e19a9aa3bccb7f8224b484b4","sellTxId":"bef586fe1f499ceb48beeb077f97a390e79f8642"}
{"index": {"_index":"sim","_id":"1366235"}}
	{"id":1366235,"type":"sell","buyer":"pi-trader","seller":"ctrlyse","symbol":"SIM","quantity":"150.000","price":"0.00194002","timestamp":1629139683,"volume":"0.29100300","buyTxId":"d16149a9c3ea822a64b7aa4362273265c1ecb3cc-1","sellTxId":"ee32450682928be959d7940b5d2c3dee1efe0a73"}
{"index": {"_index":"sim","_id":"1366242"}}
	{"id":1366242,"type":"buy","buyer":"konvik","seller":"shaktidas2020","symbol":"SIM","quantity":"22516.000","price":"0.00214900","timestamp":1629139779,"volume":"48.38688400","buyTxId":"4599ab6f3e53b9024757c902e884c66cdce2f88e-0","sellTxId":"7294163f312ac6020a87d753d2e8ed5a7a03e1ed"}
{"index": {"_index":"sim","_id":"1366267"}}
	{"id":1366267,"type":"sell","buyer":"pi-trader","seller":"fitcoin","symbol":"SIM","quantity":"1049.000","price":"0.00194003","timestamp":1629140040,"volume":"2.03509147","buyTxId":"9c8ab3f34d8bfffffc9d2b9f37b3f22753e4485a-1","sellTxId":"156cbda423cf213c1a58e3823aacf005fe2bb477"}
{"index": {"_index":"sim","_id":"1366275"}}
	{"id":1366275,"type":"buy","buyer":"konvik","seller":"videobooster","symbol":"SIM","quantity":"10000.000","price":"0.00215000","timestamp":1629140073,"volume":"21.50000000","buyTxId":"ef67c3d99515d267b4838fa76da5c530f5ebfd8f-0","sellTxId":"f8ec19df78acb725985b754e682e7a77fce22c55"}
{"index": {"_index":"sim","_id":"1366289"}}
	{"id":1366289,"type":"buy","buyer":"konvik","seller":"solovey6o2","symbol":"SIM","quantity":"26329.814","price":"0.00215999","timestamp":1629140196,"volume":"56.87213494","buyTxId":"c6d0eb166000964f12f845b4d0beecd7d1dfe693-0","sellTxId":"39d7bc7a1c0dd33bc8f15fc8e9bfa72099cde001"}
{"index": {"_index":"sim","_id":"1366293"}}
	{"id":1366293,"type":"buy","buyer":"konvik","seller":"videobooster","symbol":"SIM","quantity":"10000.000","price":"0.00215000","timestamp":1629140202,"volume":"21.50000000","buyTxId":"73ac0d7d4f7187804de79a0f00304ec884809a0c-0","sellTxId":"f55cc52e02159ec771516ff6c4188de35659b873"}
{"index": {"_index":"sim","_id":"1366311"}}
	{"id":1366311,"type":"buy","buyer":"konvik","seller":"solovey6o2","symbol":"SIM","quantity":"36043.265","price":"0.00215399","timestamp":1629140361,"volume":"77.63683238","buyTxId":"5bec725d6887e2ba845fc424e9693f451a6d15eb-0","sellTxId":"9f1434a0e56a171ddbef4016d182623cd99f35e2"}
{"index": {"_index":"sim","_id":"1366318"}}
	{"id":1366318,"type":"sell","buyer":"pi-trader","seller":"bearbear613","symbol":"SIM","quantity":"2000.000","price":"0.00194003","timestamp":1629140457,"volume":"3.88006000","buyTxId":"6106cdc44524064d2e246e00f02ecc0bafc5ebe3-1","sellTxId":"e9a56d40c7983642b523fe486916a4460d2a22b7"}
{"index": {"_index":"sim","_id":"1366319"}}
	{"id":1366319,"type":"buy","buyer":"konvik","seller":"bearbear613","symbol":"SIM","quantity":"1391.000","price":"0.00194003","timestamp":1629140463,"volume":"2.69858173","buyTxId":"5f5dd9d160f99f3969b5d932068aff7b22ce3ffe-0","sellTxId":"e9a56d40c7983642b523fe486916a4460d2a22b7"}
{"index": {"_index":"sim","_id":"1366320"}}
	{"id":1366320,"type":"buy","buyer":"konvik","seller":"solovey6o2","symbol":"SIM","quantity":"23630.286","price":"0.00214999","timestamp":1629140463,"volume":"50.80487860","buyTxId":"5f5dd9d160f99f3969b5d932068aff7b22ce3ffe-0","sellTxId":"bd882e2f75865413110402ef92c1ea01e959ac94"}
{"index": {"_index":"sim","_id":"1366347"}}
	{"id":1366347,"type":"buy","buyer":"konvik","seller":"videobooster","symbol":"SIM","quantity":"10000.000","price":"0.00214000","timestamp":1629140688,"volume":"21.40000000","buyTxId":"ce1573dcb36bc15946f8871b8b40e71790329ae4-0","sellTxId":"7e28084929d3984df8d3f38769363a3dd2dd5e73"}
{"index": {"_index":"sim","_id":"1366357"}}
	{"id":1366357,"type":"sell","buyer":"he-index","seller":"videobooster","symbol":"SIM","quantity":"117.675","price":"0.00214000","timestamp":1629140805,"volume":"0.25182450","buyTxId":"022eb2e7843f46ea93660c633ee6a97956cfdce8","sellTxId":"29d5f32e27276061cf7de129f9772ac79473d856"}
{"index": {"_index":"sim","_id":"1366359"}}
	{"id":1366359,"type":"buy","buyer":"konvik","seller":"videobooster","symbol":"SIM","quantity":"19882.325","price":"0.00214000","timestamp":1629140808,"volume":"42.54817550","buyTxId":"534e8805efbba5d940319fac8e5c44fb46cc141d-0","sellTxId":"29d5f32e27276061cf7de129f9772ac79473d856"}
{"index": {"_index":"sim","_id":"1366365"}}
	{"id":1366365,"type":"sell","buyer":"pi-trader","seller":"bitcoinflood","symbol":"SIM","quantity":"2000.000","price":"0.00194003","timestamp":1629140847,"volume":"3.88006000","buyTxId":"52f2d920aae30f31a4f57472268cdcb8fff477f2","sellTxId":"8d63e7bbf6e389d6d24ed572be50533b996b151a"}
{"index": {"_index":"sim","_id":"1366366"}}
	{"id":1366366,"type":"buy","buyer":"konvik","seller":"bitcoinflood","symbol":"SIM","quantity":"2546.229","price":"0.00194003","timestamp":1629140850,"volume":"4.93976065","buyTxId":"d312b93584c11457f092ed80f4b6cec678b46f27-0","sellTxId":"8d63e7bbf6e389d6d24ed572be50533b996b151a"}
{"index": {"_index":"sim","_id":"1366408"}}
	{"id":1366408,"type":"buy","buyer":"konvik","seller":"videobooster","symbol":"SIM","quantity":"20000.000","price":"0.00214000","timestamp":1629141117,"volume":"42.80000000","buyTxId":"82f3f4cd0d89ebcb6b8006458c1048ef953577a9-0","sellTxId":"0fc3ab125be114a0a161599ade9dce212fa8fb04"}
{"index": {"_index":"sim","_id":"1366509"}}
	{"id":1366509,"type":"sell","buyer":"pi-trader","seller":"heikki1337","symbol":"SIM","quantity":"2000.000","price":"0.00194003","timestamp":1629142365,"volume":"3.88006000","buyTxId":"47b71f6a011dd0b992aa0673decbf0dcf13e5193","sellTxId":"f6fbbffaf0c6cfd3332eb0bbd2b677677e78f9c5"}
{"index": {"_index":"sim","_id":"1366511"}}
	{"id":1366511,"type":"buy","buyer":"konvik","seller":"heikki1337","symbol":"SIM","quantity":"6067.557","price":"0.00194003","timestamp":1629142368,"volume":"11.77124261","buyTxId":"f4dce660f7a8143139123a8594afce12da54df26-0","sellTxId":"f6fbbffaf0c6cfd3332eb0bbd2b677677e78f9c5"}
{"index": {"_index":"sim","_id":"1366551"}}
	{"id":1366551,"type":"buy","buyer":"konvik","seller":"looftee","symbol":"SIM","quantity":"14640.000","price":"0.00210000","timestamp":1629142809,"volume":"30.74400000","buyTxId":"24ced4315609ccb7728b750dcf6d8fe1ff112dd4-0","sellTxId":"7b7a9aec16faa4ed32fc23f2d743421d22ac9350"}
{"index": {"_index":"sim","_id":"1366555"}}
	{"id":1366555,"type":"sell","buyer":"pi-trader","seller":"jjprac","symbol":"SIM","quantity":"76.248","price":"0.00194003","timestamp":1629142881,"volume":"0.14792341","buyTxId":"299fc3075fe0c0a402b54a91cce74ec7983abc99","sellTxId":"e58aca40bb439442151ee62a8a7a807856d474c3"}
{"index": {"_index":"sim","_id":"1366579"}}
	{"id":1366579,"type":"sell","buyer":"pi-trader","seller":"pandygirl","symbol":"SIM","quantity":"2000.000","price":"0.00194003","timestamp":1629143028,"volume":"3.88006000","buyTxId":"7fae51910f7d59e7f4a3033f88c586585bd6941e-1","sellTxId":"2bd8baa1d740a3b5949be3d8cf286ff55b3b4501"}
{"index": {"_index":"sim","_id":"1366580"}}
	{"id":1366580,"type":"sell","buyer":"solovey6o2","seller":"pandygirl","symbol":"SIM","quantity":"1173.878","price":"0.00194002","timestamp":1629143028,"volume":"2.27734680","buyTxId":"0956fd2545e649badf05a139832c61f89302a2cf","sellTxId":"2bd8baa1d740a3b5949be3d8cf286ff55b3b4501"}
{"index": {"_index":"sim","_id":"1366590"}}
	{"id":1366590,"type":"sell","buyer":"pi-trader","seller":"trumpman","symbol":"SIM","quantity":"1306.053","price":"0.00194003","timestamp":1629143193,"volume":"2.53378200","buyTxId":"7c49ae3d72df80d967ed43e38d5d64dd338ee082","sellTxId":"26a59991d47979d86dd8ef985e06ff3b05d62186"}
{"index": {"_index":"sim","_id":"1366613"}}
	{"id":1366613,"type":"sell","buyer":"pi-trader","seller":"unicron","symbol":"SIM","quantity":"2000.000","price":"0.00194003","timestamp":1629143685,"volume":"3.88006000","buyTxId":"8a056c2ef00fe47f5edd23ebdf16eb91cedf8255-1","sellTxId":"1fdd60118c72af699393ba6e491b76944739857f"}
{"index": {"_index":"sim","_id":"1366614"}}
	{"id":1366614,"type":"buy","buyer":"konvik","seller":"unicron","symbol":"SIM","quantity":"8795.000","price":"0.00194003","timestamp":1629143688,"volume":"17.06256385","buyTxId":"4b8f1d4b16a706baaa93159ebb2ca07ca1a1a493-0","sellTxId":"1fdd60118c72af699393ba6e491b76944739857f"}
{"index": {"_index":"sim","_id":"1366637"}}
	{"id":1366637,"type":"sell","buyer":"pi-trader","seller":"m2nnari","symbol":"SIM","quantity":"2000.000","price":"0.00194005","timestamp":1629144114,"volume":"3.88010000","buyTxId":"a705e3de3cd3d089aa272a3e43a758b05b48465e-1","sellTxId":"4cd5886193a3eaa6486e453f9eb5dde517ccea79"}
{"index": {"_index":"sim","_id":"1366643"}}
	{"id":1366643,"type":"buy","buyer":"pi-trader","seller":"m2nnari","symbol":"SIM","quantity":"1261.000","price":"0.00194005","timestamp":1629144135,"volume":"2.44640305","buyTxId":"dacc5c4fb102f18aa0cabb5b67741a420d942030","sellTxId":"4cd5886193a3eaa6486e453f9eb5dde517ccea79"}
{"index": {"_index":"sim","_id":"1366644"}}
	{"id":1366644,"type":"sell","buyer":"pi-trader","seller":"peerfinance","symbol":"SIM","quantity":"640.277","price":"0.00194005","timestamp":1629144138,"volume":"1.24216939","buyTxId":"dacc5c4fb102f18aa0cabb5b67741a420d942030","sellTxId":"04b47132845a546953f9cc7bc2f665891a2fad3d"}
{"index": {"_index":"sim","_id":"1366670"}}
	{"id":1366670,"type":"sell","buyer":"pi-trader","seller":"mary-me","symbol":"SIM","quantity":"149.000","price":"0.00194005","timestamp":1629144378,"volume":"0.28906745","buyTxId":"22a611d344bd80feba49dd3e50c9ab6db37d58c0-1","sellTxId":"e71485827a7b374c5c36b462a9b14987e413d397"}
{"index": {"_index":"sim","_id":"1366734"}}
	{"id":1366734,"type":"sell","buyer":"pi-trader","seller":"willsaldeno","symbol":"SIM","quantity":"2000.000","price":"0.00194005","timestamp":1629144960,"volume":"3.88010000","buyTxId":"38791a2b56ba2d4c7b8bef5817e1de67c6698686-1","sellTxId":"15346220dbee7b0572ff9ffcb1960a5078efe1ac"}
{"index": {"_index":"sim","_id":"1366735"}}
	{"id":1366735,"type":"sell","buyer":"master-lamps","seller":"willsaldeno","symbol":"SIM","quantity":"1838.000","price":"0.00194004","timestamp":1629144960,"volume":"3.56579352","buyTxId":"4ef93f58a2e3c376fb878f28121a2f0e714dda29","sellTxId":"15346220dbee7b0572ff9ffcb1960a5078efe1ac"}
{"index": {"_index":"sim","_id":"1366742"}}
	{"id":1366742,"type":"buy","buyer":"konvik","seller":"myvest","symbol":"SIM","quantity":"8.456","price":"0.00200000","timestamp":1629145023,"volume":"0.01691200","buyTxId":"321d0f85ea9d7a7e72ffa19ee8a7c1aab4acdc5d-0","sellTxId":"654224cbcafa8c11233c79e65d59df3736ff238e"}
{"index": {"_index":"sim","_id":"1366743"}}
	{"id":1366743,"type":"buy","buyer":"konvik","seller":"monsterjamgold","symbol":"SIM","quantity":"2540.569","price":"0.00210000","timestamp":1629145023,"volume":"5.33519490","buyTxId":"321d0f85ea9d7a7e72ffa19ee8a7c1aab4acdc5d-0","sellTxId":"a6583283d2f33f4c894d6389302a5e3ee6c1c358"}
{"index": {"_index":"sim","_id":"1366780"}}
	{"id":1366780,"type":"sell","buyer":"pi-trader","seller":"fantasycrypto","symbol":"SIM","quantity":"2000.000","price":"0.00194005","timestamp":1629145338,"volume":"3.88010000","buyTxId":"76733afc14e12c9171136ff5a9ca0a1e2b31b7da","sellTxId":"aa69998991ec6728945be869e367a59a899dbfd9"}
{"index": {"_index":"sim","_id":"1366781"}}
	{"id":1366781,"type":"sell","buyer":"master-lamps","seller":"fantasycrypto","symbol":"SIM","quantity":"2599.250","price":"0.00194004","timestamp":1629145338,"volume":"5.04264897","buyTxId":"4ef93f58a2e3c376fb878f28121a2f0e714dda29","sellTxId":"aa69998991ec6728945be869e367a59a899dbfd9"}
{"index": {"_index":"sim","_id":"1366782"}}
	{"id":1366782,"type":"sell","buyer":"solovey6o2","seller":"fantasycrypto","symbol":"SIM","quantity":"14529.051","price":"0.00194002","timestamp":1629145338,"volume":"28.18664952","buyTxId":"0956fd2545e649badf05a139832c61f89302a2cf","sellTxId":"aa69998991ec6728945be869e367a59a899dbfd9"}
{"index": {"_index":"sim","_id":"1366805"}}
	{"id":1366805,"type":"sell","buyer":"pi-trader","seller":"pommom","symbol":"SIM","quantity":"2000.000","price":"0.00194003","timestamp":1629145590,"volume":"3.88006000","buyTxId":"97a92fdaaf5fffb0624207ded85201aeb505b8a9","sellTxId":"183e7c74c019bb2070a274576211821b892b571c"}
{"index": {"_index":"sim","_id":"1366806"}}
	{"id":1366806,"type":"sell","buyer":"solovey6o2","seller":"pommom","symbol":"SIM","quantity":"294.000","price":"0.00194002","timestamp":1629145590,"volume":"0.57036588","buyTxId":"0956fd2545e649badf05a139832c61f89302a2cf","sellTxId":"183e7c74c019bb2070a274576211821b892b571c"}
{"index": {"_index":"sim","_id":"1366825"}}
	{"id":1366825,"type":"sell","buyer":"pi-trader","seller":"ayhamyou","symbol":"SIM","quantity":"2000.000","price":"0.00194003","timestamp":1629145833,"volume":"3.88006000","buyTxId":"dae778c7f628ed2aeab0128588e4f1e2a77d9401","sellTxId":"44c2c58bb2510ee1ff278138d6e087d93abdf754"}
{"index": {"_index":"sim","_id":"1366826"}}
	{"id":1366826,"type":"buy","buyer":"konvik","seller":"ayhamyou","symbol":"SIM","quantity":"2476.000","price":"0.00194003","timestamp":1629145836,"volume":"4.80351428","buyTxId":"c1871073eea13c7065c2852cab66cd53c8f81be1-0","sellTxId":"44c2c58bb2510ee1ff278138d6e087d93abdf754"}
{"index": {"_index":"sim","_id":"1366885"}}
	{"id":1366885,"type":"sell","buyer":"pi-trader","seller":"tomathomas0","symbol":"SIM","quantity":"271.000","price":"0.00196001","timestamp":1629146244,"volume":"0.53116271","buyTxId":"de9ff688b18837dda194008621c0bc276e825369-1","sellTxId":"e6eb29f53843a161123234be3187a1b6dd69fd62"}
{"index": {"_index":"sim","_id":"1366888"}}
	{"id":1366888,"type":"buy","buyer":"ahmetay","seller":"nftmart.fees","symbol":"SIM","quantity":"403.000","price":"0.00209999","timestamp":1629146247,"volume":"0.84629597","buyTxId":"460fc700871386c33f83a1069feffd14cb1118cc","sellTxId":"79d0d597267eee356bf9246e11fb0ba850c3c903-0"}
{"index": {"_index":"sim","_id":"1366891"}}
	{"id":1366891,"type":"buy","buyer":"ahmetay","seller":"monsterjamgold","symbol":"SIM","quantity":"8.431","price":"0.00210000","timestamp":1629146268,"volume":"0.01770510","buyTxId":"aab2ab0539e95f755f273cba36682bf203d5f026","sellTxId":"a6583283d2f33f4c894d6389302a5e3ee6c1c358"}
{"index": {"_index":"sim","_id":"1366916"}}
	{"id":1366916,"type":"sell","buyer":"ahmetay","seller":"megalithic","symbol":"SIM","quantity":"8.431","price":"0.00210000","timestamp":1629146478,"volume":"0.01770510","buyTxId":"a07fa105db600131d628771fa70365c124aea2c9","sellTxId":"8ed78af812f5b4d8c70362e272e74d286e704676"}
{"index": {"_index":"sim","_id":"1366917"}}
	{"id":1366917,"type":"sell","buyer":"joshh71390","seller":"megalithic","symbol":"SIM","quantity":"2000.000","price":"0.00196000","timestamp":1629146478,"volume":"3.92000000","buyTxId":"e6925572ba45672ac50dbaae9c17eac2ac077673","sellTxId":"8ed78af812f5b4d8c70362e272e74d286e704676"}
{"index": {"_index":"sim","_id":"1366918"}}
	{"id":1366918,"type":"sell","buyer":"solovey6o2","seller":"megalithic","symbol":"SIM","quantity":"774.516","price":"0.00194002","timestamp":1629146478,"volume":"1.50257653","buyTxId":"0956fd2545e649badf05a139832c61f89302a2cf","sellTxId":"8ed78af812f5b4d8c70362e272e74d286e704676"}
{"index": {"_index":"sim","_id":"1366919"}}
	{"id":1366919,"type":"sell","buyer":"solovey6o2","seller":"megalithic","symbol":"SIM","quantity":"21867.053","price":"0.00194002","timestamp":1629146478,"volume":"42.42252016","buyTxId":"721805b17c7c1ee24133d1537166c9d39847f489","sellTxId":"8ed78af812f5b4d8c70362e272e74d286e704676"}
{"index": {"_index":"sim","_id":"1366961"}}
	{"id":1366961,"type":"sell","buyer":"pi-trader","seller":"simplegame","symbol":"SIM","quantity":"27.764","price":"0.00194003","timestamp":1629146739,"volume":"0.05386299","buyTxId":"0b915ab5fafd4c4bbb6e2b0000ae1debe07a3777","sellTxId":"abd3b81f8bad1b9715a983eddf563734d3b78d7a"}
{"index": {"_index":"sim","_id":"1367017"}}
	{"id":1367017,"type":"sell","buyer":"pi-trader","seller":"dannychain","symbol":"SIM","quantity":"2000.000","price":"0.00194003","timestamp":1629147222,"volume":"3.88006000","buyTxId":"2b1bf749919ee39e22770670728c94149886dc0e-1","sellTxId":"377aae8e2723d2735c9fe6cd741d4cf3c9b983e4"}
{"index": {"_index":"sim","_id":"1367018"}}
	{"id":1367018,"type":"sell","buyer":"solovey6o2","seller":"dannychain","symbol":"SIM","quantity":"10744.000","price":"0.00194002","timestamp":1629147222,"volume":"20.84357488","buyTxId":"721805b17c7c1ee24133d1537166c9d39847f489","sellTxId":"377aae8e2723d2735c9fe6cd741d4cf3c9b983e4"}
{"index": {"_index":"sim","_id":"1367029"}}
	{"id":1367029,"type":"sell","buyer":"pi-trader","seller":"deathwing","symbol":"SIM","quantity":"1075","price":"0.00194003","timestamp":1629147306,"volume":"2.08553225","buyTxId":"c5b377534ef5affc189ff402fc3bb378ae0529e9","sellTxId":"610491e2aeef2a0c59028a9cfa9498a444177128-0"}
{"index": {"_index":"sim","_id":"1367049"}}
	{"id":1367049,"type":"sell","buyer":"pi-trader","seller":"tsnaks","symbol":"SIM","quantity":"797.001","price":"0.00194003","timestamp":1629147423,"volume":"1.54620585","buyTxId":"c95ccf671a935bf6c3573ffcbe338139e92f6a12-1","sellTxId":"978de831a5335dc32b8a7ac0f3205a803afe948b"}
{"index": {"_index":"sim","_id":"1367086"}}
	{"id":1367086,"type":"sell","buyer":"pi-trader","seller":"mary-me","symbol":"SIM","quantity":"800.000","price":"0.00194003","timestamp":1629147759,"volume":"1.55202400","buyTxId":"a7958dc374f1c2171b64b58c85f4c0d479422923-1","sellTxId":"306fd7c16fde7d06e00149bf50105cf2aea324fb"}
{"index": {"_index":"sim","_id":"1367099"}}
	{"id":1367099,"type":"sell","buyer":"pi-trader","seller":"florian-glechner","symbol":"SIM","quantity":"41.000","price":"0.00194003","timestamp":1629147834,"volume":"0.07954123","buyTxId":"acec03d0ab17850c02f0bd5a4df51b6e85886b98-1","sellTxId":"59266b1fe68d1a52f6ebe96cc2e83c10516150e2"}
{"index": {"_index":"sim","_id":"1367106"}}
	{"id":1367106,"type":"sell","buyer":"pi-trader","seller":"mary-me","symbol":"SIM","quantity":"155.720","price":"0.00194003","timestamp":1629147849,"volume":"0.30210147","buyTxId":"acec03d0ab17850c02f0bd5a4df51b6e85886b98-1","sellTxId":"4854451ada4c4be16e1dbdbbae7b612a92e21227"}
{"index": {"_index":"sim","_id":"1367109"}}
	{"id":1367109,"type":"sell","buyer":"pi-trader","seller":"solarpowers","symbol":"SIM","quantity":"1803.280","price":"0.00194003","timestamp":1629147870,"volume":"3.49841730","buyTxId":"acec03d0ab17850c02f0bd5a4df51b6e85886b98-1","sellTxId":"aa457dbf255b5d29f4981369606cf1573d0ddbb1"}
{"index": {"_index":"sim","_id":"1367110"}}
	{"id":1367110,"type":"sell","buyer":"solovey6o2","seller":"solarpowers","symbol":"SIM","quantity":"4339.720","price":"0.00194002","timestamp":1629147870,"volume":"8.41914359","buyTxId":"721805b17c7c1ee24133d1537166c9d39847f489","sellTxId":"aa457dbf255b5d29f4981369606cf1573d0ddbb1"}
{"index": {"_index":"sim","_id":"1367156"}}
	{"id":1367156,"type":"sell","buyer":"pi-trader","seller":"thisisawesome","symbol":"SIM","quantity":"6.081","price":"0.00194003","timestamp":1629148188,"volume":"0.01179732","buyTxId":"1bd3fd0933ea752f8064f7ce7fa970bf5490842b-1","sellTxId":"aebb2ca8d33921c28ac6f1070ecb2972d7a3790d"}
{"index": {"_index":"sim","_id":"1367188"}}
	{"id":1367188,"type":"sell","buyer":"pi-trader","seller":"leizerstark","symbol":"SIM","quantity":"958.000","price":"0.00194003","timestamp":1629148452,"volume":"1.85854874","buyTxId":"939c4bfdbb2b03ef533201040b399244d4518d18-1","sellTxId":"693b0f18da0965bee7af02276b3ba22bd39e40e7"}
{"index": {"_index":"sim","_id":"1367189"}}
	{"id":1367189,"type":"buy","buyer":"konvik","seller":"dera123","symbol":"SIM","quantity":"2414.000","price":"0.00203000","timestamp":1629148455,"volume":"4.90042000","buyTxId":"89f6be991017cc42d33d5b710f8573c46617d6a4-0","sellTxId":"9dcd6ea3ab5331063b91a5c89da1283520cfb62e"}
{"index": {"_index":"sim","_id":"1367198"}}
	{"id":1367198,"type":"buy","buyer":"scaredycatguide","seller":"nftmart.fees","symbol":"SIM","quantity":"251.000","price":"0.00204999","timestamp":1629148524,"volume":"0.51454749","buyTxId":"c8694c33c6b08cf2234b67df295b253e08c1ef8c","sellTxId":"78c4232078f79bd21299cfa3fecad6db8fab6756-0"}
{"index": {"_index":"sim","_id":"1367211"}}
	{"id":1367211,"type":"sell","buyer":"pi-trader","seller":"jrcornel","symbol":"SIM","quantity":"2000.000","price":"0.00194003","timestamp":1629148599,"volume":"3.88006000","buyTxId":"4cc094ac92a21b9403ea8f8508eb1fdabecdcb94-1","sellTxId":"544d93b13f710ed3797626a5efa367848f1b2a7f"}
{"index": {"_index":"sim","_id":"1367212"}}
	{"id":1367212,"type":"sell","buyer":"solovey6o2","seller":"jrcornel","symbol":"SIM","quantity":"2803.950","price":"0.00194002","timestamp":1629148599,"volume":"5.43971908","buyTxId":"721805b17c7c1ee24133d1537166c9d39847f489","sellTxId":"544d93b13f710ed3797626a5efa367848f1b2a7f"}
{"index": {"_index":"sim","_id":"1367213"}}
	{"id":1367213,"type":"sell","buyer":"solovey6o2","seller":"jrcornel","symbol":"SIM","quantity":"42361.090","price":"0.00194002","timestamp":1629148599,"volume":"82.18136182","buyTxId":"7316d8d2a7d154a91c51417d9f371357770f756d","sellTxId":"544d93b13f710ed3797626a5efa367848f1b2a7f"}
{"index": {"_index":"sim","_id":"1367214"}}
	{"id":1367214,"type":"sell","buyer":"solovey6o2","seller":"jrcornel","symbol":"SIM","quantity":"27427.048","price":"0.00194002","timestamp":1629148599,"volume":"53.20902166","buyTxId":"33d86e7512214cbc0efca2477bb99378319cbacd","sellTxId":"544d93b13f710ed3797626a5efa367848f1b2a7f"}
{"index": {"_index":"sim","_id":"1367215"}}
	{"id":1367215,"type":"sell","buyer":"gerber","seller":"jrcornel","symbol":"SIM","quantity":"4437.912","price":"0.00194001","timestamp":1629148599,"volume":"8.60959366","buyTxId":"9c06ecc9f4a78018db36e4442ceb0e3e0099b76d","sellTxId":"544d93b13f710ed3797626a5efa367848f1b2a7f"}
{"index": {"_index":"sim","_id":"1367312"}}
	{"id":1367312,"type":"buy","buyer":"rambo21","seller":"nftmart.fees","symbol":"SIM","quantity":"420.000","price":"0.00204999","timestamp":1629149472,"volume":"0.86099580","buyTxId":"e2d2859c42dad0bb43f897102cca658a5124c065","sellTxId":"c58fc0a61c16d23baa62695c258212b0189c60e0-0"}
{"index": {"_index":"sim","_id":"1367378"}}
	{"id":1367378,"type":"sell","buyer":"pi-trader","seller":"drew0","symbol":"SIM","quantity":"2000.000","price":"0.00194002","timestamp":1629150471,"volume":"3.88004000","buyTxId":"b09aad4afca0e889aa93eb1c67152bda1ff1215d","sellTxId":"382257e2fb3f81198963147ef1bb2184e49b403c"}
{"index": {"_index":"sim","_id":"1367379"}}
	{"id":1367379,"type":"sell","buyer":"solovey6o2","seller":"drew0","symbol":"SIM","quantity":"4690.964","price":"0.00194002","timestamp":1629150471,"volume":"9.10056398","buyTxId":"74a77ace290a8aa5e159d244def3b8e10b01945e","sellTxId":"382257e2fb3f81198963147ef1bb2184e49b403c"}
{"index": {"_index":"sim","_id":"1367380"}}
	{"id":1367380,"type":"sell","buyer":"pi-trader","seller":"valor2s","symbol":"SIM","quantity":"37.000","price":"0.00194003","timestamp":1629150498,"volume":"0.07178111","buyTxId":"8f7c26513799439325b187e80470e30076bb5cdc","sellTxId":"b772f80493852d1e2af2d7cdf37a925f098016f6"}
{"index": {"_index":"sim","_id":"1367387"}}
	{"id":1367387,"type":"sell","buyer":"pi-trader","seller":"captaincryptic","symbol":"SIM","quantity":"1122.000","price":"0.00194003","timestamp":1629150618,"volume":"2.17671366","buyTxId":"52c05ac87502d6ea8958872cc004c3ae0f2bd767-1","sellTxId":"7f66fba28118621c2137ad9ab58aa65fac44fac4"}
{"index": {"_index":"sim","_id":"1367427"}}
	{"id":1367427,"type":"buy","buyer":"konvik","seller":"steemstreems","symbol":"SIM","quantity":"7681.012","price":"0.00204900","timestamp":1629151155,"volume":"15.73839359","buyTxId":"4d56f2293ee1dbe86c010af7deef90ccfdf25717-0","sellTxId":"c7233eb55fd7e94315ccf630f2f13c281a77e87b"}
{"index": {"_index":"sim","_id":"1367459"}}
	{"id":1367459,"type":"buy","buyer":"konvik","seller":"adamdabeast","symbol":"SIM","quantity":"5000.000","price":"0.00204998","timestamp":1629151542,"volume":"10.24990000","buyTxId":"c54c0160b1717289d91c3b39de1e5e094b7d6afa-0","sellTxId":"8fa1a27012f04ef57ae1c6ec734a4524aeb592e2"}
{"index": {"_index":"sim","_id":"1367463"}}
	{"id":1367463,"type":"sell","buyer":"pi-trader","seller":"danewilliams","symbol":"SIM","quantity":"370.000","price":"0.00194003","timestamp":1629151611,"volume":"0.71781110","buyTxId":"f5cb6b7e9896fe59b3f9d1a673d968e3ad0a3b76-1","sellTxId":"dab86d5bda4171cc1e0da59bfa912e4f311f6890"}
{"index": {"_index":"sim","_id":"1367534"}}
	{"id":1367534,"type":"buy","buyer":"emergehealthier","seller":"nftmart.fees","symbol":"SIM","quantity":"366.000","price":"0.00204999","timestamp":1629152622,"volume":"0.75029634","buyTxId":"76396f5a7deed5725dc85e73de03d67b5b90bb47","sellTxId":"a768ff1dd5b4a4ab4e7fc6378a80c835dd63e108-0"}
{"index": {"_index":"sim","_id":"1367539"}}
	{"id":1367539,"type":"buy","buyer":"pi-trader","seller":"joshh71390","symbol":"SIM","quantity":"700.000","price":"0.00205000","timestamp":1629152643,"volume":"1.43500000","buyTxId":"bcb01279873264849c7365ef0cf4818d8d1ada27-1","sellTxId":"857e58564f344884ad1f6b1990fd78c5def8f963"}
{"index": {"_index":"sim","_id":"1367542"}}
	{"id":1367542,"type":"buy","buyer":"emergehealthier","seller":"quekery","symbol":"SIM","quantity":"100.000","price":"0.00211000","timestamp":1629152688,"volume":"0.21100000","buyTxId":"dd4abfbdf949b4a66745b728a10195d45ecacd65","sellTxId":"ea6179043943df82854e25ad3bd637353070127f"}
{"index": {"_index":"sim","_id":"1367570"}}
	{"id":1367570,"type":"buy","buyer":"emergehealthier","seller":"quekery","symbol":"SIM","quantity":"800.000","price":"0.00211000","timestamp":1629152928,"volume":"1.68800000","buyTxId":"f7abece18d04eb8b860d759513f935386ea6c588","sellTxId":"ea6179043943df82854e25ad3bd637353070127f"}
{"index": {"_index":"sim","_id":"1367645"}}
	{"id":1367645,"type":"buy","buyer":"dustindivitto","seller":"nftmart.fees","symbol":"SIM","quantity":"318.000","price":"0.00210999","timestamp":1629153981,"volume":"0.67097682","buyTxId":"ea8542d94a7d0ee4a8a2a4a10e4049418b274385","sellTxId":"8fa56f8572add562de3f9ff8a2631faa29c95c02-0"}
{"index": {"_index":"sim","_id":"1367646"}}
	{"id":1367646,"type":"buy","buyer":"dustindivitto","seller":"quekery","symbol":"SIM","quantity":"100.000","price":"0.00211000","timestamp":1629153981,"volume":"0.21100000","buyTxId":"ea8542d94a7d0ee4a8a2a4a10e4049418b274385","sellTxId":"ea6179043943df82854e25ad3bd637353070127f"}
{"index": {"_index":"sim","_id":"1367647"}}
	{"id":1367647,"type":"buy","buyer":"dustindivitto","seller":"yaluna","symbol":"SIM","quantity":"1477.000","price":"0.00212000","timestamp":1629153981,"volume":"3.13124000","buyTxId":"ea8542d94a7d0ee4a8a2a4a10e4049418b274385","sellTxId":"1e3e6e2c1497448a536e9cdf1d92b2b1111ab070"}
{"index": {"_index":"sim","_id":"1367648"}}
	{"id":1367648,"type":"buy","buyer":"dustindivitto","seller":"master-lamps","symbol":"SIM","quantity":"5993.723","price":"0.00212998","timestamp":1629153981,"volume":"12.76651012","buyTxId":"ea8542d94a7d0ee4a8a2a4a10e4049418b274385","sellTxId":"326dd41d2d388cf52850b9de7bf8f3ec67de73cc"}
{"index": {"_index":"sim","_id":"1367649"}}
	{"id":1367649,"type":"buy","buyer":"dustindivitto","seller":"miketr","symbol":"SIM","quantity":"400.000","price":"0.00213000","timestamp":1629153981,"volume":"0.85200000","buyTxId":"ea8542d94a7d0ee4a8a2a4a10e4049418b274385","sellTxId":"194d0e80643a1985330676134aa590291cce5b79"}
{"index": {"_index":"sim","_id":"1367650"}}
	{"id":1367650,"type":"buy","buyer":"dustindivitto","seller":"kaeptn-iglo","symbol":"SIM","quantity":"6326.050","price":"0.00214000","timestamp":1629153981,"volume":"13.53774700","buyTxId":"ea8542d94a7d0ee4a8a2a4a10e4049418b274385","sellTxId":"57c670fec88874d751eecc71b72d9cebe4a42268"}
{"index": {"_index":"sim","_id":"1367651"}}
	{"id":1367651,"type":"buy","buyer":"dustindivitto","seller":"kaeptn-iglo","symbol":"SIM","quantity":"6668.140","price":"0.00214000","timestamp":1629153981,"volume":"14.26981960","buyTxId":"ea8542d94a7d0ee4a8a2a4a10e4049418b274385","sellTxId":"9c8fed3ccc6f2436eac12abdaaa9be19350e3468"}
{"index": {"_index":"sim","_id":"1367652"}}
	{"id":1367652,"type":"buy","buyer":"dustindivitto","seller":"rubymooney","symbol":"SIM","quantity":"3717.087","price":"0.00214980","timestamp":1629153981,"volume":"7.99099363","buyTxId":"ea8542d94a7d0ee4a8a2a4a10e4049418b274385","sellTxId":"d63a6f507e42f0278898490dbe30a7da53afe64b"}
{"index": {"_index":"sim","_id":"1367689"}}
	{"id":1367689,"type":"sell","buyer":"pi-trader","seller":"thepredator04","symbol":"SIM","quantity":"424.000","price":"0.00194005","timestamp":1629154566,"volume":"0.82258120","buyTxId":"8900f711b86702666cad82346069859e86bdb890-1","sellTxId":"a2e3672b80e447ab3c315011cd8f998c4c329773"}
{"index": {"_index":"sim","_id":"1367723"}}
	{"id":1367723,"type":"buy","buyer":"dustindivitto","seller":"nftmart.fees","symbol":"SIM","quantity":"277.000","price":"0.00213999","timestamp":1629154914,"volume":"0.59277723","buyTxId":"0884f4df8c13cc0e9d183bf31a8dd8e10af5e0ab","sellTxId":"d2d1a82fcf4803c2cd69dfa41d4c68f86b689143-0"}
{"index": {"_index":"sim","_id":"1367724"}}
	{"id":1367724,"type":"buy","buyer":"dustindivitto","seller":"joshh71390","symbol":"SIM","quantity":"1250.000","price":"0.00214000","timestamp":1629154914,"volume":"2.67500000","buyTxId":"0884f4df8c13cc0e9d183bf31a8dd8e10af5e0ab","sellTxId":"2e197bbe45f9f55ff14af5a47e5ca61334652a1e"}
{"index": {"_index":"sim","_id":"1367725"}}
	{"id":1367725,"type":"buy","buyer":"dustindivitto","seller":"rubymooney","symbol":"SIM","quantity":"258.913","price":"0.00214980","timestamp":1629154914,"volume":"0.55661117","buyTxId":"0884f4df8c13cc0e9d183bf31a8dd8e10af5e0ab","sellTxId":"d63a6f507e42f0278898490dbe30a7da53afe64b"}
{"index": {"_index":"sim","_id":"1367726"}}
	{"id":1367726,"type":"buy","buyer":"dustindivitto","seller":"solovey6o2","symbol":"SIM","quantity":"25214.087","price":"0.00214989","timestamp":1629154914,"volume":"54.20751350","buyTxId":"0884f4df8c13cc0e9d183bf31a8dd8e10af5e0ab","sellTxId":"b000b50971b176e5dadf0893bcd271c1c17493d8"}
{"index": {"_index":"sim","_id":"1367770"}}
	{"id":1367770,"type":"sell","buyer":"pi-trader","seller":"trentonlundy1","symbol":"SIM","quantity":"0.029","price":"0.00196001","timestamp":1629155460,"volume":"0.00005684","buyTxId":"063298dda85bde0b808338d9f7a5d55add87c0b5-1","sellTxId":"61fa725b4fd6dddddccb935c5e8689599fd135fd"}
{"index": {"_index":"sim","_id":"1367796"}}
	{"id":1367796,"type":"sell","buyer":"pi-trader","seller":"quantumg","symbol":"SIM","quantity":"114.000","price":"0.00196001","timestamp":1629155928,"volume":"0.22344114","buyTxId":"b6e8bba4ec2c6402fa927e62d6ed9c044b0025d1-1","sellTxId":"3a3dba651d21897dee38bfd4692e96d8c21973cb"}
{"index": {"_index":"sim","_id":"1367813"}}
