{"index": {"_index":"sim","_id":"3508821"}}
	{"id":3508821,"type":"buy","buyer":"libert","seller":"dhedge-drips","symbol":"SIM","quantity":"12.499","price":"0.00049797","timestamp":1653359607,"volume":"0.00622413","buyTxId":"eeade5a7281f5ab724ae2a4260d1eceefb122972","sellTxId":"d10271399fc4e4115b2dcc03c3fc4ba5dab34fe8"}
{"index": {"_index":"sim","_id":"3508822"}}
	{"id":3508822,"type":"buy","buyer":"libert","seller":"pi-trader","symbol":"SIM","quantity":"6795.003","price":"0.00049798","timestamp":1653359607,"volume":"3.38377587","buyTxId":"eeade5a7281f5ab724ae2a4260d1eceefb122972","sellTxId":"c6d85cc2ec061f621218dbb362c35d32acae1b19-4"}
{"index": {"_index":"sim","_id":"3508842"}}
	{"id":3508842,"type":"sell","buyer":"pi-trader","seller":"nftmart.fees","symbol":"SIM","quantity":"32.000","price":"0.00047551","timestamp":1653359733,"volume":"0.01521632","buyTxId":"3aa3ce9726c10c1bbdbb1cbc34e9c601e014c16d-3","sellTxId":"7c2b04798665e2320775ee4282555a6c5dc16914"}
{"index": {"_index":"sim","_id":"3508942"}}
	{"id":3508942,"type":"sell","buyer":"pi-trader","seller":"lemonp8ste","symbol":"SIM","quantity":"8.269","price":"0.00047551","timestamp":1653361080,"volume":"0.00393199","buyTxId":"20343deeccdeaea9ba3d7eafea40d6a50ebda9ce-4","sellTxId":"feff5361e216dc28d196125041e822662ab678f2"}
{"index": {"_index":"sim","_id":"3509246"}}
	{"id":3509246,"type":"sell","buyer":"pi-trader","seller":"loganhate","symbol":"SIM","quantity":"164.000","price":"0.00047551","timestamp":1653364866,"volume":"0.07798364","buyTxId":"11fca60078a54b8aa89e857ca05f50454b20b433-1","sellTxId":"0d078f73ec74d11d9af62b983362dbc7fdbfd532"}
{"index": {"_index":"sim","_id":"3509611"}}
	{"id":3509611,"type":"buy","buyer":"tommyl33","seller":"pi-trader","symbol":"SIM","quantity":"8000.000","price":"0.00049798","timestamp":1653369450,"volume":"3.98384000","buyTxId":"943f45d62fdfd6b8325e3a08b8d0dd44fe53c4de","sellTxId":"407b1e7b713db2c128248902320a5c743387ae92-2"}
{"index": {"_index":"sim","_id":"3509680"}}
	{"id":3509680,"type":"buy","buyer":"tommyl33","seller":"pi-trader","symbol":"SIM","quantity":"8000.000","price":"0.00049798","timestamp":1653370308,"volume":"3.98384000","buyTxId":"b54cc3230c436c7891916448bb60d1a3de320f1e","sellTxId":"e8da68fcbfb21d4fc991fa4d56c5d865683880c4-2"}
{"index": {"_index":"sim","_id":"3509772"}}
	{"id":3509772,"type":"buy","buyer":"tommyl33","seller":"nftmart.fees","symbol":"SIM","quantity":"2.000","price":"0.00049797","timestamp":1653371358,"volume":"0.00099594","buyTxId":"c21a2d53062d050f132f8f6a3fe5e83b4199bd42","sellTxId":"d921a10074267c74168a75d25892c51f27282891-0"}
{"index": {"_index":"sim","_id":"3509773"}}
	{"id":3509773,"type":"buy","buyer":"tommyl33","seller":"pi-trader","symbol":"SIM","quantity":"7998.000","price":"0.00049798","timestamp":1653371358,"volume":"3.98284404","buyTxId":"c21a2d53062d050f132f8f6a3fe5e83b4199bd42","sellTxId":"8f3143a23ee80949ec266fe6b4e3c19c40b57b31-4"}
{"index": {"_index":"sim","_id":"3509785"}}
	{"id":3509785,"type":"sell","buyer":"pi-trader","seller":"dswap","symbol":"SIM","quantity":"0.104","price":"0.00047551","timestamp":1653371508,"volume":"0.00004945","buyTxId":"9e726b7feb0920dc51a1140bb73d1af211d585e5-5","sellTxId":"5ff043559c5a4319f9a9e903bfefb26386bdb10b"}
{"index": {"_index":"sim","_id":"3510080"}}
	{"id":3510080,"type":"buy","buyer":"tommyl33","seller":"nftmart.fees","symbol":"SIM","quantity":"89.000","price":"0.00049797","timestamp":1653374580,"volume":"0.04431933","buyTxId":"62ed95e89f4e21e62db179698720d25bc8d76a19","sellTxId":"622a84769e797d2a4de216316dcff01dc4fa7eb4-0"}
{"index": {"_index":"sim","_id":"3510081"}}
	{"id":3510081,"type":"buy","buyer":"tommyl33","seller":"pi-trader","symbol":"SIM","quantity":"7911.000","price":"0.00049798","timestamp":1653374580,"volume":"3.93951978","buyTxId":"62ed95e89f4e21e62db179698720d25bc8d76a19","sellTxId":"8bfc05cfca3b8d79e224ac1e696b3c52033b980a-4"}
{"index": {"_index":"sim","_id":"3510083"}}
	{"id":3510083,"type":"buy","buyer":"tommyl33","seller":"pi-trader","symbol":"SIM","quantity":"8000.000","price":"0.00049798","timestamp":1653374616,"volume":"3.98384000","buyTxId":"f3fe6de57e63f833ffbe04407f3b956fa77d1e90","sellTxId":"8bfc05cfca3b8d79e224ac1e696b3c52033b980a-4"}
{"index": {"_index":"sim","_id":"3510091"}}
	{"id":3510091,"type":"sell","buyer":"pi-trader","seller":"dhedge-drips","symbol":"SIM","quantity":"0.001","price":"0.00047551","timestamp":1653374718,"volume":"0.00000048","buyTxId":"c8524d0d6335eec579f3f8ff22c6be268e6a2637-1","sellTxId":"ad8e0dc2d28d57d12a2722b595785ce47511e09e"}
{"index": {"_index":"sim","_id":"3510208"}}
	{"id":3510208,"type":"buy","buyer":"libert","seller":"nftmart.fees","symbol":"SIM","quantity":"102.000","price":"0.00049797","timestamp":1653376293,"volume":"0.05079294","buyTxId":"b89b64026e7fee2b4d2788230be0993bf0384cce","sellTxId":"7eb5bc5b8168cd974f440b005f500d638919d6fc-0"}
{"index": {"_index":"sim","_id":"3510209"}}
	{"id":3510209,"type":"buy","buyer":"libert","seller":"pi-trader","symbol":"SIM","quantity":"50000.000","price":"0.00049798","timestamp":1653376293,"volume":"24.89900000","buyTxId":"b89b64026e7fee2b4d2788230be0993bf0384cce","sellTxId":"d5392fa4e2093406ff5c3754d81b307838453d4b-5"}
{"index": {"_index":"sim","_id":"3510210"}}
	{"id":3510210,"type":"buy","buyer":"libert","seller":"dhedge-drips","symbol":"SIM","quantity":"0.001","price":"0.00049798","timestamp":1653376293,"volume":"0.00000050","buyTxId":"b89b64026e7fee2b4d2788230be0993bf0384cce","sellTxId":"fee176c3c2aeb6e557f504db600948fbebd0ea1a"}
{"index": {"_index":"sim","_id":"3510211"}}
	{"id":3510211,"type":"buy","buyer":"libert","seller":"medaymane","symbol":"SIM","quantity":"9661.700","price":"0.00049799","timestamp":1653376293,"volume":"4.81142998","buyTxId":"b89b64026e7fee2b4d2788230be0993bf0384cce","sellTxId":"bc6e5b84be0908d60c745039f06cff17954a4274"}
{"index": {"_index":"sim","_id":"3510212"}}
	{"id":3510212,"type":"buy","buyer":"libert","seller":"crypto-dz","symbol":"SIM","quantity":"2823.400","price":"0.00049799","timestamp":1653376293,"volume":"1.40602497","buyTxId":"b89b64026e7fee2b4d2788230be0993bf0384cce","sellTxId":"57bf9c0b2605fa96198f580cc0dbbd3125d02cad"}
{"index": {"_index":"sim","_id":"3510213"}}
	{"id":3510213,"type":"buy","buyer":"libert","seller":"crzyfngrs","symbol":"SIM","quantity":"1412.899","price":"0.00049800","timestamp":1653376293,"volume":"0.70362370","buyTxId":"b89b64026e7fee2b4d2788230be0993bf0384cce","sellTxId":"356cfcc752724e0679473f8356c4016357c4b175"}
{"index": {"_index":"sim","_id":"3510219"}}
	{"id":3510219,"type":"buy","buyer":"libert","seller":"pi-trader","symbol":"SIM","quantity":"32430.370","price":"0.00049799","timestamp":1653376386,"volume":"16.15","buyTxId":"787c1385a914c90b2dfbf83ff17856743b2a2fcb","sellTxId":"808ae01a9eb2935c6d9588e1f986a01c7bc5fb26-4"}
{"index": {"_index":"sim","_id":"3511101"}}
	{"id":3511101,"type":"buy","buyer":"libert","seller":"nftmart.fees","symbol":"SIM","quantity":"89.000","price":"0.00049798","timestamp":1653387597,"volume":"0.04432022","buyTxId":"65fd9af935ebe568e9915fdeee1ae20a6d36fb33","sellTxId":"a9b9f79597977d15d17a9f92fdebfa5084e06441-0"}
{"index": {"_index":"sim","_id":"3511102"}}
	{"id":3511102,"type":"buy","buyer":"libert","seller":"pi-trader","symbol":"SIM","quantity":"21076.085","price":"0.00049799","timestamp":1653387597,"volume":"10.49567978","buyTxId":"65fd9af935ebe568e9915fdeee1ae20a6d36fb33","sellTxId":"2adc630ded4ad6e32f634033982f59d8fc46dead-2"}
{"index": {"_index":"sim","_id":"3511681"}}
	{"id":3511681,"type":"sell","buyer":"jelly-cz","seller":"nftmart.fees","symbol":"SIM","quantity":"531.850","price":"0.00048766","timestamp":1653394164,"volume":"0.25936197","buyTxId":"MM-P-17661547-64651916-3-30-0","sellTxId":"5a22da550fe819e1952a815889bee68f49a6222e"}
{"index": {"_index":"sim","_id":"3512177"}}
	{"id":3512177,"type":"sell","buyer":"jelly-cz","seller":"investyourvote","symbol":"SIM","quantity":"13.368","price":"0.00048766","timestamp":1653397980,"volume":"0.00651904","buyTxId":"MM-P-17661547-64651916-3-30-0","sellTxId":"381549edf81e487317d10d1b2511951f4d5801a2"}
{"index": {"_index":"sim","_id":"3512277"}}
	{"id":3512277,"type":"buy","buyer":"assassyn","seller":"nftmart.fees","symbol":"SIM","quantity":"7.000","price":"0.00049796","timestamp":1653398628,"volume":"0.00348572","buyTxId":"8130d74f39d968b49a7d64dd8961de09d132b621","sellTxId":"a3e1b77af815f165b83561a24327430ab7ee78bf-0"}
{"index": {"_index":"sim","_id":"3512288"}}
	{"id":3512288,"type":"sell","buyer":"assassyn","seller":"frawdielp","symbol":"SIM","quantity":"51.999","price":"0.00049798","timestamp":1653398694,"volume":"0.02589446","buyTxId":"8130d74f39d968b49a7d64dd8961de09d132b621","sellTxId":"d98017661f39ada653e4c53a80896ef20cbea599"}
{"index": {"_index":"sim","_id":"3512330"}}
	{"id":3512330,"type":"sell","buyer":"assassyn","seller":"nftmart.fees","symbol":"SIM","quantity":"0.001","price":"0.00049798","timestamp":1653399213,"volume":"0.00000050","buyTxId":"8130d74f39d968b49a7d64dd8961de09d132b621","sellTxId":"ff1c9bdb4818640988486baf2eb2e3f8c60aa9a5-0"}
{"index": {"_index":"sim","_id":"3512358"}}
	{"id":3512358,"type":"buy","buyer":"konvik","seller":"nftmart.fees","symbol":"SIM","quantity":"6.999","price":"0.00049798","timestamp":1653399582,"volume":"0.00348536","buyTxId":"710aae32d4f08510201eaa6d80c7b4b86125c084-0","sellTxId":"ff1c9bdb4818640988486baf2eb2e3f8c60aa9a5-0"}
{"index": {"_index":"sim","_id":"3512359"}}
	{"id":3512359,"type":"buy","buyer":"konvik","seller":"pi-trader","symbol":"SIM","quantity":"50000.000","price":"0.00049799","timestamp":1653399582,"volume":"24.89950000","buyTxId":"710aae32d4f08510201eaa6d80c7b4b86125c084-0","sellTxId":"064e585ee59ad40fdf2dfb0d49785079db5f791f-3"}
{"index": {"_index":"sim","_id":"3512360"}}
	{"id":3512360,"type":"buy","buyer":"konvik","seller":"crzyfngrs","symbol":"SIM","quantity":"9846.601","price":"0.00049800","timestamp":1653399582,"volume":"4.90360730","buyTxId":"710aae32d4f08510201eaa6d80c7b4b86125c084-0","sellTxId":"356cfcc752724e0679473f8356c4016357c4b175"}
{"index": {"_index":"sim","_id":"3512361"}}
	{"id":3512361,"type":"buy","buyer":"konvik","seller":"he-index","symbol":"SIM","quantity":"35.254","price":"0.00049896","timestamp":1653399582,"volume":"0.01759034","buyTxId":"710aae32d4f08510201eaa6d80c7b4b86125c084-0","sellTxId":"ff5a00c07e216c75d7ad4fdd1244c3346945227d"}
{"index": {"_index":"sim","_id":"3512362"}}
	{"id":3512362,"type":"buy","buyer":"konvik","seller":"jelly-cz","symbol":"SIM","quantity":"24456.000","price":"0.00049900","timestamp":1653399582,"volume":"12.20354400","buyTxId":"710aae32d4f08510201eaa6d80c7b4b86125c084-0","sellTxId":"MM-P-17642910-64633252-3-30-0"}
{"index": {"_index":"sim","_id":"3512500"}}
	{"id":3512500,"type":"sell","buyer":"pi-trader","seller":"jimy1111","symbol":"SIM","quantity":"654.000","price":"0.00048901","timestamp":1653400188,"volume":"0.31981254","buyTxId":"fa889ced3d522c06325c43fb2714e0a7706ebb0d-3","sellTxId":"418934df374c84a1d4205930716bca76c312d45b"}
{"index": {"_index":"sim","_id":"3512678"}}
	{"id":3512678,"type":"buy","buyer":"maryjane.main","seller":"nftmart.fees","symbol":"SIM","quantity":"6.000","price":"0.00049899","timestamp":1653401370,"volume":"0.00299394","buyTxId":"00fcbcad90490df757c8854586fd4e86b3e95128","sellTxId":"b4436a457fa028e504caf791f4f4731bcfb23bf8-0"}
{"index": {"_index":"sim","_id":"3512679"}}
	{"id":3512679,"type":"buy","buyer":"maryjane.main","seller":"jelly-cz","symbol":"SIM","quantity":"12994.000","price":"0.00049900","timestamp":1653401370,"volume":"6.48400600","buyTxId":"00fcbcad90490df757c8854586fd4e86b3e95128","sellTxId":"MM-P-17665541-64655912-3-30-1"}
{"index": {"_index":"sim","_id":"3512735"}}
	{"id":3512735,"type":"sell","buyer":"pi-trader","seller":"andy4475","symbol":"SIM","quantity":"21.017","price":"0.00048901","timestamp":1653401655,"volume":"0.01027752","buyTxId":"a6a8c6f8e7a71d1cd67211a08c3e018904dc30e8-3","sellTxId":"3003a6af91febb3cdbf7007b04454882314906e6"}
{"index": {"_index":"sim","_id":"3513282"}}
	{"id":3513282,"type":"buy","buyer":"jpal47","seller":"nftmart.fees","symbol":"SIM","quantity":"6.000","price":"0.00049899","timestamp":1653406188,"volume":"0.00299394","buyTxId":"0f142e0e855279fb7b6b3c549eb25f1ed9d4d049","sellTxId":"c4f5fea54cee0d54118e9bbe0555d523cb372c3c-0"}
{"index": {"_index":"sim","_id":"3513283"}}
	{"id":3513283,"type":"buy","buyer":"jpal47","seller":"jelly-cz","symbol":"SIM","quantity":"6784.147","price":"0.00049900","timestamp":1653406188,"volume":"3.38528935","buyTxId":"0f142e0e855279fb7b6b3c549eb25f1ed9d4d049","sellTxId":"MM-P-17665541-64655912-3-30-1"}
{"index": {"_index":"sim","_id":"3513289"}}
	{"id":3513289,"type":"buy","buyer":"gfrench","seller":"jelly-cz","symbol":"SIM","quantity":"1557.663","price":"0.00049900","timestamp":1653406248,"volume":"0.77727409","buyTxId":"1adec8551bf2066f15eb3b427589861f8fefa3ed","sellTxId":"MM-P-17665541-64655912-3-30-1"}
{"index": {"_index":"sim","_id":"3513402"}}
	{"id":3513402,"type":"buy","buyer":"catotune","seller":"nftmart.fees","symbol":"SIM","quantity":"5.000","price":"0.00049899","timestamp":1653407406,"volume":"0.00249495","buyTxId":"817c7f4857f2db47ef134fac42e2d517af983ebd","sellTxId":"f05181599d0379ff8f7c6a68776a956ef3585d8c-0"}
{"index": {"_index":"sim","_id":"3513403"}}
	{"id":3513403,"type":"buy","buyer":"catotune","seller":"jelly-cz","symbol":"SIM","quantity":"3120.190","price":"0.00049900","timestamp":1653407406,"volume":"1.55697481","buyTxId":"817c7f4857f2db47ef134fac42e2d517af983ebd","sellTxId":"MM-P-17665541-64655912-3-30-1"}
{"index": {"_index":"sim","_id":"3513404"}}
	{"id":3513404,"type":"buy","buyer":"cookaiss","seller":"enginemaker","symbol":"SIM","quantity":"51546.392","price":"0.00049945","timestamp":1653407451,"volume":"25.74484548","buyTxId":"d4529878c712db8ef04fbf4dd3e58f1b8fd11948","sellTxId":"MM-P-17638827-64629160-3-2-0"}
{"index": {"_index":"sim","_id":"3513837"}}
	{"id":3513837,"type":"sell","buyer":"frugal-fun","seller":"leizerstark","symbol":"SIM","quantity":"600.000","price":"0.00050199","timestamp":1653411255,"volume":"0.30119400","buyTxId":"148d49b0278197c87f88a62e2bd19d9dd9d9fea5","sellTxId":"6508791bd41cc7d1d6c58c6647ee5b050c6899e6"}
{"index": {"_index":"sim","_id":"3513880"}}
	{"id":3513880,"type":"sell","buyer":"assassyn","seller":"frugal-fun","symbol":"SIM","quantity":"138.000","price":"0.00050438","timestamp":1653411606,"volume":"0.06960444","buyTxId":"e18ee0f23d4fe3437500aea1656bb6106fe4e6ed","sellTxId":"3fb04554814688202be2c4d303bd654a212b76e2"}
{"index": {"_index":"sim","_id":"3513888"}}
	{"id":3513888,"type":"buy","buyer":"yaziris","seller":"nftmart.fees","symbol":"SIM","quantity":"4.000","price":"0.00050439","timestamp":1653411720,"volume":"0.00201756","buyTxId":"aa6958dd94e241add352380a9689c204b4e3d4c6","sellTxId":"20c2d1a1de65307cc8d8e468e027fd220ddf7021-0"}
{"index": {"_index":"sim","_id":"3513889"}}
	{"id":3513889,"type":"buy","buyer":"yaziris","seller":"jelly-cz","symbol":"SIM","quantity":"9996.000","price":"0.00050440","timestamp":1653411720,"volume":"5.04198240","buyTxId":"aa6958dd94e241add352380a9689c204b4e3d4c6","sellTxId":"MM-P-17668528-64658908-3-30-0"}
{"index": {"_index":"sim","_id":"3513941"}}
	{"id":3513941,"type":"buy","buyer":"he-index","seller":"jelly-cz","symbol":"SIM","quantity":"814.830","price":"0.00050440","timestamp":1653412236,"volume":"0.41100025","buyTxId":"3f8b1f3846261203981f572385f6ce5c418907c0","sellTxId":"MM-P-17668528-64658908-3-30-0"}
{"index": {"_index":"sim","_id":"3513960"}}
	{"id":3513960,"type":"buy","buyer":"he-index","seller":"jelly-cz","symbol":"SIM","quantity":"154.639","price":"0.00050440","timestamp":1653412353,"volume":"0.07799991","buyTxId":"1fce9e56e9c82dafde04f1e8d2269b6c96201192","sellTxId":"MM-P-17668528-64658908-3-30-0"}
{"index": {"_index":"sim","_id":"3514265"}}
	{"id":3514265,"type":"sell","buyer":"frugal-fun","seller":"darth-azrael","symbol":"SIM","quantity":"410.492","price":"0.00050199","timestamp":1653414909,"volume":"0.20606288","buyTxId":"148d49b0278197c87f88a62e2bd19d9dd9d9fea5","sellTxId":"4a332d6c6e1ec6dfa9d4abe861c07e2af1451018"}
{"index": {"_index":"sim","_id":"3514285"}}
	{"id":3514285,"type":"sell","buyer":"frugal-fun","seller":"cosmictriage","symbol":"SIM","quantity":"0.651","price":"0.00050199","timestamp":1653415077,"volume":"0.00032680","buyTxId":"148d49b0278197c87f88a62e2bd19d9dd9d9fea5","sellTxId":"f94d44f206aa2647ba59370fe61438b6e97a6c31"}
{"index": {"_index":"sim","_id":"3514399"}}
	{"id":3514399,"type":"sell","buyer":"frugal-fun","seller":"outlinez","symbol":"SIM","quantity":"380.420","price":"0.00050199","timestamp":1653415935,"volume":"0.19096704","buyTxId":"148d49b0278197c87f88a62e2bd19d9dd9d9fea5","sellTxId":"3e5f0599fd0cd943e82e097b1ee21e1b9374fe92"}
{"index": {"_index":"sim","_id":"3514769"}}
	{"id":3514769,"type":"sell","buyer":"frugal-fun","seller":"epilatero","symbol":"SIM","quantity":"5748","price":"0.00050199","timestamp":1653419385,"volume":"2.88543852","buyTxId":"148d49b0278197c87f88a62e2bd19d9dd9d9fea5","sellTxId":"726faeabbf0285fb7e70958f94d656eb3da2bc2d"}
{"index": {"_index":"sim","_id":"3514780"}}
	{"id":3514780,"type":"buy","buyer":"ana-maria","seller":"nftmart.fees","symbol":"SIM","quantity":"3.000","price":"0.00051196","timestamp":1653419454,"volume":"0.00153588","buyTxId":"ee73f56afcdd2c4cd997db98ca287785c27be5cc","sellTxId":"bd3b96a5e87eb1ef8765f2a2b43a6d633105c720-0"}
{"index": {"_index":"sim","_id":"3514781"}}
	{"id":3514781,"type":"buy","buyer":"ana-maria","seller":"pi-trader","symbol":"SIM","quantity":"102.000","price":"0.00051199","timestamp":1653419487,"volume":"0.05222298","buyTxId":"f8ea82516241b65d9e83f6eb41fff5e4cbd7243c","sellTxId":"a22cb74794d9cdeba159ca5ab43a54d76b4dd141"}
{"index": {"_index":"sim","_id":"3514799"}}
	{"id":3514799,"type":"sell","buyer":"frugal-fun","seller":"mango-juice","symbol":"SIM","quantity":"2298.009","price":"0.00050199","timestamp":1653419772,"volume":"1.15357754","buyTxId":"148d49b0278197c87f88a62e2bd19d9dd9d9fea5","sellTxId":"25e9b2846f37b7980f85a749d244e947736c635d"}
{"index": {"_index":"sim","_id":"3514895"}}
	{"id":3514895,"type":"buy","buyer":"jakkal","seller":"nftmart.fees","symbol":"SIM","quantity":"3.000","price":"0.00051198","timestamp":1653420567,"volume":"0.00153594","buyTxId":"503bad307a39a98c044f777e6f1072d06e8a2f30","sellTxId":"fc04e23e258cc170e5f7899bf8500472fbc4341f-0"}
{"index": {"_index":"sim","_id":"3514896"}}
	{"id":3514896,"type":"buy","buyer":"jakkal","seller":"pi-trader","symbol":"SIM","quantity":"1997.000","price":"0.00051199","timestamp":1653420567,"volume":"1.02244403","buyTxId":"503bad307a39a98c044f777e6f1072d06e8a2f30","sellTxId":"9fd71609dad659edc62c17fdba77892768d61909-2"}
{"index": {"_index":"sim","_id":"3514965"}}
	{"id":3514965,"type":"buy","buyer":"gsauce1989","seller":"nftmart.fees","symbol":"SIM","quantity":"3.000","price":"0.00051198","timestamp":1653421119,"volume":"0.00153594","buyTxId":"691e1d7eb76825680f32d246c55d201cc4a1325f","sellTxId":"d8c3e4dfa3edece0adec155e8292400df48a06d9-0"}
{"index": {"_index":"sim","_id":"3514966"}}
	{"id":3514966,"type":"buy","buyer":"gsauce1989","seller":"pi-trader","symbol":"SIM","quantity":"9997.000","price":"0.00051199","timestamp":1653421119,"volume":"5.11836403","buyTxId":"691e1d7eb76825680f32d246c55d201cc4a1325f","sellTxId":"87966cf27984ee7dbc16942a99877b33332818c9-4"}
{"index": {"_index":"sim","_id":"3514988"}}
	{"id":3514988,"type":"sell","buyer":"frugal-fun","seller":"valor2s","symbol":"SIM","quantity":"48.614","price":"0.00050199","timestamp":1653421443,"volume":"0.02440374","buyTxId":"148d49b0278197c87f88a62e2bd19d9dd9d9fea5","sellTxId":"0b1f7b8b0ac05fd2502cfd0871e4539a893e0891"}
{"index": {"_index":"sim","_id":"3515078"}}
	{"id":3515078,"type":"buy","buyer":"catotune","seller":"nftmart.fees","symbol":"SIM","quantity":"68.000","price":"0.00051198","timestamp":1653422232,"volume":"0.03481464","buyTxId":"b81fc81df2c2eda81da54769e445641beb81fb31","sellTxId":"6b1186ae7a55d5727e34d4e4fe713660306e4900-0"}
{"index": {"_index":"sim","_id":"3515079"}}
	{"id":3515079,"type":"buy","buyer":"catotune","seller":"pi-trader","symbol":"SIM","quantity":"35932.000","price":"0.00051199","timestamp":1653422232,"volume":"18.39682468","buyTxId":"b81fc81df2c2eda81da54769e445641beb81fb31","sellTxId":"7c6069b86c171952e8109cd2abbe7ab186619a27-2"}
{"index": {"_index":"sim","_id":"3515110"}}
	{"id":3515110,"type":"buy","buyer":"catotune","seller":"pi-trader","symbol":"SIM","quantity":"4000.000","price":"0.00051199","timestamp":1653422661,"volume":"2.04796000","buyTxId":"f59284610593225427c4894aec17ee9b0d2401fa","sellTxId":"edffdf55492d631d156063915481caf72d0d77d1-5"}
{"index": {"_index":"sim","_id":"3515128"}}
	{"id":3515128,"type":"buy","buyer":"catotune","seller":"pi-trader","symbol":"SIM","quantity":"4000.000","price":"0.00051199","timestamp":1653422829,"volume":"2.04796000","buyTxId":"cbba0a63e87cccd604122102a9d55fb8bdb300aa","sellTxId":"86f580a738c79873f2a421b0e7d4479e222366b2-6"}
{"index": {"_index":"sim","_id":"3515141"}}
	{"id":3515141,"type":"buy","buyer":"hiveinvest","seller":"pi-trader","symbol":"SIM","quantity":"3752.000","price":"0.00051199","timestamp":1653422922,"volume":"1.92098648","buyTxId":"6e0ff6b3afbb06dd7af7d6aefbe66519962a41c9","sellTxId":"116768d2d42969b83b2f6fe83913dfaf4bf64449-3"}
{"index": {"_index":"sim","_id":"3515148"}}
	{"id":3515148,"type":"buy","buyer":"catotune","seller":"pi-trader","symbol":"SIM","quantity":"9000.000","price":"0.00051199","timestamp":1653423021,"volume":"4.60791000","buyTxId":"18716676dd4558315e9af35dd06aaa8147a2b15c","sellTxId":"83e18bd3d35968d934fc133e5c9d361f463a44b3-6"}
{"index": {"_index":"sim","_id":"3515225"}}
	{"id":3515225,"type":"buy","buyer":"maryjane.main","seller":"pi-trader","symbol":"SIM","quantity":"19000.000","price":"0.00051197","timestamp":1653423747,"volume":"9.72743000","buyTxId":"7ba0675c9a2148f09a86c047036bd1a0c3ad7a6d","sellTxId":"4ae31cc3d82953f48545562ce5c61a598eb2d3f4-1"}
{"index": {"_index":"sim","_id":"3515240"}}
	{"id":3515240,"type":"sell","buyer":"frugal-fun","seller":"heikki1337","symbol":"SIM","quantity":"22913.238","price":"0.00050199","timestamp":1653423876,"volume":"11.50221634","buyTxId":"148d49b0278197c87f88a62e2bd19d9dd9d9fea5","sellTxId":"7b2eafbb4da2f9512032f1ceca8b4b85db872a59"}
{"index": {"_index":"sim","_id":"3515486"}}
	{"id":3515486,"type":"sell","buyer":"frugal-fun","seller":"cursephantom","symbol":"SIM","quantity":"124.719","price":"0.00050199","timestamp":1653425409,"volume":"0.06260769","buyTxId":"148d49b0278197c87f88a62e2bd19d9dd9d9fea5","sellTxId":"de19e6ce2bb95b9089564d67c6ce10bc564bd264"}
{"index": {"_index":"sim","_id":"3515634"}}
	{"id":3515634,"type":"sell","buyer":"assassyn","seller":"nftmart.fees","symbol":"SIM","quantity":"431.000","price":"0.00051192","timestamp":1653426813,"volume":"0.22063752","buyTxId":"c834eaf4f7bd886d88deaede6b936bc8d65daa18","sellTxId":"bf886aa56be507270fa13d4fde3451f193b5aa04-0"}
{"index": {"_index":"sim","_id":"3515643"}}
	{"id":3515643,"type":"sell","buyer":"assassyn","seller":"pjansen","symbol":"SIM","quantity":"1625.000","price":"0.00051192","timestamp":1653426918,"volume":"0.83187000","buyTxId":"c834eaf4f7bd886d88deaede6b936bc8d65daa18","sellTxId":"ad0d8dd7725acce077aa4db5d208954a546d4fb4"}
{"index": {"_index":"sim","_id":"3515644"}}
	{"id":3515644,"type":"sell","buyer":"frugal-fun","seller":"pjansen","symbol":"SIM","quantity":"2.098","price":"0.00050199","timestamp":1653426918,"volume":"0.00105318","buyTxId":"148d49b0278197c87f88a62e2bd19d9dd9d9fea5","sellTxId":"ad0d8dd7725acce077aa4db5d208954a546d4fb4"}
{"index": {"_index":"sim","_id":"3515868"}}
	{"id":3515868,"type":"sell","buyer":"frugal-fun","seller":"he-index","symbol":"SIM","quantity":"34.500","price":"0.00050199","timestamp":1653428838,"volume":"0.01731866","buyTxId":"148d49b0278197c87f88a62e2bd19d9dd9d9fea5","sellTxId":"ea59bb8f4e7663e1c9ff126c0e0cf133f14dc302"}
{"index": {"_index":"sim","_id":"3516119"}}
	{"id":3516119,"type":"sell","buyer":"industriouslv2","seller":"svirus","symbol":"SIM","quantity":"5100.000","price":"0.00051192","timestamp":1653431142,"volume":"2.61079200","buyTxId":"3fd0516a240e06fa183072a65af1100a18a247d9","sellTxId":"537ab658cafce976351a7d445378f9afc20166e1-1"}
{"index": {"_index":"sim","_id":"3516440"}}
	{"id":3516440,"type":"sell","buyer":"frugal-fun","seller":"liuke96player","symbol":"SIM","quantity":"224.000","price":"0.00050199","timestamp":1653433158,"volume":"0.11244576","buyTxId":"148d49b0278197c87f88a62e2bd19d9dd9d9fea5","sellTxId":"50af4280fb752b5eff14c29b2b5f715502095c32"}
{"index": {"_index":"sim","_id":"3516484"}}
	{"id":3516484,"type":"sell","buyer":"frugal-fun","seller":"bearbear613","symbol":"SIM","quantity":"509.000","price":"0.00050199","timestamp":1653433536,"volume":"0.25551291","buyTxId":"148d49b0278197c87f88a62e2bd19d9dd9d9fea5","sellTxId":"72ac36fcdcd2716dd732f941b461796cbbc355a5"}
{"index": {"_index":"sim","_id":"3516885"}}
	{"id":3516885,"type":"sell","buyer":"frugal-fun","seller":"powerpaul","symbol":"SIM","quantity":"2098.938","price":"0.00050199","timestamp":1653436995,"volume":"1.05364589","buyTxId":"148d49b0278197c87f88a62e2bd19d9dd9d9fea5","sellTxId":"4c3d0a3e5edc8e33783513ae0cdbb108964429c1"}
{"index": {"_index":"sim","_id":"3517034"}}
	{"id":3517034,"type":"sell","buyer":"frugal-fun","seller":"elevator09","symbol":"SIM","quantity":"3525.801","price":"0.00050199","timestamp":1653438453,"volume":"1.76991684","buyTxId":"148d49b0278197c87f88a62e2bd19d9dd9d9fea5","sellTxId":"13d35ed007897006e72add3ac6cc3ba34139ead8"}
{"index": {"_index":"sim","_id":"3517079"}}
	{"id":3517079,"type":"buy","buyer":"elevator09","seller":"pi-trader","symbol":"SIM","quantity":"1000.000","price":"0.00051179","timestamp":1653438948,"volume":"0.51179000","buyTxId":"1d255c177e282ad4d1ce007c2e4ea004f66140f2","sellTxId":"4803e12e4798aec5a25c590440cf3534638ac8c4-1"}
{"index": {"_index":"sim","_id":"3517125"}}
	{"id":3517125,"type":"sell","buyer":"frugal-fun","seller":"dhedge-drips","symbol":"SIM","quantity":"12.499","price":"0.00050199","timestamp":1653439515,"volume":"0.00627437","buyTxId":"148d49b0278197c87f88a62e2bd19d9dd9d9fea5","sellTxId":"281fc9401b34739499ee7fd396dbc2b3b7939c0f"}
{"index": {"_index":"sim","_id":"3517216"}}
	{"id":3517216,"type":"sell","buyer":"frugal-fun","seller":"oople","symbol":"SIM","quantity":"1407.224","price":"0.00050199","timestamp":1653440301,"volume":"0.70641238","buyTxId":"148d49b0278197c87f88a62e2bd19d9dd9d9fea5","sellTxId":"f50e85dbfae62c6f60de908d2c287b0bd23602f1"}
{"index": {"_index":"sim","_id":"3517282"}}
	{"id":3517282,"type":"buy","buyer":"maryjane.main","seller":"pi-trader","symbol":"SIM","quantity":"8516.437","price":"0.00051177","timestamp":1653440622,"volume":"4.35845696","buyTxId":"4328f9d554bc0f3d2a4ef288377649c02424dcda","sellTxId":"f485e4b3dff02ad4acc118af588fea4c97d40a80-1"}
{"index": {"_index":"sim","_id":"3517574"}}
	{"id":3517574,"type":"buy","buyer":"libert","seller":"nftmart.fees","symbol":"SIM","quantity":"375.000","price":"0.00051098","timestamp":1653443457,"volume":"0.19161750","buyTxId":"72387c6bd552599d6adaf7d625f64da3e0e49575","sellTxId":"af18554ff7b4642408ba2eb12ad866f9f2ae53fc-0"}
{"index": {"_index":"sim","_id":"3517575"}}
	{"id":3517575,"type":"buy","buyer":"libert","seller":"daveirah","symbol":"SIM","quantity":"2126.770","price":"0.00051099","timestamp":1653443457,"volume":"1.08675820","buyTxId":"72387c6bd552599d6adaf7d625f64da3e0e49575","sellTxId":"3b8c033f57ebacc0a44983dcad43f69e4fb46090"}
{"index": {"_index":"sim","_id":"3517576"}}
	{"id":3517576,"type":"buy","buyer":"libert","seller":"dhedge-drips","symbol":"SIM","quantity":"12.499","price":"0.00051179","timestamp":1653443457,"volume":"0.00639686","buyTxId":"72387c6bd552599d6adaf7d625f64da3e0e49575","sellTxId":"7133ad8fab9d144c518d63123647c042854a733d"}
{"index": {"_index":"sim","_id":"3517577"}}
	{"id":3517577,"type":"buy","buyer":"libert","seller":"medaymane","symbol":"SIM","quantity":"605.000","price":"0.00051189","timestamp":1653443457,"volume":"0.30969345","buyTxId":"72387c6bd552599d6adaf7d625f64da3e0e49575","sellTxId":"037d2f9d71113f8328a165bf0f9a5ebc47287a26"}
{"index": {"_index":"sim","_id":"3517578"}}
	{"id":3517578,"type":"buy","buyer":"libert","seller":"onestrong","symbol":"SIM","quantity":"1191.000","price":"0.00051200","timestamp":1653443457,"volume":"0.60979200","buyTxId":"72387c6bd552599d6adaf7d625f64da3e0e49575","sellTxId":"9f5c447f5590add883745cc4b8671539d911093a"}
{"index": {"_index":"sim","_id":"3517579"}}
	{"id":3517579,"type":"buy","buyer":"libert","seller":"dhedge-drips","symbol":"SIM","quantity":"0.001","price":"0.00052190","timestamp":1653443457,"volume":"0.00000052","buyTxId":"72387c6bd552599d6adaf7d625f64da3e0e49575","sellTxId":"c5cec3732b1969cf20cd0fb198bbc605f16e54fc"}
{"index": {"_index":"sim","_id":"3517580"}}
	{"id":3517580,"type":"buy","buyer":"libert","seller":"dhedge-drips","symbol":"SIM","quantity":"12.499","price":"0.00052192","timestamp":1653443457,"volume":"0.00652348","buyTxId":"72387c6bd552599d6adaf7d625f64da3e0e49575","sellTxId":"8cfd1cd5b9706d4a9b76c8360325e3b3f2e37991"}
{"index": {"_index":"sim","_id":"3517581"}}
	{"id":3517581,"type":"buy","buyer":"libert","seller":"cranium","symbol":"SIM","quantity":"215.688","price":"0.00052196","timestamp":1653443457,"volume":"0.11258051","buyTxId":"72387c6bd552599d6adaf7d625f64da3e0e49575","sellTxId":"355f204ab249aa9325775e7f1a903d92316ce924"}
{"index": {"_index":"sim","_id":"3517582"}}
	{"id":3517582,"type":"buy","buyer":"libert","seller":"zoe24","symbol":"SIM","quantity":"5193.467","price":"0.00053193","timestamp":1653443457,"volume":"2.76256090","buyTxId":"72387c6bd552599d6adaf7d625f64da3e0e49575","sellTxId":"d3ad7c65df1a46dffbe934d95197891721bbccb8"}
{"index": {"_index":"sim","_id":"3517583"}}
	{"id":3517583,"type":"buy","buyer":"libert","seller":"medaymane","symbol":"SIM","quantity":"3790.500","price":"0.00053193","timestamp":1653443457,"volume":"2.01628067","buyTxId":"72387c6bd552599d6adaf7d625f64da3e0e49575","sellTxId":"20fd241967f5325f45b776ac8429104d6007c4c8"}
{"index": {"_index":"sim","_id":"3517584"}}
	{"id":3517584,"type":"buy","buyer":"libert","seller":"atomcollector","symbol":"SIM","quantity":"369.944","price":"0.00053196","timestamp":1653443457,"volume":"0.19679591","buyTxId":"72387c6bd552599d6adaf7d625f64da3e0e49575","sellTxId":"5a88ea083ebbf083191cf266864f0115ac12d6e2"}
