{"index": {"_index":"sim","_id":"2903252"}}
	{"id":2903252,"type":"sell","buyer":"pi-trader","seller":"theguruasia","symbol":"SIM","quantity":"1286.589","price":"0.00048906","timestamp":1646371089,"volume":"0.62921922","buyTxId":"3f19272f59dda1a602c81bcb6d5366a0f0e22385-1","sellTxId":"3b912a02433827438109236c52d15c65cb6b0850"}
{"index": {"_index":"sim","_id":"2903682"}}
	{"id":2903682,"type":"buy","buyer":"konvik","seller":"independance","symbol":"SIM","quantity":"0.023","price":"0.00049000","timestamp":1646376540,"volume":"0.00001127","buyTxId":"936284b6bead1b44d0eea2585c01627e903ffbdc-0","sellTxId":"8eef0d6b4a589e10956f55bafedfa29541f868ba"}
{"index": {"_index":"sim","_id":"2903683"}}
	{"id":2903683,"type":"buy","buyer":"konvik","seller":"itharagaian","symbol":"SIM","quantity":"10006.000","price":"0.00049000","timestamp":1646376540,"volume":"4.90294000","buyTxId":"936284b6bead1b44d0eea2585c01627e903ffbdc-0","sellTxId":"d96b1edd0517632dd90fc9605c4931964dfabf87"}
{"index": {"_index":"sim","_id":"2903735"}}
	{"id":2903735,"type":"sell","buyer":"pi-trader","seller":"monsterjamgold","symbol":"SIM","quantity":"766.000","price":"0.00048906","timestamp":1646377248,"volume":"0.37461996","buyTxId":"54d997a46ee1c158167cd756426dc7c3be97b62d-3","sellTxId":"d2ec38a830532f337bf4681725d7b5f64d7533d9"}
{"index": {"_index":"sim","_id":"2903939"}}
	{"id":2903939,"type":"buy","buyer":"onestrong","seller":"brofi-market","symbol":"SIM","quantity":"0.003","price":"0.00051307","timestamp":1646380578,"volume":"0.00000154","buyTxId":"afcc12d27d5767aeb57674ecf9dfde3439392894","sellTxId":"cc3d305c108a207295bcddf4284c1b829f2950bc"}
{"index": {"_index":"sim","_id":"2904014"}}
	{"id":2904014,"type":"buy","buyer":"thegoliath","seller":"he-index","symbol":"SIM","quantity":"80.195","price":"0.00052000","timestamp":1646381361,"volume":"0.04170140","buyTxId":"a6f9fb31e3ea51e9c3b75bf7766203566cda23f2","sellTxId":"8662b6ad0db68df8d553776382b0ced58ae85248"}
{"index": {"_index":"sim","_id":"2904015"}}
	{"id":2904015,"type":"buy","buyer":"thegoliath","seller":"pi-trader","symbol":"SIM","quantity":"50000.000","price":"0.00052399","timestamp":1646381361,"volume":"26.19950000","buyTxId":"a6f9fb31e3ea51e9c3b75bf7766203566cda23f2","sellTxId":"c2b0e3a861640c3ba8c455164612834691820082"}
{"index": {"_index":"sim","_id":"2904016"}}
	{"id":2904016,"type":"buy","buyer":"thegoliath","seller":"atomcollector","symbol":"SIM","quantity":"4817.812","price":"0.00052400","timestamp":1646381361,"volume":"2.52453349","buyTxId":"a6f9fb31e3ea51e9c3b75bf7766203566cda23f2","sellTxId":"1f3e9ac082d3010a9680911da7d9a3dbbf7158ec"}
{"index": {"_index":"sim","_id":"2904017"}}
	{"id":2904017,"type":"buy","buyer":"thegoliath","seller":"eshr92","symbol":"SIM","quantity":"134.000","price":"0.00053000","timestamp":1646381361,"volume":"0.07102000","buyTxId":"a6f9fb31e3ea51e9c3b75bf7766203566cda23f2","sellTxId":"c4a6d32e27c7744f7188b88e5e0651cf0bf70cb5"}
{"index": {"_index":"sim","_id":"2904018"}}
	{"id":2904018,"type":"buy","buyer":"thegoliath","seller":"mapac","symbol":"SIM","quantity":"2288.000","price":"0.00055460","timestamp":1646381361,"volume":"1.26892480","buyTxId":"a6f9fb31e3ea51e9c3b75bf7766203566cda23f2","sellTxId":"16d211b1156add8f3efa9cbd84fb00c9c4a5af03"}
{"index": {"_index":"sim","_id":"2904019"}}
	{"id":2904019,"type":"buy","buyer":"thegoliath","seller":"mapac","symbol":"SIM","quantity":"2233.000","price":"0.00056800","timestamp":1646381361,"volume":"1.26834400","buyTxId":"a6f9fb31e3ea51e9c3b75bf7766203566cda23f2","sellTxId":"debb6066a377c05e4fb5a29a3de66306958563c9"}
{"index": {"_index":"sim","_id":"2904020"}}
	{"id":2904020,"type":"buy","buyer":"thegoliath","seller":"blurtyield","symbol":"SIM","quantity":"313.256","price":"0.00057600","timestamp":1646381361,"volume":"0.18043546","buyTxId":"a6f9fb31e3ea51e9c3b75bf7766203566cda23f2","sellTxId":"f20226d9bb8a7fc1c6e64ec5bfeab6e4f4932f00"}
{"index": {"_index":"sim","_id":"2904021"}}
	{"id":2904021,"type":"buy","buyer":"thegoliath","seller":"medaymane","symbol":"SIM","quantity":"15000.000","price":"0.00057600","timestamp":1646381361,"volume":"8.64000000","buyTxId":"a6f9fb31e3ea51e9c3b75bf7766203566cda23f2","sellTxId":"5e44c42fb48b3a70d5c15207fe15e89657def909"}
{"index": {"_index":"sim","_id":"2904022"}}
	{"id":2904022,"type":"buy","buyer":"thegoliath","seller":"accelerator","symbol":"SIM","quantity":"2344.000","price":"0.00058000","timestamp":1646381361,"volume":"1.35952000","buyTxId":"a6f9fb31e3ea51e9c3b75bf7766203566cda23f2","sellTxId":"de0180188c59dcdbc3bf1196d332d1b06023092d"}
{"index": {"_index":"sim","_id":"2904023"}}
	{"id":2904023,"type":"buy","buyer":"thegoliath","seller":"desyfit","symbol":"SIM","quantity":"7789.737","price":"0.00058000","timestamp":1646381361,"volume":"4.51804746","buyTxId":"a6f9fb31e3ea51e9c3b75bf7766203566cda23f2","sellTxId":"d120bf83f5e0fd4d7b264a68e3b90841226d9659"}
{"index": {"_index":"sim","_id":"2904100"}}
	{"id":2904100,"type":"sell","buyer":"onestrong","seller":"thegoliath","symbol":"SIM","quantity":"1182.422","price":"0.00051307","timestamp":1646382579,"volume":"0.60666525","buyTxId":"afcc12d27d5767aeb57674ecf9dfde3439392894","sellTxId":"7ab4af2e1afd26147ffeddf3527c4a24d91315f5"}
{"index": {"_index":"sim","_id":"2904101"}}
	{"id":2904101,"type":"sell","buyer":"wallahrai2","seller":"thegoliath","symbol":"SIM","quantity":"4389.650","price":"0.00048905","timestamp":1646382579,"volume":"2.14675833","buyTxId":"285853a241f1ba63fa294784576036f6e9999cde","sellTxId":"7ab4af2e1afd26147ffeddf3527c4a24d91315f5"}
{"index": {"_index":"sim","_id":"2904102"}}
	{"id":2904102,"type":"sell","buyer":"atomcollector","seller":"thegoliath","symbol":"SIM","quantity":"1000.000","price":"0.00048900","timestamp":1646382579,"volume":"0.48900000","buyTxId":"b9a7c6c9ef87297e8a6d52a9f9423fe6f74d4ce6","sellTxId":"7ab4af2e1afd26147ffeddf3527c4a24d91315f5"}
{"index": {"_index":"sim","_id":"2904103"}}
	{"id":2904103,"type":"sell","buyer":"risingstarhub","seller":"thegoliath","symbol":"SIM","quantity":"1000.000","price":"0.00048600","timestamp":1646382579,"volume":"0.48600000","buyTxId":"13939f56b7f0c8f529780281bb736441912ec217","sellTxId":"7ab4af2e1afd26147ffeddf3527c4a24d91315f5"}
{"index": {"_index":"sim","_id":"2904104"}}
	{"id":2904104,"type":"sell","buyer":"atomcollector","seller":"thegoliath","symbol":"SIM","quantity":"1000.000","price":"0.00048504","timestamp":1646382579,"volume":"0.48504000","buyTxId":"98b0e7bd2ededd562f3d8cee94cbce57380c3a25","sellTxId":"7ab4af2e1afd26147ffeddf3527c4a24d91315f5"}
{"index": {"_index":"sim","_id":"2904105"}}
	{"id":2904105,"type":"sell","buyer":"atomcollector","seller":"thegoliath","symbol":"SIM","quantity":"1000.000","price":"0.00048502","timestamp":1646382579,"volume":"0.48502000","buyTxId":"0e11c8e19116c1f17e8eed7a7b73fe67185274b6","sellTxId":"7ab4af2e1afd26147ffeddf3527c4a24d91315f5"}
{"index": {"_index":"sim","_id":"2904106"}}
	{"id":2904106,"type":"sell","buyer":"atomcollector","seller":"thegoliath","symbol":"SIM","quantity":"1000.000","price":"0.00048500","timestamp":1646382579,"volume":"0.48500000","buyTxId":"a99cd55d311f95d3739192fec598d726ef0ca9ce","sellTxId":"7ab4af2e1afd26147ffeddf3527c4a24d91315f5"}
{"index": {"_index":"sim","_id":"2904107"}}
	{"id":2904107,"type":"sell","buyer":"jfang003","seller":"thegoliath","symbol":"SIM","quantity":"10000.000","price":"0.00047600","timestamp":1646382579,"volume":"4.76000000","buyTxId":"37701baf12b395e74f486be6dcfd92ef26a819e9","sellTxId":"7ab4af2e1afd26147ffeddf3527c4a24d91315f5"}
{"index": {"_index":"sim","_id":"2904108"}}
	{"id":2904108,"type":"sell","buyer":"atomcollector","seller":"thegoliath","symbol":"SIM","quantity":"1000.000","price":"0.00047500","timestamp":1646382579,"volume":"0.47500000","buyTxId":"b4ea28077fc25099b69cbd587e5f4ed4a1dd96db","sellTxId":"7ab4af2e1afd26147ffeddf3527c4a24d91315f5"}
{"index": {"_index":"sim","_id":"2904109"}}
	{"id":2904109,"type":"sell","buyer":"master-lamps","seller":"thegoliath","symbol":"SIM","quantity":"783.500","price":"0.00046600","timestamp":1646382579,"volume":"0.36511100","buyTxId":"9370481ab6dd828155a776fbc47ae47a0cd1aa4b","sellTxId":"7ab4af2e1afd26147ffeddf3527c4a24d91315f5"}
{"index": {"_index":"sim","_id":"2904110"}}
	{"id":2904110,"type":"sell","buyer":"ana-maria","seller":"thegoliath","symbol":"SIM","quantity":"2000.000","price":"0.00046102","timestamp":1646382579,"volume":"0.92204000","buyTxId":"77b4420cf2bfbd10b65584a06e6bac7c18b4c994","sellTxId":"7ab4af2e1afd26147ffeddf3527c4a24d91315f5"}
{"index": {"_index":"sim","_id":"2904111"}}
	{"id":2904111,"type":"sell","buyer":"heemshowlive","seller":"thegoliath","symbol":"SIM","quantity":"4338.000","price":"0.00046100","timestamp":1646382579,"volume":"1.99981800","buyTxId":"faca23a60b6e157b416262f86378cd2b5e6f7eeb","sellTxId":"7ab4af2e1afd26147ffeddf3527c4a24d91315f5"}
{"index": {"_index":"sim","_id":"2904112"}}
	{"id":2904112,"type":"sell","buyer":"master-lamps","seller":"thegoliath","symbol":"SIM","quantity":"5829.673","price":"0.00046001","timestamp":1646382579,"volume":"2.68170788","buyTxId":"73c7782cf9f70e260543c18da69a9e33b1178358","sellTxId":"7ab4af2e1afd26147ffeddf3527c4a24d91315f5"}
{"index": {"_index":"sim","_id":"2904113"}}
	{"id":2904113,"type":"sell","buyer":"myothuzar","seller":"thegoliath","symbol":"SIM","quantity":"50000.000","price":"0.00046000","timestamp":1646382579,"volume":"23.00000000","buyTxId":"3991c102d2dabdfc525a57f4cecc8a92e9173bf6","sellTxId":"7ab4af2e1afd26147ffeddf3527c4a24d91315f5"}
{"index": {"_index":"sim","_id":"2904114"}}
	{"id":2904114,"type":"sell","buyer":"atomcollector","seller":"thegoliath","symbol":"SIM","quantity":"476.755","price":"0.00046000","timestamp":1646382579,"volume":"0.21930730","buyTxId":"c0fd051d022fc1600592913b02972ed3ccbf71e1","sellTxId":"7ab4af2e1afd26147ffeddf3527c4a24d91315f5"}
{"index": {"_index":"sim","_id":"2904163"}}
	{"id":2904163,"type":"sell","buyer":"pi-trader","seller":"saulos","symbol":"SIM","quantity":"278.875","price":"0.00046001","timestamp":1646383665,"volume":"0.12828529","buyTxId":"201bf9c7d9578f4a508a5af50ad2ab273da93e04-0","sellTxId":"5bf8a288821ca2d70fa45cf0ba814b4d098d289c"}
{"index": {"_index":"sim","_id":"2904648"}}
	{"id":2904648,"type":"buy","buyer":"libert","seller":"steem-hodler","symbol":"SIM","quantity":"9686.274","price":"0.00051000","timestamp":1646393070,"volume":"4.94","buyTxId":"1e14eee28267d7eb7513dee4fa67ca380532f00f","sellTxId":"c39f77560da8ef652f7cc7e1e4b12eec54c08cba"}
{"index": {"_index":"sim","_id":"2904836"}}
	{"id":2904836,"type":"sell","buyer":"pi-trader","seller":"brofi-market","symbol":"SIM","quantity":"0.004","price":"0.00047701","timestamp":1646396130,"volume":"0.00000191","buyTxId":"9c994b1609c68519f1e19961f083f5994562fd23-1","sellTxId":"f914ba3ef36ab5e954388bc5377bb429e66ef636"}
{"index": {"_index":"sim","_id":"2904872"}}
	{"id":2904872,"type":"sell","buyer":"pi-trader","seller":"heikki1337","symbol":"SIM","quantity":"6105.502","price":"0.00047701","timestamp":1646396469,"volume":"2.91238551","buyTxId":"c35945efeef9645f37a776cc04120adfba8b9ddd-3","sellTxId":"94512c52e76532656893359375dd39add5321533"}
{"index": {"_index":"sim","_id":"2905054"}}
	{"id":2905054,"type":"sell","buyer":"pi-trader","seller":"rambo21","symbol":"SIM","quantity":"1805.000","price":"0.00047701","timestamp":1646398449,"volume":"0.86100305","buyTxId":"6eb0c68ffc981f5c99d0829e105dd2dd78081eaf-4","sellTxId":"d5c5599080109c69e1db32309f161bc9ab1aeacf"}
{"index": {"_index":"sim","_id":"2905186"}}
	{"id":2905186,"type":"buy","buyer":"interpretation","seller":"brianhuang","symbol":"SIM","quantity":"6.991","price":"0.00048000","timestamp":1646400222,"volume":"0.00335568","buyTxId":"fb04fda7f05a83434fa6aeb4aeff77fc5ba8b9b9","sellTxId":"3b4054cdc023db4854b40977e837d79a4721a794"}
{"index": {"_index":"sim","_id":"2905191"}}
	{"id":2905191,"type":"buy","buyer":"interpretation","seller":"atomcollector","symbol":"SIM","quantity":"3868.991","price":"0.00049900","timestamp":1646400285,"volume":"1.93062651","buyTxId":"3b2d31a7ab54d6536014e75c5b16314e304ee53a","sellTxId":"5b1e338b770482e17c4e4d9e9769faa45ca64dd3"}
{"index": {"_index":"sim","_id":"2905261"}}
	{"id":2905261,"type":"sell","buyer":"pi-trader","seller":"lisamgentile1961","symbol":"SIM","quantity":"13.693","price":"0.00047703","timestamp":1646401266,"volume":"0.00653197","buyTxId":"9b4c99fd7b4eeff801200e54f6bafa06f7870fad-1","sellTxId":"fe4d39736a765b70ce1d1a41b1a2247d782097df"}
{"index": {"_index":"sim","_id":"2905299"}}
	{"id":2905299,"type":"sell","buyer":"pi-trader","seller":"anderssinho","symbol":"SIM","quantity":"1.865","price":"0.00047703","timestamp":1646401599,"volume":"0.00088966","buyTxId":"7f2989ecd1fdb562684455ea45f2d91b4ef1b234-2","sellTxId":"d771a885a8e980e86254b605f9ba777703b369a1"}
{"index": {"_index":"sim","_id":"2905472"}}
	{"id":2905472,"type":"buy","buyer":"rexikhan","seller":"steem-hodler","symbol":"SIM","quantity":"501.000","price":"0.00051000","timestamp":1646403852,"volume":"0.25551000","buyTxId":"cc1564f8ba0864499e7d3ec160031f304e5d6b48","sellTxId":"c39f77560da8ef652f7cc7e1e4b12eec54c08cba"}
{"index": {"_index":"sim","_id":"2905643"}}
	{"id":2905643,"type":"buy","buyer":"blockchainyouth","seller":"steem-hodler","symbol":"SIM","quantity":"4894.744","price":"0.00051000","timestamp":1646405949,"volume":"2.49631944","buyTxId":"b45a6cf54523d0f13535b74e6267d635c0d1323b","sellTxId":"c39f77560da8ef652f7cc7e1e4b12eec54c08cba"}
{"index": {"_index":"sim","_id":"2905777"}}
	{"id":2905777,"type":"buy","buyer":"konvik","seller":"casagrande","symbol":"SIM","quantity":"1.980","price":"0.00048000","timestamp":1646408022,"volume":"0.00095040","buyTxId":"e027564997a89b259e87507049e02c29ddbc0707-0","sellTxId":"bf3314aebfa3884fdeb747853353dd0b946762bc"}
{"index": {"_index":"sim","_id":"2905778"}}
	{"id":2905778,"type":"buy","buyer":"konvik","seller":"steem-hodler","symbol":"SIM","quantity":"17572.000","price":"0.00050000","timestamp":1646408022,"volume":"8.78600000","buyTxId":"e027564997a89b259e87507049e02c29ddbc0707-0","sellTxId":"85412219de51bd66f7b9a55ba3959d1ea0cfb7a8"}
{"index": {"_index":"sim","_id":"2905960"}}
	{"id":2905960,"type":"buy","buyer":"baconface","seller":"brofi-market","symbol":"SIM","quantity":"0.004","price":"0.00051000","timestamp":1646409927,"volume":"0.00000204","buyTxId":"dd4052c6ebf887401e5ec2cdf859cf78cad98deb","sellTxId":"d3e1d553c9d11f2fde2d585b997c36a036ae840b"}
{"index": {"_index":"sim","_id":"2906287"}}
	{"id":2906287,"type":"buy","buyer":"rexaa","seller":"pi-trader","symbol":"SIM","quantity":"1145.880","price":"0.00051324","timestamp":1646411559,"volume":"0.58811145","buyTxId":"e501058eb9df14cc7ace92f8c27e2afe59f91f40","sellTxId":"94d696e94108d460acc9bc685b6c2823da3cdd62-3"}
{"index": {"_index":"sim","_id":"2906296"}}
	{"id":2906296,"type":"sell","buyer":"baconface","seller":"deepresearch","symbol":"SIM","quantity":"39.071","price":"0.00051000","timestamp":1646411742,"volume":"0.01992621","buyTxId":"dd4052c6ebf887401e5ec2cdf859cf78cad98deb","sellTxId":"f40203792d903cdae78fe6fc1d628e6f1df4924c"}
{"index": {"_index":"sim","_id":"2906297"}}
	{"id":2906297,"type":"sell","buyer":"pi-trader","seller":"deepresearch","symbol":"SIM","quantity":"46960.929","price":"0.00047801","timestamp":1646411742,"volume":"22.44779367","buyTxId":"5886fa1c9207eb827f8a2d7de5640527e2445314-1","sellTxId":"f40203792d903cdae78fe6fc1d628e6f1df4924c"}
{"index": {"_index":"sim","_id":"2906324"}}
	{"id":2906324,"type":"buy","buyer":"rexaa","seller":"jelly-cz","symbol":"SIM","quantity":"6887.749","price":"0.00051221","timestamp":1646411985,"volume":"3.52797392","buyTxId":"fe41c1cbab876e81fe54b325d3bce189dc74e9b3","sellTxId":"MM-P-15345396-62333175-3-29-0"}
{"index": {"_index":"sim","_id":"2906400"}}
	{"id":2906400,"type":"buy","buyer":"konvik","seller":"automaton","symbol":"SIM","quantity":"361.075","price":"0.00048000","timestamp":1646412609,"volume":"0.17331600","buyTxId":"be6c1edf18708c078cd09bf45e3bdca4d0cacd78-0","sellTxId":"1d7e375a4750e1d6248fb9fecc13f7549142bf76"}
{"index": {"_index":"sim","_id":"2906401"}}
	{"id":2906401,"type":"buy","buyer":"konvik","seller":"electru","symbol":"SIM","quantity":"35113.000","price":"0.00048000","timestamp":1646412609,"volume":"16.85424000","buyTxId":"be6c1edf18708c078cd09bf45e3bdca4d0cacd78-0","sellTxId":"48bcaf85143f5f9c03170098df92f3defcfb6873"}
{"index": {"_index":"sim","_id":"2906735"}}
	{"id":2906735,"type":"sell","buyer":"pi-trader","seller":"xaxakun","symbol":"SIM","quantity":"88.056","price":"0.00047901","timestamp":1646415939,"volume":"0.04217970","buyTxId":"657ba53ad9dff1b1349328bae183502eb331e357-5","sellTxId":"188111fcaeba1dc3e7ed5e3cfbd9f510b2bd2a4c"}
{"index": {"_index":"sim","_id":"2907010"}}
	{"id":2907010,"type":"sell","buyer":"pi-trader","seller":"jrcornel","symbol":"SIM","quantity":"23160.000","price":"0.00049001","timestamp":1646419482,"volume":"11.34863160","buyTxId":"c8e1ed6b3f35b3431fd36fd1bb80c36229637e5f-3","sellTxId":"a724bfd1478c912631b5d1a229f9f963b44d4eb8"}
{"index": {"_index":"sim","_id":"2907012"}}
	{"id":2907012,"type":"sell","buyer":"pi-trader","seller":"discohedge","symbol":"SIM","quantity":"12248.000","price":"0.00049001","timestamp":1646419494,"volume":"6.00164248","buyTxId":"88f0e88b24306d86ffa53e41b79ef91910806032-1","sellTxId":"3d8498045dacc14a232b5b890e58bca369e18d5f"}
{"index": {"_index":"sim","_id":"2907326"}}
	{"id":2907326,"type":"sell","buyer":"pi-trader","seller":"elricmoonslayer","symbol":"SIM","quantity":"74.148","price":"0.00049502","timestamp":1646422992,"volume":"0.03670474","buyTxId":"5712394f64decf4c5a390b4bc58a6aa83a452f68-3","sellTxId":"fa19c37b95f005d1532d64a9784bafe09e899979"}
{"index": {"_index":"sim","_id":"2907414"}}
	{"id":2907414,"type":"sell","buyer":"pi-trader","seller":"karmaa13","symbol":"SIM","quantity":"2208.644","price":"0.00050001","timestamp":1646423853,"volume":"1.10434409","buyTxId":"aee4e10de2ac1dd2129a922dcd402e0bd2cbf342-3","sellTxId":"e2843ce659c0dfcf8069dd024bca2aeb43e5839f"}
{"index": {"_index":"sim","_id":"2907523"}}
	{"id":2907523,"type":"sell","buyer":"pi-trader","seller":"bitcoinflood","symbol":"SIM","quantity":"1795.330","price":"0.00050001","timestamp":1646425026,"volume":"0.89768295","buyTxId":"f7a2b3a6ffa300d2f97cb34d1d83bb07c19bc324-5","sellTxId":"c27d717fde9f9b7af2ae3991b805688a0cb604f2"}
{"index": {"_index":"sim","_id":"2907844"}}
	{"id":2907844,"type":"sell","buyer":"gsauce1989","seller":"bpcvoter","symbol":"SIM","quantity":"10.038","price":"0.00051000","timestamp":1646428452,"volume":"0.00511938","buyTxId":"40e3352b7391837d34301d64fc8eb20aad18aad0","sellTxId":"e0f51e626d389521f11a1ec3a117e5b811d5c3e3"}
{"index": {"_index":"sim","_id":"2907859"}}
	{"id":2907859,"type":"sell","buyer":"gsauce1989","seller":"bhoa","symbol":"SIM","quantity":"1882","price":"0.00051000","timestamp":1646428788,"volume":"0.95982000","buyTxId":"40e3352b7391837d34301d64fc8eb20aad18aad0","sellTxId":"1ccd9b68b82b278bda36911bf7b9b0cebd619558"}
{"index": {"_index":"sim","_id":"2907868"}}
	{"id":2907868,"type":"buy","buyer":"maryjane.main","seller":"pi-trader","symbol":"SIM","quantity":"12000.000","price":"0.00051997","timestamp":1646428872,"volume":"6.23964000","buyTxId":"e5235772474b907a2b346cd8042d6e0d9f44a730","sellTxId":"f8749e6a61957aa9ce7c6699883f8a9e8d387360-1"}
{"index": {"_index":"sim","_id":"2907884"}}
	{"id":2907884,"type":"sell","buyer":"gsauce1989","seller":"lammbock","symbol":"SIM","quantity":"140.000","price":"0.00051000","timestamp":1646429067,"volume":"0.07140000","buyTxId":"40e3352b7391837d34301d64fc8eb20aad18aad0","sellTxId":"9cabdbec0d961dcda86d835ff112b6162d243d16"}
{"index": {"_index":"sim","_id":"2907944"}}
	{"id":2907944,"type":"sell","buyer":"gsauce1989","seller":"bearbear613","symbol":"SIM","quantity":"981.000","price":"0.00051000","timestamp":1646429661,"volume":"0.50031000","buyTxId":"40e3352b7391837d34301d64fc8eb20aad18aad0","sellTxId":"1697fc63571cd2366ccd48fee6480f3d656142dc"}
{"index": {"_index":"sim","_id":"2908000"}}
	{"id":2908000,"type":"sell","buyer":"gsauce1989","seller":"monsterjamgold","symbol":"SIM","quantity":"1100.125","price":"0.00051000","timestamp":1646430321,"volume":"0.56106375","buyTxId":"40e3352b7391837d34301d64fc8eb20aad18aad0","sellTxId":"5877ad576c4e7bcc05ed8ec4b8436cb834f15f70"}
{"index": {"_index":"sim","_id":"2908137"}}
	{"id":2908137,"type":"sell","buyer":"gsauce1989","seller":"elevator09","symbol":"SIM","quantity":"7557.342","price":"0.00051000","timestamp":1646431047,"volume":"3.85424442","buyTxId":"40e3352b7391837d34301d64fc8eb20aad18aad0","sellTxId":"6e1c5447606629736203c2e713c5fbc8fb373c41"}
{"index": {"_index":"sim","_id":"2908290"}}
	{"id":2908290,"type":"buy","buyer":"elevator09","seller":"pi-trader","symbol":"SIM","quantity":"10000.000","price":"0.00051499","timestamp":1646432268,"volume":"5.14990000","buyTxId":"08f84382712a7486f7698b1eed8971cf6c13139b","sellTxId":"5f4ec9b6c5de0cb2e0bd9e4387065021cb8cfbce-3"}
{"index": {"_index":"sim","_id":"2908294"}}
	{"id":2908294,"type":"sell","buyer":"gsauce1989","seller":"deepresearch","symbol":"SIM","quantity":"8329.495","price":"0.00051000","timestamp":1646432358,"volume":"4.24804245","buyTxId":"40e3352b7391837d34301d64fc8eb20aad18aad0","sellTxId":"59ec04412243a5222d08630709ac36369b7f4044"}
{"index": {"_index":"sim","_id":"2908295"}}
	{"id":2908295,"type":"sell","buyer":"jmark517","seller":"deepresearch","symbol":"SIM","quantity":"2000.000","price":"0.00051000","timestamp":1646432358,"volume":"1.02000000","buyTxId":"0ea83c0914f3fa587943b1dcb94c7a540768dc2d","sellTxId":"59ec04412243a5222d08630709ac36369b7f4044"}
{"index": {"_index":"sim","_id":"2908296"}}
	{"id":2908296,"type":"sell","buyer":"catotune","seller":"deepresearch","symbol":"SIM","quantity":"9670.505","price":"0.00050000","timestamp":1646432358,"volume":"4.83525250","buyTxId":"29612e978248ab79ab22079ab12a6fa1a9125122","sellTxId":"59ec04412243a5222d08630709ac36369b7f4044"}
{"index": {"_index":"sim","_id":"2908302"}}
	{"id":2908302,"type":"sell","buyer":"pi-trader","seller":"loganhate","symbol":"SIM","quantity":"297.000","price":"0.00050001","timestamp":1646432400,"volume":"0.14850297","buyTxId":"17c864df3bcaca9c230eba1e70c66c6775d815ca-3","sellTxId":"da0475524939150d51c6582b362a1cd38ea907cf"}
{"index": {"_index":"sim","_id":"2908303"}}
	{"id":2908303,"type":"sell","buyer":"pi-trader","seller":"bosmob","symbol":"SIM","quantity":"10381.714","price":"0.00050001","timestamp":1646432418,"volume":"5.19096082","buyTxId":"17c864df3bcaca9c230eba1e70c66c6775d815ca-3","sellTxId":"72ff466653fcfc56bbcb6d2746bb8d97d545e7d5"}
{"index": {"_index":"sim","_id":"2908312"}}
	{"id":2908312,"type":"buy","buyer":"ana-maria","seller":"pi-trader","symbol":"SIM","quantity":"1850.000","price":"0.00051499","timestamp":1646432505,"volume":"0.95273150","buyTxId":"f28bb29c139f482b75771e444332fee4cddad798","sellTxId":"57d688ac3c486c632de8ad5ccd05b54da5d766d8-7"}
{"index": {"_index":"sim","_id":"2908340"}}
	{"id":2908340,"type":"buy","buyer":"dkid14","seller":"pi-trader","symbol":"SIM","quantity":"44467.899","price":"0.00051499","timestamp":1646432526,"volume":"22.90052331","buyTxId":"b3d0b8a49901daa43c2dd6da4d9aad8ef285d073","sellTxId":"57d688ac3c486c632de8ad5ccd05b54da5d766d8-7"}
{"index": {"_index":"sim","_id":"2908366"}}
	{"id":2908366,"type":"sell","buyer":"pi-trader","seller":"elevator09","symbol":"SIM","quantity":"2376.000","price":"0.00050001","timestamp":1646432847,"volume":"1.18802376","buyTxId":"b01db9edb53023c31707e70fb6ad268f8ee49f77-5","sellTxId":"2ee3ee36e5743b1c7af4401244fc85bcfc4b56c0"}
{"index": {"_index":"sim","_id":"2908586"}}
	{"id":2908586,"type":"sell","buyer":"pi-trader","seller":"he-index","symbol":"SIM","quantity":"80.611","price":"0.00050001","timestamp":1646434992,"volume":"0.04030631","buyTxId":"2e5bc5ab93b851851ffe49b9a1a55d3397a71e9b-3","sellTxId":"0f89a2c8e2d98d074afb4471c0a7a1b410f7ff00"}
{"index": {"_index":"sim","_id":"2908597"}}
	{"id":2908597,"type":"sell","buyer":"pi-trader","seller":"rexaa","symbol":"SIM","quantity":"4761.929","price":"0.00050001","timestamp":1646435256,"volume":"2.38101212","buyTxId":"dd2dd9634f57c913ebedb50482504a95dc3a542e-1","sellTxId":"461c15928f602303b305fc99b450738036d24798"}
{"index": {"_index":"sim","_id":"2908648"}}
	{"id":2908648,"type":"sell","buyer":"pi-trader","seller":"thatcryptodave","symbol":"SIM","quantity":"1336.068","price":"0.00050001","timestamp":1646436060,"volume":"0.66804736","buyTxId":"404566d61ef5d53d5c749388a134ee5a08b3183d-5","sellTxId":"07b1b7cff307e158a8ba5bb8e4c8390712e084e9"}
{"index": {"_index":"sim","_id":"2908892"}}
	{"id":2908892,"type":"sell","buyer":"pi-trader","seller":"brofi-market","symbol":"SIM","quantity":"0.003","price":"0.00050001","timestamp":1646439222,"volume":"0.00000150","buyTxId":"df3b7b92a7e2f96387e35fc583881d430ec2384b-5","sellTxId":"b04a9f37a33086e68e4ac8878522374e8c408ac6"}
{"index": {"_index":"sim","_id":"2908928"}}
	{"id":2908928,"type":"buy","buyer":"crypto-futurist","seller":"pi-trader","symbol":"SIM","quantity":"9.697","price":"0.00051499","timestamp":1646439555,"volume":"0.00499386","buyTxId":"64f567a25cb525e306dd8bdaade7c264e3d5fa81","sellTxId":"b0842cea432e2f6dcf6b956b056307fbc56003f8-5"}
{"index": {"_index":"sim","_id":"2908941"}}
	{"id":2908941,"type":"sell","buyer":"pi-trader","seller":"valor2s","symbol":"SIM","quantity":"294.114","price":"0.00050001","timestamp":1646439738,"volume":"0.14705994","buyTxId":"8da9c34c7c979f434a53a4abe181037954924c77-3","sellTxId":"a5eab902a9a670936b410f9b52ed3d9bd50236d0"}
{"index": {"_index":"sim","_id":"2909288"}}
	{"id":2909288,"type":"sell","buyer":"pi-trader","seller":"build-it","symbol":"SIM","quantity":"261.100","price":"0.00050001","timestamp":1646444874,"volume":"0.13055261","buyTxId":"8e419ea9a9d182770652f8b81ba20bdf8e8f6bdf-5","sellTxId":"8730b7fb9296272da226a98d3f820e9e90f2963f"}
{"index": {"_index":"sim","_id":"2909776"}}
	{"id":2909776,"type":"sell","buyer":"gsauce1989","seller":"theguruasia","symbol":"SIM","quantity":"1284.050","price":"0.00051000","timestamp":1646451987,"volume":"0.65486550","buyTxId":"39aeea05e2e02ed2be3c11b5b654ba990560e602","sellTxId":"2c2628cbb210664c78016ba8a6c4819a10748241"}
