{"index": {"_index":"sim","_id":"1452195"}}
	{"id":1452195,"type":"buy","buyer":"eythorphoto","seller":"nftmart.fees","symbol":"SIM","quantity":"406.000","price":"0.00139999","timestamp":1630378581,"volume":"0.56839594","buyTxId":"66414da677ab858618d9b31f43058eb1b64a1fe0","sellTxId":"e8e1eb15c826659708b962b15fcfc2a49208827a-0"}
{"index": {"_index":"sim","_id":"1452215"}}
	{"id":1452215,"type":"sell","buyer":"eythorphoto","seller":"nftmart.fees","symbol":"SIM","quantity":"407.000","price":"0.00139999","timestamp":1630378803,"volume":"0.56979593","buyTxId":"66414da677ab858618d9b31f43058eb1b64a1fe0","sellTxId":"1fe3c008f8cd52c47ac12f79c7a6a0e5e2878562-0"}
{"index": {"_index":"sim","_id":"1452221"}}
	{"id":1452221,"type":"buy","buyer":"eythorphoto","seller":"joshh71390","symbol":"SIM","quantity":"2400.000","price":"0.00140000","timestamp":1630378881,"volume":"3.36000000","buyTxId":"3da5b45d666d5cb5587c54d15c7c8154d9e36c07","sellTxId":"61afa8678b08371301979814f3b3edd062d3c153"}
{"index": {"_index":"sim","_id":"1452260"}}
	{"id":1452260,"type":"sell","buyer":"pi-trader","seller":"are-you-ok","symbol":"SIM","quantity":"12.001","price":"0.00135004","timestamp":1630379493,"volume":"0.01620183","buyTxId":"b58563b525440d98cfe5af979a5cc0de66872fc5","sellTxId":"c804203c4c4379af8d8aea357fba6a0d9646a682"}
{"index": {"_index":"sim","_id":"1452513"}}
	{"id":1452513,"type":"sell","buyer":"pi-trader","seller":"tonytrillions","symbol":"SIM","quantity":"0.038","price":"0.00135004","timestamp":1630382280,"volume":"0.00005130","buyTxId":"c78e5bc021b56ab9c7338862b8c4b024fa214e75-1","sellTxId":"a1f6c8143b2798ddd2c1d6a6e33eccb0507e52a3"}
{"index": {"_index":"sim","_id":"1452575"}}
	{"id":1452575,"type":"sell","buyer":"pi-trader","seller":"justinparke","symbol":"SIM","quantity":"6341.027","price":"0.00135004","timestamp":1630382838,"volume":"8.56064009","buyTxId":"7fd1d330ed6058374b287e550b885a69c30110db-1","sellTxId":"6a674984904ffb2cef247984b16767ad8a472af8"}
{"index": {"_index":"sim","_id":"1452594"}}
	{"id":1452594,"type":"sell","buyer":"pi-trader","seller":"thewesternshores","symbol":"SIM","quantity":"7600.000","price":"0.00135002","timestamp":1630383036,"volume":"10.26015200","buyTxId":"1ddd406a98c083720011f6c000ee28141a9db8d9-1","sellTxId":"08ac15ccade86026f0988e9bb2ddb035f39cdf4a"}
{"index": {"_index":"sim","_id":"1452606"}}
	{"id":1452606,"type":"sell","buyer":"pi-trader","seller":"brofi-market","symbol":"SIM","quantity":"0.001","price":"0.00135002","timestamp":1630383111,"volume":"0.00000135","buyTxId":"16eb222499ca0607ee0d68a08f0b12b76091c994-1","sellTxId":"3e7b8e81d0a9ccc3513457d2d9727a6220c94df2"}
{"index": {"_index":"sim","_id":"1452612"}}
	{"id":1452612,"type":"sell","buyer":"pi-trader","seller":"manoldonchev","symbol":"SIM","quantity":"19960.000","price":"0.00135002","timestamp":1630383162,"volume":"26.94639920","buyTxId":"0d04731a1ce85e177a03337d70d7e9d2e21f9303-1","sellTxId":"d9cbc16d5506ddc563e80c563eb77231fa4c3111"}
{"index": {"_index":"sim","_id":"1452625"}}
	{"id":1452625,"type":"sell","buyer":"pi-trader","seller":"lifeskills-tv","symbol":"SIM","quantity":"40.000","price":"0.00135002","timestamp":1630383336,"volume":"0.05400080","buyTxId":"0d04731a1ce85e177a03337d70d7e9d2e21f9303-1","sellTxId":"6c8024cb20e6f3e0349d761887cb766cc7c52e4c"}
{"index": {"_index":"sim","_id":"1452626"}}
	{"id":1452626,"type":"sell","buyer":"pi-trader","seller":"lifeskills-tv","symbol":"SIM","quantity":"3442.788","price":"0.00135002","timestamp":1630383336,"volume":"4.64783266","buyTxId":"fa4799d8a023fe1b51dead04f1269c8a2d01d393","sellTxId":"6c8024cb20e6f3e0349d761887cb766cc7c52e4c"}
{"index": {"_index":"sim","_id":"1452858"}}
	{"id":1452858,"type":"sell","buyer":"pi-trader","seller":"ctrlyse","symbol":"SIM","quantity":"133.000","price":"0.00135002","timestamp":1630387794,"volume":"0.17955266","buyTxId":"7f2e654d6687126e25d29492afb8530202bd3b9c-1","sellTxId":"15490b867c60566842f19f6009ae2ea7d9437df9"}
{"index": {"_index":"sim","_id":"1452882"}}
	{"id":1452882,"type":"sell","buyer":"pi-trader","seller":"jacques0829","symbol":"SIM","quantity":"15817.000","price":"0.00135002","timestamp":1630388058,"volume":"21.35326634","buyTxId":"b3fe2175bee8fd32814d797b07f4223737aba182-1","sellTxId":"987ef1349fec8640033bdd31e1d748fd41fadaa1"}
{"index": {"_index":"sim","_id":"1452896"}}
	{"id":1452896,"type":"buy","buyer":"finris","seller":"nftmart.fees","symbol":"SIM","quantity":"313.000","price":"0.00139993","timestamp":1630388130,"volume":"0.43817809","buyTxId":"3b4d3441feadaa892258a1b4b0dcde16cc612110","sellTxId":"841c9cd0598c160bb33aa103243e16ac68300c8b-0"}
{"index": {"_index":"sim","_id":"1452992"}}
	{"id":1452992,"type":"sell","buyer":"finris","seller":"trumpman","symbol":"SIM","quantity":"223.981","price":"0.00139993","timestamp":1630389555,"volume":"0.31355772","buyTxId":"3b4d3441feadaa892258a1b4b0dcde16cc612110","sellTxId":"448210e654cd34b6d4fad11fc49dfa25ab003201"}
{"index": {"_index":"sim","_id":"1452994"}}
	{"id":1452994,"type":"sell","buyer":"finris","seller":"thegoliath","symbol":"SIM","quantity":"6963.019","price":"0.00139993","timestamp":1630389582,"volume":"9.74773919","buyTxId":"3b4d3441feadaa892258a1b4b0dcde16cc612110","sellTxId":"0af48324ec86ccbeebfa6e228ca18e96d0d2a1d0"}
{"index": {"_index":"sim","_id":"1452995"}}
	{"id":1452995,"type":"sell","buyer":"solovey6o2","seller":"thegoliath","symbol":"SIM","quantity":"11542.942","price":"0.00135001","timestamp":1630389582,"volume":"15.58308713","buyTxId":"7d212865c817134d958ce44d009907e336e582b9","sellTxId":"0af48324ec86ccbeebfa6e228ca18e96d0d2a1d0"}
{"index": {"_index":"sim","_id":"1453060"}}
	{"id":1453060,"type":"sell","buyer":"pi-trader","seller":"resiliencia","symbol":"SIM","quantity":"940.844","price":"0.00135002","timestamp":1630390428,"volume":"1.27015822","buyTxId":"5a9d9c3c60294a1e0475462ec716fc16b666850a","sellTxId":"71c4fbc9a040c3f4746a2053c6ebbe86d8d05e9c"}
{"index": {"_index":"sim","_id":"1453146"}}
	{"id":1453146,"type":"buy","buyer":"konvik","seller":"looftee","symbol":"SIM","quantity":"5000.000","price":"0.00137000","timestamp":1630392021,"volume":"6.85000000","buyTxId":"80edd26d9519538a96423d9121efc840f9e0bc18-0","sellTxId":"7bfc8b7f8e7ec315a7726282b74d8b2c64739cc2"}
{"index": {"_index":"sim","_id":"1453147"}}
	{"id":1453147,"type":"sell","buyer":"pi-trader","seller":"imperij4427","symbol":"SIM","quantity":"20000.000","price":"0.00135002","timestamp":1630392030,"volume":"27.00040000","buyTxId":"a0472da3a22991f76a03e92f5f72930abf3fcc7e-1","sellTxId":"1f2fea18892440bde1f692f6b883f935df24f877"}
{"index": {"_index":"sim","_id":"1453148"}}
	{"id":1453148,"type":"sell","buyer":"solovey6o2","seller":"imperij4427","symbol":"SIM","quantity":"6747.000","price":"0.00135001","timestamp":1630392030,"volume":"9.10851747","buyTxId":"7d212865c817134d958ce44d009907e336e582b9","sellTxId":"1f2fea18892440bde1f692f6b883f935df24f877"}
{"index": {"_index":"sim","_id":"1453202"}}
	{"id":1453202,"type":"sell","buyer":"pi-trader","seller":"ayhamyou","symbol":"SIM","quantity":"2280.000","price":"0.00135002","timestamp":1630392822,"volume":"3.07804560","buyTxId":"51b81a9aeaad35b7103de4396716f6ae2b06fde7","sellTxId":"224dbfca91ac8a97b41dafb1b4a0a240bcf88468"}
{"index": {"_index":"sim","_id":"1453210"}}
	{"id":1453210,"type":"sell","buyer":"pi-trader","seller":"thatcryptodave","symbol":"SIM","quantity":"3140.483","price":"0.00135002","timestamp":1630393101,"volume":"4.23971486","buyTxId":"df2308ebc1d52f3c6b35b2d0c8e41e6bfaab2f7c-1","sellTxId":"e9943cb8d06940a4c6ee03107d2fcf03df38f1fd"}
{"index": {"_index":"sim","_id":"1453228"}}
	{"id":1453228,"type":"buy","buyer":"misuli","seller":"nftmart.fees","symbol":"SIM","quantity":"277.000","price":"0.00139992","timestamp":1630393473,"volume":"0.38777784","buyTxId":"2ba6a796bb833cc8ec10ccad20989db28c8a1185","sellTxId":"aba2288bd07ecbc8ca965d11b3b027d92026537e-0"}
{"index": {"_index":"sim","_id":"1453229"}}
	{"id":1453229,"type":"buy","buyer":"misuli","seller":"dhedge-drips","symbol":"SIM","quantity":"0.001","price":"0.00139993","timestamp":1630393473,"volume":"0.00000140","buyTxId":"2ba6a796bb833cc8ec10ccad20989db28c8a1185","sellTxId":"66378041a9c83dfc8121c4b0e733a43935c9f001"}
{"index": {"_index":"sim","_id":"1453230"}}
	{"id":1453230,"type":"buy","buyer":"misuli","seller":"brofi-market","symbol":"SIM","quantity":"0.001","price":"0.00139997","timestamp":1630393473,"volume":"0.00000140","buyTxId":"2ba6a796bb833cc8ec10ccad20989db28c8a1185","sellTxId":"ff575bf37282db7b67a317c724e4852352883958"}
{"index": {"_index":"sim","_id":"1453231"}}
	{"id":1453231,"type":"buy","buyer":"misuli","seller":"joshh71390","symbol":"SIM","quantity":"1600.000","price":"0.00140000","timestamp":1630393473,"volume":"2.24000000","buyTxId":"2ba6a796bb833cc8ec10ccad20989db28c8a1185","sellTxId":"61afa8678b08371301979814f3b3edd062d3c153"}
{"index": {"_index":"sim","_id":"1453234"}}
	{"id":1453234,"type":"buy","buyer":"misuli","seller":"dhedge-drips","symbol":"SIM","quantity":"11.627","price":"0.00141998","timestamp":1630393716,"volume":"0.01651011","buyTxId":"151121d24a3a821e8e82a0fc4a96092c3e5e508d","sellTxId":"7eeface8162c39dc291c2ffaae8ee800d8f5d22f"}
{"index": {"_index":"sim","_id":"1453235"}}
	{"id":1453235,"type":"buy","buyer":"misuli","seller":"brofi-market","symbol":"SIM","quantity":"103.509","price":"0.00141999","timestamp":1630393716,"volume":"0.14698174","buyTxId":"151121d24a3a821e8e82a0fc4a96092c3e5e508d","sellTxId":"520ffe8175314981d2a5ceef4d76d7eaa594732f"}
{"index": {"_index":"sim","_id":"1453236"}}
	{"id":1453236,"type":"buy","buyer":"misuli","seller":"solovey6o2","symbol":"SIM","quantity":"9884.864","price":"0.00141999","timestamp":1630393716,"volume":"14.03640803","buyTxId":"151121d24a3a821e8e82a0fc4a96092c3e5e508d","sellTxId":"71cb7f1fa459b6b2b82f5d4cdd59dc174d254b10"}
{"index": {"_index":"sim","_id":"1453284"}}
	{"id":1453284,"type":"buy","buyer":"misuli","seller":"nftmart.fees","symbol":"SIM","quantity":"277.000","price":"0.00141998","timestamp":1630395012,"volume":"0.39333446","buyTxId":"462115818d0cb063aacedcbdd3e3c8d45821df9c","sellTxId":"6f32c255010cdeceeaee197f157103b94c6e53b9-0"}
{"index": {"_index":"sim","_id":"1453285"}}
	{"id":1453285,"type":"buy","buyer":"misuli","seller":"solovey6o2","symbol":"SIM","quantity":"1834.000","price":"0.00141999","timestamp":1630395012,"volume":"2.60426166","buyTxId":"462115818d0cb063aacedcbdd3e3c8d45821df9c","sellTxId":"71cb7f1fa459b6b2b82f5d4cdd59dc174d254b10"}
{"index": {"_index":"sim","_id":"1453346"}}
	{"id":1453346,"type":"sell","buyer":"pi-trader","seller":"lammbock","symbol":"SIM","quantity":"156.257","price":"0.00135002","timestamp":1630396227,"volume":"0.21095008","buyTxId":"dc15fadc236708b3592f5b3d668b8344e95ed2bf","sellTxId":"ca3232ef449ff33037c213915e7c2ef92e357378"}
{"index": {"_index":"sim","_id":"1453391"}}
	{"id":1453391,"type":"sell","buyer":"pi-trader","seller":"manoldonchev","symbol":"SIM","quantity":"16000.000","price":"0.00135002","timestamp":1630397301,"volume":"21.60032000","buyTxId":"30b92ec754b4b6cb4057eca30516c06cf494fc01-1","sellTxId":"94643c8719c676e2fac73c147dbc1785359e7fc7"}
{"index": {"_index":"sim","_id":"1453408"}}
	{"id":1453408,"type":"buy","buyer":"amanda.yrr","seller":"nftmart.fees","symbol":"SIM","quantity":"210.000","price":"0.00141997","timestamp":1630397532,"volume":"0.29819370","buyTxId":"3c83637d8b7ef21c40e35fdbaf2d5419d9cff02d","sellTxId":"b8e904731357ab62722b567563a11440df5515ba-0"}
{"index": {"_index":"sim","_id":"1453409"}}
	{"id":1453409,"type":"sell","buyer":"amanda.yrr","seller":"konvik","symbol":"SIM","quantity":"9780.307","price":"0.00141997","timestamp":1630397535,"volume":"13.88774253","buyTxId":"3c83637d8b7ef21c40e35fdbaf2d5419d9cff02d","sellTxId":"7befab7140a1073c072d125a6e3b1e88acad3c87-1"}
{"index": {"_index":"sim","_id":"1453427"}}
	{"id":1453427,"type":"sell","buyer":"amanda.yrr","seller":"kobusu","symbol":"SIM","quantity":"9.693","price":"0.00141997","timestamp":1630397796,"volume":"0.01376377","buyTxId":"3c83637d8b7ef21c40e35fdbaf2d5419d9cff02d","sellTxId":"4d9168098904b6af6f45db3a9b928fc49801f210"}
{"index": {"_index":"sim","_id":"1453533"}}
	{"id":1453533,"type":"sell","buyer":"pi-trader","seller":"chesatochi","symbol":"SIM","quantity":"154.132","price":"0.00135002","timestamp":1630399350,"volume":"0.20808128","buyTxId":"fab9df181597359147e4cb5b24c6461e512b3281","sellTxId":"daa899cd930c1463d95cabe351471516275f7f95"}
{"index": {"_index":"sim","_id":"1453563"}}
	{"id":1453563,"type":"sell","buyer":"pi-trader","seller":"hive-143869","symbol":"SIM","quantity":"1.020","price":"0.00135002","timestamp":1630399716,"volume":"0.00137702","buyTxId":"08829964d165f03c28b1cbfb46bc3a3840785c54-1","sellTxId":"b000064de32365533c8d3fd7b0505d091d89cd7d"}
{"index": {"_index":"sim","_id":"1453607"}}
	{"id":1453607,"type":"sell","buyer":"pi-trader","seller":"lightcaptured","symbol":"SIM","quantity":"904.823","price":"0.00135002","timestamp":1630400115,"volume":"1.22152915","buyTxId":"c91dfc54e5dfd57c6af3e64b61e40e793cdd89c1-1","sellTxId":"008f1ec3c39dd1ceab79c241e36f68183a782c53"}
{"index": {"_index":"sim","_id":"1453628"}}
	{"id":1453628,"type":"buy","buyer":"amanda.yrr","seller":"nftmart.fees","symbol":"SIM","quantity":"189.000","price":"0.00140997","timestamp":1630400427,"volume":"0.26648433","buyTxId":"e72d449126b5a84e781518fc38781a7d96abb7f6","sellTxId":"6adb8c6f577e97297f87f2a80b9707cf0cdf61d4-0"}
{"index": {"_index":"sim","_id":"1453704"}}
	{"id":1453704,"type":"sell","buyer":"amanda.yrr","seller":"vcelier","symbol":"SIM","quantity":"611.000","price":"0.00140997","timestamp":1630402347,"volume":"0.86149167","buyTxId":"e72d449126b5a84e781518fc38781a7d96abb7f6","sellTxId":"2569cef24a1d0c14006a0de84052eec0f8d3018d"}
{"index": {"_index":"sim","_id":"1453705"}}
	{"id":1453705,"type":"sell","buyer":"pi-trader","seller":"vcelier","symbol":"SIM","quantity":"2000.000","price":"0.00135002","timestamp":1630402398,"volume":"2.70004000","buyTxId":"5b68e237d2f3eb96f6b168396f05062f4cac8704","sellTxId":"1f978f1e40a13ff158710f649ce28d8fa9a3ab49"}
{"index": {"_index":"sim","_id":"1453714"}}
	{"id":1453714,"type":"sell","buyer":"pi-trader","seller":"anosys","symbol":"SIM","quantity":"90.760","price":"0.00135002","timestamp":1630402554,"volume":"0.12252782","buyTxId":"0ce7e2e354821a6d4ce5f35c02bd77d4e1f2c317-1","sellTxId":"68623a8d7c537dad3df2924213b5bf0439ba9c2c"}
{"index": {"_index":"sim","_id":"1453941"}}
	{"id":1453941,"type":"sell","buyer":"pi-trader","seller":"fiberfrau","symbol":"SIM","quantity":"80.000","price":"0.00135002","timestamp":1630405806,"volume":"0.10800160","buyTxId":"eb8986aeff232e84d2b664435c6d600729c83865-1","sellTxId":"739c2dfb0b113c331130ec899d283785d7e6eb81"}
{"index": {"_index":"sim","_id":"1454003"}}
	{"id":1454003,"type":"sell","buyer":"pi-trader","seller":"mightyrocklee","symbol":"SIM","quantity":"7728.070","price":"0.00135002","timestamp":1630407714,"volume":"10.43304906","buyTxId":"d5d84b637cec20c8671ca85f6357c6ae890a430d-1","sellTxId":"9a21482b8880edb7a1c592d0c2305c828f127b3a"}
{"index": {"_index":"sim","_id":"1454165"}}
	{"id":1454165,"type":"sell","buyer":"pi-trader","seller":"tonytrillions","symbol":"SIM","quantity":"0.002","price":"0.00135002","timestamp":1630410579,"volume":"0.00000270","buyTxId":"96b0066126ea229cbc84e501549bf03f6241465f-1","sellTxId":"7732204342db1d271f61be2ea5e30a01c18382ae"}
{"index": {"_index":"sim","_id":"1454182"}}
	{"id":1454182,"type":"sell","buyer":"pi-trader","seller":"jacques0829","symbol":"SIM","quantity":"13680.500","price":"0.00135002","timestamp":1630410798,"volume":"18.46894861","buyTxId":"f2258c4e3151d2926e7083edd62bedc0d0a85bf0-1","sellTxId":"635195c77bf2f46f18d5b961469dc9116c3ba9a0"}
{"index": {"_index":"sim","_id":"1454209"}}
	{"id":1454209,"type":"sell","buyer":"pi-trader","seller":"ardrow","symbol":"SIM","quantity":"20000.000","price":"0.00135002","timestamp":1630411098,"volume":"27.00040000","buyTxId":"811789c6c85ebd2163ca7881ab5ea12c8ac68b94-1","sellTxId":"0666832f94649ab1129aebba1b1780d6ea708d56"}
{"index": {"_index":"sim","_id":"1454210"}}
	{"id":1454210,"type":"sell","buyer":"solovey6o2","seller":"ardrow","symbol":"SIM","quantity":"53074.982","price":"0.00135001","timestamp":1630411098,"volume":"71.65175645","buyTxId":"7d212865c817134d958ce44d009907e336e582b9","sellTxId":"0666832f94649ab1129aebba1b1780d6ea708d56"}
{"index": {"_index":"sim","_id":"1454244"}}
	{"id":1454244,"type":"sell","buyer":"pi-trader","seller":"brofi-market","symbol":"SIM","quantity":"0.002","price":"0.00135002","timestamp":1630411752,"volume":"0.00000270","buyTxId":"864e8aafd6599056ab2b3a428998b13d578e3ff8","sellTxId":"41fe2d965536abf7c63c18733cb5cb3d655712e5"}
{"index": {"_index":"sim","_id":"1454254"}}
	{"id":1454254,"type":"sell","buyer":"pi-trader","seller":"thisismylife","symbol":"SIM","quantity":"136.041","price":"0.00135002","timestamp":1630411974,"volume":"0.18365807","buyTxId":"00e4b2225471d6ade587b4252b49b63453d75e6e-1","sellTxId":"a0a3b56b8bf0d9070c0a0ef46a18f79853a90891"}
{"index": {"_index":"sim","_id":"1454258"}}
	{"id":1454258,"type":"sell","buyer":"pi-trader","seller":"velourex","symbol":"SIM","quantity":"20000.000","price":"0.00135002","timestamp":1630412037,"volume":"27.00040000","buyTxId":"2e96dcf455fdfc44fee9a33e564290e33d34cdd0-1","sellTxId":"dfe388dbcad940bc046e0ea02d7b591b3fa859b6"}
{"index": {"_index":"sim","_id":"1454259"}}
	{"id":1454259,"type":"sell","buyer":"solovey6o2","seller":"velourex","symbol":"SIM","quantity":"19005.320","price":"0.00135001","timestamp":1630412037,"volume":"25.65737205","buyTxId":"7d212865c817134d958ce44d009907e336e582b9","sellTxId":"dfe388dbcad940bc046e0ea02d7b591b3fa859b6"}
{"index": {"_index":"sim","_id":"1454311"}}
	{"id":1454311,"type":"buy","buyer":"konvik","seller":"somethingfunny","symbol":"SIM","quantity":"10000.000","price":"0.00137000","timestamp":1630412892,"volume":"13.70000000","buyTxId":"25b547f0975554a246c1bdea4ac8cfa9a36841cf-0","sellTxId":"161f9c41ebd0b60dbdda671e5484ef525f380e91"}
{"index": {"_index":"sim","_id":"1454402"}}
	{"id":1454402,"type":"sell","buyer":"pi-trader","seller":"casilokodesing","symbol":"SIM","quantity":"1243.000","price":"0.00135002","timestamp":1630414023,"volume":"1.67807486","buyTxId":"8caa1810d779fd880c1c5a928aa548b9b5cf67ae","sellTxId":"977304ec2eb0ce3bfd3245717ac1ccf6c4d36c75"}
{"index": {"_index":"sim","_id":"1454491"}}
	{"id":1454491,"type":"sell","buyer":"pi-trader","seller":"leonardoalmaguer","symbol":"SIM","quantity":"455.530","price":"0.00135002","timestamp":1630415403,"volume":"0.61497461","buyTxId":"d1bad30df3f4daec75829772ee57835248e1e782-1","sellTxId":"17fbf845e1499a35cd92b783be2747ae377435aa"}
{"index": {"_index":"sim","_id":"1454511"}}
	{"id":1454511,"type":"buy","buyer":"konvik","seller":"stefanoluic","symbol":"SIM","quantity":"75374.360","price":"0.00136990","timestamp":1630415793,"volume":"103.25533576","buyTxId":"79299a5add2614e09ab1809e7f10be1010f6ad1a-0","sellTxId":"448819da01fd62f6a8ef30ceeb14bcd4ef872b29"}
{"index": {"_index":"sim","_id":"1454559"}}
	{"id":1454559,"type":"sell","buyer":"pi-trader","seller":"fredfettmeister","symbol":"SIM","quantity":"1825.000","price":"0.00135002","timestamp":1630416375,"volume":"2.46378650","buyTxId":"c08ffbe88ba8ea020d99943baf1ade8c9d28d964-1","sellTxId":"3283463d26ed69258ac53620e7a09b8e9ee29730"}
{"index": {"_index":"sim","_id":"1454675"}}
	{"id":1454675,"type":"buy","buyer":"dangfonee","seller":"rakshi","symbol":"SIM","quantity":"500.000","price":"0.00137000","timestamp":1630417554,"volume":"0.68500000","buyTxId":"fdf820dbe6459b82558abeac3f92871791ae0545","sellTxId":"3cd6c1e631587bd9154d9cff859bb015d6a2e9c0"}
{"index": {"_index":"sim","_id":"1454676"}}
	{"id":1454676,"type":"buy","buyer":"dangfonee","seller":"rakshi","symbol":"SIM","quantity":"300.000","price":"0.00138000","timestamp":1630417554,"volume":"0.41400000","buyTxId":"fdf820dbe6459b82558abeac3f92871791ae0545","sellTxId":"f5dc68ea570cc6460fb526d2d45945691673f5fb"}
{"index": {"_index":"sim","_id":"1454684"}}
	{"id":1454684,"type":"buy","buyer":"dangfonee","seller":"nftmart.fees","symbol":"SIM","quantity":"174.000","price":"0.00140889","timestamp":1630417851,"volume":"0.24514686","buyTxId":"5a0194d9c6c1be28acd01985d5d9091a8d468982","sellTxId":"59b90fc48004e62122ece407cae44ffad2d9044f-0"}
{"index": {"_index":"sim","_id":"1454700"}}
	{"id":1454700,"type":"sell","buyer":"pi-trader","seller":"bosmob","symbol":"SIM","quantity":"8117.002","price":"0.00135002","timestamp":1630418322,"volume":"10.95811504","buyTxId":"2c0040b7740005a3235e75d06e74abd96ec093ee","sellTxId":"6b66c5960c539e165c9f5215c1be4843d58a55d5"}
{"index": {"_index":"sim","_id":"1454711"}}
	{"id":1454711,"type":"buy","buyer":"dangfonee","seller":"brofi-market","symbol":"SIM","quantity":"0.002","price":"0.00140894","timestamp":1630418394,"volume":"0.00000282","buyTxId":"8f9c5bf8eedfe9676f05b6af39ecbcb87b381371","sellTxId":"737ba6fd7162cdd6fb75e4f8e8a492b8854dbc73"}
{"index": {"_index":"sim","_id":"1454712"}}
	{"id":1454712,"type":"sell","buyer":"dangfonee","seller":"nftmart.fees","symbol":"SIM","quantity":"174.000","price":"0.00140894","timestamp":1630418403,"volume":"0.24515556","buyTxId":"8f9c5bf8eedfe9676f05b6af39ecbcb87b381371","sellTxId":"7f9bf22f1bc423f64551683f3984dbb47da32897-0"}
{"index": {"_index":"sim","_id":"1454898"}}
	{"id":1454898,"type":"sell","buyer":"dangfonee","seller":"heruvim1978","symbol":"SIM","quantity":"345.998","price":"0.00140894","timestamp":1630418862,"volume":"0.48749042","buyTxId":"8f9c5bf8eedfe9676f05b6af39ecbcb87b381371","sellTxId":"aaa695d1d43174925f9aa4f843e1a22665497da7"}
{"index": {"_index":"sim","_id":"1454899"}}
	{"id":1454899,"type":"sell","buyer":"solovey6o2","seller":"heruvim1978","symbol":"SIM","quantity":"12387.827","price":"0.00135001","timestamp":1630418862,"volume":"16.72369033","buyTxId":"7d212865c817134d958ce44d009907e336e582b9","sellTxId":"aaa695d1d43174925f9aa4f843e1a22665497da7"}
{"index": {"_index":"sim","_id":"1454996"}}
	{"id":1454996,"type":"sell","buyer":"pi-trader","seller":"barrenwolfsbane","symbol":"SIM","quantity":"11.419","price":"0.00135002","timestamp":1630420203,"volume":"0.01541588","buyTxId":"226cec87d22cb5212b1eb40419f99d75c9b63a20","sellTxId":"96b8ca5355a34479642ee057e98fd4ea1f9dc605"}
{"index": {"_index":"sim","_id":"1455034"}}
	{"id":1455034,"type":"sell","buyer":"pi-trader","seller":"tonytrillions","symbol":"SIM","quantity":"0.036","price":"0.00135002","timestamp":1630421175,"volume":"0.00004860","buyTxId":"705b2b7a89abe5874967b9f9b7e40bbeaea8a87e-1","sellTxId":"ecf662e05ca2b10329a36d3845470bcf5fca05f1"}
{"index": {"_index":"sim","_id":"1455088"}}
	{"id":1455088,"type":"sell","buyer":"pi-trader","seller":"bitcoinflood","symbol":"SIM","quantity":"85.560","price":"0.00135002","timestamp":1630421946,"volume":"0.11550771","buyTxId":"2910f2064637d8dee487faa74a83ffbb5abbefd9-1","sellTxId":"6450af423980dcd1cd65188c64a170eba6479207"}
{"index": {"_index":"sim","_id":"1455197"}}
	{"id":1455197,"type":"buy","buyer":"onealfa","seller":"nftmart.fees","symbol":"SIM","quantity":"139.000","price":"0.00140896","timestamp":1630423872,"volume":"0.19584544","buyTxId":"3258833ee180e1c66534886345cb16e3f0a5e37a","sellTxId":"f86240ddcd0620f350a1d353b13843d4a87ca0ff-0"}
{"index": {"_index":"sim","_id":"1455198"}}
	{"id":1455198,"type":"buy","buyer":"onealfa","seller":"medaymane","symbol":"SIM","quantity":"600.400","price":"0.00140900","timestamp":1630423872,"volume":"0.84596360","buyTxId":"3258833ee180e1c66534886345cb16e3f0a5e37a","sellTxId":"85dbd420d26dc07c3e01d112576d2c4c6bad025f"}
{"index": {"_index":"sim","_id":"1455199"}}
	{"id":1455199,"type":"buy","buyer":"onealfa","seller":"kobusu","symbol":"SIM","quantity":"19990.307","price":"0.00141000","timestamp":1630423872,"volume":"28.18633287","buyTxId":"3258833ee180e1c66534886345cb16e3f0a5e37a","sellTxId":"4d9168098904b6af6f45db3a9b928fc49801f210"}
{"index": {"_index":"sim","_id":"1455200"}}
	{"id":1455200,"type":"buy","buyer":"onealfa","seller":"solovey6o2","symbol":"SIM","quantity":"2656.256","price":"0.00141999","timestamp":1630423872,"volume":"3.77185809","buyTxId":"3258833ee180e1c66534886345cb16e3f0a5e37a","sellTxId":"71cb7f1fa459b6b2b82f5d4cdd59dc174d254b10"}
{"index": {"_index":"sim","_id":"1455239"}}
	{"id":1455239,"type":"sell","buyer":"neozer0","seller":"themightyvolcano","symbol":"SIM","quantity":"800.000","price":"0.00136000","timestamp":1630424166,"volume":"1.08800000","buyTxId":"1bdde261240c7591ed944f94981727c06dcda51e","sellTxId":"ff1bb5cb8a1c6a7ac4e527047d1c3edbfcca66b6"}
{"index": {"_index":"sim","_id":"1455240"}}
	{"id":1455240,"type":"sell","buyer":"solovey6o2","seller":"themightyvolcano","symbol":"SIM","quantity":"49519.000","price":"0.00135001","timestamp":1630424166,"volume":"66.85114519","buyTxId":"7d212865c817134d958ce44d009907e336e582b9","sellTxId":"ff1bb5cb8a1c6a7ac4e527047d1c3edbfcca66b6"}
{"index": {"_index":"sim","_id":"1455278"}}
	{"id":1455278,"type":"buy","buyer":"onealfa","seller":"nftmart.fees","symbol":"SIM","quantity":"140.000","price":"0.00141998","timestamp":1630424949,"volume":"0.19879720","buyTxId":"b1773ba4c255a39baaa1409413481973feba4db9","sellTxId":"c90fb9e15a061a8b1db96e625354c5330f32362a-0"}
{"index": {"_index":"sim","_id":"1455279"}}
	{"id":1455279,"type":"buy","buyer":"onealfa","seller":"solovey6o2","symbol":"SIM","quantity":"20986.910","price":"0.00141999","timestamp":1630424949,"volume":"29.80120280","buyTxId":"b1773ba4c255a39baaa1409413481973feba4db9","sellTxId":"71cb7f1fa459b6b2b82f5d4cdd59dc174d254b10"}
{"index": {"_index":"sim","_id":"1455304"}}
	{"id":1455304,"type":"sell","buyer":"pi-trader","seller":"jacques0829","symbol":"SIM","quantity":"11139.700","price":"0.00135002","timestamp":1630425309,"volume":"15.03881779","buyTxId":"06a24b024f516ec8533318e0233741558e2b5a41","sellTxId":"030daed2b92cdfdac34c11092fa54f302f3a37b5"}
{"index": {"_index":"sim","_id":"1455361"}}
	{"id":1455361,"type":"buy","buyer":"onealfa","seller":"nftmart.fees","symbol":"SIM","quantity":"121.000","price":"0.00141998","timestamp":1630425846,"volume":"0.17181758","buyTxId":"fc2a77573ddb762b3b65f3652f87cd1e34813bb2","sellTxId":"687ad34b10f4b6070efc0e993eab4686608286ba-0"}
{"index": {"_index":"sim","_id":"1455362"}}
	{"id":1455362,"type":"buy","buyer":"onealfa","seller":"solovey6o2","symbol":"SIM","quantity":"6675.806","price":"0.00141999","timestamp":1630425846,"volume":"9.47957776","buyTxId":"fc2a77573ddb762b3b65f3652f87cd1e34813bb2","sellTxId":"71cb7f1fa459b6b2b82f5d4cdd59dc174d254b10"}
{"index": {"_index":"sim","_id":"1455363"}}
	{"id":1455363,"type":"buy","buyer":"onealfa","seller":"solovey6o2","symbol":"SIM","quantity":"16442.795","price":"0.00141999","timestamp":1630425846,"volume":"23.34860466","buyTxId":"fc2a77573ddb762b3b65f3652f87cd1e34813bb2","sellTxId":"220524b0701806e1996e1248ec307294f17f9630"}
{"index": {"_index":"sim","_id":"1455379"}}
	{"id":1455379,"type":"buy","buyer":"dangfonee","seller":"solovey6o2","symbol":"SIM","quantity":"2000.000","price":"0.00141999","timestamp":1630426077,"volume":"2.83998000","buyTxId":"d12de134cea06c4a7204d99a68b5452697a25707","sellTxId":"220524b0701806e1996e1248ec307294f17f9630"}
{"index": {"_index":"sim","_id":"1455431"}}
	{"id":1455431,"type":"buy","buyer":"onealfa","seller":"nftmart.fees","symbol":"SIM","quantity":"106.000","price":"0.00141998","timestamp":1630427232,"volume":"0.15051788","buyTxId":"4bc4d0795a85875fd9cbe678ac78ae9bb700c0cc","sellTxId":"8db69543448d64e98f69df4f8a01eb184b3d70cb-0"}
{"index": {"_index":"sim","_id":"1455432"}}
	{"id":1455432,"type":"buy","buyer":"onealfa","seller":"solovey6o2","symbol":"SIM","quantity":"15937.002","price":"0.00141999","timestamp":1630427232,"volume":"22.63038378","buyTxId":"4bc4d0795a85875fd9cbe678ac78ae9bb700c0cc","sellTxId":"220524b0701806e1996e1248ec307294f17f9630"}
{"index": {"_index":"sim","_id":"1455479"}}
	{"id":1455479,"type":"sell","buyer":"neozer0","seller":"votebetting","symbol":"SIM","quantity":"52.626","price":"0.00136000","timestamp":1630427871,"volume":"0.07157136","buyTxId":"5eeeb00ce47b6248184e66e355d2ca0ed40ec105","sellTxId":"9fb525677da230b56e05c4b0af65ca1fe776e976"}
{"index": {"_index":"sim","_id":"1455485"}}
	{"id":1455485,"type":"buy","buyer":"summertooth","seller":"solovey6o2","symbol":"SIM","quantity":"15476.203","price":"0.00141999","timestamp":1630427934,"volume":"21.97605350","buyTxId":"7c7b2e49a7cf04fca1c2d413eed9ff07600bab68","sellTxId":"220524b0701806e1996e1248ec307294f17f9630"}
{"index": {"_index":"sim","_id":"1455486"}}
	{"id":1455486,"type":"buy","buyer":"summertooth","seller":"solovey6o2","symbol":"SIM","quantity":"11542.942","price":"0.00141999","timestamp":1630427934,"volume":"16.39086221","buyTxId":"7c7b2e49a7cf04fca1c2d413eed9ff07600bab68","sellTxId":"abcd50d3553573102d4d428dbf2eaa6d1899cc3a"}
{"index": {"_index":"sim","_id":"1455487"}}
	{"id":1455487,"type":"buy","buyer":"summertooth","seller":"solovey6o2","symbol":"SIM","quantity":"6747.001","price":"0.00141999","timestamp":1630427934,"volume":"9.58067395","buyTxId":"7c7b2e49a7cf04fca1c2d413eed9ff07600bab68","sellTxId":"c28588a7c9fbaea4082d690b132d26d6ea310bc7"}
{"index": {"_index":"sim","_id":"1455488"}}
	{"id":1455488,"type":"buy","buyer":"summertooth","seller":"solovey6o2","symbol":"SIM","quantity":"26233.854","price":"0.00141999","timestamp":1630427934,"volume":"37.25181034","buyTxId":"7c7b2e49a7cf04fca1c2d413eed9ff07600bab68","sellTxId":"fe8b759633b00d784ecb15255882704aacaf9acb"}
{"index": {"_index":"sim","_id":"1455505"}}
	{"id":1455505,"type":"sell","buyer":"neozer0","seller":"curatorcat","symbol":"SIM","quantity":"102.536","price":"0.00136000","timestamp":1630428288,"volume":"0.13944896","buyTxId":"5eeeb00ce47b6248184e66e355d2ca0ed40ec105","sellTxId":"8e8e0f52c4946d0b84e524dfa40e53c8ca2232e6"}
{"index": {"_index":"sim","_id":"1455557"}}
	{"id":1455557,"type":"buy","buyer":"wizzitywillican","seller":"rubymooney","symbol":"SIM","quantity":"64.000","price":"0.00139990","timestamp":1630428981,"volume":"0.08959360","buyTxId":"e4290a4f0581d76fa1e94b0378ead31dde2734f3","sellTxId":"f6098847bc12864205612cca3c45a475c184d1da"}
{"index": {"_index":"sim","_id":"1455564"}}
	{"id":1455564,"type":"buy","buyer":"neozer0","seller":"rubymooney","symbol":"SIM","quantity":"6423.000","price":"0.00139990","timestamp":1630429029,"volume":"8.99155770","buyTxId":"57ca2711fecbaf9bca8e14f9f4b368a6054648f6","sellTxId":"f6098847bc12864205612cca3c45a475c184d1da"}
{"index": {"_index":"sim","_id":"1455600"}}
	{"id":1455600,"type":"sell","buyer":"pi-trader","seller":"chireerocks","symbol":"SIM","quantity":"254.253","price":"0.00135002","timestamp":1630429236,"volume":"0.34324664","buyTxId":"b062d8d7436780da1041f42f7942089f5fd539a9","sellTxId":"4bc77f815ac82b189a757cb2c782dbc09dfc0380"}
{"index": {"_index":"sim","_id":"1455871"}}
	{"id":1455871,"type":"sell","buyer":"pi-trader","seller":"kaeptn-iglo","symbol":"SIM","quantity":"5499.550","price":"0.00135002","timestamp":1630431741,"volume":"7.42450249","buyTxId":"0cef7b9cdef3c9ab9851ae00e9a9c788bb4038e4-1","sellTxId":"c97718c3c4ee00ea3e32d642f0402462d7733b92"}
{"index": {"_index":"sim","_id":"1455899"}}
	{"id":1455899,"type":"buy","buyer":"sicarius","seller":"nftmart.fees","symbol":"SIM","quantity":"81.000","price":"0.00139987","timestamp":1630432089,"volume":"0.11338947","buyTxId":"4b637dfe7e66fec0523efe08f07a61bf9a60abd1","sellTxId":"5df2e82707f887cb0e3d431a5cc0b8d57cb47c04-0"}
{"index": {"_index":"sim","_id":"1455900"}}
	{"id":1455900,"type":"buy","buyer":"sicarius","seller":"rubymooney","symbol":"SIM","quantity":"17263.000","price":"0.00139990","timestamp":1630432089,"volume":"24.16647370","buyTxId":"4b637dfe7e66fec0523efe08f07a61bf9a60abd1","sellTxId":"f6098847bc12864205612cca3c45a475c184d1da"}
{"index": {"_index":"sim","_id":"1455901"}}
	{"id":1455901,"type":"sell","buyer":"sicarius","seller":"konvik","symbol":"SIM","quantity":"7648.420","price":"0.00140000","timestamp":1630432092,"volume":"10.70778800","buyTxId":"4b637dfe7e66fec0523efe08f07a61bf9a60abd1","sellTxId":"3e269ad0fb3a02188499a2e41467366cd5cc7cae-1"}
{"index": {"_index":"sim","_id":"1455908"}}
	{"id":1455908,"type":"sell","buyer":"sicarius","seller":"bitcoinflood","symbol":"SIM","quantity":"7.580","price":"0.00140000","timestamp":1630432173,"volume":"0.01061200","buyTxId":"4b637dfe7e66fec0523efe08f07a61bf9a60abd1","sellTxId":"19c3f3475c53e1a0dc904d1233fd773a2c0e38e3"}
{"index": {"_index":"sim","_id":"1456063"}}
	{"id":1456063,"type":"sell","buyer":"enginemaker","seller":"dera123","symbol":"SIM","quantity":"18382.353","price":"0.00136000","timestamp":1630433661,"volume":"25.00000008","buyTxId":"MM-P-10036943-57020675-3-2-0","sellTxId":"aac8cd492ae4901ff596c504c9c4252ec46be53d"}
{"index": {"_index":"sim","_id":"1456064"}}
	{"id":1456064,"type":"buy","buyer":"konvik","seller":"dera123","symbol":"SIM","quantity":"3474.892","price":"0.00136000","timestamp":1630433664,"volume":"4.72585312","buyTxId":"ac92b034be0f2f50267f2d2b48fdb53eaee25d0a-0","sellTxId":"aac8cd492ae4901ff596c504c9c4252ec46be53d"}
{"index": {"_index":"sim","_id":"1456068"}}
	{"id":1456068,"type":"buy","buyer":"enginemaker","seller":"monsterjamgold","symbol":"SIM","quantity":"1971.000","price":"0.00136000","timestamp":1630433700,"volume":"2.68056000","buyTxId":"MM-P-10037143-57020875-3-2-0","sellTxId":"0120dd50e8b22b122ce0fd01eaba346b107ff708"}
{"index": {"_index":"sim","_id":"1456086"}}
	{"id":1456086,"type":"sell","buyer":"enginemaker","seller":"captaincryptic","symbol":"SIM","quantity":"1759.016","price":"0.00136000","timestamp":1630433835,"volume":"2.39226176","buyTxId":"MM-P-10037143-57020875-3-2-0","sellTxId":"394fa33b80c48e4e3e9b8585020cfcb7bf38aa75"}
{"index": {"_index":"sim","_id":"1456105"}}
	{"id":1456105,"type":"sell","buyer":"enginemaker","seller":"epilatero","symbol":"SIM","quantity":"1023","price":"0.00136000","timestamp":1630434192,"volume":"1.39128000","buyTxId":"MM-P-10037143-57020875-3-2-0","sellTxId":"c608cd2d20e02cfd64d6ef559b3be160d230c030"}
{"index": {"_index":"sim","_id":"1456106"}}
	{"id":1456106,"type":"sell","buyer":"enginemaker","seller":"bearbear613","symbol":"SIM","quantity":"3094.003","price":"0.00136000","timestamp":1630434195,"volume":"4.20784408","buyTxId":"MM-P-10037143-57020875-3-2-0","sellTxId":"ccc2440fd22912ab1d09c382471678ff33d9ae3a"}
{"index": {"_index":"sim","_id":"1456128"}}
	{"id":1456128,"type":"sell","buyer":"enginemaker","seller":"automaton","symbol":"SIM","quantity":"3000.000","price":"0.00136000","timestamp":1630434474,"volume":"4.08000000","buyTxId":"MM-P-10037143-57020875-3-2-0","sellTxId":"7c1775cd0c0057af1225bcb5019d21153fabdf02"}
{"index": {"_index":"sim","_id":"1456158"}}
	{"id":1456158,"type":"sell","buyer":"enginemaker","seller":"jrcornel","symbol":"SIM","quantity":"7535.334","price":"0.00136000","timestamp":1630434738,"volume":"10.24805424","buyTxId":"MM-P-10037143-57020875-3-2-0","sellTxId":"d664c37695c02ca50f762b4e794aea074f8bb27e"}
{"index": {"_index":"sim","_id":"1456159"}}
	{"id":1456159,"type":"sell","buyer":"solovey6o2","seller":"jrcornel","symbol":"SIM","quantity":"72040.666","price":"0.00135001","timestamp":1630434738,"volume":"97.25561951","buyTxId":"7d212865c817134d958ce44d009907e336e582b9","sellTxId":"d664c37695c02ca50f762b4e794aea074f8bb27e"}
{"index": {"_index":"sim","_id":"1456191"}}
	{"id":1456191,"type":"buy","buyer":"ahmetay","seller":"trumpman","symbol":"SIM","quantity":"1021.058","price":"0.00136000","timestamp":1630435062,"volume":"1.38863888","buyTxId":"d70c09802d50f640ec303ce0b60cccae83afec80","sellTxId":"cea3d035a30ede38054f150c505f51438d051d84"}
{"index": {"_index":"sim","_id":"1456220"}}
	{"id":1456220,"type":"buy","buyer":"worldfinances","seller":"nftmart.fees","symbol":"SIM","quantity":"72.000","price":"0.00138999","timestamp":1630435458,"volume":"0.10007928","buyTxId":"359bf881b25a2fa550139fdc3369baf50c3a9d92","sellTxId":"cc8201359f1f1f38f522ff9619485a6b88a94b1d-0"}
{"index": {"_index":"sim","_id":"1456222"}}
	{"id":1456222,"type":"buy","buyer":"worldfinances","seller":"taitux","symbol":"SIM","quantity":"4000.000","price":"0.00139000","timestamp":1630435497,"volume":"5.56000000","buyTxId":"3b14b2abd119fe055aff8a5bb8faf3d927c99016","sellTxId":"07c67316eacf5f8737660d6bf2c640086f614ed6"}
{"index": {"_index":"sim","_id":"1456228"}}
	{"id":1456228,"type":"sell","buyer":"enginemaker","seller":"dhedge-drips","symbol":"SIM","quantity":"0.005","price":"0.00136000","timestamp":1630435521,"volume":"0.00000680","buyTxId":"MM-P-10037643-57021375-3-2-0","sellTxId":"23ca02b0d0c91bc69e5188ccb5c38bf9943f2643"}
{"index": {"_index":"sim","_id":"1456254"}}
	{"id":1456254,"type":"sell","buyer":"enginemaker","seller":"willsaldeno","symbol":"SIM","quantity":"4317.000","price":"0.00136000","timestamp":1630435839,"volume":"5.87112000","buyTxId":"MM-P-10037643-57021375-3-2-0","sellTxId":"1e87c0448d6460a42a3a69b8728fbbbf8310a45a"}
{"index": {"_index":"sim","_id":"1456263"}}
	{"id":1456263,"type":"sell","buyer":"enginemaker","seller":"alive.chat","symbol":"SIM","quantity":"3.275","price":"0.00136000","timestamp":1630436010,"volume":"0.00445400","buyTxId":"MM-P-10037643-57021375-3-2-0","sellTxId":"fbec04820bd41469e9050008f9b6ee68300a40b9"}
{"index": {"_index":"sim","_id":"1456294"}}
	{"id":1456294,"type":"sell","buyer":"enginemaker","seller":"themightyvolcano","symbol":"SIM","quantity":"14062.073","price":"0.00136000","timestamp":1630436415,"volume":"19.12441928","buyTxId":"MM-P-10037643-57021375-3-2-0","sellTxId":"7208f0f05e1a82a424a9d2964d3fa8c100fdd6f2"}
{"index": {"_index":"sim","_id":"1456295"}}
	{"id":1456295,"type":"sell","buyer":"solovey6o2","seller":"themightyvolcano","symbol":"SIM","quantity":"51212.927","price":"0.00135001","timestamp":1630436415,"volume":"69.13796358","buyTxId":"7d212865c817134d958ce44d009907e336e582b9","sellTxId":"7208f0f05e1a82a424a9d2964d3fa8c100fdd6f2"}
{"index": {"_index":"sim","_id":"1456302"}}
	{"id":1456302,"type":"sell","buyer":"pi-trader","seller":"bitcoinflood","symbol":"SIM","quantity":"3526.000","price":"0.00135002","timestamp":1630436484,"volume":"4.76017052","buyTxId":"f9d94bc48908c376872f5771022c0874b9e5cf44","sellTxId":"975ae771d06579046e1f6d7b4d192de553ca0a30"}
{"index": {"_index":"sim","_id":"1456320"}}
	{"id":1456320,"type":"sell","buyer":"pi-trader","seller":"rynow","symbol":"SIM","quantity":"2574.529","price":"0.00135002","timestamp":1630436709,"volume":"3.47566564","buyTxId":"6d48731415c5b8dcacd99effd6c7fa0b990c4725-1","sellTxId":"958f013efa754785ead1bda2c58b8c39ddf83686"}
{"index": {"_index":"sim","_id":"1456321"}}
	{"id":1456321,"type":"sell","buyer":"pi-trader","seller":"ericburgoyne","symbol":"SIM","quantity":"78.112","price":"0.00135002","timestamp":1630436712,"volume":"0.10545276","buyTxId":"6d48731415c5b8dcacd99effd6c7fa0b990c4725-1","sellTxId":"6aa5e9d6c18b990cba1b208849ea110878db864e"}
{"index": {"_index":"sim","_id":"1456326"}}
	{"id":1456326,"type":"buy","buyer":"petlore","seller":"nftmart.fees","symbol":"SIM","quantity":"72.000","price":"0.00138999","timestamp":1630436757,"volume":"0.10007928","buyTxId":"a6d91a8bf32a90152586c0c35d3c32223707c1fc","sellTxId":"0e0206341a40a378bb6f09f1bb0ae55353695e84-0"}
{"index": {"_index":"sim","_id":"1456413"}}
	{"id":1456413,"type":"buy","buyer":"petlore","seller":"taitux","symbol":"SIM","quantity":"5248.000","price":"0.00139000","timestamp":1630437597,"volume":"7.29472000","buyTxId":"f7e0b85ccce38f1e11ccd6174f55c86679fc494e","sellTxId":"07c67316eacf5f8737660d6bf2c640086f614ed6"}
{"index": {"_index":"sim","_id":"1456414"}}
	{"id":1456414,"type":"buy","buyer":"petlore","seller":"dhedge-drips","symbol":"SIM","quantity":"0.005","price":"0.00139000","timestamp":1630437597,"volume":"0.00000695","buyTxId":"f7e0b85ccce38f1e11ccd6174f55c86679fc494e","sellTxId":"4dcb2877c7b10f2398ae0c3e71205c3dd6a11df5"}
{"index": {"_index":"sim","_id":"1456415"}}
	{"id":1456415,"type":"buy","buyer":"petlore","seller":"kaeptn-iglo","symbol":"SIM","quantity":"1152.698","price":"0.00139000","timestamp":1630437597,"volume":"1.60225022","buyTxId":"f7e0b85ccce38f1e11ccd6174f55c86679fc494e","sellTxId":"3d35c987c88a2ea0e6884010318a81ae55aef919"}
{"index": {"_index":"sim","_id":"1456489"}}
	{"id":1456489,"type":"sell","buyer":"pi-trader","seller":"manoldonchev","symbol":"SIM","quantity":"3758.000","price":"0.00135002","timestamp":1630438722,"volume":"5.07337516","buyTxId":"fcb1e6e959e20e1a5cdd5176af5e88c5aad0e132","sellTxId":"c8066543178cb02022aea0a993d5effa1c853ac2"}
{"index": {"_index":"sim","_id":"1456505"}}
	{"id":1456505,"type":"buy","buyer":"liaminit1","seller":"nftmart.fees","symbol":"SIM","quantity":"54.000","price":"0.00138998","timestamp":1630439061,"volume":"0.07505892","buyTxId":"3f2eff654c090d915e386fae8fbbd54f16b9bb8f","sellTxId":"b046ac0d1e19f4e6eb99630ed4d549520037d811-0"}
{"index": {"_index":"sim","_id":"1456535"}}
	{"id":1456535,"type":"buy","buyer":"liaminit1","seller":"kaeptn-iglo","symbol":"SIM","quantity":"736.753","price":"0.00139000","timestamp":1630439562,"volume":"1.02408667","buyTxId":"a2a57b69f7c66fd6f11765a51e25c1c427037cb6","sellTxId":"3d35c987c88a2ea0e6884010318a81ae55aef919"}
{"index": {"_index":"sim","_id":"1456544"}}
	{"id":1456544,"type":"sell","buyer":"pi-trader","seller":"theoriginal86","symbol":"SIM","quantity":"1540.000","price":"0.00135002","timestamp":1630439703,"volume":"2.07903080","buyTxId":"788f654457b8fea085c4ae0e6ee38dd0b60a3410","sellTxId":"c50e74d27675422e7a475851171c4d3b9f92aa13"}
{"index": {"_index":"sim","_id":"1456560"}}
	{"id":1456560,"type":"sell","buyer":"pi-trader","seller":"fantasycrypto","symbol":"SIM","quantity":"30000.000","price":"0.00135002","timestamp":1630440084,"volume":"40.50060000","buyTxId":"41eb0415995b799650b2f9842d0e99b7973c56e5-1","sellTxId":"744c9141bcd65314fa6d0645cc3b68062c7e8a1b"}
{"index": {"_index":"sim","_id":"1456561"}}
	{"id":1456561,"type":"sell","buyer":"solovey6o2","seller":"fantasycrypto","symbol":"SIM","quantity":"2116.414","price":"0.00135001","timestamp":1630440084,"volume":"2.85718006","buyTxId":"7d212865c817134d958ce44d009907e336e582b9","sellTxId":"744c9141bcd65314fa6d0645cc3b68062c7e8a1b"}
{"index": {"_index":"sim","_id":"1456650"}}
	{"id":1456650,"type":"sell","buyer":"pi-trader","seller":"valor2s","symbol":"SIM","quantity":"60.000","price":"0.00136001","timestamp":1630441146,"volume":"0.08160060","buyTxId":"a7aedce7f5410333a37134eca63cb2a71dcd565d-1","sellTxId":"aa4b1d03623bc6403984bd9a1dcae1c1efee8c10"}
{"index": {"_index":"sim","_id":"1456661"}}
	{"id":1456661,"type":"sell","buyer":"pi-trader","seller":"razam","symbol":"SIM","quantity":"22.000","price":"0.00136002","timestamp":1630441416,"volume":"0.02992044","buyTxId":"40506e41eb45b7ae10ecde646242324e517835bf-1","sellTxId":"020165c502d4fd0722d34019aa9084b5314b5fe8"}
{"index": {"_index":"sim","_id":"1456712"}}
	{"id":1456712,"type":"sell","buyer":"pi-trader","seller":"steem-hodler","symbol":"SIM","quantity":"30000.000","price":"0.00136002","timestamp":1630442292,"volume":"40.80060000","buyTxId":"51e505cccf5509968dc00a4b675beece4910fd51-1","sellTxId":"65d821f95037a76deee1ba10bc1822b18f48c36b"}
{"index": {"_index":"sim","_id":"1456713"}}
	{"id":1456713,"type":"sell","buyer":"solovey6o2","seller":"steem-hodler","symbol":"SIM","quantity":"1000.000","price":"0.00136001","timestamp":1630442292,"volume":"1.36001000","buyTxId":"67d5b9b8f720fab123ed3c40700aef575e0ddf05","sellTxId":"65d821f95037a76deee1ba10bc1822b18f48c36b"}
{"index": {"_index":"sim","_id":"1456767"}}
	{"id":1456767,"type":"sell","buyer":"pi-trader","seller":"gamsam","symbol":"SIM","quantity":"20926.315","price":"0.00136002","timestamp":1630443243,"volume":"28.46020693","buyTxId":"0ad466f5522411f01a075df5c2fe2d6ec0d412f8","sellTxId":"7a3ca6916b07b73a86a8924d7c5ff22690c1325b"}
{"index": {"_index":"sim","_id":"1456770"}}
	{"id":1456770,"type":"sell","buyer":"solovey6o2","seller":"deathwing","symbol":"SIM","quantity":"1008","price":"0.00136001","timestamp":1630443306,"volume":"1.37089008","buyTxId":"67d5b9b8f720fab123ed3c40700aef575e0ddf05","sellTxId":"6ff5b916c80d9a5336c44f2986160e9ec9eb3ae0-0"}
{"index": {"_index":"sim","_id":"1456854"}}
	{"id":1456854,"type":"buy","buyer":"misuli","seller":"nftmart.fees","symbol":"SIM","quantity":"54.000","price":"0.00138995","timestamp":1630444809,"volume":"0.07505730","buyTxId":"c5078b756accb57edef9ed586fc27ffa8ae8f337","sellTxId":"faa8b7bcf1984d8b216ef4af9eb77a34593cae2a-0"}
{"index": {"_index":"sim","_id":"1456855"}}
	{"id":1456855,"type":"buy","buyer":"misuli","seller":"kaeptn-iglo","symbol":"SIM","quantity":"2846.000","price":"0.00139000","timestamp":1630444809,"volume":"3.95594000","buyTxId":"c5078b756accb57edef9ed586fc27ffa8ae8f337","sellTxId":"3d35c987c88a2ea0e6884010318a81ae55aef919"}
{"index": {"_index":"sim","_id":"1456913"}}
	{"id":1456913,"type":"sell","buyer":"solovey6o2","seller":"mary.janikowski","symbol":"SIM","quantity":"27847.000","price":"0.00136001","timestamp":1630445502,"volume":"37.87219847","buyTxId":"67d5b9b8f720fab123ed3c40700aef575e0ddf05","sellTxId":"0872f8e56ebe7b802005ee5e5e38c3513dfa0f80"}
{"index": {"_index":"sim","_id":"1456939"}}
	{"id":1456939,"type":"sell","buyer":"solovey6o2","seller":"fitcoin","symbol":"SIM","quantity":"700.000","price":"0.00136001","timestamp":1630445823,"volume":"0.95200700","buyTxId":"67d5b9b8f720fab123ed3c40700aef575e0ddf05","sellTxId":"26428019da9607149e66d66648fc08a734380e55"}
{"index": {"_index":"sim","_id":"1456980"}}
	{"id":1456980,"type":"sell","buyer":"solovey6o2","seller":"steem.services","symbol":"SIM","quantity":"108464.000","price":"0.00136001","timestamp":1630446669,"volume":"147.51212464","buyTxId":"67d5b9b8f720fab123ed3c40700aef575e0ddf05","sellTxId":"1d49c076a131c6b2f54af3a1fcb4fa692c013133"}
{"index": {"_index":"sim","_id":"1456994"}}
	{"id":1456994,"type":"sell","buyer":"d-pend","seller":"tsnaks","symbol":"SIM","quantity":"74922.101","price":"0.00136000","timestamp":1630447095,"volume":"101.89405736","buyTxId":"a2e7e4fca0afdcae27950e5699aaac0597189b6b","sellTxId":"bdf2f1f115525ea4d1ed1553bd0549483f6e1881"}
{"index": {"_index":"sim","_id":"1456996"}}
	{"id":1456996,"type":"sell","buyer":"d-pend","seller":"otherbrandt","symbol":"SIM","quantity":"25077.899","price":"0.00136000","timestamp":1630447128,"volume":"34.10594264","buyTxId":"a2e7e4fca0afdcae27950e5699aaac0597189b6b","sellTxId":"868447743091ea0b783c206a029f9c1199d2878e"}
{"index": {"_index":"sim","_id":"1456997"}}
	{"id":1456997,"type":"buy","buyer":"konvik","seller":"otherbrandt","symbol":"SIM","quantity":"14557.139","price":"0.00136000","timestamp":1630447131,"volume":"19.79770904","buyTxId":"23d0dc3a643bd2ed80281fd3d0a40d6047b96549-0","sellTxId":"868447743091ea0b783c206a029f9c1199d2878e"}
{"index": {"_index":"sim","_id":"1457035"}}
	{"id":1457035,"type":"buy","buyer":"konvik","seller":"enginemaker","symbol":"SIM","quantity":"51243.217","price":"0.00136898","timestamp":1630447647,"volume":"70.15093921","buyTxId":"dcbcd3ba7c43b3c76b1a5a4f664695df77960e42-0","sellTxId":"MM-P-10041629-57025367-3-2-0"}
{"index": {"_index":"sim","_id":"1457050"}}
	{"id":1457050,"type":"sell","buyer":"pi-trader","seller":"tsnaks","symbol":"SIM","quantity":"10831.900","price":"0.00135002","timestamp":1630447833,"volume":"14.62328164","buyTxId":"820b0d49ecd5cc744903fec3b435427606ffd84e","sellTxId":"89307949f91bb61aa5a3e4f40ee138542bcfee20"}
{"index": {"_index":"sim","_id":"1457067"}}
	{"id":1457067,"type":"sell","buyer":"pi-trader","seller":"tsnaks","symbol":"SIM","quantity":"19968.050","price":"0.00135002","timestamp":1630448088,"volume":"26.95726686","buyTxId":"e5d5b4e2e606ae046c3508729eb47ff1e504bbd0-1","sellTxId":"ea52d994221fb49978a99344118488364ad09bb1"}
{"index": {"_index":"sim","_id":"1457074"}}
	{"id":1457074,"type":"sell","buyer":"pi-trader","seller":"tsnaks","symbol":"SIM","quantity":"17616.800","price":"0.00135002","timestamp":1630448253,"volume":"23.78303234","buyTxId":"5f78df9e211bbf5b3c4f416ec45bc67c878a8209-1","sellTxId":"3efe0044c15b50ea3228ca166511e8ce001bc3c6"}
{"index": {"_index":"sim","_id":"1457114"}}
	{"id":1457114,"type":"sell","buyer":"pi-trader","seller":"tsnaks","symbol":"SIM","quantity":"9968.350","price":"0.00135002","timestamp":1630448703,"volume":"13.45747187","buyTxId":"0cc889515e988f800b85843a0d05ab8e6f192727-1","sellTxId":"dca43de6419184dfe30600217d31c45f39c5bdd8"}
{"index": {"_index":"sim","_id":"1457122"}}
	{"id":1457122,"type":"sell","buyer":"pi-trader","seller":"tsnaks","symbol":"SIM","quantity":"6954.000","price":"0.00135002","timestamp":1630448799,"volume":"9.38803908","buyTxId":"e5e664ee1838a6b41af0d5d9d28f7e31026458fb-1","sellTxId":"8def3573cb0cba2b425ce0079e78dc4a075ece83"}
{"index": {"_index":"sim","_id":"1457125"}}
	{"id":1457125,"type":"sell","buyer":"pi-trader","seller":"tsnaks","symbol":"SIM","quantity":"11400.000","price":"0.00135002","timestamp":1630448955,"volume":"15.39022800","buyTxId":"cd25c0c583ab2d1072872823497ae9d3c97256ef-1","sellTxId":"1811f692a5de453c3fe65e85e495672ff6724f2a"}
{"index": {"_index":"sim","_id":"1457132"}}
	{"id":1457132,"type":"buy","buyer":"wizzitywillican","seller":"nftmart.fees","symbol":"SIM","quantity":"103.000","price":"0.00136897","timestamp":1630449102,"volume":"0.14100391","buyTxId":"38dca9eced35d22b2fcb52df22c055b48a6dd2f5","sellTxId":"7a98cb003f256ae9b9c37d69007d455bb973a4f2-0"}
{"index": {"_index":"sim","_id":"1457133"}}
	{"id":1457133,"type":"buy","buyer":"wizzitywillican","seller":"enginemaker","symbol":"SIM","quantity":"143.000","price":"0.00136898","timestamp":1630449102,"volume":"0.19576414","buyTxId":"38dca9eced35d22b2fcb52df22c055b48a6dd2f5","sellTxId":"MM-P-10041629-57025367-3-2-0"}
{"index": {"_index":"sim","_id":"1457138"}}
	{"id":1457138,"type":"sell","buyer":"pi-trader","seller":"tsnaks","symbol":"SIM","quantity":"7600.000","price":"0.00135002","timestamp":1630449156,"volume":"10.26015200","buyTxId":"e4336467c64d12048eec395277ad3d78d58a403a-1","sellTxId":"8f091778b0fde1ef07353dcc9f1570eebaa97688"}
{"index": {"_index":"sim","_id":"1457141"}}
	{"id":1457141,"type":"sell","buyer":"pi-trader","seller":"tsnaks","symbol":"SIM","quantity":"10499.400","price":"0.00135002","timestamp":1630449183,"volume":"14.17439999","buyTxId":"f82becd0844a5016df135eaf395a2aca8d3a5472-1","sellTxId":"49de8a88520aa5a900930ae78d463b7390ef4409"}
{"index": {"_index":"sim","_id":"1457142"}}
	{"id":1457142,"type":"sell","buyer":"pi-trader","seller":"gamsam","symbol":"SIM","quantity":"9927","price":"0.00135002","timestamp":1630449186,"volume":"13.40164854","buyTxId":"f82becd0844a5016df135eaf395a2aca8d3a5472-1","sellTxId":"4cd6e6bdfab176393c9ca3c530157f5dfe099ffd"}
{"index": {"_index":"sim","_id":"1457151"}}
	{"id":1457151,"type":"sell","buyer":"solovey6o2","seller":"tsnaks","symbol":"SIM","quantity":"4802.250","price":"0.00135001","timestamp":1630449444,"volume":"6.48308552","buyTxId":"7c878d3a01f7b7b8d3b09d43e3425c1ff5ff9008","sellTxId":"bdca6b42f383964635c30601ce1fc583d5773b74"}
{"index": {"_index":"sim","_id":"1457165"}}
	{"id":1457165,"type":"buy","buyer":"nyxlabs","seller":"nftmart.fees","symbol":"SIM","quantity":"102.000","price":"0.00136897","timestamp":1630449624,"volume":"0.13963494","buyTxId":"cfacae55a8a73671ef0196c5160a06d8df39f174","sellTxId":"1d2813034e17851eeed9edfbd24d4a5ab2a3b035-0"}
{"index": {"_index":"sim","_id":"1457166"}}
	{"id":1457166,"type":"buy","buyer":"nyxlabs","seller":"enginemaker","symbol":"SIM","quantity":"148.000","price":"0.00136898","timestamp":1630449624,"volume":"0.20260904","buyTxId":"cfacae55a8a73671ef0196c5160a06d8df39f174","sellTxId":"MM-P-10041629-57025367-3-2-0"}
{"index": {"_index":"sim","_id":"1457176"}}
	{"id":1457176,"type":"sell","buyer":"solovey6o2","seller":"xbladex","symbol":"SIM","quantity":"682.612","price":"0.00135001","timestamp":1630449795,"volume":"0.92153303","buyTxId":"7c878d3a01f7b7b8d3b09d43e3425c1ff5ff9008","sellTxId":"de38f58932e02d53cc566f73f438a159be5456f6"}
{"index": {"_index":"sim","_id":"1457227"}}
	{"id":1457227,"type":"sell","buyer":"solovey6o2","seller":"travelgirl","symbol":"SIM","quantity":"10057.013","price":"0.00135001","timestamp":1630450926,"volume":"13.57706812","buyTxId":"7c878d3a01f7b7b8d3b09d43e3425c1ff5ff9008","sellTxId":"b78e1f0b8ce8f2189602339874bc833040da404b"}
{"index": {"_index":"sim","_id":"1457265"}}
	{"id":1457265,"type":"sell","buyer":"solovey6o2","seller":"anarcist69","symbol":"SIM","quantity":"20000.000","price":"0.00135001","timestamp":1630451247,"volume":"27.00020000","buyTxId":"7c878d3a01f7b7b8d3b09d43e3425c1ff5ff9008","sellTxId":"fe2c1023d1b38002b7d6b8b30992ad76145f1e6a"}
{"index": {"_index":"sim","_id":"1457274"}}
	{"id":1457274,"type":"sell","buyer":"solovey6o2","seller":"vempromundo","symbol":"SIM","quantity":"530.000","price":"0.00135001","timestamp":1630451580,"volume":"0.71550530","buyTxId":"7c878d3a01f7b7b8d3b09d43e3425c1ff5ff9008","sellTxId":"894f530efc070012d7ab0bcd074bb788eb9793ef"}
{"index": {"_index":"sim","_id":"1457280"}}
	{"id":1457280,"type":"sell","buyer":"solovey6o2","seller":"blue.rabbit","symbol":"SIM","quantity":"24629.758","price":"0.00135001","timestamp":1630451721,"volume":"33.25041960","buyTxId":"7c878d3a01f7b7b8d3b09d43e3425c1ff5ff9008","sellTxId":"4f9cecb3b321039b89b7dd0aeb599500d57461fb"}
{"index": {"_index":"sim","_id":"1457371"}}
	{"id":1457371,"type":"buy","buyer":"tboss83","seller":"nftmart.fees","symbol":"SIM","quantity":"129.000","price":"0.00136895","timestamp":1630453746,"volume":"0.17659455","buyTxId":"11067d34845567285b70ca3d31054b4524c879c2","sellTxId":"4a120f4772a0e9f5ba71d3fba9183b9e4c5927a9-0"}
{"index": {"_index":"sim","_id":"1457372"}}
	{"id":1457372,"type":"sell","buyer":"tboss83","seller":"konvik","symbol":"SIM","quantity":"7863.207","price":"0.00136895","timestamp":1630453749,"volume":"10.76433722","buyTxId":"11067d34845567285b70ca3d31054b4524c879c2","sellTxId":"4615b2ca9040adc915708fd2714012fca1085735-1"}
{"index": {"_index":"sim","_id":"1457439"}}
	{"id":1457439,"type":"buy","buyer":"konvik","seller":"nftmart.fees","symbol":"SIM","quantity":"130.000","price":"0.00136897","timestamp":1630455240,"volume":"0.17796610","buyTxId":"2bc6be7e0ee38203ae9c0c557389fe9a0e537182-0","sellTxId":"fccb5bdc6f85bed93f8ac8bb23b99aee16013b27-0"}
{"index": {"_index":"sim","_id":"1457440"}}
	{"id":1457440,"type":"buy","buyer":"konvik","seller":"enginemaker","symbol":"SIM","quantity":"3482.878","price":"0.00136898","timestamp":1630455240,"volume":"4.76799032","buyTxId":"2bc6be7e0ee38203ae9c0c557389fe9a0e537182-0","sellTxId":"MM-P-10041629-57025367-3-2-0"}
{"index": {"_index":"sim","_id":"1457441"}}
	{"id":1457441,"type":"sell","buyer":"tboss83","seller":"jeduardoz","symbol":"SIM","quantity":"7.793","price":"0.00136895","timestamp":1630455243,"volume":"0.01066823","buyTxId":"11067d34845567285b70ca3d31054b4524c879c2","sellTxId":"1f224ddf86950bc16c7e766b3a8fe53fd5153c82"}
{"index": {"_index":"sim","_id":"1457442"}}
	{"id":1457442,"type":"sell","buyer":"lulu-the-fizzgig","seller":"jeduardoz","symbol":"SIM","quantity":"197.000","price":"0.00135010","timestamp":1630455243,"volume":"0.26596970","buyTxId":"f6a52e67b5bc2cbd0ea5dcb675665cd0d345ad4f","sellTxId":"1f224ddf86950bc16c7e766b3a8fe53fd5153c82"}
{"index": {"_index":"sim","_id":"1457443"}}
	{"id":1457443,"type":"sell","buyer":"solovey6o2","seller":"jeduardoz","symbol":"SIM","quantity":"26511.587","price":"0.00135001","timestamp":1630455243,"volume":"35.79090757","buyTxId":"7c878d3a01f7b7b8d3b09d43e3425c1ff5ff9008","sellTxId":"1f224ddf86950bc16c7e766b3a8fe53fd5153c82"}
{"index": {"_index":"sim","_id":"1457444"}}
	{"id":1457444,"type":"buy","buyer":"konvik","seller":"enginemaker","symbol":"SIM","quantity":"129.964","price":"0.00136898","timestamp":1630455243,"volume":"0.17791812","buyTxId":"ecbc011feb35d85588a902c7f5c17b82d27a6559-0","sellTxId":"MM-P-10041629-57025367-3-2-0"}
{"index": {"_index":"sim","_id":"1457445"}}
	{"id":1457445,"type":"buy","buyer":"konvik","seller":"adamdabeast","symbol":"SIM","quantity":"19870.235","price":"0.00138899","timestamp":1630455243,"volume":"27.59955771","buyTxId":"ecbc011feb35d85588a902c7f5c17b82d27a6559-0","sellTxId":"25c178af7e4e096402a5310d65f73351f6a4a16a"}
{"index": {"_index":"sim","_id":"1457454"}}
	{"id":1457454,"type":"sell","buyer":"pi-trader","seller":"brofi-market","symbol":"SIM","quantity":"116.932","price":"0.00135002","timestamp":1630455279,"volume":"0.15786054","buyTxId":"6e2828e1aa6fc7d9c98657d76c302385885a5ca8","sellTxId":"b6a6184601423caade2c2d54cc6c1593be4ea9d5"}
{"index": {"_index":"sim","_id":"1457567"}}
	{"id":1457567,"type":"buy","buyer":"dynamicrypto","seller":"nftmart.fees","symbol":"SIM","quantity":"113.000","price":"0.00138898","timestamp":1630456524,"volume":"0.15695474","buyTxId":"ef125fe2df41c0c0b5891432ee687b74ca716d35","sellTxId":"9084453b59fcf266f89f56fa8e386f4c75701a6f-0"}
{"index": {"_index":"sim","_id":"1457568"}}
	{"id":1457568,"type":"buy","buyer":"dynamicrypto","seller":"adamdabeast","symbol":"SIM","quantity":"129.765","price":"0.00138899","timestamp":1630456524,"volume":"0.18024229","buyTxId":"ef125fe2df41c0c0b5891432ee687b74ca716d35","sellTxId":"25c178af7e4e096402a5310d65f73351f6a4a16a"}
{"index": {"_index":"sim","_id":"1457569"}}
	{"id":1457569,"type":"buy","buyer":"dynamicrypto","seller":"brofi-market","symbol":"SIM","quantity":"116.932","price":"0.00138899","timestamp":1630456524,"volume":"0.16241738","buyTxId":"ef125fe2df41c0c0b5891432ee687b74ca716d35","sellTxId":"f3119f8ac049fe86a38f1da0bd7779f6b03b7ce6"}
{"index": {"_index":"sim","_id":"1457581"}}
	{"id":1457581,"type":"buy","buyer":"senstless","seller":"kaeptn-iglo","symbol":"SIM","quantity":"314.549","price":"0.00139000","timestamp":1630456650,"volume":"0.43722311","buyTxId":"ccde08d88e25a3c0ca9407fb6174305406d1a340","sellTxId":"3d35c987c88a2ea0e6884010318a81ae55aef919"}
{"index": {"_index":"sim","_id":"1457582"}}
	{"id":1457582,"type":"buy","buyer":"senstless","seller":"peerfinance","symbol":"SIM","quantity":"626.505","price":"0.00139000","timestamp":1630456650,"volume":"0.87084195","buyTxId":"ccde08d88e25a3c0ca9407fb6174305406d1a340","sellTxId":"ce7e5821266f01d84bb47f66952a4797951dc7c2"}
{"index": {"_index":"sim","_id":"1457583"}}
	{"id":1457583,"type":"buy","buyer":"senstless","seller":"bitcoinflood","symbol":"SIM","quantity":"260.009","price":"0.00140000","timestamp":1630456650,"volume":"0.36401260","buyTxId":"ccde08d88e25a3c0ca9407fb6174305406d1a340","sellTxId":"19c3f3475c53e1a0dc904d1233fd773a2c0e38e3"}
{"index": {"_index":"sim","_id":"1457584"}}
	{"id":1457584,"type":"buy","buyer":"senstless","seller":"vincentnijman","symbol":"SIM","quantity":"2940.865","price":"0.00140000","timestamp":1630456650,"volume":"4.11721100","buyTxId":"ccde08d88e25a3c0ca9407fb6174305406d1a340","sellTxId":"330cba5c5357473ea6076f97f779b9f3a81ff172"}
{"index": {"_index":"sim","_id":"1457585"}}
	{"id":1457585,"type":"buy","buyer":"senstless","seller":"mapac","symbol":"SIM","quantity":"444.000","price":"0.00140000","timestamp":1630456650,"volume":"0.62160000","buyTxId":"ccde08d88e25a3c0ca9407fb6174305406d1a340","sellTxId":"d8e146ab09c0521a94c68ca2f57914b06b7372fd"}
{"index": {"_index":"sim","_id":"1457586"}}
	{"id":1457586,"type":"buy","buyer":"senstless","seller":"solovey6o2","symbol":"SIM","quantity":"11362.645","price":"0.00140499","timestamp":1630456650,"volume":"15.96440283","buyTxId":"ccde08d88e25a3c0ca9407fb6174305406d1a340","sellTxId":"dd7e574bbc885c86c43e8e32feb75303f6f496f9"}
{"index": {"_index":"sim","_id":"1457587"}}
	{"id":1457587,"type":"buy","buyer":"konvik","seller":"solovey6o2","symbol":"SIM","quantity":"64418.080","price":"0.00140499","timestamp":1630456653,"volume":"90.50675822","buyTxId":"f9fc92e2403ee996affbe72b3017f1b15deb699f-0","sellTxId":"dd7e574bbc885c86c43e8e32feb75303f6f496f9"}
{"index": {"_index":"sim","_id":"1457617"}}
	{"id":1457617,"type":"sell","buyer":"emergehealthier","seller":"dhedge-drips","symbol":"SIM","quantity":"13.100","price":"0.00139000","timestamp":1630457124,"volume":"0.01820900","buyTxId":"f74974e09e4993a7db528e4b39b4338677ad4581","sellTxId":"96da62aff5441f3fced8d1f3b71861fc3e5aea7e"}
{"index": {"_index":"sim","_id":"1457687"}}
	{"id":1457687,"type":"sell","buyer":"emergehealthier","seller":"eldonburr","symbol":"SIM","quantity":"40","price":"0.00139000","timestamp":1630457994,"volume":"0.05560000","buyTxId":"f74974e09e4993a7db528e4b39b4338677ad4581","sellTxId":"7f7545cf5a40b8ce8306884e654a8035050c8197"}
{"index": {"_index":"sim","_id":"1457689"}}
	{"id":1457689,"type":"sell","buyer":"emergehealthier","seller":"lightcaptured","symbol":"SIM","quantity":"46.900","price":"0.00139000","timestamp":1630458021,"volume":"0.06519100","buyTxId":"f74974e09e4993a7db528e4b39b4338677ad4581","sellTxId":"8816bf3369d3509d04252dd2997b1ad27ac05d37"}
{"index": {"_index":"sim","_id":"1457695"}}
	{"id":1457695,"type":"sell","buyer":"pi-trader","seller":"ericburgoyne","symbol":"SIM","quantity":"63.639","price":"0.00138900","timestamp":1630458285,"volume":"0.08839457","buyTxId":"65e6ffc96429619f44b2bb53af9c2d311e1281fb-1","sellTxId":"4a0d853ec696deb84b1815bf84cb702164f7ac94"}
{"index": {"_index":"sim","_id":"1457715"}}
	{"id":1457715,"type":"buy","buyer":"boycharliefamily","seller":"nftmart.fees","symbol":"SIM","quantity":"85.000","price":"0.00140497","timestamp":1630458699,"volume":"0.11942245","buyTxId":"5848821b73d02c9ae8c0af84cc3616caefa57496","sellTxId":"bbfbec4279a6ab1e502c9321a9b847e954b7a6d0-0"}
{"index": {"_index":"sim","_id":"1457739"}}
	{"id":1457739,"type":"sell","buyer":"boycharliefamily","seller":"nftmart.fees","symbol":"SIM","quantity":"87.000","price":"0.00140497","timestamp":1630459203,"volume":"0.12223239","buyTxId":"5848821b73d02c9ae8c0af84cc3616caefa57496","sellTxId":"ff9b534efa8fac4fa1f6c84d155e8ea4272fb92b-0"}
{"index": {"_index":"sim","_id":"1457794"}}
	{"id":1457794,"type":"sell","buyer":"boycharliefamily","seller":"nftmart.fees","symbol":"SIM","quantity":"76.000","price":"0.00140497","timestamp":1630460403,"volume":"0.10677772","buyTxId":"5848821b73d02c9ae8c0af84cc3616caefa57496","sellTxId":"d82925ac29423c8b6139254740cc602dd8da8366-0"}
{"index": {"_index":"sim","_id":"1457816"}}
	{"id":1457816,"type":"sell","buyer":"boycharliefamily","seller":"yintercept","symbol":"SIM","quantity":"8.916","price":"0.00140497","timestamp":1630460790,"volume":"0.01252671","buyTxId":"5848821b73d02c9ae8c0af84cc3616caefa57496","sellTxId":"a1ecec739a14ea61bff35fbdd1f74781a4919aea"}
{"index": {"_index":"sim","_id":"1457899"}}
	{"id":1457899,"type":"sell","buyer":"boycharliefamily","seller":"nftmart.fees","symbol":"SIM","quantity":"66.000","price":"0.00140497","timestamp":1630461603,"volume":"0.09272802","buyTxId":"5848821b73d02c9ae8c0af84cc3616caefa57496","sellTxId":"041da4d328765ca17a65c99b6d0f98ca2726a26e-0"}
{"index": {"_index":"sim","_id":"1457905"}}
	{"id":1457905,"type":"sell","buyer":"boycharliefamily","seller":"konvik","symbol":"SIM","quantity":"19651.609","price":"0.00140497","timestamp":1630461684,"volume":"27.60992110","buyTxId":"5848821b73d02c9ae8c0af84cc3616caefa57496","sellTxId":"e5044178c38f31caeeee980e825b3ef2cffe78d1-1"}
{"index": {"_index":"sim","_id":"1457945"}}
	{"id":1457945,"type":"sell","buyer":"boycharliefamily","seller":"half-fast","symbol":"SIM","quantity":"19.475","price":"0.00140497","timestamp":1630462656,"volume":"0.02736179","buyTxId":"5848821b73d02c9ae8c0af84cc3616caefa57496","sellTxId":"061bcec80c850d3960ecf95f9d57891a8d00c638"}
{"index": {"_index":"sim","_id":"1457957"}}
	{"id":1457957,"type":"sell","buyer":"dynamicrypto","seller":"tsnaks","symbol":"SIM","quantity":"3134.050","price":"0.00138899","timestamp":1630462803,"volume":"4.35316411","buyTxId":"ef125fe2df41c0c0b5891432ee687b74ca716d35","sellTxId":"ebe921fbe8b81bf5e945e655109a2cc6adff5599"}
{"index": {"_index":"sim","_id":"1457963"}}
	{"id":1457963,"type":"sell","buyer":"dynamicrypto","seller":"theguruasia","symbol":"SIM","quantity":"4806.550","price":"0.00138899","timestamp":1630462941,"volume":"6.67624988","buyTxId":"ef125fe2df41c0c0b5891432ee687b74ca716d35","sellTxId":"3fd20ff4f6d20c2b414e7901ea4d5e61cf038ba3"}
{"index": {"_index":"sim","_id":"1458007"}}
	{"id":1458007,"type":"buy","buyer":"steinhammer","seller":"nftmart.fees","symbol":"SIM","quantity":"50.000","price":"0.00138998","timestamp":1630464231,"volume":"0.06949900","buyTxId":"045722220d8959b9c6ac05aa833b9e3a9dbb28a1","sellTxId":"3507e395a9b61ad3b07d1829abd8a0c56df49642-0"}
{"index": {"_index":"sim","_id":"1458041"}}
	{"id":1458041,"type":"buy","buyer":"d-pend","seller":"half-fast","symbol":"SIM","quantity":"86.671","price":"0.00139000","timestamp":1630464945,"volume":"0.12047269","buyTxId":"fc144cd892daa4033e60d2f664512de3c94b33d3","sellTxId":"061bcec80c850d3960ecf95f9d57891a8d00c638"}
