{"index": {"_index":"sim","_id":"3201544"}}
	{"id":3201544,"type":"buy","buyer":"libert","seller":"jelly-cz","symbol":"SIM","quantity":"8014.101","price":"0.00042550","timestamp":1649990823,"volume":"3.41","buyTxId":"154f8136d920bb712e10b0d40577afcc5cc0b5b0","sellTxId":"MM-P-16525127-63514340-3-26-0"}
{"index": {"_index":"sim","_id":"3201685"}}
	{"id":3201685,"type":"buy","buyer":"cryptounicorn420","seller":"jelly-cz","symbol":"SIM","quantity":"6629.896","price":"0.00042550","timestamp":1649992308,"volume":"2.82102075","buyTxId":"0932b5c055de45f81b308e399a273d544e9b5bf1","sellTxId":"MM-P-16525127-63514340-3-26-0"}
{"index": {"_index":"sim","_id":"3201686"}}
	{"id":3201686,"type":"buy","buyer":"cryptounicorn420","seller":"he-index","symbol":"SIM","quantity":"28.187","price":"0.00042550","timestamp":1649992308,"volume":"0.01199357","buyTxId":"0932b5c055de45f81b308e399a273d544e9b5bf1","sellTxId":"32c6932401f96a9f254f69d8493f8ff112c86a0d"}
{"index": {"_index":"sim","_id":"3201687"}}
	{"id":3201687,"type":"buy","buyer":"cryptounicorn420","seller":"brofi-market","symbol":"SIM","quantity":"0.004","price":"0.00042550","timestamp":1649992308,"volume":"0.00000170","buyTxId":"0932b5c055de45f81b308e399a273d544e9b5bf1","sellTxId":"6e1824263f433a426cc9549ccce8d0d995170266"}
{"index": {"_index":"sim","_id":"3201688"}}
	{"id":3201688,"type":"buy","buyer":"cryptounicorn420","seller":"dhedge-drips","symbol":"SIM","quantity":"0.001","price":"0.00042550","timestamp":1649992308,"volume":"0.00000042","buyTxId":"0932b5c055de45f81b308e399a273d544e9b5bf1","sellTxId":"34faff591fbfe9af805d5af0d5f29cf01f88b8e9"}
{"index": {"_index":"sim","_id":"3201963"}}
	{"id":3201963,"type":"sell","buyer":"pi-trader","seller":"brofi-market","symbol":"SIM","quantity":"0.001","price":"0.00041001","timestamp":1649995890,"volume":"0.00000041","buyTxId":"144378e57d697119b6b626c5d437046349032732-7","sellTxId":"6f31590515018705f70c671d9c6755ffd391e393"}
{"index": {"_index":"sim","_id":"3202874"}}
	{"id":3202874,"type":"buy","buyer":"assassyn","seller":"jelly-cz","symbol":"SIM","quantity":"192.051","price":"0.00042698","timestamp":1650008256,"volume":"0.08200194","buyTxId":"0984d7f9a2170735877eb51a5052c4bdcc78284c","sellTxId":"MM-P-16536099-63525317-3-26-0"}
{"index": {"_index":"sim","_id":"3202947"}}
	{"id":3202947,"type":"sell","buyer":"pi-trader","seller":"marfonso","symbol":"SIM","quantity":"540.508","price":"0.00041001","timestamp":1650009102,"volume":"0.22161369","buyTxId":"ce41d7a225064c57ea4913844ddfe553863cec9d-3","sellTxId":"ca8cce8023b1230d894432ed8cbc6d5e454a204e"}
{"index": {"_index":"sim","_id":"3203479"}}
	{"id":3203479,"type":"sell","buyer":"pi-trader","seller":"adexbafo","symbol":"SIM","quantity":"10000.000","price":"0.00041001","timestamp":1650016083,"volume":"4.10010000","buyTxId":"acfda6233c38164c3110f659a891d9410fc9704e-4","sellTxId":"6654d98b17a6fc9d6f321430fb573b386c0cf765"}
{"index": {"_index":"sim","_id":"3203517"}}
	{"id":3203517,"type":"buy","buyer":"assassyn","seller":"jelly-cz","symbol":"SIM","quantity":"286.099","price":"0.00042698","timestamp":1650016599,"volume":"0.12215855","buyTxId":"4ef33ed34bc36a986e3d1dc1bc62d15dfc8507c5","sellTxId":"MM-P-16536099-63525317-3-26-0"}
{"index": {"_index":"sim","_id":"3203958"}}
	{"id":3203958,"type":"sell","buyer":"pi-trader","seller":"lammbock","symbol":"SIM","quantity":"200.000","price":"0.00041001","timestamp":1650022443,"volume":"0.08200200","buyTxId":"c1978fc4adadb2ad2317c34608b86938cfea72d9-5","sellTxId":"d8dcfdf7e21b29dbf9655a2761656ff5d89c8fc2"}
{"index": {"_index":"sim","_id":"3203986"}}
	{"id":3203986,"type":"sell","buyer":"pi-trader","seller":"travelgirl","symbol":"SIM","quantity":"1399.000","price":"0.00041001","timestamp":1650022941,"volume":"0.57360399","buyTxId":"c154fb9e4db81290265ae7bb74d7ce9306c298ef-5","sellTxId":"5167b47f05388d4fc097936707b0ae848cf8cac7"}
{"index": {"_index":"sim","_id":"3204022"}}
	{"id":3204022,"type":"sell","buyer":"pi-trader","seller":"steem82868","symbol":"SIM","quantity":"0.011","price":"0.00041001","timestamp":1650023505,"volume":"0.00000451","buyTxId":"30a8c9a1d0437fc70d6a3cd5898d2077d54ca0f6-5","sellTxId":"bfe9ebb672de68c6abe25cf588e94e619bbb9c49"}
{"index": {"_index":"sim","_id":"3204065"}}
	{"id":3204065,"type":"sell","buyer":"pi-trader","seller":"thegoliath","symbol":"SIM","quantity":"10100.000","price":"0.00041001","timestamp":1650024120,"volume":"4.14110100","buyTxId":"34b16479305e1d176e6acd403a09dbe52af62f53-1","sellTxId":"4e38a051fc49e05da84a2ee82ca761cd3e5a8287"}
{"index": {"_index":"sim","_id":"3204098"}}
	{"id":3204098,"type":"sell","buyer":"pi-trader","seller":"willsaldeno","symbol":"SIM","quantity":"813.347","price":"0.00041001","timestamp":1650024660,"volume":"0.33348040","buyTxId":"8f79d11c3447f936922be9208c2e2c1b7d9f10c0-1","sellTxId":"fe6c1227493221711af07e69f5e23328a8cfd413"}
{"index": {"_index":"sim","_id":"3204103"}}
	{"id":3204103,"type":"sell","buyer":"pi-trader","seller":"brofi-market","symbol":"SIM","quantity":"0.003","price":"0.00041001","timestamp":1650024708,"volume":"0.00000123","buyTxId":"0bb0abab2da27008d611effaa285d41cc3647110-3","sellTxId":"49b2a875195bef7bc2f64540424c30551d1ad7f6"}
{"index": {"_index":"sim","_id":"3204168"}}
	{"id":3204168,"type":"buy","buyer":"konvik","seller":"jelly-cz","symbol":"SIM","quantity":"145884.000","price":"0.00042547","timestamp":1650025494,"volume":"62.06926548","buyTxId":"40a5377be4dc4b8b0498dd6d816d395b9858201c-0","sellTxId":"MM-P-16544283-63533504-3-26-0"}
{"index": {"_index":"sim","_id":"3204169"}}
	{"id":3204169,"type":"buy","buyer":"konvik","seller":"brofi-market","symbol":"SIM","quantity":"0.003","price":"0.00042698","timestamp":1650025494,"volume":"0.00000128","buyTxId":"40a5377be4dc4b8b0498dd6d816d395b9858201c-0","sellTxId":"525a4d1d2dd3a753ff90394451c99868e53632d5"}
{"index": {"_index":"sim","_id":"3204170"}}
	{"id":3204170,"type":"buy","buyer":"konvik","seller":"brofi-market","symbol":"SIM","quantity":"0.001","price":"0.00042701","timestamp":1650025494,"volume":"0.00000043","buyTxId":"40a5377be4dc4b8b0498dd6d816d395b9858201c-0","sellTxId":"cc4616b9b4042b402d2688ffc1bc589f758999c7"}
{"index": {"_index":"sim","_id":"3204171"}}
	{"id":3204171,"type":"buy","buyer":"konvik","seller":"brofi-market","symbol":"SIM","quantity":"0.001","price":"0.00042701","timestamp":1650025494,"volume":"0.00000043","buyTxId":"40a5377be4dc4b8b0498dd6d816d395b9858201c-0","sellTxId":"5f5b6a330424c73f184a479a3467afa391f17d72"}
{"index": {"_index":"sim","_id":"3204172"}}
	{"id":3204172,"type":"buy","buyer":"konvik","seller":"bridgebase","symbol":"SIM","quantity":"300000.000","price":"0.00042849","timestamp":1650025494,"volume":"128.54700000","buyTxId":"40a5377be4dc4b8b0498dd6d816d395b9858201c-0","sellTxId":"0ed06df9cb795feef8c91f75dc1e57b6bdf01cc6"}
{"index": {"_index":"sim","_id":"3204487"}}
	{"id":3204487,"type":"sell","buyer":"pi-trader","seller":"lisamgentile1961","symbol":"SIM","quantity":"30.023","price":"0.00041001","timestamp":1650029358,"volume":"0.01230973","buyTxId":"ca0c6fe6c80fcdbecad3e293d14e5b025e612d59-1","sellTxId":"a23d4227bfc04cb29487a4e56f0eadab37c3d800"}
{"index": {"_index":"sim","_id":"3204551"}}
	{"id":3204551,"type":"sell","buyer":"pi-trader","seller":"rarej","symbol":"SIM","quantity":"1727.012","price":"0.00041001","timestamp":1650030096,"volume":"0.70809219","buyTxId":"7829e1e0d48340385d077fb9d158af41b86ea03f-4","sellTxId":"21f2072faef35e8a3c3c4f7da04ff8e113e712b1"}
{"index": {"_index":"sim","_id":"3204566"}}
	{"id":3204566,"type":"buy","buyer":"ragnarokdel","seller":"jelly-cz","symbol":"SIM","quantity":"25000.000","price":"0.00043149","timestamp":1650030285,"volume":"10.78725000","buyTxId":"ab7e6f02f5c235a2a50abad243b1d92f67d8c995","sellTxId":"MM-P-16546077-63535299-3-26-0"}
{"index": {"_index":"sim","_id":"3204781"}}
	{"id":3204781,"type":"sell","buyer":"pi-trader","seller":"franciscopr","symbol":"SIM","quantity":"298.378","price":"0.00041001","timestamp":1650032913,"volume":"0.12233796","buyTxId":"d27311ab6b008042c996092f9b24709d0e69aba4-5","sellTxId":"3ff6d73857935a076326767f1b6281ee4a2e10cd"}
{"index": {"_index":"sim","_id":"3204914"}}
	{"id":3204914,"type":"buy","buyer":"forsakensushi","seller":"medaymane","symbol":"SIM","quantity":"4211.400","price":"0.00043129","timestamp":1650034506,"volume":"1.81633471","buyTxId":"e9a304ea5435d2e8e034f80855c5f3216e2401c0","sellTxId":"d7b205a888b3b25cc83de07577ecafa571d36194"}
{"index": {"_index":"sim","_id":"3204915"}}
	{"id":3204915,"type":"buy","buyer":"forsakensushi","seller":"jelly-cz","symbol":"SIM","quantity":"28914.121","price":"0.00043149","timestamp":1650034506,"volume":"12.47615407","buyTxId":"e9a304ea5435d2e8e034f80855c5f3216e2401c0","sellTxId":"MM-P-16546077-63535299-3-26-0"}
{"index": {"_index":"sim","_id":"3205074"}}
	{"id":3205074,"type":"buy","buyer":"konvik","seller":"jelly-cz","symbol":"SIM","quantity":"91969.879","price":"0.00043149","timestamp":1650036264,"volume":"39.68408309","buyTxId":"14d12fed16b8d1b5c2949b35584c980879899702-0","sellTxId":"MM-P-16546077-63535299-3-26-0"}
{"index": {"_index":"sim","_id":"3205268"}}
	{"id":3205268,"type":"sell","buyer":"pi-trader","seller":"bagholdersbank","symbol":"SIM","quantity":"258.197","price":"0.00041001","timestamp":1650038196,"volume":"0.10586335","buyTxId":"0aeb957e13f63efbef2d76b533c1ec6cdba41d0a-5","sellTxId":"73503572a2cbbfb15c692d866c5a8e6c119d5d9b"}
{"index": {"_index":"sim","_id":"3205383"}}
	{"id":3205383,"type":"sell","buyer":"pi-trader","seller":"brofi-market","symbol":"SIM","quantity":"0.001","price":"0.00041001","timestamp":1650039405,"volume":"0.00000041","buyTxId":"e55243af385e9dbd936e483e55b1ddf6b915f8e9-3","sellTxId":"0f41ec22f56a6789ab2c4959689e090becfe83b1"}
{"index": {"_index":"sim","_id":"3206093"}}
	{"id":3206093,"type":"buy","buyer":"assassyn","seller":"medaymane","symbol":"SIM","quantity":"100.000","price":"0.00043129","timestamp":1650045198,"volume":"0.04312900","buyTxId":"3dbf4337aac2c5342d91b0e321544758d32011bf","sellTxId":"5610e2ba1e69cea9ffac1dbe5722bdefc6979c10"}
{"index": {"_index":"sim","_id":"3206435"}}
	{"id":3206435,"type":"sell","buyer":"pi-trader","seller":"captaincryptic","symbol":"SIM","quantity":"423.010","price":"0.00041001","timestamp":1650047982,"volume":"0.17343833","buyTxId":"f2c2a205d2f0102d749771becbd1bb8c4eb50e05-3","sellTxId":"f0f7cd5e898d5bedc4e2a296fb48726682d2a5ba"}
{"index": {"_index":"sim","_id":"3206461"}}
	{"id":3206461,"type":"sell","buyer":"pi-trader","seller":"dhedge-drips","symbol":"SIM","quantity":"9.499","price":"0.00041001","timestamp":1650048324,"volume":"0.00389468","buyTxId":"84eb41e4b059f1ed57fcfae700b452052d06bfd5-3","sellTxId":"477da8564b7ffc1000e0ff1c0c56b2317cf677c5"}
{"index": {"_index":"sim","_id":"3206597"}}
	{"id":3206597,"type":"sell","buyer":"pi-trader","seller":"gamsam","symbol":"SIM","quantity":"9700","price":"0.00041001","timestamp":1650049086,"volume":"3.97709700","buyTxId":"87c1b5e3ed47456f1613b3d75f0e7b79b542fabe-1","sellTxId":"031f49133b78515c0ee5325543c34cc4c9eba0df"}
{"index": {"_index":"sim","_id":"3206646"}}
	{"id":3206646,"type":"sell","buyer":"pi-trader","seller":"heikki1337","symbol":"SIM","quantity":"8346.852","price":"0.00041001","timestamp":1650049443,"volume":"3.42229279","buyTxId":"91112eef7fb968f28d272cb3328c349745703503-3","sellTxId":"8598985fd89466e81d7672d8aa753ca9f5ff7097"}
{"index": {"_index":"sim","_id":"3206739"}}
	{"id":3206739,"type":"sell","buyer":"pi-trader","seller":"misterc","symbol":"SIM","quantity":"3890.784","price":"0.00041001","timestamp":1650050415,"volume":"1.59526035","buyTxId":"c12c35c29a41bf500b487c1e918e2021013c54e9-3","sellTxId":"0414c23951d2c08fe22dad7327cbbc8f285637e2"}
{"index": {"_index":"sim","_id":"3206760"}}
	{"id":3206760,"type":"sell","buyer":"pi-trader","seller":"monsterjamgold","symbol":"SIM","quantity":"690.314","price":"0.00041001","timestamp":1650050712,"volume":"0.28303564","buyTxId":"f45db40393ab6693412f7dc25edce976c8031d73-5","sellTxId":"878b944846fcc2e213f8a78e6c288242069044ed"}
{"index": {"_index":"sim","_id":"3206824"}}
	{"id":3206824,"type":"sell","buyer":"pi-trader","seller":"bitcoinflood","symbol":"SIM","quantity":"635.633","price":"0.00041001","timestamp":1650051513,"volume":"0.26061589","buyTxId":"64c1ada06838f08b565e263c2098fa6c5517ebdf-3","sellTxId":"ce5e5d9f91f745308b013706fc88ca954dbdc5e2"}
{"index": {"_index":"sim","_id":"3206963"}}
	{"id":3206963,"type":"sell","buyer":"pi-trader","seller":"desyfit","symbol":"SIM","quantity":"50000.000","price":"0.00041001","timestamp":1650053058,"volume":"20.50050000","buyTxId":"0f71ee1807b3600a4a0f69c92e61c79eb0441e63-3","sellTxId":"15ca3ba16ccdaf470b35696783b47bf17495dcc0"}
{"index": {"_index":"sim","_id":"3207066"}}
	{"id":3207066,"type":"sell","buyer":"pi-trader","seller":"bearbear613","symbol":"SIM","quantity":"708.000","price":"0.00041001","timestamp":1650054084,"volume":"0.29028708","buyTxId":"e4f5a7ecee8ce549ea0169ca1da6830138728c58-3","sellTxId":"8f11699b2561ce088bde88bdb7c1209564b4faba"}
{"index": {"_index":"sim","_id":"3207090"}}
	{"id":3207090,"type":"buy","buyer":"forsakensushi","seller":"medaymane","symbol":"SIM","quantity":"2573.300","price":"0.00043129","timestamp":1650054348,"volume":"1.10983856","buyTxId":"425e149bed64cccd5ee9dedbc9935e6043db0034","sellTxId":"5610e2ba1e69cea9ffac1dbe5722bdefc6979c10"}
{"index": {"_index":"sim","_id":"3207091"}}
	{"id":3207091,"type":"buy","buyer":"forsakensushi","seller":"brofi-market","symbol":"SIM","quantity":"0.001","price":"0.00043129","timestamp":1650054348,"volume":"0.00000043","buyTxId":"425e149bed64cccd5ee9dedbc9935e6043db0034","sellTxId":"1bfd89eab5c6665ff6a17e87719a6ceff335a22e"}
{"index": {"_index":"sim","_id":"3207092"}}
	{"id":3207092,"type":"buy","buyer":"forsakensushi","seller":"medaymane","symbol":"SIM","quantity":"2445.300","price":"0.00043129","timestamp":1650054348,"volume":"1.05463344","buyTxId":"425e149bed64cccd5ee9dedbc9935e6043db0034","sellTxId":"7c4f002cd7157f95bf87159dbb8dae338dfe0dd8"}
{"index": {"_index":"sim","_id":"3207093"}}
	{"id":3207093,"type":"buy","buyer":"forsakensushi","seller":"dhedge-drips","symbol":"SIM","quantity":"9.499","price":"0.00043129","timestamp":1650054348,"volume":"0.00409682","buyTxId":"425e149bed64cccd5ee9dedbc9935e6043db0034","sellTxId":"a4f8525396fd82d638c56807392e06f5bf71e5a2"}
{"index": {"_index":"sim","_id":"3207094"}}
	{"id":3207094,"type":"buy","buyer":"forsakensushi","seller":"medaymane","symbol":"SIM","quantity":"1044.000","price":"0.00043129","timestamp":1650054348,"volume":"0.45026676","buyTxId":"425e149bed64cccd5ee9dedbc9935e6043db0034","sellTxId":"19e20eef119e3b334260faaf484e733e3780e38b"}
{"index": {"_index":"sim","_id":"3207115"}}
	{"id":3207115,"type":"buy","buyer":"forsakensushi","seller":"jelly-cz","symbol":"SIM","quantity":"13296.110","price":"0.00043398","timestamp":1650054699,"volume":"5.77024582","buyTxId":"8e3fd7b8ad77c65c417617d69fc164c3465b7bb7","sellTxId":"MM-P-16553951-63543180-3-26-0"}
{"index": {"_index":"sim","_id":"3207381"}}
	{"id":3207381,"type":"sell","buyer":"pi-trader","seller":"nascimentoab","symbol":"SIM","quantity":"1.918","price":"0.00041001","timestamp":1650057420,"volume":"0.00078640","buyTxId":"4b0c4262695f44b1785812d07b18210bcb5223bb-4","sellTxId":"86a6e0f4f4822e78464e2fdab73ca10c354aa5c5"}
{"index": {"_index":"sim","_id":"3207465"}}
	{"id":3207465,"type":"sell","buyer":"pi-trader","seller":"loganhate","symbol":"SIM","quantity":"216.000","price":"0.00041001","timestamp":1650058569,"volume":"0.08856216","buyTxId":"f22556c2e8ca7d5776d92a4d0f221d6c62840ebd-1","sellTxId":"fd88de27278857ed62ca6419822bd603b4496333"}
{"index": {"_index":"sim","_id":"3207494"}}
	{"id":3207494,"type":"sell","buyer":"pi-trader","seller":"dswap","symbol":"SIM","quantity":"2000","price":"0.00041001","timestamp":1650058887,"volume":"0.82002000","buyTxId":"ffa225c3dd3dcfb27a9adcbe2ece496851eefb6a-5","sellTxId":"2979a3aad27e5962a00fb686b7a76b9f0a585d4d"}
{"index": {"_index":"sim","_id":"3208070"}}
	{"id":3208070,"type":"buy","buyer":"maryjane.main","seller":"jelly-cz","symbol":"SIM","quantity":"21500.500","price":"0.00043398","timestamp":1650063147,"volume":"9.33078699","buyTxId":"405844771012454056af06ee494ad168ff3aa80f","sellTxId":"MM-P-16553951-63543180-3-26-0"}
{"index": {"_index":"sim","_id":"3208127"}}
	{"id":3208127,"type":"sell","buyer":"pi-trader","seller":"thranax","symbol":"SIM","quantity":"15.530","price":"0.00041001","timestamp":1650063588,"volume":"0.00636746","buyTxId":"94e224462498fa7d10bd5601cc6ed02a5d430115-0","sellTxId":"bb2647e675cac37a03513c32f816e29cb3d5834c"}
{"index": {"_index":"sim","_id":"3208170"}}
	{"id":3208170,"type":"sell","buyer":"pi-trader","seller":"andy4475","symbol":"SIM","quantity":"9.396","price":"0.00041001","timestamp":1650063846,"volume":"0.00385245","buyTxId":"b60e9097735f4f4bc33aa24edc0772a2ddaf8b66-1","sellTxId":"05b992f527643c3993ecec4312137b5fd73c17de"}
{"index": {"_index":"sim","_id":"3208245"}}
	{"id":3208245,"type":"sell","buyer":"pi-trader","seller":"powerpaul","symbol":"SIM","quantity":"223.933","price":"0.00041001","timestamp":1650064500,"volume":"0.09181477","buyTxId":"e4dbf20718a189e3f3dea2af2c6b2f3798b3c1a7-1","sellTxId":"7db315c1b7fd938fd760101077324e6b2b05d1df"}
{"index": {"_index":"sim","_id":"3208492"}}
	{"id":3208492,"type":"sell","buyer":"pi-trader","seller":"brofi-market","symbol":"SIM","quantity":"0.002","price":"0.00041001","timestamp":1650067974,"volume":"0.00000082","buyTxId":"cc5ff543845834ef504596bab6b7fd14917cfd08-3","sellTxId":"ce2efe4956100396c74fbf624f7df79c61cd3e4e"}
{"index": {"_index":"sim","_id":"3208536"}}
	{"id":3208536,"type":"sell","buyer":"pi-trader","seller":"operahoser","symbol":"SIM","quantity":"0.005","price":"0.00041001","timestamp":1650068679,"volume":"0.00000205","buyTxId":"07a06b998085b262a424781db917f5c37c3b6560-3","sellTxId":"aa790d21eb9510da9cedecdd90c263b250de2096"}
{"index": {"_index":"sim","_id":"3208630"}}
	{"id":3208630,"type":"buy","buyer":"forsakensushi","seller":"jelly-cz","symbol":"SIM","quantity":"29562.140","price":"0.00043247","timestamp":1650069276,"volume":"12.78473869","buyTxId":"65312f9327fee0490b524cd318a9c0b7745a41bd","sellTxId":"MM-P-16558652-63547959-3-27-0"}
{"index": {"_index":"sim","_id":"3208653"}}
	{"id":3208653,"type":"buy","buyer":"forsakensushi","seller":"jelly-cz","symbol":"SIM","quantity":"89171.102","price":"0.00043247","timestamp":1650069558,"volume":"38.56382648","buyTxId":"1ac53e57184fba66af98718b06e9ed3f5f71728a","sellTxId":"MM-P-16558652-63547959-3-27-0"}
{"index": {"_index":"sim","_id":"3208685"}}
	{"id":3208685,"type":"sell","buyer":"pi-trader","seller":"dhedge-drips","symbol":"SIM","quantity":"0.001","price":"0.00041001","timestamp":1650069918,"volume":"0.00000041","buyTxId":"c623ed6559fbd183c9c74ebae521a1914cbd7cd0-3","sellTxId":"7e3d8211d3e3ca084f33996696246b547ee47846"}
{"index": {"_index":"sim","_id":"3208799"}}
	{"id":3208799,"type":"sell","buyer":"pi-trader","seller":"mobi72","symbol":"SIM","quantity":"48000.000","price":"0.00041001","timestamp":1650070773,"volume":"19.68048000","buyTxId":"ab01ae00cdca270f81cf54ea9e7ae59bfa8fb5e1-5","sellTxId":"81bf1e4344c4b9318f74eabe5758bf9575d1c955"}
{"index": {"_index":"sim","_id":"3208821"}}
	{"id":3208821,"type":"sell","buyer":"pi-trader","seller":"mobi72","symbol":"SIM","quantity":"2500.000","price":"0.00041001","timestamp":1650070971,"volume":"1.02502500","buyTxId":"16f81495e0457d123832b3ff1623e88e336046ed-5","sellTxId":"aae33e4829dc430d29655cd61dbb6dea632e2af4"}
{"index": {"_index":"sim","_id":"3208842"}}
	{"id":3208842,"type":"buy","buyer":"forsakensushi","seller":"jelly-cz","symbol":"SIM","quantity":"27150.758","price":"0.00043247","timestamp":1650071262,"volume":"11.74188831","buyTxId":"5f98fe170422820fdd79bdbf0f44919d068ea03b","sellTxId":"MM-P-16558652-63547959-3-27-0"}
{"index": {"_index":"sim","_id":"3208843"}}
	{"id":3208843,"type":"buy","buyer":"forsakensushi","seller":"dhedge-drips","symbol":"SIM","quantity":"0.001","price":"0.00043247","timestamp":1650071262,"volume":"0.00000043","buyTxId":"5f98fe170422820fdd79bdbf0f44919d068ea03b","sellTxId":"199cc3db5716e3966e6c3354191113e35201a115"}
{"index": {"_index":"sim","_id":"3208850"}}
	{"id":3208850,"type":"buy","buyer":"forsakensushi","seller":"brofi-market","symbol":"SIM","quantity":"0.002","price":"0.00043398","timestamp":1650071289,"volume":"0.00000087","buyTxId":"d7184bed5d966a506b6df14bbde9da10e139ec7b","sellTxId":"0f6f7467a9c72dde65207bb66460563498d5a508"}
{"index": {"_index":"sim","_id":"3208851"}}
	{"id":3208851,"type":"buy","buyer":"forsakensushi","seller":"pokerarema","symbol":"SIM","quantity":"55958.699","price":"0.00043549","timestamp":1650071289,"volume":"24.36945383","buyTxId":"d7184bed5d966a506b6df14bbde9da10e139ec7b","sellTxId":"dcaaeca9ca16527b191c42256dc3dd03974b9fea"}
{"index": {"_index":"sim","_id":"3209086"}}
	{"id":3209086,"type":"sell","buyer":"pi-trader","seller":"valor2s","symbol":"SIM","quantity":"46.249","price":"0.00041001","timestamp":1650074658,"volume":"0.01896255","buyTxId":"fbdbf551a14517f9d7e9573952ca83ff67692034-5","sellTxId":"5a9d3dec659c4edd51f9c40c0cf25fe1c448f972"}
{"index": {"_index":"sim","_id":"3209295"}}
	{"id":3209295,"type":"buy","buyer":"libert","seller":"jelly-cz","symbol":"SIM","quantity":"9770.260","price":"0.00043397","timestamp":1650077187,"volume":"4.24","buyTxId":"79a9d35189983b27fa1c4dd2ea3a4494938c0d21","sellTxId":"MM-P-16559747-63549057-3-27-0"}
