{"index": {"_index":"sim","_id":"1937593"}}
	{"id":1937593,"type":"sell","buyer":"pi-trader","seller":"thatcryptodave","symbol":"SIM","quantity":"213.554","price":"0.00093235","timestamp":1636517463,"volume":"0.19910707","buyTxId":"1cbb8392f480d657a982c7f294fcef67dc4f2c27-3","sellTxId":"a17678501715852a975033bddadb61364d0db724"}
{"index": {"_index":"sim","_id":"1937608"}}
	{"id":1937608,"type":"sell","buyer":"pi-trader","seller":"brofi-market","symbol":"SIM","quantity":"0.001","price":"0.00093235","timestamp":1636517550,"volume":"0.00000093","buyTxId":"b5957790dd655b2a2c624e21c767ae5640465df5-6","sellTxId":"64db095b9144c18c1bd5f3a9c40de77f5093c63d"}
{"index": {"_index":"sim","_id":"1937692"}}
	{"id":1937692,"type":"buy","buyer":"boycharlieplays","seller":"pi-trader","symbol":"SIM","quantity":"2062.521","price":"0.00095999","timestamp":1636518069,"volume":"1.97999953","buyTxId":"beaf0100b9f65c6a1f735af3d76438e0c4f83134","sellTxId":"f581d6bbb041a543c6af53959a99ff2944d08ee7-6"}
{"index": {"_index":"sim","_id":"1937697"}}
	{"id":1937697,"type":"buy","buyer":"texatron","seller":"pi-trader","symbol":"SIM","quantity":"501.000","price":"0.00095998","timestamp":1636518144,"volume":"0.48094998","buyTxId":"c031057f10d6ae214f05c79c2dc393a33e81cfa0","sellTxId":"d6b990d5cb7ced636dd8f76706696d3e1e8abfe9-4"}
{"index": {"_index":"sim","_id":"1937723"}}
	{"id":1937723,"type":"buy","buyer":"boycharliefamily","seller":"pi-trader","symbol":"SIM","quantity":"3297.000","price":"0.00095998","timestamp":1636518633,"volume":"3.16505406","buyTxId":"b6c73a3d244e9b09e560f2df8d234e11f752b325","sellTxId":"d13b4e87c85036ed636e54d7a93df482fcf4d749-6"}
{"index": {"_index":"sim","_id":"1937745"}}
	{"id":1937745,"type":"buy","buyer":"eythorphoto","seller":"pi-trader","symbol":"SIM","quantity":"278.140","price":"0.00095998","timestamp":1636518858,"volume":"0.26700884","buyTxId":"4ac9f7ddea0b5344171aee6b001fd159ba798d0f","sellTxId":"e6b02a82e500c0191e55e567a0dcee448e9db89d-2"}
{"index": {"_index":"sim","_id":"1937825"}}
	{"id":1937825,"type":"buy","buyer":"eythorphoto","seller":"brofi-market","symbol":"SIM","quantity":"0.001","price":"0.00095999","timestamp":1636519437,"volume":"0.00000096","buyTxId":"265870b78ebe888f0239bc7a3103c2b0237a3abd","sellTxId":"f0d82c3e8a34a750701bd1ffcd3d821b5f3ee6ab"}
{"index": {"_index":"sim","_id":"1937826"}}
	{"id":1937826,"type":"buy","buyer":"eythorphoto","seller":"pi-trader","symbol":"SIM","quantity":"4679.999","price":"0.00095999","timestamp":1636519437,"volume":"4.49275224","buyTxId":"265870b78ebe888f0239bc7a3103c2b0237a3abd","sellTxId":"7c8a4b76b5ab97424e679fecdc3870688ed52764-1"}
{"index": {"_index":"sim","_id":"1937904"}}
	{"id":1937904,"type":"sell","buyer":"jelly-cz","seller":"muenchen","symbol":"SIM","quantity":"9553.700","price":"0.00093258","timestamp":1636521084,"volume":"8.90958955","buyTxId":"MM-P-12058502-59044524-3-33-0","sellTxId":"1c1f4670d9b4850c7ded6eaac099c7a21af51e63"}
{"index": {"_index":"sim","_id":"1938028"}}
	{"id":1938028,"type":"sell","buyer":"jelly-cz","seller":"jrs29","symbol":"SIM","quantity":"266.000","price":"0.00093258","timestamp":1636523115,"volume":"0.24806628","buyTxId":"MM-P-12058502-59044524-3-33-0","sellTxId":"0080ed4d492ba09981fc22a148d2b2c312210a47"}
{"index": {"_index":"sim","_id":"1938031"}}
	{"id":1938031,"type":"sell","buyer":"jelly-cz","seller":"kennysgaminglife","symbol":"SIM","quantity":"1425.109","price":"0.00093258","timestamp":1636523241,"volume":"1.32902815","buyTxId":"MM-P-12058502-59044524-3-33-0","sellTxId":"60c462df0f9fed2ba45af603298380d9e7c51977"}
{"index": {"_index":"sim","_id":"1938076"}}
	{"id":1938076,"type":"sell","buyer":"jelly-cz","seller":"travelgirl","symbol":"SIM","quantity":"16187.000","price":"0.00093258","timestamp":1636524081,"volume":"15.09567246","buyTxId":"MM-P-12058502-59044524-3-33-0","sellTxId":"f61815cdcf2b732fcf66439c049e88110fb1ab0d"}
{"index": {"_index":"sim","_id":"1939927"}}
	{"id":1939927,"type":"sell","buyer":"jelly-cz","seller":"lifeskills-tv","symbol":"SIM","quantity":"2301.600","price":"0.00093302","timestamp":1636539756,"volume":"2.14743883","buyTxId":"MM-P-12064379-59050406-3-33-0","sellTxId":"1804b3f97be482d0b517782e53b51f20c96be1c0"}
{"index": {"_index":"sim","_id":"1939928"}}
	{"id":1939928,"type":"sell","buyer":"jelly-cz","seller":"willsaldeno","symbol":"SIM","quantity":"17567.000","price":"0.00093302","timestamp":1636539801,"volume":"16.39036234","buyTxId":"MM-P-12064379-59050406-3-33-0","sellTxId":"859928359c2d7cb9cc0699b849d7963f29f71f50"}
{"index": {"_index":"sim","_id":"1940053"}}
	{"id":1940053,"type":"buy","buyer":"finris","seller":"pi-trader","symbol":"SIM","quantity":"25000.000","price":"0.00095999","timestamp":1636541175,"volume":"23.99975000","buyTxId":"830ae6178bb11555302ecc6e543c4728e8174acf","sellTxId":"b1014dac8c26ae470ef8c9955a19df7284213673-3"}
{"index": {"_index":"sim","_id":"1940055"}}
	{"id":1940055,"type":"sell","buyer":"jelly-cz","seller":"townshendff","symbol":"SIM","quantity":"3294.240","price":"0.00093302","timestamp":1636541193,"volume":"3.07359180","buyTxId":"MM-P-12064379-59050406-3-33-0","sellTxId":"3c5875146940d56b59ec78c5277fe53cd9632412"}
{"index": {"_index":"sim","_id":"1940668"}}
	{"id":1940668,"type":"sell","buyer":"mmrx","seller":"anderssinho","symbol":"SIM","quantity":"0.334","price":"0.00093303","timestamp":1636546818,"volume":"0.00031163","buyTxId":"MM-P-12065672-59051700-3-40-0","sellTxId":"e98bb9b8231c22bcb9a00d5720f748abb55e050c"}
{"index": {"_index":"sim","_id":"1940720"}}
	{"id":1940720,"type":"sell","buyer":"mmrx","seller":"tonytrillions","symbol":"SIM","quantity":"0.038","price":"0.00093303","timestamp":1636547553,"volume":"0.00003546","buyTxId":"MM-P-12065672-59051700-3-40-0","sellTxId":"b572ae41faee0edc00bb17be6281c91453991b23"}
{"index": {"_index":"sim","_id":"1940917"}}
	{"id":1940917,"type":"sell","buyer":"mmrx","seller":"willsaldeno","symbol":"SIM","quantity":"4019.000","price":"0.00093303","timestamp":1636549038,"volume":"3.74984757","buyTxId":"MM-P-12065672-59051700-3-40-0","sellTxId":"87e1bb511f1ed624d7e0e50c205d33e33b634467"}
{"index": {"_index":"sim","_id":"1940955"}}
	{"id":1940955,"type":"sell","buyer":"mmrx","seller":"magnacarta","symbol":"SIM","quantity":"0.086","price":"0.00093303","timestamp":1636549326,"volume":"0.00008024","buyTxId":"MM-P-12065672-59051700-3-40-0","sellTxId":"d35b0d02c7d23f62f5335399c30c105f9ace0537"}
{"index": {"_index":"sim","_id":"1941053"}}
	{"id":1941053,"type":"sell","buyer":"mmrx","seller":"tonytrillions","symbol":"SIM","quantity":"0.010","price":"0.00093303","timestamp":1636550088,"volume":"0.00000933","buyTxId":"MM-P-12065672-59051700-3-40-0","sellTxId":"00d64c66d915209d8c8ef604f044d80183ed47e1"}
{"index": {"_index":"sim","_id":"1941133"}}
	{"id":1941133,"type":"sell","buyer":"aiovo","seller":"andy4475","symbol":"SIM","quantity":"28.694","price":"0.00093304","timestamp":1636550871,"volume":"0.02677265","buyTxId":"2938eeb11009f39563446fc098233088c02e6ea5","sellTxId":"8fa4fb10c77fd44161f68516b34fd26ff31acb99"}
{"index": {"_index":"sim","_id":"1941897"}}
	{"id":1941897,"type":"buy","buyer":"hhayweaver","seller":"pi-trader","symbol":"SIM","quantity":"2000.000","price":"0.00095930","timestamp":1636558488,"volume":"1.91860000","buyTxId":"1b8bef19a0efd3f3818291a00bf600b8bba2af54","sellTxId":"50848f13859d1a4cbd6ee9e7aca81c52048cc164-11"}
{"index": {"_index":"sim","_id":"1941955"}}
	{"id":1941955,"type":"sell","buyer":"mchero","seller":"automaton","symbol":"SIM","quantity":"1100.000","price":"0.00094000","timestamp":1636559004,"volume":"1.03400000","buyTxId":"54e3b329836976f6f7f3623420d9c8e6bf9a5b91","sellTxId":"30a7c72bdd28aab597e3fe513c843bf65247814b"}
{"index": {"_index":"sim","_id":"1941982"}}
	{"id":1941982,"type":"sell","buyer":"mchero","seller":"mamolya","symbol":"SIM","quantity":"0.703","price":"0.00094000","timestamp":1636559268,"volume":"0.00066082","buyTxId":"54e3b329836976f6f7f3623420d9c8e6bf9a5b91","sellTxId":"419b54c9e49bfec8caaca19409b4286dae96ec63"}
{"index": {"_index":"sim","_id":"1942145"}}
	{"id":1942145,"type":"sell","buyer":"jelly-cz","seller":"epilatero","symbol":"SIM","quantity":"3505","price":"0.00093302","timestamp":1636560303,"volume":"3.27023510","buyTxId":"MM-P-12064379-59050406-3-33-0","sellTxId":"008c3c9660c4902562a5d5d350730f32b4c646e5"}
{"index": {"_index":"sim","_id":"1942190"}}
	{"id":1942190,"type":"sell","buyer":"jelly-cz","seller":"brofi-market","symbol":"SIM","quantity":"0.006","price":"0.00093302","timestamp":1636560798,"volume":"0.00000560","buyTxId":"MM-P-12064379-59050406-3-33-0","sellTxId":"e7b1e34c1d2d4ab5e8d9f4c950646c74e6d22488"}
{"index": {"_index":"sim","_id":"1942220"}}
	{"id":1942220,"type":"sell","buyer":"jelly-cz","seller":"lisamgentile1961","symbol":"SIM","quantity":"12.477","price":"0.00093302","timestamp":1636560960,"volume":"0.01164129","buyTxId":"MM-P-12064379-59050406-3-33-0","sellTxId":"336a4dbcf3fabf9d3df8d5eeffedaeda97280d53"}
{"index": {"_index":"sim","_id":"1942238"}}
	{"id":1942238,"type":"sell","buyer":"jelly-cz","seller":"tussar11","symbol":"SIM","quantity":"10787.000","price":"0.00093302","timestamp":1636561116,"volume":"10.06448674","buyTxId":"MM-P-12064379-59050406-3-33-0","sellTxId":"07eb769bb5561d0c554a93ff81962cba3ed89c8f"}
{"index": {"_index":"sim","_id":"1942450"}}
	{"id":1942450,"type":"sell","buyer":"jelly-cz","seller":"rafelluz","symbol":"SIM","quantity":"50419.325","price":"0.00093302","timestamp":1636562232,"volume":"47.04223861","buyTxId":"MM-P-12064379-59050406-3-33-0","sellTxId":"de65235531d284b7da8d658c925a4c3c0b24eedc"}
{"index": {"_index":"sim","_id":"1942451"}}
	{"id":1942451,"type":"sell","buyer":"roger.remix","seller":"rafelluz","symbol":"SIM","quantity":"10000.000","price":"0.00093300","timestamp":1636562232,"volume":"9.33000000","buyTxId":"e2fe79e1023a193bde728e54fde2417b38ce06c8","sellTxId":"de65235531d284b7da8d658c925a4c3c0b24eedc"}
{"index": {"_index":"sim","_id":"1942452"}}
	{"id":1942452,"type":"sell","buyer":"jelly13","seller":"rafelluz","symbol":"SIM","quantity":"29165.675","price":"0.00093087","timestamp":1636562232,"volume":"27.14945189","buyTxId":"6876fa390e93e747f76e1478b32421a8326863bd","sellTxId":"de65235531d284b7da8d658c925a4c3c0b24eedc"}
{"index": {"_index":"sim","_id":"1942497"}}
	{"id":1942497,"type":"sell","buyer":"jelly-cz","seller":"lightcaptured","symbol":"SIM","quantity":"529.714","price":"0.00093089","timestamp":1636562523,"volume":"0.49310547","buyTxId":"MM-P-12072245-59058277-3-33-0","sellTxId":"3b54f4f6be5c1a4bac30ab898115aa1652b61a7d"}
{"index": {"_index":"sim","_id":"1942546"}}
	{"id":1942546,"type":"sell","buyer":"jelly-cz","seller":"thatcryptodave","symbol":"SIM","quantity":"251.895","price":"0.00093089","timestamp":1636562967,"volume":"0.23448654","buyTxId":"MM-P-12072245-59058277-3-33-0","sellTxId":"7b805c082507a5f0e29c68f19d393ed11d2a5eed"}
{"index": {"_index":"sim","_id":"1942550"}}
	{"id":1942550,"type":"sell","buyer":"jelly-cz","seller":"automaton","symbol":"SIM","quantity":"2500.000","price":"0.00093089","timestamp":1636563000,"volume":"2.32722500","buyTxId":"MM-P-12072245-59058277-3-33-0","sellTxId":"6197207eb2880219485e2ccc171a5f6690a18a5d"}
{"index": {"_index":"sim","_id":"1942714"}}
	{"id":1942714,"type":"sell","buyer":"jelly-cz","seller":"kennysgaminglife","symbol":"SIM","quantity":"855.109","price":"0.00093089","timestamp":1636564605,"volume":"0.79601242","buyTxId":"MM-P-12072245-59058277-3-33-0","sellTxId":"9596b342424e0ddad17cb1bd8661528f441cbdd6"}
{"index": {"_index":"sim","_id":"1942905"}}
	{"id":1942905,"type":"sell","buyer":"jelly-cz","seller":"flaxz","symbol":"SIM","quantity":"9.424","price":"0.00093089","timestamp":1636565742,"volume":"0.00877271","buyTxId":"MM-P-12072245-59058277-3-33-0","sellTxId":"34a760beb92d51979c905908f429388328b9fec4"}
{"index": {"_index":"sim","_id":"1942943"}}
	{"id":1942943,"type":"sell","buyer":"jelly-cz","seller":"peerfinance","symbol":"SIM","quantity":"43.188","price":"0.00093089","timestamp":1636565949,"volume":"0.04020328","buyTxId":"MM-P-12072245-59058277-3-33-0","sellTxId":"8aeca59a8657df9fdab7b83dd1776c38e40d5923"}
{"index": {"_index":"sim","_id":"1943508"}}
	{"id":1943508,"type":"sell","buyer":"enginemaker","seller":"piotr42","symbol":"SIM","quantity":"1416.000","price":"0.00093086","timestamp":1636569669,"volume":"1.31809776","buyTxId":"MM-P-11710075-58695707-3-2-0","sellTxId":"db53798ba60b471b12c6fbe2ef2e2a8e99101ff3"}
{"index": {"_index":"sim","_id":"1943984"}}
	{"id":1943984,"type":"buy","buyer":"eythorphoto","seller":"mmrx","symbol":"SIM","quantity":"370.000","price":"0.00093989","timestamp":1636573851,"volume":"0.34775930","buyTxId":"e991e8d4525159a3923c24e5381d6e83de3991f3","sellTxId":"MM-P-12073542-59059574-3-40-0"}
{"index": {"_index":"sim","_id":"1944026"}}
	{"id":1944026,"type":"sell","buyer":"enginemaker","seller":"vincentnijman","symbol":"SIM","quantity":"1507.560","price":"0.00093086","timestamp":1636574103,"volume":"1.40332730","buyTxId":"MM-P-11710075-58695707-3-2-0","sellTxId":"5162909c55066566297a7dfb6e5df062ce9dc644"}
{"index": {"_index":"sim","_id":"1944099"}}
	{"id":1944099,"type":"sell","buyer":"enginemaker","seller":"desyfit","symbol":"SIM","quantity":"23933.325","price":"0.00093086","timestamp":1636574835,"volume":"22.27857491","buyTxId":"MM-P-11710075-58695707-3-2-0","sellTxId":"6655402310442a99702375118e3794106f9a73dc"}
{"index": {"_index":"sim","_id":"1944100"}}
	{"id":1944100,"type":"sell","buyer":"d-pend","seller":"desyfit","symbol":"SIM","quantity":"76066.675","price":"0.00093000","timestamp":1636574835,"volume":"70.74200775","buyTxId":"4d9b9f9d44627bfa2000e92c7cb55915fa70989a","sellTxId":"6655402310442a99702375118e3794106f9a73dc"}
{"index": {"_index":"sim","_id":"1944164"}}
	{"id":1944164,"type":"sell","buyer":"d-pend","seller":"brofi-market","symbol":"SIM","quantity":"0.001","price":"0.00093000","timestamp":1636575054,"volume":"0.00000093","buyTxId":"4d9b9f9d44627bfa2000e92c7cb55915fa70989a","sellTxId":"e60f8ebc7ad9679135b5e0db7c8f73c613c8a463"}
{"index": {"_index":"sim","_id":"1944222"}}
	{"id":1944222,"type":"sell","buyer":"d-pend","seller":"jrcornel","symbol":"SIM","quantity":"23933.324","price":"0.00093000","timestamp":1636575600,"volume":"22.25799132","buyTxId":"4d9b9f9d44627bfa2000e92c7cb55915fa70989a","sellTxId":"bec0f27acb93274d3c7f6a7cb7bcae3c7c47ebdf"}
{"index": {"_index":"sim","_id":"1944223"}}
	{"id":1944223,"type":"sell","buyer":"mchero","seller":"jrcornel","symbol":"SIM","quantity":"169.000","price":"0.00093000","timestamp":1636575600,"volume":"0.15717000","buyTxId":"22540ecad9be9831b100b300b1bdbe6bb3b730d6","sellTxId":"bec0f27acb93274d3c7f6a7cb7bcae3c7c47ebdf"}
{"index": {"_index":"sim","_id":"1944389"}}
	{"id":1944389,"type":"sell","buyer":"pi-trader","seller":"dswap","symbol":"SIM","quantity":"0.004","price":"0.00092101","timestamp":1636576809,"volume":"0.00000368","buyTxId":"228b90452643a8da6f708f088a739782a5f75ab0-0","sellTxId":"8713236d30d16fbcf1801e54f6a799acc5773930"}
{"index": {"_index":"sim","_id":"1944418"}}
	{"id":1944418,"type":"sell","buyer":"pi-trader","seller":"stayoutoftherz","symbol":"SIM","quantity":"11500.000","price":"0.00092101","timestamp":1636577157,"volume":"10.59161500","buyTxId":"1235cb3055d9200b3077df02ad25dd01a696c7b9-1","sellTxId":"19d0fa4e835c66084c5487ae5094ce87abdd3458"}
{"index": {"_index":"sim","_id":"1944501"}}
	{"id":1944501,"type":"sell","buyer":"pi-trader","seller":"dkid14","symbol":"SIM","quantity":"50000.000","price":"0.00092101","timestamp":1636577739,"volume":"46.05050000","buyTxId":"f3846b6778a8111fb4f617c816e968f45db668c7-3","sellTxId":"4d38ac0c03d70175077d939d33214dca1fab5aee"}
{"index": {"_index":"sim","_id":"1944502"}}
	{"id":1944502,"type":"buy","buyer":"konvik","seller":"dkid14","symbol":"SIM","quantity":"50277.625","price":"0.00092101","timestamp":1636577742,"volume":"46.30619540","buyTxId":"b14250eb1c5b72a10f554b96d873012cb4125fa1-0-0","sellTxId":"4d38ac0c03d70175077d939d33214dca1fab5aee"}
{"index": {"_index":"sim","_id":"1944582"}}
	{"id":1944582,"type":"sell","buyer":"jfang003","seller":"balte","symbol":"SIM","quantity":"500.000","price":"0.00092100","timestamp":1636578504,"volume":"0.46050000","buyTxId":"f74c7cacb28f63832d258a4ada1bb0f0d54f2930","sellTxId":"9648227a7efb252fd937d0286351ec432ce56f4b"}
{"index": {"_index":"sim","_id":"1944583"}}
	{"id":1944583,"type":"sell","buyer":"nyinyiwin","seller":"balte","symbol":"SIM","quantity":"1000.000","price":"0.00092000","timestamp":1636578504,"volume":"0.92000000","buyTxId":"4f1ee0bfc44d87c817a2569247009035c72a1b87","sellTxId":"9648227a7efb252fd937d0286351ec432ce56f4b"}
{"index": {"_index":"sim","_id":"1944584"}}
	{"id":1944584,"type":"sell","buyer":"jelly13","seller":"balte","symbol":"SIM","quantity":"11500.000","price":"0.00090002","timestamp":1636578504,"volume":"10.35023000","buyTxId":"0df1326509f4e3379d9108fe7dadf0329c3b3ad9","sellTxId":"9648227a7efb252fd937d0286351ec432ce56f4b"}
{"index": {"_index":"sim","_id":"1944778"}}
	{"id":1944778,"type":"sell","buyer":"pi-trader","seller":"flauwy","symbol":"SIM","quantity":"6124.000","price":"0.00090003","timestamp":1636579938,"volume":"5.51178372","buyTxId":"85669d4e08268dda05c0fba8c387e62b43a4e097-2","sellTxId":"b8f220eb99a21e0b93a10c58e65364868af89e0d"}
{"index": {"_index":"sim","_id":"1944793"}}
	{"id":1944793,"type":"sell","buyer":"pi-trader","seller":"hirohurl","symbol":"SIM","quantity":"28.873","price":"0.00090003","timestamp":1636580085,"volume":"0.02598657","buyTxId":"3e52e1656420bd0c619189b65d9c0a3c05586f0f-4","sellTxId":"caa3041d3adfa3d062fa8b05aaf8778e3590b7da"}
{"index": {"_index":"sim","_id":"1945018"}}
	{"id":1945018,"type":"sell","buyer":"methus","seller":"resiliencia","symbol":"SIM","quantity":"872.114","price":"0.00090004","timestamp":1636582059,"volume":"0.78493748","buyTxId":"e1b603e8b47dabd95ce9bd27b33bccdb73344ad4","sellTxId":"77e89000a3d3c3f5a6d4b04d6d5c6e5bf7234080"}
{"index": {"_index":"sim","_id":"1945130"}}
	{"id":1945130,"type":"sell","buyer":"pi-trader","seller":"roger.remix","symbol":"SIM","quantity":"12888.541","price":"0.00090005","timestamp":1636583100,"volume":"11.60033133","buyTxId":"ead49b57b6cbf484cb498e99ecba6ade27ebe728-2","sellTxId":"5fc6b00df0acf5e637bc78e46fad03552d99df3c"}
{"index": {"_index":"sim","_id":"1945209"}}
	{"id":1945209,"type":"buy","buyer":"konvik","seller":"mmrx","symbol":"SIM","quantity":"3649.468","price":"0.00092999","timestamp":1636583550,"volume":"3.39396875","buyTxId":"573ea8bd7f65b45f7f02a672016c04e30d138e74-0","sellTxId":"MM-P-12076730-59062763-3-40-0"}
{"index": {"_index":"sim","_id":"1945245"}}
	{"id":1945245,"type":"sell","buyer":"pi-trader","seller":"marfonso","symbol":"SIM","quantity":"1729.255","price":"0.00090005","timestamp":1636583925,"volume":"1.55641596","buyTxId":"098044ba1baa870df58560465dbad50159d12a40-4","sellTxId":"d6c4c17dcbe354e3ae0b0af5d92a4f972dadff4d"}
{"index": {"_index":"sim","_id":"1945353"}}
	{"id":1945353,"type":"sell","buyer":"pi-trader","seller":"m2nnari","symbol":"SIM","quantity":"808.000","price":"0.00090005","timestamp":1636585299,"volume":"0.72724040","buyTxId":"3346e4c140d195ee050cfa1ec74341bf5592b0a4-3","sellTxId":"943d11b190efa00499e5a355a88784e6f3b9aee5"}
{"index": {"_index":"sim","_id":"1945469"}}
	{"id":1945469,"type":"sell","buyer":"pi-trader","seller":"peerfinance","symbol":"SIM","quantity":"150.920","price":"0.00090005","timestamp":1636586028,"volume":"0.13583555","buyTxId":"b642010b30c97cd6e3924ab71d00136d50aa4c2c-5","sellTxId":"7319812f83e81ecc08ba2676d620101a86abcdd0"}
{"index": {"_index":"sim","_id":"1945712"}}
	{"id":1945712,"type":"sell","buyer":"pi-trader","seller":"fantasycrypto","symbol":"SIM","quantity":"14796.065","price":"0.00090005","timestamp":1636588362,"volume":"13.31719830","buyTxId":"f573492186cf5e88dcb0f6085bd6a111646bbcd0-7","sellTxId":"d9b1e1425ee5ea9b85950894934317c6401adf03"}
{"index": {"_index":"sim","_id":"1945729"}}
	{"id":1945729,"type":"buy","buyer":"lrekt01","seller":"jrcornel","symbol":"SIM","quantity":"5.000","price":"0.00093000","timestamp":1636588617,"volume":"0.00465000","buyTxId":"7c4c0da7a499247e1096f5df4ad0699f3b6957d5","sellTxId":"bec0f27acb93274d3c7f6a7cb7bcae3c7c47ebdf"}
{"index": {"_index":"sim","_id":"1945755"}}
	{"id":1945755,"type":"buy","buyer":"eythor-photo22","seller":"jrcornel","symbol":"SIM","quantity":"457.037","price":"0.00093000","timestamp":1636588803,"volume":"0.42504441","buyTxId":"05c47a16590d40054c6d8dde7ad775442dbe8349","sellTxId":"bec0f27acb93274d3c7f6a7cb7bcae3c7c47ebdf"}
{"index": {"_index":"sim","_id":"1945756"}}
	{"id":1945756,"type":"buy","buyer":"konvik","seller":"jrcornel","symbol":"SIM","quantity":"1873.639","price":"0.00093000","timestamp":1636588806,"volume":"1.74248427","buyTxId":"3de2a3e4ca75be0c06df656cb06a71811b699e9b-0","sellTxId":"bec0f27acb93274d3c7f6a7cb7bcae3c7c47ebdf"}
{"index": {"_index":"sim","_id":"1945757"}}
	{"id":1945757,"type":"buy","buyer":"konvik","seller":"brofi-market","symbol":"SIM","quantity":"0.001","price":"0.00093989","timestamp":1636588806,"volume":"0.00000094","buyTxId":"3de2a3e4ca75be0c06df656cb06a71811b699e9b-0","sellTxId":"1dbb5bc1d87d0b047d3af122d909df509c382aae"}
{"index": {"_index":"sim","_id":"1945758"}}
	{"id":1945758,"type":"buy","buyer":"konvik","seller":"axeman","symbol":"SIM","quantity":"1161.000","price":"0.00093990","timestamp":1636588806,"volume":"1.09122390","buyTxId":"3de2a3e4ca75be0c06df656cb06a71811b699e9b-0","sellTxId":"ffed04ec5c7a7e115621b35502debe1ad5967e38"}
{"index": {"_index":"sim","_id":"1945759"}}
	{"id":1945759,"type":"buy","buyer":"konvik","seller":"brofi-market","symbol":"SIM","quantity":"0.006","price":"0.00093999","timestamp":1636588806,"volume":"0.00000564","buyTxId":"3de2a3e4ca75be0c06df656cb06a71811b699e9b-0","sellTxId":"9e631bbdf6593cd58741bafb66631fd00f36ff20"}
{"index": {"_index":"sim","_id":"1945760"}}
	{"id":1945760,"type":"buy","buyer":"konvik","seller":"mamolya","symbol":"SIM","quantity":"1224.693","price":"0.00094000","timestamp":1636588806,"volume":"1.15121142","buyTxId":"3de2a3e4ca75be0c06df656cb06a71811b699e9b-0","sellTxId":"419b54c9e49bfec8caaca19409b4286dae96ec63"}
{"index": {"_index":"sim","_id":"1945771"}}
	{"id":1945771,"type":"buy","buyer":"eythorphoto","seller":"mamolya","symbol":"SIM","quantity":"2000.000","price":"0.00094000","timestamp":1636589085,"volume":"1.88000000","buyTxId":"40a3c585c08f7ab07936c476d155c3e7f7fc0afa","sellTxId":"419b54c9e49bfec8caaca19409b4286dae96ec63"}
{"index": {"_index":"sim","_id":"1945814"}}
	{"id":1945814,"type":"sell","buyer":"pi-trader","seller":"brofi-market","symbol":"SIM","quantity":"0.003","price":"0.00090006","timestamp":1636589418,"volume":"0.00000270","buyTxId":"573c55951ee191bdba747a916c5955cb55da88dd-5","sellTxId":"5624566cf36159c79098b66d860405a971859ef1"}
{"index": {"_index":"sim","_id":"1946078"}}
	{"id":1946078,"type":"sell","buyer":"pi-trader","seller":"captaincryptic","symbol":"SIM","quantity":"345.010","price":"0.00090006","timestamp":1636592088,"volume":"0.31052970","buyTxId":"c90edcec28e5bf67f0f46baf4ca64ea6f7fc01a7-6","sellTxId":"d979a80672b98816688731dc6bdaee8b63d6eaf9"}
{"index": {"_index":"sim","_id":"1946149"}}
	{"id":1946149,"type":"sell","buyer":"pi-trader","seller":"roger.remix","symbol":"SIM","quantity":"50000.000","price":"0.00090006","timestamp":1636592832,"volume":"45.00300000","buyTxId":"93e6969ac79db12ad4b35c7d02756291128417ce-3","sellTxId":"484ebdb3059f45bd72033ba50929a3d1844e7ce0"}
{"index": {"_index":"sim","_id":"1946150"}}
	{"id":1946150,"type":"sell","buyer":"mchero","seller":"roger.remix","symbol":"SIM","quantity":"6322.972","price":"0.00090005","timestamp":1636592832,"volume":"5.69099095","buyTxId":"116110d800de646ed5c8ce6434478833bcf6daa5","sellTxId":"484ebdb3059f45bd72033ba50929a3d1844e7ce0"}
{"index": {"_index":"sim","_id":"1946151"}}
	{"id":1946151,"type":"sell","buyer":"methus","seller":"roger.remix","symbol":"SIM","quantity":"99127.886","price":"0.00090004","timestamp":1636592832,"volume":"89.21906252","buyTxId":"e1b603e8b47dabd95ce9bd27b33bccdb73344ad4","sellTxId":"484ebdb3059f45bd72033ba50929a3d1844e7ce0"}
{"index": {"_index":"sim","_id":"1946152"}}
	{"id":1946152,"type":"sell","buyer":"princekham","seller":"roger.remix","symbol":"SIM","quantity":"8600.000","price":"0.00090003","timestamp":1636592832,"volume":"7.74025800","buyTxId":"af21043c23aaa8d8ac3684b9cdef50be4e10d765","sellTxId":"484ebdb3059f45bd72033ba50929a3d1844e7ce0"}
{"index": {"_index":"sim","_id":"1946153"}}
	{"id":1946153,"type":"sell","buyer":"jelly13","seller":"roger.remix","symbol":"SIM","quantity":"33500.000","price":"0.00090002","timestamp":1636592832,"volume":"30.15067000","buyTxId":"0df1326509f4e3379d9108fe7dadf0329c3b3ad9","sellTxId":"484ebdb3059f45bd72033ba50929a3d1844e7ce0"}
{"index": {"_index":"sim","_id":"1946154"}}
	{"id":1946154,"type":"sell","buyer":"pokerarema","seller":"roger.remix","symbol":"SIM","quantity":"426000.000","price":"0.00090001","timestamp":1636592832,"volume":"383.40426000","buyTxId":"677c7492ed1b3b7d333cc67cb48087d39cd3b947","sellTxId":"484ebdb3059f45bd72033ba50929a3d1844e7ce0"}
{"index": {"_index":"sim","_id":"1946155"}}
	{"id":1946155,"type":"sell","buyer":"jelly13","seller":"roger.remix","symbol":"SIM","quantity":"200000.000","price":"0.00090001","timestamp":1636592832,"volume":"180.00200000","buyTxId":"942a620c96ab847fefcee32e9318be51d1e2c673","sellTxId":"484ebdb3059f45bd72033ba50929a3d1844e7ce0"}
{"index": {"_index":"sim","_id":"1946156"}}
	{"id":1946156,"type":"sell","buyer":"d-pend","seller":"roger.remix","symbol":"SIM","quantity":"47542.257","price":"0.00090000","timestamp":1636592832,"volume":"42.78803130","buyTxId":"613e4a9e9204b86ebdfb98b326db130bd8e0713b","sellTxId":"484ebdb3059f45bd72033ba50929a3d1844e7ce0"}
{"index": {"_index":"sim","_id":"1946157"}}
	{"id":1946157,"type":"sell","buyer":"enginemaker","seller":"roger.remix","symbol":"SIM","quantity":"27777.778","price":"0.00090000","timestamp":1636592832,"volume":"25.00000020","buyTxId":"MM-P-12076430-59062463-3-2-0","sellTxId":"484ebdb3059f45bd72033ba50929a3d1844e7ce0"}
{"index": {"_index":"sim","_id":"1946158"}}
	{"id":1946158,"type":"sell","buyer":"jelly-cz","seller":"roger.remix","symbol":"SIM","quantity":"91415.831","price":"0.00089700","timestamp":1636592832,"volume":"82.00000041","buyTxId":"MM-P-12077623-59063657-3-33-0","sellTxId":"484ebdb3059f45bd72033ba50929a3d1844e7ce0"}
{"index": {"_index":"sim","_id":"1946159"}}
	{"id":1946159,"type":"sell","buyer":"d-pend","seller":"roger.remix","symbol":"SIM","quantity":"9713.276","price":"0.00089000","timestamp":1636592832,"volume":"8.64481564","buyTxId":"36e3f901a9b36231024d7ae915871010aa4d6c9a","sellTxId":"484ebdb3059f45bd72033ba50929a3d1844e7ce0"}
{"index": {"_index":"sim","_id":"1946227"}}
	{"id":1946227,"type":"buy","buyer":"frugal-fun","seller":"mamolya","symbol":"SIM","quantity":"1034.604","price":"0.00094000","timestamp":1636593558,"volume":"0.97252776","buyTxId":"a3fe1e19083cb9bbf60ad9220670bd7fb7730413","sellTxId":"419b54c9e49bfec8caaca19409b4286dae96ec63"}
{"index": {"_index":"sim","_id":"1946228"}}
	{"id":1946228,"type":"buy","buyer":"frugal-fun","seller":"brofi-market","symbol":"SIM","quantity":"0.003","price":"0.00094000","timestamp":1636593558,"volume":"0.00000282","buyTxId":"a3fe1e19083cb9bbf60ad9220670bd7fb7730413","sellTxId":"617fa39368d80b411ea67d79a1d6f8709534d6d5"}
{"index": {"_index":"sim","_id":"1946473"}}
	{"id":1946473,"type":"sell","buyer":"holovision.cash","seller":"elizabeths14","symbol":"SIM","quantity":"2.230","price":"0.00092000","timestamp":1636596126,"volume":"0.00205160","buyTxId":"7a7711bb222158c4a9f67c9b9cb8f9037ca36d2a","sellTxId":"6048a7bc1c6be6903cdb7fc8036716297a92d100"}
{"index": {"_index":"sim","_id":"1946474"}}
	{"id":1946474,"type":"sell","buyer":"pi-trader","seller":"elizabeths14","symbol":"SIM","quantity":"3000.177","price":"0.00090001","timestamp":1636596126,"volume":"2.70018930","buyTxId":"07968f77abaee4e08139637be749ddf8d2825870-1","sellTxId":"6048a7bc1c6be6903cdb7fc8036716297a92d100"}
{"index": {"_index":"sim","_id":"1946559"}}
	{"id":1946559,"type":"sell","buyer":"pi-trader","seller":"theguruasia","symbol":"SIM","quantity":"2301.856","price":"0.00090001","timestamp":1636597221,"volume":"2.07169342","buyTxId":"a90386d8c30abdc8a39d2746e2b9ecb01b62a59d-5","sellTxId":"37184c67d01c8a96301d23aec76b87b98aa93fdd"}
{"index": {"_index":"sim","_id":"1946726"}}
	{"id":1946726,"type":"sell","buyer":"pi-trader","seller":"magnacarta","symbol":"SIM","quantity":"0.302","price":"0.00090001","timestamp":1636598832,"volume":"0.00027180","buyTxId":"212157576973093c109f6dc6abe6a9f84c17b495-6","sellTxId":"901496b77e34bec1db675f02d11051a38744f3c9"}
{"index": {"_index":"sim","_id":"1946774"}}
	{"id":1946774,"type":"sell","buyer":"pi-trader","seller":"lv99-rd-chocobo","symbol":"SIM","quantity":"95.464","price":"0.00090001","timestamp":1636599141,"volume":"0.08591855","buyTxId":"66dc6f199761668ff0b4f4694f112855f60e6f68-3","sellTxId":"3ae6ae85a799ea6967669e4dd8facff80fdf91c8"}
{"index": {"_index":"sim","_id":"1946811"}}
	{"id":1946811,"type":"sell","buyer":"pi-trader","seller":"andy4475","symbol":"SIM","quantity":"25.482","price":"0.00092102","timestamp":1636599402,"volume":"0.02346943","buyTxId":"ed6412e22fca6cf931089489d698930b1cbaf2a7-3","sellTxId":"84a57479b16935264184138fd253f5634c9111e9"}
{"index": {"_index":"sim","_id":"1947004"}}
	{"id":1947004,"type":"buy","buyer":"fitcoin","seller":"lulu-the-fizzgig","symbol":"SIM","quantity":"1000.050","price":"0.00095977","timestamp":1636601742,"volume":"0.95981799","buyTxId":"39e3ed515f4a98fcc69939e3d5ff6df0c82855de","sellTxId":"b844bf757e00b0f379e8dc3835c7db79d1f674cf"}
{"index": {"_index":"sim","_id":"1947005"}}
	{"id":1947005,"type":"buy","buyer":"fitcoin","seller":"ganjafarmer","symbol":"SIM","quantity":"1.763","price":"0.00095977","timestamp":1636601742,"volume":"0.00169207","buyTxId":"39e3ed515f4a98fcc69939e3d5ff6df0c82855de","sellTxId":"9b77d96e54a9f215e2bb8ed4a095e77b87a27b8e"}
{"index": {"_index":"sim","_id":"1947006"}}
	{"id":1947006,"type":"buy","buyer":"fitcoin","seller":"enginemaker","symbol":"SIM","quantity":"1416.000","price":"0.00095995","timestamp":1636601742,"volume":"1.35928920","buyTxId":"39e3ed515f4a98fcc69939e3d5ff6df0c82855de","sellTxId":"MM-P-12074736-59060768-3-2-0"}
{"index": {"_index":"sim","_id":"1947007"}}
	{"id":1947007,"type":"buy","buyer":"fitcoin","seller":"he-index","symbol":"SIM","quantity":"61.946","price":"0.00095999","timestamp":1636601742,"volume":"0.05946754","buyTxId":"39e3ed515f4a98fcc69939e3d5ff6df0c82855de","sellTxId":"ad1e3d6a4459d1af8c90576e515e71714b436f40"}
{"index": {"_index":"sim","_id":"1947008"}}
	{"id":1947008,"type":"buy","buyer":"fitcoin","seller":"bigram13","symbol":"SIM","quantity":"870.241","price":"0.00096000","timestamp":1636601742,"volume":"0.83543136","buyTxId":"39e3ed515f4a98fcc69939e3d5ff6df0c82855de","sellTxId":"3664ea229f0a45e6ad329e3a3cef268f31421e9e"}
{"index": {"_index":"sim","_id":"1947062"}}
	{"id":1947062,"type":"sell","buyer":"pi-trader","seller":"razam","symbol":"SIM","quantity":"3.000","price":"0.00092103","timestamp":1636602576,"volume":"0.00276309","buyTxId":"af737a0824cc3d79347dd3fed0604fd730753129-1","sellTxId":"3010e0d250ecb5bbb492e675f78e206b39818294"}
