{"index": {"_index":"sim","_id":"3327680"}}
	{"id":3327680,"type":"buy","buyer":"libert","seller":"nftmart.fees","symbol":"SIM","quantity":"59.000","price":"0.00040995","timestamp":1651459083,"volume":"0.02418705","buyTxId":"7199a2f904ec228b7f162c14ccba30458c3905e9","sellTxId":"4fb248bf62d5c17877a01c0ebe7727f76bc922a2-0"}
{"index": {"_index":"sim","_id":"3327681"}}
	{"id":3327681,"type":"buy","buyer":"libert","seller":"dhedge-drips","symbol":"SIM","quantity":"10.500","price":"0.00040996","timestamp":1651459083,"volume":"0.00430458","buyTxId":"7199a2f904ec228b7f162c14ccba30458c3905e9","sellTxId":"d1251ea006bca271c29dca6e749d07148fb6aa6b"}
{"index": {"_index":"sim","_id":"3327682"}}
	{"id":3327682,"type":"buy","buyer":"libert","seller":"crypto-dz","symbol":"SIM","quantity":"11199.620","price":"0.00040997","timestamp":1651459083,"volume":"4.59150837","buyTxId":"7199a2f904ec228b7f162c14ccba30458c3905e9","sellTxId":"73fed43585e1c8584afc6ea6d3aecafab94d3a29"}
{"index": {"_index":"sim","_id":"3328064"}}
	{"id":3328064,"type":"sell","buyer":"low-key101","seller":"steem.services","symbol":"SIM","quantity":"7493.694","price":"0.00040701","timestamp":1651463715,"volume":"3.05000839","buyTxId":"6fc376977d47d56803bbe3a9a7eeeb22a7ad7f33","sellTxId":"6d4505183ee9b4bc415cf26f9202aff6b0dccc0d"}
{"index": {"_index":"sim","_id":"3328065"}}
	{"id":3328065,"type":"sell","buyer":"animocin","seller":"steem.services","symbol":"SIM","quantity":"6989.156","price":"0.00040700","timestamp":1651463715,"volume":"2.84458649","buyTxId":"4a828ee729728a616e333f4564f49cbabee9f9cd","sellTxId":"6d4505183ee9b4bc415cf26f9202aff6b0dccc0d"}
{"index": {"_index":"sim","_id":"3328066"}}
	{"id":3328066,"type":"sell","buyer":"jelly-cz","seller":"steem.services","symbol":"SIM","quantity":"76381.293","price":"0.00040607","timestamp":1651463715,"volume":"31.01615165","buyTxId":"MM-P-17016446-64006099-3-29-0","sellTxId":"6d4505183ee9b4bc415cf26f9202aff6b0dccc0d"}
{"index": {"_index":"sim","_id":"3328067"}}
	{"id":3328067,"type":"sell","buyer":"he-index","seller":"steem.services","symbol":"SIM","quantity":"143.366","price":"0.00040456","timestamp":1651463715,"volume":"0.05800015","buyTxId":"906291d80da0974607c4922afebeb969345ed003","sellTxId":"6d4505183ee9b4bc415cf26f9202aff6b0dccc0d"}
{"index": {"_index":"sim","_id":"3328068"}}
	{"id":3328068,"type":"sell","buyer":"he-index","seller":"steem.services","symbol":"SIM","quantity":"316.393","price":"0.00040456","timestamp":1651463715,"volume":"0.12799995","buyTxId":"954ad23e2de369fcb5b77dff6019c45b90664cae","sellTxId":"6d4505183ee9b4bc415cf26f9202aff6b0dccc0d"}
{"index": {"_index":"sim","_id":"3328069"}}
	{"id":3328069,"type":"sell","buyer":"ianmcg","seller":"steem.services","symbol":"SIM","quantity":"70792.181","price":"0.00040000","timestamp":1651463715,"volume":"28.31687240","buyTxId":"9f9a0acc31770b9117e4499c65c614103c051e2e","sellTxId":"6d4505183ee9b4bc415cf26f9202aff6b0dccc0d"}
{"index": {"_index":"sim","_id":"3328585"}}
	{"id":3328585,"type":"sell","buyer":"jelly-cz","seller":"digital-fortress","symbol":"SIM","quantity":"1.302","price":"0.00040304","timestamp":1651471296,"volume":"0.00052476","buyTxId":"MM-P-17022435-64012088-3-29-0","sellTxId":"8d47699d68b59f8efffb5489d1897d2ceb339a9a"}
{"index": {"_index":"sim","_id":"3328677"}}
	{"id":3328677,"type":"sell","buyer":"jelly-cz","seller":"dswap","symbol":"SIM","quantity":"83","price":"0.00040304","timestamp":1651471560,"volume":"0.03345232","buyTxId":"MM-P-17022435-64012088-3-29-0","sellTxId":"b3c0b5f69e4b973a4461ab2c805c5a672686e77e"}
{"index": {"_index":"sim","_id":"3328856"}}
	{"id":3328856,"type":"sell","buyer":"jelly-cz","seller":"dhedge-drips","symbol":"SIM","quantity":"12.862","price":"0.00040304","timestamp":1651473921,"volume":"0.00518390","buyTxId":"MM-P-17022435-64012088-3-29-0","sellTxId":"23824f3abe12bcc2d6b1ae51145e181de8ad1d2b"}
{"index": {"_index":"sim","_id":"3329131"}}
	{"id":3329131,"type":"buy","buyer":"gastontrussi","seller":"nftmart.fees","symbol":"SIM","quantity":"55.000","price":"0.00040995","timestamp":1651478574,"volume":"0.02254725","buyTxId":"79c95293f54e022bc1d24dd09b667377ebe3f857","sellTxId":"838b1b77a993e5e8e7ce5041d793c766268bb289-0"}
{"index": {"_index":"sim","_id":"3329134"}}
	{"id":3329134,"type":"buy","buyer":"gastontrussi","seller":"dhedge-drips","symbol":"SIM","quantity":"12.862","price":"0.00040996","timestamp":1651478592,"volume":"0.00527291","buyTxId":"7c9896aab0703bf849308d7005982b5d8d60216f","sellTxId":"201f3b12dfd0cf74925811bb6ee2fdbece56a189"}
{"index": {"_index":"sim","_id":"3329135"}}
	{"id":3329135,"type":"buy","buyer":"gastontrussi","seller":"pi-trader","symbol":"SIM","quantity":"50000.000","price":"0.00040996","timestamp":1651478592,"volume":"20.49800000","buyTxId":"7c9896aab0703bf849308d7005982b5d8d60216f","sellTxId":"67a545ff30a329c2cf9067d170978e1d385318bc-4"}
{"index": {"_index":"sim","_id":"3329141"}}
	{"id":3329141,"type":"buy","buyer":"gastontrussi","seller":"pi-trader","symbol":"SIM","quantity":"2350.230","price":"0.00040996","timestamp":1651478613,"volume":"0.96350029","buyTxId":"acb5cd4ceb3f286cbd097eb36ad2bcc748e8e97e","sellTxId":"ac6ddf4daaa7d96cff73269e19478fcc1a3275d7-5"}
{"index": {"_index":"sim","_id":"3329143"}}
	{"id":3329143,"type":"buy","buyer":"gastontrussi","seller":"pi-trader","symbol":"SIM","quantity":"47649.770","price":"0.00040996","timestamp":1651478631,"volume":"19.53449971","buyTxId":"30eab3a20883d6d25d7bf09dab6dd958283110d2","sellTxId":"ac6ddf4daaa7d96cff73269e19478fcc1a3275d7-5"}
{"index": {"_index":"sim","_id":"3329146"}}
	{"id":3329146,"type":"buy","buyer":"gastontrussi","seller":"crypto-dz","symbol":"SIM","quantity":"2350.230","price":"0.00040997","timestamp":1651478667,"volume":"0.96352379","buyTxId":"2cd503fb2005dc933dec26873a79e6597c03ff39","sellTxId":"73fed43585e1c8584afc6ea6d3aecafab94d3a29"}
{"index": {"_index":"sim","_id":"3329149"}}
	{"id":3329149,"type":"buy","buyer":"gastontrussi","seller":"allfabeta","symbol":"SIM","quantity":"3000.000","price":"0.00041400","timestamp":1651478688,"volume":"1.24200000","buyTxId":"476b7986a41c9a887f7df426e4c93a04530011fe","sellTxId":"b3933f2283d27bc41a768d098b264810fe8037c4"}
{"index": {"_index":"sim","_id":"3329155"}}
	{"id":3329155,"type":"buy","buyer":"gastontrussi","seller":"pi-trader","symbol":"SIM","quantity":"50000.000","price":"0.00041497","timestamp":1651478748,"volume":"20.74850000","buyTxId":"9f5b1cd7ff6c3655fae1ee5d7d227b87197ebb1f","sellTxId":"044c55d7d52b671aec3bbbc3a8107461b67ddf95-2"}
{"index": {"_index":"sim","_id":"3329608"}}
	{"id":3329608,"type":"buy","buyer":"assassyn","seller":"nftmart.fees","symbol":"SIM","quantity":"48.000","price":"0.00041494","timestamp":1651484301,"volume":"0.01991712","buyTxId":"cc0d28022c093a046f5bbee2722c38fe90711987","sellTxId":"35c7d5ebe73fe54f44ae251a8256eef189a6d7be-0"}
{"index": {"_index":"sim","_id":"3329609"}}
	{"id":3329609,"type":"buy","buyer":"assassyn","seller":"pi-trader","symbol":"SIM","quantity":"87.986","price":"0.00041495","timestamp":1651484301,"volume":"0.03650988","buyTxId":"cc0d28022c093a046f5bbee2722c38fe90711987","sellTxId":"f5f7cc52fdd273c9fcc53cc889a9814a9af22156-3"}
{"index": {"_index":"sim","_id":"3329630"}}
	{"id":3329630,"type":"buy","buyer":"ana-maria","seller":"pi-trader","symbol":"SIM","quantity":"1200.000","price":"0.00041495","timestamp":1651484667,"volume":"0.49794000","buyTxId":"8213bae7e6d1d7a42c0181b534596875ce9b4bce","sellTxId":"5ab7ea54b58024176e88dc30653c74f11e734d29-2"}
{"index": {"_index":"sim","_id":"3329652"}}
	{"id":3329652,"type":"buy","buyer":"ana-maria","seller":"pi-trader","symbol":"SIM","quantity":"2400.000","price":"0.00041497","timestamp":1651484922,"volume":"0.99592800","buyTxId":"6cfdb009c54d5ccb8d6d9e180b62cf365dae9c11","sellTxId":"866c413614a5798863d6f512364b5b813cd07063-6"}
{"index": {"_index":"sim","_id":"3329660"}}
	{"id":3329660,"type":"sell","buyer":"pi-trader","seller":"pele23","symbol":"SIM","quantity":"0.011","price":"0.00040306","timestamp":1651485009,"volume":"0.00000443","buyTxId":"56907c6d85e52b74f74032d99d90c9db5d45bfb5","sellTxId":"3cbc3e7b372f2b9d79c2d4d842101f11c5e22f14"}
{"index": {"_index":"sim","_id":"3329666"}}
	{"id":3329666,"type":"buy","buyer":"ana-maria","seller":"pi-trader","symbol":"SIM","quantity":"3600.000","price":"0.00041497","timestamp":1651485132,"volume":"1.49389200","buyTxId":"6090d105a4a57b66b6eb6f4f2b7f2ec17bc8747a","sellTxId":"3913aa643c1029c793bcc489e630d31d831416ca-2"}
{"index": {"_index":"sim","_id":"3329706"}}
	{"id":3329706,"type":"buy","buyer":"ana-maria","seller":"nftmart.fees","symbol":"SIM","quantity":"42.000","price":"0.00041496","timestamp":1651485351,"volume":"0.01742832","buyTxId":"0807b3ba3ef159f4cd6d56ffa2b51f41b9954909","sellTxId":"991448bef6153717085e33ffe4b10cd39ac9f221-0"}
{"index": {"_index":"sim","_id":"3329711"}}
	{"id":3329711,"type":"buy","buyer":"ana-maria","seller":"pi-trader","symbol":"SIM","quantity":"2400.000","price":"0.00041497","timestamp":1651485375,"volume":"0.99592800","buyTxId":"bb3c1b0cd5bdd3b162c02ef9c05508f24df90d1e","sellTxId":"81fe4022c4b3e63f055802b27a1dcda378daac5d-2"}
{"index": {"_index":"sim","_id":"3329720"}}
	{"id":3329720,"type":"buy","buyer":"ana-maria","seller":"pi-trader","symbol":"SIM","quantity":"1200.000","price":"0.00041497","timestamp":1651485513,"volume":"0.49796400","buyTxId":"27b1406bd52d07d9d6282d2046af5314d24f4232","sellTxId":"a3d4faf5d146f53898b058ee2b0ce91ba64f6fb6-4"}
{"index": {"_index":"sim","_id":"3329785"}}
	{"id":3329785,"type":"buy","buyer":"ana-maria","seller":"nftmart.fees","symbol":"SIM","quantity":"36.000","price":"0.00041496","timestamp":1651486449,"volume":"0.01493856","buyTxId":"87714d0f893a94457ac0e580f6afa825579d6de0","sellTxId":"96b48d3adc5f25849e1f91b3b4d0447ff5382a1c-0"}
{"index": {"_index":"sim","_id":"3329786"}}
	{"id":3329786,"type":"buy","buyer":"ana-maria","seller":"pi-trader","symbol":"SIM","quantity":"184.000","price":"0.00041497","timestamp":1651486449,"volume":"0.07635448","buyTxId":"87714d0f893a94457ac0e580f6afa825579d6de0","sellTxId":"8342d2362c4caf132677e62197a9be71233a47dd-5"}
{"index": {"_index":"sim","_id":"3329962"}}
	{"id":3329962,"type":"buy","buyer":"ana-maria","seller":"nftmart.fees","symbol":"SIM","quantity":"32.000","price":"0.00041496","timestamp":1651488525,"volume":"0.01327872","buyTxId":"534fc293298220a0ea3bf63a194ecb6c3111a724","sellTxId":"1d1f368eed82004776086214a0bf3450e4dba668-0"}
{"index": {"_index":"sim","_id":"3329964"}}
	{"id":3329964,"type":"buy","buyer":"ana-maria","seller":"pi-trader","symbol":"SIM","quantity":"50000.000","price":"0.00041497","timestamp":1651488555,"volume":"20.74850000","buyTxId":"3844b2d18f09b5877d4507dd74685193d5a63489","sellTxId":"12351eba34a51ea98057eb2d621a958ddf99c849-6"}
{"index": {"_index":"sim","_id":"3330015"}}
	{"id":3330015,"type":"buy","buyer":"oblivion-bloom","seller":"nftmart.fees","symbol":"SIM","quantity":"28.000","price":"0.00041496","timestamp":1651489218,"volume":"0.01161888","buyTxId":"755cbb6406dae86694aa361248c13775cfb9aae4","sellTxId":"a73f09ba43b2f891387f47b119e51d6820a02885-0"}
{"index": {"_index":"sim","_id":"3330016"}}
	{"id":3330016,"type":"buy","buyer":"oblivion-bloom","seller":"pi-trader","symbol":"SIM","quantity":"3172.000","price":"0.00041497","timestamp":1651489218,"volume":"1.31628484","buyTxId":"755cbb6406dae86694aa361248c13775cfb9aae4","sellTxId":"af05242878c035ccefc5b28dfb358a9e9d37e67a-7"}
{"index": {"_index":"sim","_id":"3330179"}}
	{"id":3330179,"type":"sell","buyer":"low-key101","seller":"steemstreems","symbol":"SIM","quantity":"1534.784","price":"0.00040458","timestamp":1651491129,"volume":"0.62094291","buyTxId":"020f982bd03364e4f25d12c8602d22543f19aedf","sellTxId":"5d807881a52066f0bd0b31e072d1af99876704fe"}
{"index": {"_index":"sim","_id":"3330189"}}
	{"id":3330189,"type":"buy","buyer":"oblivion-bloom","seller":"pi-trader","symbol":"SIM","quantity":"500.000","price":"0.00041495","timestamp":1651491216,"volume":"0.20747500","buyTxId":"97cc2eb5759151e0167b68bc518b21627dff628d","sellTxId":"3c21691babe00907154229b2ff57d061e0c5c169-2"}
{"index": {"_index":"sim","_id":"3330355"}}
	{"id":3330355,"type":"sell","buyer":"low-key101","seller":"andy4475","symbol":"SIM","quantity":"17.635","price":"0.00040458","timestamp":1651492596,"volume":"0.00713477","buyTxId":"020f982bd03364e4f25d12c8602d22543f19aedf","sellTxId":"775370be9019c454ac46cfc15fe94f5c781e63f7"}
{"index": {"_index":"sim","_id":"3330454"}}
	{"id":3330454,"type":"buy","buyer":"openwide","seller":"nftmart.fees","symbol":"SIM","quantity":"32.000","price":"0.00041494","timestamp":1651493706,"volume":"0.01327808","buyTxId":"03f6af72040d123a18972e14ad2e1b59c83bc896","sellTxId":"8de1fa2e4f3defaa2835e2e6b28a6a555266e65f-0"}
{"index": {"_index":"sim","_id":"3330455"}}
	{"id":3330455,"type":"buy","buyer":"openwide","seller":"pi-trader","symbol":"SIM","quantity":"47589.641","price":"0.00041495","timestamp":1651493706,"volume":"19.74732153","buyTxId":"03f6af72040d123a18972e14ad2e1b59c83bc896","sellTxId":"83b8211c58de0c49a4c9b28a5f017be8efa69c7a-6"}
{"index": {"_index":"sim","_id":"3330587"}}
	{"id":3330587,"type":"sell","buyer":"low-key101","seller":"dhedge-drips","symbol":"SIM","quantity":"0.001","price":"0.00040458","timestamp":1651495515,"volume":"0.00000040","buyTxId":"020f982bd03364e4f25d12c8602d22543f19aedf","sellTxId":"f45cfcf0f81b9109ec56321f48d04bbe83dfd3f0"}
{"index": {"_index":"sim","_id":"3330602"}}
	{"id":3330602,"type":"sell","buyer":"low-key101","seller":"steem82868","symbol":"SIM","quantity":"0.010","price":"0.00040458","timestamp":1651495689,"volume":"0.00000405","buyTxId":"020f982bd03364e4f25d12c8602d22543f19aedf","sellTxId":"2a93cd64f46143d40b387c4e0c18fabaf1dc3d51"}
{"index": {"_index":"sim","_id":"3330605"}}
	{"id":3330605,"type":"sell","buyer":"low-key101","seller":"brianhuang","symbol":"SIM","quantity":"5.602","price":"0.00040458","timestamp":1651495770,"volume":"0.00226646","buyTxId":"020f982bd03364e4f25d12c8602d22543f19aedf","sellTxId":"90f98309c49fc7be03bf6dcc6304cc71230be5a9"}
{"index": {"_index":"sim","_id":"3330620"}}
	{"id":3330620,"type":"sell","buyer":"low-key101","seller":"crypto-dz","symbol":"SIM","quantity":"3956.750","price":"0.00040458","timestamp":1651495983,"volume":"1.60082192","buyTxId":"020f982bd03364e4f25d12c8602d22543f19aedf","sellTxId":"c3968452fcb498565cf8a2eadc8ad939ddd4d956"}
{"index": {"_index":"sim","_id":"3330621"}}
	{"id":3330621,"type":"sell","buyer":"low-key101","seller":"nftmart.fees","symbol":"SIM","quantity":"188.100","price":"0.00040458","timestamp":1651495986,"volume":"0.07610150","buyTxId":"020f982bd03364e4f25d12c8602d22543f19aedf","sellTxId":"38f90e97ad5cfab208bef64326532e2cc810a9dd"}
{"index": {"_index":"sim","_id":"3330780"}}
	{"id":3330780,"type":"buy","buyer":"oblivion-bloom","seller":"nftmart.fees","symbol":"SIM","quantity":"3.000","price":"0.00041493","timestamp":1651498041,"volume":"0.00124479","buyTxId":"891750c2f53c3be669dfa5e4df70d31ee6fc7e69","sellTxId":"90dc56988b25324f3ce1102aa76422baf8676485-0"}
{"index": {"_index":"sim","_id":"3330781"}}
	{"id":3330781,"type":"buy","buyer":"oblivion-bloom","seller":"dhedge-drips","symbol":"SIM","quantity":"0.001","price":"0.00041494","timestamp":1651498041,"volume":"0.00000041","buyTxId":"891750c2f53c3be669dfa5e4df70d31ee6fc7e69","sellTxId":"beb13689ff9f23175598b6f880f0bb19776b2f21"}
{"index": {"_index":"sim","_id":"3330782"}}
	{"id":3330782,"type":"buy","buyer":"oblivion-bloom","seller":"pi-trader","symbol":"SIM","quantity":"763.999","price":"0.00041497","timestamp":1651498041,"volume":"0.31703667","buyTxId":"891750c2f53c3be669dfa5e4df70d31ee6fc7e69","sellTxId":"fcc31d6b5c9f29554db7762e6b0bd6cb1e84181b-2"}
{"index": {"_index":"sim","_id":"3330798"}}
	{"id":3330798,"type":"buy","buyer":"oblivion-bloom","seller":"pi-trader","symbol":"SIM","quantity":"7380.000","price":"0.00041497","timestamp":1651498335,"volume":"3.06247860","buyTxId":"b01b39deec9078b8c5593047ebe5d36b3f9728cf","sellTxId":"bd11cf6c45fff41785cf36cea360db4a8a0e67e5-4"}
{"index": {"_index":"sim","_id":"3330980"}}
	{"id":3330980,"type":"sell","buyer":"low-key101","seller":"darmst5339","symbol":"SIM","quantity":"30.739","price":"0.00040458","timestamp":1651501047,"volume":"0.01243638","buyTxId":"020f982bd03364e4f25d12c8602d22543f19aedf","sellTxId":"b8e62100f60f60fa503cbfea8b8adabfad7687fd"}
{"index": {"_index":"sim","_id":"3331404"}}
	{"id":3331404,"type":"sell","buyer":"low-key101","seller":"bearbear613","symbol":"SIM","quantity":"695.791","price":"0.00040458","timestamp":1651504551,"volume":"0.28150312","buyTxId":"020f982bd03364e4f25d12c8602d22543f19aedf","sellTxId":"0b74f574f8d81d373054918bf9589404901305db"}
{"index": {"_index":"sim","_id":"3331647"}}
	{"id":3331647,"type":"buy","buyer":"ianmcg","seller":"nftmart.fees","symbol":"SIM","quantity":"3.000","price":"0.00040986","timestamp":1651506645,"volume":"0.00122958","buyTxId":"07bbcf30dd891a3f7af8181b7adbf7601dea7c44","sellTxId":"ed8fe9022d333b5f4f5cd4c0a87947474a67c721-0"}
{"index": {"_index":"sim","_id":"3331648"}}
	{"id":3331648,"type":"buy","buyer":"ianmcg","seller":"crypto-dz","symbol":"SIM","quantity":"147.000","price":"0.00040987","timestamp":1651506645,"volume":"0.06025089","buyTxId":"07bbcf30dd891a3f7af8181b7adbf7601dea7c44","sellTxId":"e06d62f98405942b6c3a873b88ec4c6752db18a2"}
{"index": {"_index":"sim","_id":"3331657"}}
	{"id":3331657,"type":"sell","buyer":"jelly-cz","seller":"stickupcash","symbol":"SIM","quantity":"10000.000","price":"0.00040651","timestamp":1651506840,"volume":"4.06510000","buyTxId":"MM-P-17036587-64026251-3-29-0","sellTxId":"dda155465f5c3196c94255fe9c0955d12d8626b8"}
{"index": {"_index":"sim","_id":"3331879"}}
	{"id":3331879,"type":"sell","buyer":"jelly-cz","seller":"reseller","symbol":"SIM","quantity":"68645.052","price":"0.00040651","timestamp":1651508607,"volume":"27.90490009","buyTxId":"MM-P-17036587-64026251-3-29-0","sellTxId":"2b39d959e4efca069ef7d86eacfb30f765ea1bbd"}
{"index": {"_index":"sim","_id":"3331880"}}
	{"id":3331880,"type":"sell","buyer":"d-pend","seller":"reseller","symbol":"SIM","quantity":"431354.948","price":"0.00040600","timestamp":1651508607,"volume":"175.13010889","buyTxId":"acb8aed926d96155e90c37bf09f91e8aa1482085","sellTxId":"2b39d959e4efca069ef7d86eacfb30f765ea1bbd"}
{"index": {"_index":"sim","_id":"3332174"}}
	{"id":3332174,"type":"buy","buyer":"assassyn","seller":"nftmart.fees","symbol":"SIM","quantity":"2.000","price":"0.00040986","timestamp":1651512075,"volume":"0.00081972","buyTxId":"7076cfd086c63ab414f94c68b01fd7caa536bc19","sellTxId":"0f7647a688f86801bacaf102bf9802c0c45b4d70-0"}
{"index": {"_index":"sim","_id":"3332276"}}
	{"id":3332276,"type":"sell","buyer":"assassyn","seller":"nftmart.fees","symbol":"SIM","quantity":"2.000","price":"0.00040986","timestamp":1651512840,"volume":"0.00081972","buyTxId":"7076cfd086c63ab414f94c68b01fd7caa536bc19","sellTxId":"15fc548190d28b1ea55ecb7e1a0b0cd8e0622baa-0"}
{"index": {"_index":"sim","_id":"3332283"}}
	{"id":3332283,"type":"sell","buyer":"assassyn","seller":"nftmart.fees","symbol":"SIM","quantity":"2.000","price":"0.00040986","timestamp":1651512888,"volume":"0.00081972","buyTxId":"7076cfd086c63ab414f94c68b01fd7caa536bc19","sellTxId":"cc1a3df9c912cd12d9266cfc5def520b6e266a70-0"}
{"index": {"_index":"sim","_id":"3332419"}}
	{"id":3332419,"type":"sell","buyer":"assassyn","seller":"nftmart.fees","symbol":"SIM","quantity":"1.000","price":"0.00040986","timestamp":1651514040,"volume":"0.00040986","buyTxId":"7076cfd086c63ab414f94c68b01fd7caa536bc19","sellTxId":"3fb453ed03214d9109585dbd1387bc4543f755c9-0"}
{"index": {"_index":"sim","_id":"3332422"}}
	{"id":3332422,"type":"sell","buyer":"assassyn","seller":"nftmart.fees","symbol":"SIM","quantity":"1.000","price":"0.00040986","timestamp":1651514088,"volume":"0.00040986","buyTxId":"7076cfd086c63ab414f94c68b01fd7caa536bc19","sellTxId":"9efe77f4dd810d4f549ea30a723f236ab90846d0-0"}
{"index": {"_index":"sim","_id":"3332448"}}
	{"id":3332448,"type":"sell","buyer":"assassyn","seller":"usualsidekick","symbol":"SIM","quantity":"192.000","price":"0.00040986","timestamp":1651514244,"volume":"0.07869312","buyTxId":"7076cfd086c63ab414f94c68b01fd7caa536bc19","sellTxId":"a5822b4274f3507ed48842ecfff3c460c9131a4e"}
{"index": {"_index":"sim","_id":"3332458"}}
	{"id":3332458,"type":"sell","buyer":"jelly-cz","seller":"usualsidekick","symbol":"SIM","quantity":"200.000","price":"0.00040751","timestamp":1651514328,"volume":"0.08150200","buyTxId":"MM-P-17037286-64026950-3-29-0","sellTxId":"e9bed53a5ca1842744f240491a224989465e5a07"}
{"index": {"_index":"sim","_id":"3333063"}}
	{"id":3333063,"type":"sell","buyer":"jelly-cz","seller":"curatorcat.leo","symbol":"SIM","quantity":"0.629","price":"0.00040751","timestamp":1651519074,"volume":"0.00025632","buyTxId":"MM-P-17037286-64026950-3-29-0","sellTxId":"a9d74c8fde6dc00a1fbda51feeeec3165f05411e"}
{"index": {"_index":"sim","_id":"3333129"}}
	{"id":3333129,"type":"sell","buyer":"jelly-cz","seller":"bearbear613","symbol":"SIM","quantity":"641.000","price":"0.00040751","timestamp":1651519785,"volume":"0.26121391","buyTxId":"MM-P-17037286-64026950-3-29-0","sellTxId":"1b9ffb54cbdf7c82740f73ba2e4217f766167b9f"}
{"index": {"_index":"sim","_id":"3333170"}}
	{"id":3333170,"type":"buy","buyer":"maryjane.main","seller":"nftmart.fees","symbol":"SIM","quantity":"1.000","price":"0.00040986","timestamp":1651519992,"volume":"0.00040986","buyTxId":"9794aac4dc2fa6a41132109e58a339146c59c4bb","sellTxId":"cd66ea5c268684c9f0b626ea7f0d8f776ec553d6-0"}
{"index": {"_index":"sim","_id":"3333171"}}
	{"id":3333171,"type":"buy","buyer":"maryjane.main","seller":"crypto-dz","symbol":"SIM","quantity":"6027.050","price":"0.00040987","timestamp":1651519992,"volume":"2.47030698","buyTxId":"9794aac4dc2fa6a41132109e58a339146c59c4bb","sellTxId":"e06d62f98405942b6c3a873b88ec4c6752db18a2"}
{"index": {"_index":"sim","_id":"3333172"}}
	{"id":3333172,"type":"buy","buyer":"maryjane.main","seller":"medaymane","symbol":"SIM","quantity":"789.000","price":"0.00041498","timestamp":1651519992,"volume":"0.32741922","buyTxId":"9794aac4dc2fa6a41132109e58a339146c59c4bb","sellTxId":"2e53e961acd2386e41043317cfac1f0fae02199f"}
{"index": {"_index":"sim","_id":"3333173"}}
	{"id":3333173,"type":"sell","buyer":"maryjane.main","seller":"konvik","symbol":"SIM","quantity":"12182.950","price":"0.00041851","timestamp":1651519995,"volume":"5.09868640","buyTxId":"9794aac4dc2fa6a41132109e58a339146c59c4bb","sellTxId":"63f71022d38a67204e871cf63792d943448e8e32-1"}
{"index": {"_index":"sim","_id":"3333281"}}
	{"id":3333281,"type":"sell","buyer":"jelly-cz","seller":"valor2s","symbol":"SIM","quantity":"46.620","price":"0.00040751","timestamp":1651520727,"volume":"0.01899812","buyTxId":"MM-P-17037286-64026950-3-29-0","sellTxId":"54a5755e31b2243c239d5055fbe958fe9668f5e0"}
{"index": {"_index":"sim","_id":"3333318"}}
	{"id":3333318,"type":"sell","buyer":"jelly-cz","seller":"nftmart.fees","symbol":"SIM","quantity":"11.000","price":"0.00040751","timestamp":1651521033,"volume":"0.00448261","buyTxId":"MM-P-17037286-64026950-3-29-0","sellTxId":"b10eed7dee7e6cd9b6ec5a2e85204c82cf7b56e6"}
{"index": {"_index":"sim","_id":"3333613"}}
	{"id":3333613,"type":"sell","buyer":"jelly-cz","seller":"konvik","symbol":"SIM","quantity":"77552.814","price":"0.00040751","timestamp":1651524177,"volume":"31.60354723","buyTxId":"MM-P-17037286-64026950-3-29-0","sellTxId":"9d3ffcc25b6c7d9a475018549498420c67de0bd0-1"}
{"index": {"_index":"sim","_id":"3333614"}}
	{"id":3333614,"type":"sell","buyer":"d-pend","seller":"konvik","symbol":"SIM","quantity":"68645.052","price":"0.00040600","timestamp":1651524177,"volume":"27.86989111","buyTxId":"acb8aed926d96155e90c37bf09f91e8aa1482085","sellTxId":"9d3ffcc25b6c7d9a475018549498420c67de0bd0-1"}
{"index": {"_index":"sim","_id":"3333615"}}
	{"id":3333615,"type":"sell","buyer":"ianmcg","seller":"konvik","symbol":"SIM","quantity":"735504.477","price":"0.00040500","timestamp":1651524177,"volume":"297.87931319","buyTxId":"365802e4ad75084052d4d4b11bfd9f3df2d12f73","sellTxId":"9d3ffcc25b6c7d9a475018549498420c67de0bd0-1"}
{"index": {"_index":"sim","_id":"3333616"}}
	{"id":3333616,"type":"sell","buyer":"low-key101","seller":"konvik","symbol":"SIM","quantity":"6259.004","price":"0.00040458","timestamp":1651524177,"volume":"2.53226784","buyTxId":"020f982bd03364e4f25d12c8602d22543f19aedf","sellTxId":"9d3ffcc25b6c7d9a475018549498420c67de0bd0-1"}
{"index": {"_index":"sim","_id":"3333617"}}
	{"id":3333617,"type":"sell","buyer":"d-pend","seller":"konvik","symbol":"SIM","quantity":"200000.000","price":"0.00039900","timestamp":1651524177,"volume":"79.80000000","buyTxId":"250c2dc185e1dab2593fe4218398e74e75907beb","sellTxId":"9d3ffcc25b6c7d9a475018549498420c67de0bd0-1"}
{"index": {"_index":"sim","_id":"3333623"}}
	{"id":3333623,"type":"buy","buyer":"miketr","seller":"pi-trader","symbol":"SIM","quantity":"1000.000","price":"0.00041999","timestamp":1651524279,"volume":"0.41999000","buyTxId":"1c001089c200fc9353886ce2fbd1d0c4c1ad7f0f","sellTxId":"b4e3d7a327e51a787c3627f5cbc3a873c2c5b138-9"}
{"index": {"_index":"sim","_id":"3334095"}}
	{"id":3334095,"type":"buy","buyer":"quantumg","seller":"pi-trader","symbol":"SIM","quantity":"39119.559","price":"0.00041979","timestamp":1651529283,"volume":"16.422","buyTxId":"5a173dbf5c395f4fa326eadc93129e86f4d651c6","sellTxId":"da6f02fc3cd583add240c94daa6e1d06f92024e7-5"}
{"index": {"_index":"sim","_id":"3334120"}}
	{"id":3334120,"type":"sell","buyer":"jelly13","seller":"thisisawesome","symbol":"SIM","quantity":"1.470","price":"0.00039515","timestamp":1651529658,"volume":"0.00058087","buyTxId":"588b1041f23954ccd44f425b3a3d9f9d125a2879","sellTxId":"6aced00fbd409f99294222a404cca58b813d001d"}
{"index": {"_index":"sim","_id":"3334276"}}
	{"id":3334276,"type":"buy","buyer":"egistar","seller":"pi-trader","symbol":"SIM","quantity":"3097.376","price":"0.00041971","timestamp":1651531329,"volume":"1.3","buyTxId":"e01affa4f5e9b6a5f5f7ea429597dccb3217f99e","sellTxId":"6f07b68002d14b5fd9264cceaee5b3b6c36b3e56-3"}
{"index": {"_index":"sim","_id":"3334680"}}
	{"id":3334680,"type":"buy","buyer":"mengao","seller":"pi-trader","symbol":"SIM","quantity":"21.000","price":"0.00041951","timestamp":1651537032,"volume":"0.00880971","buyTxId":"e78932bd9fdc9046d4c5ba9f9dcc9827e6f1f37a","sellTxId":"4b14eaf527ae60869a417ef192ca2fc5793b411b-3"}
{"index": {"_index":"sim","_id":"3334791"}}
	{"id":3334791,"type":"sell","buyer":"jelly-cz","seller":"dhedge-drips","symbol":"SIM","quantity":"10.499","price":"0.00039666","timestamp":1651538718,"volume":"0.00416453","buyTxId":"MM-P-17044668-64034333-3-31-0","sellTxId":"b50b36a40a67cff32d4bfef58c51955129fbd057"}
{"index": {"_index":"sim","_id":"3334941"}}
	{"id":3334941,"type":"sell","buyer":"jelly-cz","seller":"nftmart.fees","symbol":"SIM","quantity":"5944.200","price":"0.00039666","timestamp":1651540509,"volume":"2.35782637","buyTxId":"MM-P-17044668-64034333-3-31-0","sellTxId":"2d181f064660125c8e94c1a356dcbb42a3066c12"}
{"index": {"_index":"sim","_id":"3335104"}}
	{"id":3335104,"type":"buy","buyer":"libert","seller":"nftmart.fees","symbol":"SIM","quantity":"115.000","price":"0.00041945","timestamp":1651542360,"volume":"0.04823675","buyTxId":"b90cbb68320f509c21da8cfb2684904fa5cab27e","sellTxId":"987660af24cd53ed191262ce40e3f899aa9d5ff4-0"}
{"index": {"_index":"sim","_id":"3335105"}}
	{"id":3335105,"type":"buy","buyer":"libert","seller":"pi-trader","symbol":"SIM","quantity":"10899.163","price":"0.00041946","timestamp":1651542360,"volume":"4.57176325","buyTxId":"b90cbb68320f509c21da8cfb2684904fa5cab27e","sellTxId":"fa06b6e4be03c7dea7903b996f18ef9c47b6dbcb-3"}
{"index": {"_index":"sim","_id":"3335306"}}
	{"id":3335306,"type":"sell","buyer":"jelly-cz","seller":"steem82868","symbol":"SIM","quantity":"0.001","price":"0.00039666","timestamp":1651543770,"volume":"0.00000040","buyTxId":"MM-P-17044668-64034333-3-31-0","sellTxId":"d2521798dac039c640dd7703c29c926b485f5154"}
