{"index": {"_index":"sim","_id":"2760334"}}
	{"id":2760334,"type":"sell","buyer":"pi-trader","seller":"goldcoin","symbol":"SIM","quantity":"80.300","price":"0.00047501","timestamp":1644637446,"volume":"0.03814330","buyTxId":"a5dd97d2991257e53bcd57aa2d4c9998d4440065-3","sellTxId":"ec50b156ff60f4abb2e83993d4704006aac1436c"}
{"index": {"_index":"sim","_id":"2760617"}}
	{"id":2760617,"type":"sell","buyer":"pi-trader","seller":"damla","symbol":"SIM","quantity":"0.795","price":"0.00047501","timestamp":1644642030,"volume":"0.00037763","buyTxId":"309838e1a5354bf0392a1facbbee88831d1073a2-3","sellTxId":"450d3cdc20a3f517020257701f1b64dd5de46ad0"}
{"index": {"_index":"sim","_id":"2760653"}}
	{"id":2760653,"type":"sell","buyer":"pi-trader","seller":"txracer","symbol":"SIM","quantity":"0.339","price":"0.00047501","timestamp":1644643260,"volume":"0.00016103","buyTxId":"b4d40c7e42ad27b7d2c2604da7f760b8c58b6f9b-1","sellTxId":"700f1196d73faf5050e5aabc565c721e351b4e94"}
{"index": {"_index":"sim","_id":"2760910"}}
	{"id":2760910,"type":"sell","buyer":"pi-trader","seller":"imperij4427","symbol":"SIM","quantity":"76712.000","price":"0.00047501","timestamp":1644646563,"volume":"36.43896712","buyTxId":"911e33c7832b86d18d30292a4cacf9d3f8baec52-1","sellTxId":"8b5c626062ae42e49629429339eaf8f7a777a541"}
{"index": {"_index":"sim","_id":"2761140"}}
	{"id":2761140,"type":"sell","buyer":"pi-trader","seller":"tdctunes","symbol":"SIM","quantity":"315.952","price":"0.00047501","timestamp":1644648951,"volume":"0.15008036","buyTxId":"ecd70a73e5f6f88914340231e8a2f189470a581a-3","sellTxId":"937aac4366f392af4552d93af9b58bda78795772"}
{"index": {"_index":"sim","_id":"2761188"}}
	{"id":2761188,"type":"buy","buyer":"forsakensushi","seller":"jelly-cz","symbol":"SIM","quantity":"145154.000","price":"0.00049336","timestamp":1644649719,"volume":"71.61317744","buyTxId":"e43d36f1ec7e26a6d3748021b6071de687ee2a63","sellTxId":"MM-P-14751693-61739053-3-29-0"}
{"index": {"_index":"sim","_id":"2761189"}}
	{"id":2761189,"type":"buy","buyer":"forsakensushi","seller":"brofi-market","symbol":"SIM","quantity":"0.003","price":"0.00049387","timestamp":1644649719,"volume":"0.00000148","buyTxId":"e43d36f1ec7e26a6d3748021b6071de687ee2a63","sellTxId":"f64c089e514aec5d92e5d61cc469a725c96c13f9"}
{"index": {"_index":"sim","_id":"2761190"}}
	{"id":2761190,"type":"buy","buyer":"forsakensushi","seller":"brofi-market","symbol":"SIM","quantity":"0.001","price":"0.00049594","timestamp":1644649719,"volume":"0.00000050","buyTxId":"e43d36f1ec7e26a6d3748021b6071de687ee2a63","sellTxId":"377cfcfeba961f3c829968dea8042a81a827cd30"}
{"index": {"_index":"sim","_id":"2761191"}}
	{"id":2761191,"type":"buy","buyer":"forsakensushi","seller":"brofi-market","symbol":"SIM","quantity":"0.003","price":"0.00049749","timestamp":1644649719,"volume":"0.00000149","buyTxId":"e43d36f1ec7e26a6d3748021b6071de687ee2a63","sellTxId":"7cd67e00f1426ca375e99beda00a7e6c4df60f92"}
{"index": {"_index":"sim","_id":"2761192"}}
	{"id":2761192,"type":"buy","buyer":"forsakensushi","seller":"sbi-tokens","symbol":"SIM","quantity":"4845.993","price":"0.00049800","timestamp":1644649719,"volume":"2.41330451","buyTxId":"e43d36f1ec7e26a6d3748021b6071de687ee2a63","sellTxId":"68478ea10da7018237d27f236957018057c63de2"}
{"index": {"_index":"sim","_id":"2761204"}}
	{"id":2761204,"type":"buy","buyer":"forsakensushi","seller":"pi-trader","symbol":"SIM","quantity":"50000.000","price":"0.00049799","timestamp":1644649929,"volume":"24.89950000","buyTxId":"dfc53c13790bf394dca16d2c673da16f121bc821","sellTxId":"3f8d42e9af726b204e836065c1b57e3c9652efb1-4"}
{"index": {"_index":"sim","_id":"2761205"}}
	{"id":2761205,"type":"buy","buyer":"forsakensushi","seller":"sbi-tokens","symbol":"SIM","quantity":"50000.000","price":"0.00049800","timestamp":1644649929,"volume":"24.90000000","buyTxId":"dfc53c13790bf394dca16d2c673da16f121bc821","sellTxId":"68478ea10da7018237d27f236957018057c63de2"}
{"index": {"_index":"sim","_id":"2761230"}}
	{"id":2761230,"type":"buy","buyer":"monsterjamgold","seller":"pi-trader","symbol":"SIM","quantity":"3117.000","price":"0.00049695","timestamp":1644650559,"volume":"1.54899315","buyTxId":"d26634a8c87877890ccd62acec35b7a6fd269361","sellTxId":"6709de9aba2f3e3570c9dffc70437c038921e076-8"}
{"index": {"_index":"sim","_id":"2761750"}}
	{"id":2761750,"type":"buy","buyer":"svirus","seller":"steem-hodler","symbol":"SIM","quantity":"41000.000","price":"0.00047500","timestamp":1644658581,"volume":"19.47500000","buyTxId":"5a760712e39dfc8b174012d66741e1dce7debb60-0","sellTxId":"36ee1032ee67328a9514d65be18041a218749b65"}
{"index": {"_index":"sim","_id":"2761811"}}
	{"id":2761811,"type":"buy","buyer":"treefiddybruh","seller":"jelly-cz","symbol":"SIM","quantity":"145884.000","price":"0.00049540","timestamp":1644660144,"volume":"72.27093360","buyTxId":"4b11443feadc50373590e6386b5f3f0bd543b842","sellTxId":"MM-P-14760373-61747735-3-29-0"}
{"index": {"_index":"sim","_id":"2761812"}}
	{"id":2761812,"type":"buy","buyer":"treefiddybruh","seller":"sbi-tokens","symbol":"SIM","quantity":"20845.851","price":"0.00049800","timestamp":1644660144,"volume":"10.38123380","buyTxId":"4b11443feadc50373590e6386b5f3f0bd543b842","sellTxId":"68478ea10da7018237d27f236957018057c63de2"}
{"index": {"_index":"sim","_id":"2761813"}}
	{"id":2761813,"type":"sell","buyer":"treefiddybruh","seller":"genet","symbol":"SIM","quantity":"33270.149","price":"0.00049800","timestamp":1644660147,"volume":"16.56853420","buyTxId":"4b11443feadc50373590e6386b5f3f0bd543b842","sellTxId":"6adf7416ebbd79214159e8868318c5e7b5f506d5-1"}
{"index": {"_index":"sim","_id":"2761931"}}
	{"id":2761931,"type":"sell","buyer":"pi-trader","seller":"interpretation","symbol":"SIM","quantity":"12.027","price":"0.00046503","timestamp":1644661554,"volume":"0.00559292","buyTxId":"215ad38b25621a83b9c65c7e78f622e1587386e0-1","sellTxId":"5e25386a83c14b4f0e999adbabb5063093ee5dcd"}
{"index": {"_index":"sim","_id":"2762059"}}
	{"id":2762059,"type":"sell","buyer":"pi-trader","seller":"digital-fortress","symbol":"SIM","quantity":"7.299","price":"0.00046505","timestamp":1644664212,"volume":"0.00339440","buyTxId":"90f85182a6bff4ade8e03e425910ebf6e0ac15ee-1","sellTxId":"48ed2b95cc7dae1acc5c4ba0e1e9ce2b63636340"}
{"index": {"_index":"sim","_id":"2762221"}}
	{"id":2762221,"type":"sell","buyer":"pi-trader","seller":"elevator09","symbol":"SIM","quantity":"3108.485","price":"0.00046505","timestamp":1644666879,"volume":"1.44560095","buyTxId":"f8998f54d9b2c075d6a65fa6bd47964f5f758702-1","sellTxId":"65d93e51274b4972f417553e3ad4c07123eb05b6"}
{"index": {"_index":"sim","_id":"2762260"}}
	{"id":2762260,"type":"sell","buyer":"pi-trader","seller":"brofi-market","symbol":"SIM","quantity":"0.004","price":"0.00046505","timestamp":1644667740,"volume":"0.00000186","buyTxId":"48030bcc0d0741e05df44d378b59acc52160dc13-4","sellTxId":"c5fa371a862796be93363e75f6d3f6bd7a840f98"}
{"index": {"_index":"sim","_id":"2762415"}}
	{"id":2762415,"type":"buy","buyer":"svirus","seller":"steem-hodler","symbol":"SIM","quantity":"30900.000","price":"0.00047500","timestamp":1644670644,"volume":"14.67750000","buyTxId":"8822403b35778743d01ca2e5aa8c0c8e522aab30-0","sellTxId":"80084ef072d0814102d87e5d96f1b359607ae637"}
{"index": {"_index":"sim","_id":"2762498"}}
	{"id":2762498,"type":"sell","buyer":"pi-trader","seller":"magnacarta","symbol":"SIM","quantity":"40378.255","price":"0.00046505","timestamp":1644672132,"volume":"18.77790749","buyTxId":"27fb0cb6d1da69297a76b0c4fc918bb9d253cdc4-3","sellTxId":"b0a21d09d678516ab59a4f069a3ca9bbac594516"}
{"index": {"_index":"sim","_id":"2762579"}}
	{"id":2762579,"type":"sell","buyer":"pi-trader","seller":"tonytrillions","symbol":"SIM","quantity":"0.020","price":"0.00046505","timestamp":1644672951,"volume":"0.00000930","buyTxId":"09a958d105f7438c5e92e3f3d04824693af2f0de-3","sellTxId":"a3f380e52316fd4529285fdf0144b110047f71e6"}
{"index": {"_index":"sim","_id":"2762620"}}
	{"id":2762620,"type":"buy","buyer":"konvik","seller":"desyfit","symbol":"SIM","quantity":"150000.000","price":"0.00047000","timestamp":1644673716,"volume":"70.50000000","buyTxId":"f73eaac0db746695c35ab1b89e3a13f73242f8b7-0","sellTxId":"1f82f34996570fbef1edf4a2afc852eadc5a1a3b"}
{"index": {"_index":"sim","_id":"2762736"}}
	{"id":2762736,"type":"buy","buyer":"svirus","seller":"holedigger","symbol":"SIM","quantity":"71200.000","price":"0.00047500","timestamp":1644675387,"volume":"33.82000000","buyTxId":"4d266c408a6b7bbb2a4576353a1a49e8fd669316-0","sellTxId":"228213b06acc51b556548e7890e4156f00c1c966"}
{"index": {"_index":"sim","_id":"2762840"}}
	{"id":2762840,"type":"buy","buyer":"blackdaisyft","seller":"onealfa","symbol":"SIM","quantity":"168.000","price":"0.00049445","timestamp":1644677559,"volume":"0.08306760","buyTxId":"24682038b52d6c15d15cf28552e34eb4fdca6bc1","sellTxId":"b6a27d5f490c8812e8ff40bb7cbc5395726e09c7"}
{"index": {"_index":"sim","_id":"2763003"}}
	{"id":2763003,"type":"sell","buyer":"pi-trader","seller":"taskmaster4450","symbol":"SIM","quantity":"284.660","price":"0.00046505","timestamp":1644679530,"volume":"0.13238113","buyTxId":"f75d9c2ce84e8b4286f59b426a3c2ff12b447aa0-1","sellTxId":"f98cd56ec89bd4a084af4a5a00d6acc97f8758e0"}
{"index": {"_index":"sim","_id":"2763339"}}
	{"id":2763339,"type":"sell","buyer":"pi-trader","seller":"brofi-market","symbol":"SIM","quantity":"0.001","price":"0.00046603","timestamp":1644682218,"volume":"0.00000047","buyTxId":"6c27f86c5bb66f857aaf748e9b3a964d67d52fc9-1","sellTxId":"9152f150abf6e2b01883d806510bb9e979eb79ab"}
{"index": {"_index":"sim","_id":"2763749"}}
	{"id":2763749,"type":"sell","buyer":"pi-trader","seller":"theguruasia","symbol":"SIM","quantity":"1197.765","price":"0.00046603","timestamp":1644686904,"volume":"0.55819442","buyTxId":"0563baecfd086f644a6d60eefdfb611980ba1d19-1","sellTxId":"a15ec91835679116b27830664e525bf321eedad4"}
{"index": {"_index":"sim","_id":"2763791"}}
	{"id":2763791,"type":"sell","buyer":"pi-trader","seller":"investinthefutur","symbol":"SIM","quantity":"1000.000","price":"0.00046603","timestamp":1644687309,"volume":"0.46603000","buyTxId":"97458de3c77de67f23b8d8536a35a5e86c32dfa6-5","sellTxId":"6798b10111f7d541b97bc11abe5f196942a52999"}
{"index": {"_index":"sim","_id":"2763948"}}
	{"id":2763948,"type":"sell","buyer":"happy-sss","seller":"thahodler","symbol":"SIM","quantity":"1635.000","price":"0.00049000","timestamp":1644689271,"volume":"0.80115000","buyTxId":"368b7761c35ec055c2c5392849a088f6db274a32","sellTxId":"fbbc5c7c308a5c4d6930591cedf520eb4ed38dbb"}
{"index": {"_index":"sim","_id":"2764185"}}
	{"id":2764185,"type":"sell","buyer":"happy-sss","seller":"thepredator04","symbol":"SIM","quantity":"4275.970","price":"0.00049000","timestamp":1644691638,"volume":"2.09522530","buyTxId":"368b7761c35ec055c2c5392849a088f6db274a32","sellTxId":"7dd7839663a9a2b19de659ec006758682c48fdea"}
{"index": {"_index":"sim","_id":"2764229"}}
	{"id":2764229,"type":"buy","buyer":"spelltimer","seller":"jelly-cz","symbol":"SIM","quantity":"2400.000","price":"0.00049393","timestamp":1644692274,"volume":"1.18543200","buyTxId":"4afe500027d86210895c2dc26773801be09149b5","sellTxId":"MM-P-14769453-61756816-3-29-0"}
{"index": {"_index":"sim","_id":"2764247"}}
	{"id":2764247,"type":"buy","buyer":"forsakensushi","seller":"jelly-cz","symbol":"SIM","quantity":"30000.000","price":"0.00049393","timestamp":1644692442,"volume":"14.81790000","buyTxId":"4dc8a6cd3b36266bec29b7c2a1746c5fd23e8967","sellTxId":"MM-P-14769453-61756816-3-29-0"}
{"index": {"_index":"sim","_id":"2764356"}}
	{"id":2764356,"type":"sell","buyer":"happy-sss","seller":"ezinwakelvin","symbol":"SIM","quantity":"9000","price":"0.00049000","timestamp":1644693999,"volume":"4.41000000","buyTxId":"368b7761c35ec055c2c5392849a088f6db274a32","sellTxId":"c6662d2ce1f8a0afde8f1ded1e92c6abbf90e8ad"}
{"index": {"_index":"sim","_id":"2764454"}}
	{"id":2764454,"type":"buy","buyer":"forsakensushi","seller":"jelly-cz","symbol":"SIM","quantity":"103147.100","price":"0.00049393","timestamp":1644695073,"volume":"50.94744710","buyTxId":"c9a3ebc8d26cbe5924b21c54aecf1c5738efc6d6","sellTxId":"MM-P-14769453-61756816-3-29-0"}
{"index": {"_index":"sim","_id":"2764455"}}
	{"id":2764455,"type":"buy","buyer":"forsakensushi","seller":"onealfa","symbol":"SIM","quantity":"1651.000","price":"0.00049445","timestamp":1644695073,"volume":"0.81633695","buyTxId":"c9a3ebc8d26cbe5924b21c54aecf1c5738efc6d6","sellTxId":"b6a27d5f490c8812e8ff40bb7cbc5395726e09c7"}
{"index": {"_index":"sim","_id":"2764456"}}
	{"id":2764456,"type":"buy","buyer":"forsakensushi","seller":"brofi-market","symbol":"SIM","quantity":"0.004","price":"0.00049497","timestamp":1644695073,"volume":"0.00000198","buyTxId":"c9a3ebc8d26cbe5924b21c54aecf1c5738efc6d6","sellTxId":"175f17cef7c6601d804737b79d9e2947d84e88dd"}
{"index": {"_index":"sim","_id":"2764457"}}
	{"id":2764457,"type":"buy","buyer":"forsakensushi","seller":"master-lamps","symbol":"SIM","quantity":"433.850","price":"0.00049587","timestamp":1644695073,"volume":"0.21513320","buyTxId":"c9a3ebc8d26cbe5924b21c54aecf1c5738efc6d6","sellTxId":"ea6308a59a23cc4384289bda4b477430f0873124"}
{"index": {"_index":"sim","_id":"2764458"}}
	{"id":2764458,"type":"buy","buyer":"forsakensushi","seller":"master-lamps","symbol":"SIM","quantity":"0.010","price":"0.00049587","timestamp":1644695073,"volume":"0.00000496","buyTxId":"c9a3ebc8d26cbe5924b21c54aecf1c5738efc6d6","sellTxId":"567f7002f779ec90944011cff3ab406271b1a37e"}
{"index": {"_index":"sim","_id":"2764459"}}
	{"id":2764459,"type":"buy","buyer":"forsakensushi","seller":"master-lamps","symbol":"SIM","quantity":"16.624","price":"0.00049587","timestamp":1644695073,"volume":"0.00824334","buyTxId":"c9a3ebc8d26cbe5924b21c54aecf1c5738efc6d6","sellTxId":"54168b54898f2f5beb99ac3e3db027877626eb35"}
{"index": {"_index":"sim","_id":"2764460"}}
	{"id":2764460,"type":"buy","buyer":"forsakensushi","seller":"loganhate","symbol":"SIM","quantity":"2700.160","price":"0.00049900","timestamp":1644695073,"volume":"1.34737984","buyTxId":"c9a3ebc8d26cbe5924b21c54aecf1c5738efc6d6","sellTxId":"def4762215c93fcc967f4e64655d64def2f0e270"}
{"index": {"_index":"sim","_id":"2764461"}}
	{"id":2764461,"type":"buy","buyer":"forsakensushi","seller":"brofi-market","symbol":"SIM","quantity":"0.001","price":"0.00049949","timestamp":1644695073,"volume":"0.00000050","buyTxId":"c9a3ebc8d26cbe5924b21c54aecf1c5738efc6d6","sellTxId":"90b9ec1417cd2f22e6bdaa9f10ceaeffdb035028"}
{"index": {"_index":"sim","_id":"2764462"}}
	{"id":2764462,"type":"buy","buyer":"forsakensushi","seller":"vincentnijman","symbol":"SIM","quantity":"2674.434","price":"0.00050000","timestamp":1644695073,"volume":"1.33721700","buyTxId":"c9a3ebc8d26cbe5924b21c54aecf1c5738efc6d6","sellTxId":"4991133a96dc86ba1464e013b70e84da1c880baa"}
{"index": {"_index":"sim","_id":"2764463"}}
	{"id":2764463,"type":"sell","buyer":"forsakensushi","seller":"konvik","symbol":"SIM","quantity":"39376.817","price":"0.00050000","timestamp":1644695076,"volume":"19.68840850","buyTxId":"c9a3ebc8d26cbe5924b21c54aecf1c5738efc6d6","sellTxId":"da7a8dc111873c8cbb5e5e06ff4885b169f7fa68-1"}
{"index": {"_index":"sim","_id":"2764473"}}
	{"id":2764473,"type":"buy","buyer":"forsakensushi","seller":"brofi-market","symbol":"SIM","quantity":"0.004","price":"0.00050100","timestamp":1644695250,"volume":"0.00000200","buyTxId":"08b876e60bcb6c7694f94a3997124b9e6fa9a4e3","sellTxId":"4c7ebec556d326f43cef543c653d4ee0f653530f"}
{"index": {"_index":"sim","_id":"2764474"}}
	{"id":2764474,"type":"buy","buyer":"forsakensushi","seller":"brofi-market","symbol":"SIM","quantity":"0.003","price":"0.00050630","timestamp":1644695250,"volume":"0.00000152","buyTxId":"08b876e60bcb6c7694f94a3997124b9e6fa9a4e3","sellTxId":"28f2e22af355c1ec5c55004044371fe3814a1c4b"}
{"index": {"_index":"sim","_id":"2764475"}}
	{"id":2764475,"type":"buy","buyer":"forsakensushi","seller":"pi-trader","symbol":"SIM","quantity":"50000.000","price":"0.00050929","timestamp":1644695250,"volume":"25.46450000","buyTxId":"08b876e60bcb6c7694f94a3997124b9e6fa9a4e3","sellTxId":"a3592bd6e1c9dcc220396dfedd0f7e8a20be1793-2"}
{"index": {"_index":"sim","_id":"2764476"}}
	{"id":2764476,"type":"buy","buyer":"forsakensushi","seller":"medaymane","symbol":"SIM","quantity":"5977.000","price":"0.00050930","timestamp":1644695250,"volume":"3.04408610","buyTxId":"08b876e60bcb6c7694f94a3997124b9e6fa9a4e3","sellTxId":"09934c00824b532aef7ff32f42137a8c3e95630a"}
{"index": {"_index":"sim","_id":"2764477"}}
	{"id":2764477,"type":"buy","buyer":"forsakensushi","seller":"desyfit","symbol":"SIM","quantity":"44022.993","price":"0.00052000","timestamp":1644695250,"volume":"22.89195636","buyTxId":"08b876e60bcb6c7694f94a3997124b9e6fa9a4e3","sellTxId":"47a6aad668fcdb4106df34a8c950803601822a62"}
{"index": {"_index":"sim","_id":"2764495"}}
	{"id":2764495,"type":"buy","buyer":"forsakensushi","seller":"pi-trader","symbol":"SIM","quantity":"50000.000","price":"0.00051947","timestamp":1644695511,"volume":"25.97350000","buyTxId":"799d3e8ed945583fdbcd77afa93384a992cba190","sellTxId":"90aa20ab0007058de139d029f08ceabd307b5f7b-9"}
{"index": {"_index":"sim","_id":"2764496"}}
	{"id":2764496,"type":"buy","buyer":"forsakensushi","seller":"jelly-cz","symbol":"SIM","quantity":"50000.000","price":"0.00051948","timestamp":1644695511,"volume":"25.97400000","buyTxId":"799d3e8ed945583fdbcd77afa93384a992cba190","sellTxId":"MM-P-14775035-61762400-3-29-0"}
{"index": {"_index":"sim","_id":"2764502"}}
	{"id":2764502,"type":"sell","buyer":"happy-sss","seller":"elianaicgomes","symbol":"SIM","quantity":"1267.476","price":"0.00049000","timestamp":1644695550,"volume":"0.62106324","buyTxId":"368b7761c35ec055c2c5392849a088f6db274a32","sellTxId":"4a03f9562117ec431504335c589b5d32136a084d"}
{"index": {"_index":"sim","_id":"2764590"}}
	{"id":2764590,"type":"sell","buyer":"happy-sss","seller":"bitcoinflood","symbol":"SIM","quantity":"1693.455","price":"0.00049000","timestamp":1644696867,"volume":"0.82979295","buyTxId":"368b7761c35ec055c2c5392849a088f6db274a32","sellTxId":"95bb5bf16f6fa9ed6fe8c7ebf701f8e009f711aa"}
{"index": {"_index":"sim","_id":"2764609"}}
	{"id":2764609,"type":"sell","buyer":"forsakensushi","seller":"svirus","symbol":"SIM","quantity":"30000.000","price":"0.00050000","timestamp":1644697053,"volume":"15.00000000","buyTxId":"126d9deb26da3f40b42a210643f5435dfb4f88bb","sellTxId":"d3c8690f58a6072bedefb984cd233a22653a87b7-1"}
{"index": {"_index":"sim","_id":"2764619"}}
	{"id":2764619,"type":"buy","buyer":"forsakensushi","seller":"pi-trader","symbol":"SIM","quantity":"50000.000","price":"0.00051635","timestamp":1644697137,"volume":"25.81750000","buyTxId":"62195ec19d049374f31ecc5d5742e5ff6a6706e2","sellTxId":"98c7b6f2802fd0c2660b9bee3ae7eedefe9afd52-5"}
{"index": {"_index":"sim","_id":"2764620"}}
	{"id":2764620,"type":"buy","buyer":"forsakensushi","seller":"jelly-cz","symbol":"SIM","quantity":"50000.000","price":"0.00051636","timestamp":1644697137,"volume":"25.81800000","buyTxId":"62195ec19d049374f31ecc5d5742e5ff6a6706e2","sellTxId":"MM-P-14775634-61763000-3-29-0"}
{"index": {"_index":"sim","_id":"2764651"}}
	{"id":2764651,"type":"buy","buyer":"forsakensushi","seller":"pi-trader","symbol":"SIM","quantity":"50000.000","price":"0.00051583","timestamp":1644697638,"volume":"25.79150000","buyTxId":"428a3ebd7cf788142620bfe3158b705020c159b2","sellTxId":"4e450e12864d91b45613115419f55f082fa7a886-5"}
{"index": {"_index":"sim","_id":"2764652"}}
	{"id":2764652,"type":"buy","buyer":"forsakensushi","seller":"jelly-cz","symbol":"SIM","quantity":"20000.000","price":"0.00051584","timestamp":1644697638,"volume":"10.31680000","buyTxId":"428a3ebd7cf788142620bfe3158b705020c159b2","sellTxId":"MM-P-14775734-61763100-3-29-0"}
{"index": {"_index":"sim","_id":"2764666"}}
	{"id":2764666,"type":"sell","buyer":"happy-sss","seller":"donatello","symbol":"SIM","quantity":"76.726","price":"0.00049000","timestamp":1644697950,"volume":"0.03759574","buyTxId":"368b7761c35ec055c2c5392849a088f6db274a32","sellTxId":"a69452e497b4562c52a262d454737dc0e807f70b"}
{"index": {"_index":"sim","_id":"2764708"}}
	{"id":2764708,"type":"sell","buyer":"forsakensushi","seller":"konvik","symbol":"SIM","quantity":"69930.546","price":"0.00050000","timestamp":1644698280,"volume":"34.96527300","buyTxId":"90f17d7b2519d78c0292f8add190ac1230af5af0","sellTxId":"3e521dfdb6dfaedb3883666d9488c9867381a99a-1"}
{"index": {"_index":"sim","_id":"2764843"}}
	{"id":2764843,"type":"sell","buyer":"forsakensushi","seller":"otherbrandt","symbol":"SIM","quantity":"69.454","price":"0.00050000","timestamp":1644700308,"volume":"0.03472700","buyTxId":"90f17d7b2519d78c0292f8add190ac1230af5af0","sellTxId":"8408519f9c2a51fc6a471f7470d7305dfdcd4a5d"}
{"index": {"_index":"sim","_id":"2764844"}}
	{"id":2764844,"type":"sell","buyer":"happy-sss","seller":"otherbrandt","symbol":"SIM","quantity":"32051.373","price":"0.00049000","timestamp":1644700308,"volume":"15.70517277","buyTxId":"368b7761c35ec055c2c5392849a088f6db274a32","sellTxId":"8408519f9c2a51fc6a471f7470d7305dfdcd4a5d"}
{"index": {"_index":"sim","_id":"2764845"}}
	{"id":2764845,"type":"sell","buyer":"forsakensushi","seller":"otherbrandt","symbol":"SIM","quantity":"28000.000","price":"0.00049000","timestamp":1644700308,"volume":"13.72000000","buyTxId":"654b5f59f86e83f871a5da0ba7415141960e4b89","sellTxId":"8408519f9c2a51fc6a471f7470d7305dfdcd4a5d"}
{"index": {"_index":"sim","_id":"2764846"}}
	{"id":2764846,"type":"sell","buyer":"forsakensushi","seller":"otherbrandt","symbol":"SIM","quantity":"11021.274","price":"0.00049000","timestamp":1644700308,"volume":"5.40042426","buyTxId":"aa18cd3cd80ca28460161a0d7f610480e183277c","sellTxId":"8408519f9c2a51fc6a471f7470d7305dfdcd4a5d"}
{"index": {"_index":"sim","_id":"2764992"}}
	{"id":2764992,"type":"buy","buyer":"nawalz","seller":"pi-trader","symbol":"SIM","quantity":"500.000","price":"0.00050379","timestamp":1644702564,"volume":"0.25189500","buyTxId":"dfc223ad97eb85c3054d71b00e822d01f73d462f","sellTxId":"0e01cf4dba6631ba8f0c38cb203ad62cbf894123-3"}
{"index": {"_index":"sim","_id":"2764999"}}
	{"id":2764999,"type":"buy","buyer":"nawalz","seller":"pi-trader","symbol":"SIM","quantity":"200.000","price":"0.00050379","timestamp":1644702669,"volume":"0.10075800","buyTxId":"9c18ca95ae380953229817815fec8d9884572c68","sellTxId":"5f09a9cbd0297c2001825990ea97e6ca6dc4c011-2"}
{"index": {"_index":"sim","_id":"2765046"}}
	{"id":2765046,"type":"buy","buyer":"nawalz","seller":"pi-trader","symbol":"SIM","quantity":"1000.000","price":"0.00050275","timestamp":1644703278,"volume":"0.50275000","buyTxId":"46e2c1f71c810f3d71fc57042fd5fc55e2fe3728","sellTxId":"9d2d170329d90dc0e984f9ea2e530d2dfba34ccf-1"}
{"index": {"_index":"sim","_id":"2765056"}}
	{"id":2765056,"type":"buy","buyer":"nawalz","seller":"jelly-cz","symbol":"SIM","quantity":"300.000","price":"0.00050224","timestamp":1644703407,"volume":"0.15067200","buyTxId":"14e3d404d7059d5ab31138a747dd3bf6e08b0beb","sellTxId":"MM-P-14777730-61765097-3-29-0"}
{"index": {"_index":"sim","_id":"2765111"}}
	{"id":2765111,"type":"buy","buyer":"clapyyn","seller":"jelly-cz","symbol":"SIM","quantity":"30.000","price":"0.00050016","timestamp":1644704613,"volume":"0.01500480","buyTxId":"f3224d890750af67af692d1aa6ca9e5b1d74b41c","sellTxId":"MM-P-14778128-61765495-3-29-0"}
{"index": {"_index":"sim","_id":"2765239"}}
	{"id":2765239,"type":"buy","buyer":"lammbock","seller":"jelly-cz","symbol":"SIM","quantity":"400.000","price":"0.00049808","timestamp":1644707064,"volume":"0.19923200","buyTxId":"8f02704260a3dd4422acf9d5442c8c629afb0d3b","sellTxId":"MM-P-14778528-61765895-3-29-0"}
{"index": {"_index":"sim","_id":"2765242"}}
	{"id":2765242,"type":"buy","buyer":"ana-maria","seller":"jelly-cz","symbol":"SIM","quantity":"1100.000","price":"0.00049808","timestamp":1644707184,"volume":"0.54788800","buyTxId":"6c3efa7470eea465edb9cde53552388aee8d5f6d","sellTxId":"MM-P-14778528-61765895-3-29-0"}
{"index": {"_index":"sim","_id":"2765301"}}
	{"id":2765301,"type":"sell","buyer":"forsakensushi","seller":"desyfit","symbol":"SIM","quantity":"93000.000","price":"0.00049000","timestamp":1644708333,"volume":"45.57000000","buyTxId":"aa18cd3cd80ca28460161a0d7f610480e183277c","sellTxId":"d76dc15611ae290f3ee6caff07f02d44db78d7b9"}
{"index": {"_index":"sim","_id":"2765359"}}
	{"id":2765359,"type":"buy","buyer":"rexikhan","seller":"jelly-cz","symbol":"SIM","quantity":"963.701","price":"0.00049808","timestamp":1644709119,"volume":"0.48000019","buyTxId":"4333681ace336efba83a0830838890aa8405fe7a","sellTxId":"MM-P-14778528-61765895-3-29-0"}
{"index": {"_index":"sim","_id":"2765437"}}
	{"id":2765437,"type":"sell","buyer":"forsakensushi","seller":"apoloo1","symbol":"SIM","quantity":"978.726","price":"0.00049000","timestamp":1644710727,"volume":"0.47957574","buyTxId":"aa18cd3cd80ca28460161a0d7f610480e183277c","sellTxId":"61c06b213f89c3734e5ddcdace6182f8db49a780"}
{"index": {"_index":"sim","_id":"2765438"}}
	{"id":2765438,"type":"buy","buyer":"konvik","seller":"apoloo1","symbol":"SIM","quantity":"9080.224","price":"0.00047000","timestamp":1644710730,"volume":"4.26770528","buyTxId":"06fe6f4ad673ec08d2a8229d6245a387d707745f-0","sellTxId":"61c06b213f89c3734e5ddcdace6182f8db49a780"}
{"index": {"_index":"sim","_id":"2765486"}}
	{"id":2765486,"type":"buy","buyer":"hurtlocker","seller":"jelly-cz","symbol":"SIM","quantity":"13449.916","price":"0.00049808","timestamp":1644711027,"volume":"6.69913426","buyTxId":"f1052f8742f2fdc8c8e004cb72ca083efd0d99f9","sellTxId":"MM-P-14778528-61765895-3-29-0"}
{"index": {"_index":"sim","_id":"2765511"}}
	{"id":2765511,"type":"sell","buyer":"pi-trader","seller":"brofi-market","symbol":"SIM","quantity":"0.003","price":"0.00046603","timestamp":1644711186,"volume":"0.00000140","buyTxId":"f18fc0e2948d50f069a13032c9f37b1b60553ddb","sellTxId":"a0b62e07a0e7cc2d48901bca251c94087bfabc0e"}
{"index": {"_index":"sim","_id":"2765655"}}
	{"id":2765655,"type":"buy","buyer":"dripdropp","seller":"jelly-cz","symbol":"SIM","quantity":"3216.000","price":"0.00049757","timestamp":1644712347,"volume":"1.60018512","buyTxId":"a292950d306c6e329a71489a2d658bec39840711","sellTxId":"MM-P-14780324-61767691-3-29-0"}
{"index": {"_index":"sim","_id":"2765839"}}
	{"id":2765839,"type":"sell","buyer":"pi-trader","seller":"bearbear613","symbol":"SIM","quantity":"932.012","price":"0.00046603","timestamp":1644714969,"volume":"0.43434555","buyTxId":"37a48567c2a58af761034bc569f5ac5f0f367e56-1","sellTxId":"84f3610d8c4e7534c2bf0f8f590ccddbc7960cb7"}
{"index": {"_index":"sim","_id":"2765908"}}
	{"id":2765908,"type":"buy","buyer":"hurtlocker","seller":"jelly-cz","symbol":"SIM","quantity":"6029.302","price":"0.00049757","timestamp":1644716121,"volume":"3","buyTxId":"1fe44f7823f894fa449ba6a3a8038fe9ef911d6b","sellTxId":"MM-P-14780324-61767691-3-29-0"}
{"index": {"_index":"sim","_id":"2765949"}}
	{"id":2765949,"type":"sell","buyer":"pi-trader","seller":"ironshield","symbol":"SIM","quantity":"4762.410","price":"0.00046603","timestamp":1644716637,"volume":"2.21942593","buyTxId":"6ed385b1e59d564c34ecdd07bf2baffb5a3cb409-3","sellTxId":"5a76246de7ae7c0fadcf0eb19490e4fa462c6ad6"}
{"index": {"_index":"sim","_id":"2766036"}}
	{"id":2766036,"type":"buy","buyer":"forsakensushi","seller":"jelly-cz","symbol":"SIM","quantity":"20000.000","price":"0.00049757","timestamp":1644718371,"volume":"9.95140000","buyTxId":"60e57a4508782a0313bc2c7354a743bff1d1a693","sellTxId":"MM-P-14780324-61767691-3-29-0"}
{"index": {"_index":"sim","_id":"2766248"}}
	{"id":2766248,"type":"buy","buyer":"hurtlocker","seller":"jelly-cz","symbol":"SIM","quantity":"10547.155","price":"0.00049757","timestamp":1644722259,"volume":"5.2479483","buyTxId":"e3eca7e3583b4cfa5465d4ad7ab854fee78b59d8","sellTxId":"MM-P-14780324-61767691-3-29-0"}
{"index": {"_index":"sim","_id":"2766265"}}
	{"id":2766265,"type":"buy","buyer":"viru5","seller":"jelly-cz","symbol":"SIM","quantity":"4000.000","price":"0.00049757","timestamp":1644722586,"volume":"1.99028000","buyTxId":"acb272404be1b6bbab7dd988e2e75abec80e0377","sellTxId":"MM-P-14780324-61767691-3-29-0"}
