{"index": {"_index":"sim","_id":"3260596"}}
	{"id":3260596,"type":"buy","buyer":"maryjane.main","seller":"jelly-cz","symbol":"SIM","quantity":"1800.000","price":"0.00040252","timestamp":1650682335,"volume":"0.72453600","buyTxId":"58ea91a4a5d2166a1c7ebe3d196e56a9969c3d94","sellTxId":"MM-P-16757194-63746677-3-28-0"}
{"index": {"_index":"sim","_id":"3260692"}}
	{"id":3260692,"type":"buy","buyer":"imperij4427","seller":"jelly-cz","symbol":"SIM","quantity":"30000.000","price":"0.00040252","timestamp":1650684057,"volume":"12.07560000","buyTxId":"c21d15cb2f211d0a13608f262a57054908266991","sellTxId":"MM-P-16757194-63746677-3-28-0"}
{"index": {"_index":"sim","_id":"3260785"}}
	{"id":3260785,"type":"sell","buyer":"lookplz","seller":"dswap","symbol":"SIM","quantity":"360.259","price":"0.00040020","timestamp":1650685917,"volume":"0.14417565","buyTxId":"f6de7d054dc9c063c79762be0c8b684bb4d73187","sellTxId":"6b9f73e2a425abaf62e5537c5336a5ed7d732d49"}
{"index": {"_index":"sim","_id":"3261010"}}
	{"id":3261010,"type":"sell","buyer":"lookplz","seller":"lifeskills-tv","symbol":"SIM","quantity":"290.907","price":"0.00040020","timestamp":1650690072,"volume":"0.11642098","buyTxId":"f6de7d054dc9c063c79762be0c8b684bb4d73187","sellTxId":"4fb93c71fc37abb48475bad0cad73c158fab77bc"}
{"index": {"_index":"sim","_id":"3261068"}}
	{"id":3261068,"type":"buy","buyer":"drakienrising","seller":"nftmart.fees","symbol":"SIM","quantity":"85.000","price":"0.00040251","timestamp":1650691089,"volume":"0.03421335","buyTxId":"8cc4f157ce9c17b6a891694d3397ecc627bf8894","sellTxId":"22689af6648913a21019c37bb451581cff928668-0"}
{"index": {"_index":"sim","_id":"3261070"}}
	{"id":3261070,"type":"sell","buyer":"lookplz","seller":"nftmart.fees","symbol":"SIM","quantity":"573.300","price":"0.00040020","timestamp":1650691092,"volume":"0.22943466","buyTxId":"f6de7d054dc9c063c79762be0c8b684bb4d73187","sellTxId":"010622f06a7df4578c8a5cb943b72b435e28c1fa"}
{"index": {"_index":"sim","_id":"3261096"}}
	{"id":3261096,"type":"buy","buyer":"drakienrising","seller":"jelly-cz","symbol":"SIM","quantity":"18000.000","price":"0.00040252","timestamp":1650691497,"volume":"7.24536000","buyTxId":"4c5b660e8d04cea827461585a82981df13d7937e","sellTxId":"MM-P-16757194-63746677-3-28-0"}
{"index": {"_index":"sim","_id":"3261232"}}
	{"id":3261232,"type":"sell","buyer":"lookplz","seller":"mango-juice","symbol":"SIM","quantity":"451.001","price":"0.00040020","timestamp":1650694236,"volume":"0.18049060","buyTxId":"f6de7d054dc9c063c79762be0c8b684bb4d73187","sellTxId":"484d80269ec49e512b273a96d17e121f7f7c0c8f"}
{"index": {"_index":"sim","_id":"3261263"}}
	{"id":3261263,"type":"sell","buyer":"lookplz","seller":"monsterjamgold","symbol":"SIM","quantity":"692","price":"0.00040020","timestamp":1650694737,"volume":"0.27693840","buyTxId":"f6de7d054dc9c063c79762be0c8b684bb4d73187","sellTxId":"9eb8876aa705fe6d88299ce23398f475b60397d1"}
{"index": {"_index":"sim","_id":"3261445"}}
	{"id":3261445,"type":"sell","buyer":"lookplz","seller":"steem82868","symbol":"SIM","quantity":"0.001","price":"0.00040020","timestamp":1650696837,"volume":"0.00000040","buyTxId":"f6de7d054dc9c063c79762be0c8b684bb4d73187","sellTxId":"f0e08d8932f1dd2df43922576aeb1a6887f07533"}
{"index": {"_index":"sim","_id":"3261576"}}
	{"id":3261576,"type":"sell","buyer":"lookplz","seller":"itharagaian","symbol":"SIM","quantity":"8.000","price":"0.00040020","timestamp":1650698796,"volume":"0.00320160","buyTxId":"f6de7d054dc9c063c79762be0c8b684bb4d73187","sellTxId":"8ac1011f1ee7fb5068d66662e22be638441ea37f"}
{"index": {"_index":"sim","_id":"3261740"}}
	{"id":3261740,"type":"sell","buyer":"lookplz","seller":"zzz.accounting","symbol":"SIM","quantity":"0.014","price":"0.00040020","timestamp":1650699654,"volume":"0.00000560","buyTxId":"f6de7d054dc9c063c79762be0c8b684bb4d73187","sellTxId":"25435b546777e3b9dc414dbbeadf0a0d6c62fcae"}
{"index": {"_index":"sim","_id":"3261871"}}
	{"id":3261871,"type":"sell","buyer":"lookplz","seller":"desyfit","symbol":"SIM","quantity":"37599.908","price":"0.00040020","timestamp":1650701436,"volume":"15.04748318","buyTxId":"f6de7d054dc9c063c79762be0c8b684bb4d73187","sellTxId":"d94431eb0ea8be037278c79ffe73f43cf0331bb6"}
{"index": {"_index":"sim","_id":"3261872"}}
	{"id":3261872,"type":"sell","buyer":"johnripper","seller":"desyfit","symbol":"SIM","quantity":"5419.164","price":"0.00040010","timestamp":1650701436,"volume":"2.16820752","buyTxId":"59d89ff15b4ebae449f5e8b43040addef7483a21","sellTxId":"d94431eb0ea8be037278c79ffe73f43cf0331bb6"}
{"index": {"_index":"sim","_id":"3261873"}}
	{"id":3261873,"type":"sell","buyer":"metzli","seller":"desyfit","symbol":"SIM","quantity":"6980.928","price":"0.00040000","timestamp":1650701436,"volume":"2.79237120","buyTxId":"6281a799697545a1d736a4f8e601b18c54787bcc","sellTxId":"d94431eb0ea8be037278c79ffe73f43cf0331bb6"}
{"index": {"_index":"sim","_id":"3262164"}}
	{"id":3262164,"type":"sell","buyer":"metzli","seller":"myvest","symbol":"SIM","quantity":"123.769","price":"0.00040000","timestamp":1650706545,"volume":"0.04950760","buyTxId":"6281a799697545a1d736a4f8e601b18c54787bcc","sellTxId":"c05ea5d831811853e2df8c7d8dbd4809b0917696"}
{"index": {"_index":"sim","_id":"3262197"}}
	{"id":3262197,"type":"sell","buyer":"metzli","seller":"steemmillionaire","symbol":"SIM","quantity":"507.000","price":"0.00040000","timestamp":1650707340,"volume":"0.20280000","buyTxId":"6281a799697545a1d736a4f8e601b18c54787bcc","sellTxId":"34aac161d9d60a1e61e70541d07565447f1a2c4b"}
{"index": {"_index":"sim","_id":"3262273"}}
	{"id":3262273,"type":"sell","buyer":"metzli","seller":"bionicpainter","symbol":"SIM","quantity":"1692.573","price":"0.00040000","timestamp":1650708426,"volume":"0.67702920","buyTxId":"6281a799697545a1d736a4f8e601b18c54787bcc","sellTxId":"db6be8b72b30e1c6f305541d2b36fa9d4cd2e837"}
{"index": {"_index":"sim","_id":"3262630"}}
	{"id":3262630,"type":"sell","buyer":"metzli","seller":"beco132","symbol":"SIM","quantity":"17.032","price":"0.00040000","timestamp":1650714021,"volume":"0.00681280","buyTxId":"6281a799697545a1d736a4f8e601b18c54787bcc","sellTxId":"1b09e60e30527a7e7ac11d32b98ed332a1f0c39f"}
{"index": {"_index":"sim","_id":"3262860"}}
	{"id":3262860,"type":"sell","buyer":"beco132","seller":"gamsam","symbol":"SIM","quantity":"5025.000","price":"0.00039600","timestamp":1650717069,"volume":"1.98990000","buyTxId":"5f141fdbcd36ac3057e6e0f22630b9789d57d794","sellTxId":"01f805aa4c058002321e5896bc6a97599d266c3c"}
{"index": {"_index":"sim","_id":"3262861"}}
	{"id":3262861,"type":"sell","buyer":"xxazazelxx","seller":"gamsam","symbol":"SIM","quantity":"3020.000","price":"0.00039000","timestamp":1650717069,"volume":"1.17780000","buyTxId":"a8a3d643add676f00b50bcd13849b54c039560a9","sellTxId":"01f805aa4c058002321e5896bc6a97599d266c3c"}
{"index": {"_index":"sim","_id":"3262862"}}
	{"id":3262862,"type":"sell","buyer":"d-pend","seller":"gamsam","symbol":"SIM","quantity":"29614.000","price":"0.00038600","timestamp":1650717069,"volume":"11.43100400","buyTxId":"25ca688027f876d2caa24e794cea886e9a592e15","sellTxId":"01f805aa4c058002321e5896bc6a97599d266c3c"}
{"index": {"_index":"sim","_id":"3263054"}}
	{"id":3263054,"type":"sell","buyer":"pi-trader","seller":"nftmart.fees","symbol":"SIM","quantity":"42.900","price":"0.00038601","timestamp":1650719577,"volume":"0.01655983","buyTxId":"f3f20d26d446b054d2a3cee608d5eb1ef60b2358","sellTxId":"6f3dd5b77cab54c6c21b3ae52b59874bceb475f2"}
{"index": {"_index":"sim","_id":"3263057"}}
	{"id":3263057,"type":"buy","buyer":"adacardano","seller":"nftmart.fees","symbol":"SIM","quantity":"6.000","price":"0.00039847","timestamp":1650719607,"volume":"0.00239082","buyTxId":"b7948d5e7da925eb64845ef74b8bb6fb103c0079","sellTxId":"071f9351365e2ca63b1a1e71bab94af9e87c816e-0"}
{"index": {"_index":"sim","_id":"3263058"}}
	{"id":3263058,"type":"buy","buyer":"adacardano","seller":"jelly-cz","symbol":"SIM","quantity":"125884.000","price":"0.00039848","timestamp":1650719607,"volume":"50.16225632","buyTxId":"b7948d5e7da925eb64845ef74b8bb6fb103c0079","sellTxId":"MM-P-16774550-63764035-3-28-0"}
{"index": {"_index":"sim","_id":"3263059"}}
	{"id":3263059,"type":"buy","buyer":"adacardano","seller":"beco132","symbol":"SIM","quantity":"5007.968","price":"0.00040000","timestamp":1650719607,"volume":"2.00318720","buyTxId":"b7948d5e7da925eb64845ef74b8bb6fb103c0079","sellTxId":"1b09e60e30527a7e7ac11d32b98ed332a1f0c39f"}
{"index": {"_index":"sim","_id":"3263060"}}
	{"id":3263060,"type":"buy","buyer":"adacardano","seller":"crypto-dz","symbol":"SIM","quantity":"4012.800","price":"0.00040020","timestamp":1650719607,"volume":"1.60592256","buyTxId":"b7948d5e7da925eb64845ef74b8bb6fb103c0079","sellTxId":"46fe7783985e38be176399896b409648870e767c"}
{"index": {"_index":"sim","_id":"3263061"}}
	{"id":3263061,"type":"buy","buyer":"adacardano","seller":"independance","symbol":"SIM","quantity":"0.089","price":"0.00040022","timestamp":1650719607,"volume":"0.00003562","buyTxId":"b7948d5e7da925eb64845ef74b8bb6fb103c0079","sellTxId":"5cb086d3fea939ec7d13f91873a7e1df85bbf85c"}
{"index": {"_index":"sim","_id":"3263062"}}
	{"id":3263062,"type":"buy","buyer":"adacardano","seller":"arcgspy","symbol":"SIM","quantity":"7831.838","price":"0.00040251","timestamp":1650719607,"volume":"3.15239311","buyTxId":"b7948d5e7da925eb64845ef74b8bb6fb103c0079","sellTxId":"585ef801b0e38fdd42180b5d90d4c4215aaf9177"}
{"index": {"_index":"sim","_id":"3263063"}}
	{"id":3263063,"type":"buy","buyer":"adacardano","seller":"pokerarema","symbol":"SIM","quantity":"39253.252","price":"0.00040949","timestamp":1650719607,"volume":"16.07381437","buyTxId":"b7948d5e7da925eb64845ef74b8bb6fb103c0079","sellTxId":"5b45c3c9ca2013c54129dd90ba4c422dd1d96272"}
{"index": {"_index":"sim","_id":"3263067"}}
	{"id":3263067,"type":"sell","buyer":"pi-trader","seller":"thegoliath","symbol":"SIM","quantity":"44000.000","price":"0.00038601","timestamp":1650719649,"volume":"16.98444000","buyTxId":"2de922bba651e3c5627a28a92f3a1379742a3584-1","sellTxId":"469605cd89887b76c749e05d692f2091eb9593ab"}
{"index": {"_index":"sim","_id":"3263220"}}
	{"id":3263220,"type":"sell","buyer":"pi-trader","seller":"valor2s","symbol":"SIM","quantity":"47.235","price":"0.00038601","timestamp":1650721221,"volume":"0.01823318","buyTxId":"f2da50295ff8994611bcbc1211b62a68937ec07e-3","sellTxId":"c5cbfdf8f0b721a9f76240c40545bb03c5148e6c"}
{"index": {"_index":"sim","_id":"3263499"}}
	{"id":3263499,"type":"sell","buyer":"pi-trader","seller":"crypto-dz","symbol":"SIM","quantity":"226.100","price":"0.00038701","timestamp":1650724641,"volume":"0.08750296","buyTxId":"bc5c39df1c244ba7c931e137754f2b7ad76c01a2-1","sellTxId":"5c98cde6c6307e8c84e6b74e1fbec3af70f00c7c"}
{"index": {"_index":"sim","_id":"3263718"}}
	{"id":3263718,"type":"buy","buyer":"d-pend","seller":"jelly-cz","symbol":"SIM","quantity":"125884.000","price":"0.00039885","timestamp":1650726342,"volume":"50.20883340","buyTxId":"a2ed04d55581ba3a90240be638c0e791f53e85a7","sellTxId":"MM-P-16775747-63765232-3-28-0"}
{"index": {"_index":"sim","_id":"3263719"}}
	{"id":3263719,"type":"buy","buyer":"d-pend","seller":"pokerarema","symbol":"SIM","quantity":"116.000","price":"0.00040949","timestamp":1650726342,"volume":"0.04750084","buyTxId":"a2ed04d55581ba3a90240be638c0e791f53e85a7","sellTxId":"5b45c3c9ca2013c54129dd90ba4c422dd1d96272"}
{"index": {"_index":"sim","_id":"3264120"}}
	{"id":3264120,"type":"buy","buyer":"cronos0","seller":"jelly-cz","symbol":"SIM","quantity":"2572.620","price":"0.00040037","timestamp":1650729867,"volume":"1.03","buyTxId":"8ca432acbf7df52c684133845a269edc27af30ee","sellTxId":"MM-P-16777843-63767328-3-28-0"}
{"index": {"_index":"sim","_id":"3264220"}}
	{"id":3264220,"type":"buy","buyer":"ragnarokdel","seller":"jelly-cz","symbol":"SIM","quantity":"20000.000","price":"0.00040037","timestamp":1650730821,"volume":"8.00740000","buyTxId":"57135a78de82fd1a4e493d84a0398956e5b3b235","sellTxId":"MM-P-16777843-63767328-3-28-0"}
{"index": {"_index":"sim","_id":"3264299"}}
	{"id":3264299,"type":"buy","buyer":"dkid14","seller":"jelly-cz","symbol":"SIM","quantity":"43311.380","price":"0.00040037","timestamp":1650731478,"volume":"17.34057721","buyTxId":"fb592645188c565c89ea0f11fb7a0c40d2681d75","sellTxId":"MM-P-16777843-63767328-3-28-0"}
{"index": {"_index":"sim","_id":"3264431"}}
	{"id":3264431,"type":"sell","buyer":"metzli","seller":"pjansen","symbol":"SIM","quantity":"13637.080","price":"0.00040000","timestamp":1650732447,"volume":"5.45483200","buyTxId":"2fb876d737f60b0daa150233cb88f5a739b6a1e1","sellTxId":"b06b7f3ebc6932f069a2abe85ac6fc52e8899fd5"}
{"index": {"_index":"sim","_id":"3264444"}}
	{"id":3264444,"type":"sell","buyer":"metzli","seller":"pjansen","symbol":"SIM","quantity":"13673.775","price":"0.00040000","timestamp":1650732540,"volume":"5.46951000","buyTxId":"2fb876d737f60b0daa150233cb88f5a739b6a1e1","sellTxId":"dd42bc2c853989c5c99e7ade10d53db3542d9a5e"}
{"index": {"_index":"sim","_id":"3264457"}}
	{"id":3264457,"type":"sell","buyer":"metzli","seller":"pjansen","symbol":"SIM","quantity":"12530.200","price":"0.00040000","timestamp":1650732600,"volume":"5.01208000","buyTxId":"2fb876d737f60b0daa150233cb88f5a739b6a1e1","sellTxId":"6fc2b82e6ad794c039585077db54eaa3c0b74fa9"}
{"index": {"_index":"sim","_id":"3264462"}}
	{"id":3264462,"type":"sell","buyer":"metzli","seller":"loganhate","symbol":"SIM","quantity":"158.945","price":"0.00040000","timestamp":1650732621,"volume":"0.06357800","buyTxId":"2fb876d737f60b0daa150233cb88f5a739b6a1e1","sellTxId":"5372c10b53c5f01cc22c8568417a9439a69ecbd4"}
{"index": {"_index":"sim","_id":"3264524"}}
	{"id":3264524,"type":"buy","buyer":"dadspardan","seller":"loganhate","symbol":"SIM","quantity":"73.055","price":"0.00039748","timestamp":1650732903,"volume":"0.02903790","buyTxId":"46f4f7fb80e44754ca3ac37719f2424f9e72d85c","sellTxId":"5372c10b53c5f01cc22c8568417a9439a69ecbd4"}
{"index": {"_index":"sim","_id":"3264525"}}
	{"id":3264525,"type":"buy","buyer":"dadspardan","seller":"jelly-cz","symbol":"SIM","quantity":"15407.738","price":"0.00040037","timestamp":1650732903,"volume":"6.16879606","buyTxId":"46f4f7fb80e44754ca3ac37719f2424f9e72d85c","sellTxId":"MM-P-16777843-63767328-3-28-0"}
{"index": {"_index":"sim","_id":"3264565"}}
	{"id":3264565,"type":"sell","buyer":"pi-trader","seller":"rarej","symbol":"SIM","quantity":"1648.026","price":"0.00039201","timestamp":1650733098,"volume":"0.64604267","buyTxId":"fb7d6700ef08f7cb0b74638ce5503552d82274ff","sellTxId":"7a02b6a57dab91931510680af19f104f5d278ddb"}
{"index": {"_index":"sim","_id":"3265367"}}
	{"id":3265367,"type":"buy","buyer":"maryjane.main","seller":"nftmart.fees","symbol":"SIM","quantity":"3.000","price":"0.00039999","timestamp":1650741696,"volume":"0.00119997","buyTxId":"8e44a3e2bf6b7c2bcff463aa27170eb9c175e151","sellTxId":"2ef1b4f13143b380b8311f4dd4eba2bae851dfbd-0"}
{"index": {"_index":"sim","_id":"3265368"}}
	{"id":3265368,"type":"buy","buyer":"maryjane.main","seller":"rivalzzz","symbol":"SIM","quantity":"13948.000","price":"0.00040000","timestamp":1650741696,"volume":"5.57920000","buyTxId":"8e44a3e2bf6b7c2bcff463aa27170eb9c175e151","sellTxId":"cd98d30b009c0c268c20e24ec389385546826135"}
{"index": {"_index":"sim","_id":"3265369"}}
	{"id":3265369,"type":"buy","buyer":"maryjane.main","seller":"crypto-dz","symbol":"SIM","quantity":"5016.000","price":"0.00040036","timestamp":1650741696,"volume":"2.00820576","buyTxId":"8e44a3e2bf6b7c2bcff463aa27170eb9c175e151","sellTxId":"2249f5cbe34dba2dad5eda27cb004536c00efcce"}
{"index": {"_index":"sim","_id":"3265370"}}
	{"id":3265370,"type":"buy","buyer":"maryjane.main","seller":"idmr500","symbol":"SIM","quantity":"1063.678","price":"0.00040036","timestamp":1650741696,"volume":"0.42585412","buyTxId":"8e44a3e2bf6b7c2bcff463aa27170eb9c175e151","sellTxId":"2478d35777ecc83b6cd4ff098765ae8f919978ed"}
{"index": {"_index":"sim","_id":"3265371"}}
	{"id":3265371,"type":"buy","buyer":"maryjane.main","seller":"idmr500","symbol":"SIM","quantity":"2470.094","price":"0.00040036","timestamp":1650741696,"volume":"0.98892683","buyTxId":"8e44a3e2bf6b7c2bcff463aa27170eb9c175e151","sellTxId":"6aa87844301b347f6a93473ad427cef9f3295a73"}
{"index": {"_index":"sim","_id":"3265447"}}
	{"id":3265447,"type":"sell","buyer":"chunkysoupsvc","seller":"rivalzzz","symbol":"SIM","quantity":"2375.063","price":"0.00039999","timestamp":1650742671,"volume":"0.95000145","buyTxId":"f1ff63e002c72e31ec567d20eb5b0c48f570f276","sellTxId":"4ec0a3773f4179e08b5734f404abc132e58fafb2"}
{"index": {"_index":"sim","_id":"3265520"}}
	{"id":3265520,"type":"sell","buyer":"pi-trader","seller":"rivalzzz","symbol":"SIM","quantity":"21532.000","price":"0.00039401","timestamp":1650743421,"volume":"8.48382332","buyTxId":"4153562ddd921fb8e673901fc29f0bb36f9989f8-0","sellTxId":"150ea8c95ce8368fdadc8ba247fbf98881dfe6d1"}
{"index": {"_index":"sim","_id":"3265585"}}
	{"id":3265585,"type":"sell","buyer":"assassyn","seller":"rarej","symbol":"SIM","quantity":"100.000","price":"0.00039401","timestamp":1650744207,"volume":"0.03940100","buyTxId":"80197f2d59370cba023955afbdea76bb17566335","sellTxId":"dfa86dbffde10e7241c0e05401432a89be6a8010"}
{"index": {"_index":"sim","_id":"3265586"}}
	{"id":3265586,"type":"sell","buyer":"d-pend","seller":"rarej","symbol":"SIM","quantity":"1552.000","price":"0.00039400","timestamp":1650744207,"volume":"0.61148800","buyTxId":"13fdcc9d137b0593256b2e4199e06e954d81541f","sellTxId":"dfa86dbffde10e7241c0e05401432a89be6a8010"}
{"index": {"_index":"sim","_id":"3265631"}}
	{"id":3265631,"type":"sell","buyer":"d-pend","seller":"monsterjamgold","symbol":"SIM","quantity":"655.311","price":"0.00039400","timestamp":1650744942,"volume":"0.25819253","buyTxId":"13fdcc9d137b0593256b2e4199e06e954d81541f","sellTxId":"ef5b7001a81d22f559d3fa408cea2e4cd907e125"}
{"index": {"_index":"sim","_id":"3265689"}}
	{"id":3265689,"type":"sell","buyer":"d-pend","seller":"loganhate","symbol":"SIM","quantity":"110.000","price":"0.00039400","timestamp":1650745917,"volume":"0.04334000","buyTxId":"13fdcc9d137b0593256b2e4199e06e954d81541f","sellTxId":"ec5acab3c4881df83760cdd7c3e5bf835ebb9202"}
{"index": {"_index":"sim","_id":"3265781"}}
	{"id":3265781,"type":"sell","buyer":"d-pend","seller":"reddragonfly","symbol":"SIM","quantity":"0.272","price":"0.00039400","timestamp":1650747186,"volume":"0.00010717","buyTxId":"13fdcc9d137b0593256b2e4199e06e954d81541f","sellTxId":"1eb2fc8d4db77d30177ecc9ab040fa75bed7f0fb"}
{"index": {"_index":"sim","_id":"3265821"}}
	{"id":3265821,"type":"buy","buyer":"chunkysoupsvc","seller":"nftmart.fees","symbol":"SIM","quantity":"25.000","price":"0.00040035","timestamp":1650747462,"volume":"0.01000875","buyTxId":"3be1f9dbf7841faba5cd7da3b714d85771546fab","sellTxId":"7a9ab3f88b457895aa08df53b88558d4621e3e22-0"}
{"index": {"_index":"sim","_id":"3265822"}}
	{"id":3265822,"type":"buy","buyer":"chunkysoupsvc","seller":"idmr500","symbol":"SIM","quantity":"1316.841","price":"0.00040036","timestamp":1650747462,"volume":"0.52721046","buyTxId":"3be1f9dbf7841faba5cd7da3b714d85771546fab","sellTxId":"6aa87844301b347f6a93473ad427cef9f3295a73"}
{"index": {"_index":"sim","_id":"3265823"}}
	{"id":3265823,"type":"buy","buyer":"chunkysoupsvc","seller":"jelly-cz","symbol":"SIM","quantity":"3903.657","price":"0.00040037","timestamp":1650747462,"volume":"1.56290715","buyTxId":"3be1f9dbf7841faba5cd7da3b714d85771546fab","sellTxId":"MM-P-16777843-63767328-3-28-0"}
{"index": {"_index":"sim","_id":"3265855"}}
	{"id":3265855,"type":"sell","buyer":"d-pend","seller":"valor2s","symbol":"SIM","quantity":"46.000","price":"0.00039400","timestamp":1650748131,"volume":"0.01812400","buyTxId":"13fdcc9d137b0593256b2e4199e06e954d81541f","sellTxId":"d0c97a5a228d5daa53e5011107b514e82e4afa32"}
{"index": {"_index":"sim","_id":"3265882"}}
	{"id":3265882,"type":"sell","buyer":"d-pend","seller":"whitelightxpress","symbol":"SIM","quantity":"0.631","price":"0.00039400","timestamp":1650748440,"volume":"0.00024861","buyTxId":"13fdcc9d137b0593256b2e4199e06e954d81541f","sellTxId":"c0831dd3c51b699fb5b22d1cf10dfc996951e269"}
{"index": {"_index":"sim","_id":"3265991"}}
	{"id":3265991,"type":"sell","buyer":"d-pend","seller":"steemmillionaire","symbol":"SIM","quantity":"99.000","price":"0.00039400","timestamp":1650749931,"volume":"0.03900600","buyTxId":"13fdcc9d137b0593256b2e4199e06e954d81541f","sellTxId":"53a3aa53d0356716edf0ee75dae0a181c817ca4b"}
{"index": {"_index":"sim","_id":"3266022"}}
	{"id":3266022,"type":"buy","buyer":"boycharlieplays","seller":"nftmart.fees","symbol":"SIM","quantity":"25.000","price":"0.00040036","timestamp":1650750621,"volume":"0.01000900","buyTxId":"1297e5987729f5416de039275f82ea2b6c7419b2","sellTxId":"a22473c8c70b2eee5a98a9f135e7e7927f8ab415-0"}
{"index": {"_index":"sim","_id":"3266023"}}
	{"id":3266023,"type":"buy","buyer":"boycharlieplays","seller":"medaymane","symbol":"SIM","quantity":"765.000","price":"0.00040036","timestamp":1650750621,"volume":"0.30627540","buyTxId":"1297e5987729f5416de039275f82ea2b6c7419b2","sellTxId":"35d869fd36e4cf78fba0481341b16b018127c6e6"}
{"index": {"_index":"sim","_id":"3266047"}}
	{"id":3266047,"type":"sell","buyer":"boycharlieplays","seller":"nftmart.fees","symbol":"SIM","quantity":"21.000","price":"0.00040036","timestamp":1650750840,"volume":"0.00840756","buyTxId":"1297e5987729f5416de039275f82ea2b6c7419b2","sellTxId":"aa5f57a2e91fbab8b3b8aea5e55a08ff2e723e42-0"}
{"index": {"_index":"sim","_id":"3266052"}}
	{"id":3266052,"type":"sell","buyer":"boycharlieplays","seller":"pjansen","symbol":"SIM","quantity":"2012.691","price":"0.00040036","timestamp":1650750855,"volume":"0.80580097","buyTxId":"1297e5987729f5416de039275f82ea2b6c7419b2","sellTxId":"20cef85440433c7dbda5837db257737074f96087"}
{"index": {"_index":"sim","_id":"3266113"}}
	{"id":3266113,"type":"sell","buyer":"boycharlieplays","seller":"bitcoinflood","symbol":"SIM","quantity":"146.137","price":"0.00040036","timestamp":1650751515,"volume":"0.05850741","buyTxId":"1297e5987729f5416de039275f82ea2b6c7419b2","sellTxId":"0c4e97024f1547dfd7cf0918218c7c10747aff39"}
{"index": {"_index":"sim","_id":"3266324"}}
	{"id":3266324,"type":"sell","buyer":"d-pend","seller":"srfaro","symbol":"SIM","quantity":"2000.000","price":"0.00039400","timestamp":1650753288,"volume":"0.78800000","buyTxId":"13fdcc9d137b0593256b2e4199e06e954d81541f","sellTxId":"d41afe86bf562ea5d81de2f2c9e7f1ee390fa0c2"}
{"index": {"_index":"sim","_id":"3266476"}}
	{"id":3266476,"type":"sell","buyer":"d-pend","seller":"boycharlieplays","symbol":"SIM","quantity":"169.828","price":"0.00039400","timestamp":1650754854,"volume":"0.06691223","buyTxId":"13fdcc9d137b0593256b2e4199e06e954d81541f","sellTxId":"a2740f731e6ad4d9b20ce2ce151bdcf005cb708b"}
{"index": {"_index":"sim","_id":"3266492"}}
	{"id":3266492,"type":"buy","buyer":"boycharlieplays","seller":"nftmart.fees","symbol":"SIM","quantity":"69.000","price":"0.00040036","timestamp":1650755160,"volume":"0.02762484","buyTxId":"f15d5f8d70735dac163886cae80f972a5ac07c53","sellTxId":"73db0257233505652afe5e263b28dd63093f8c98-0"}
{"index": {"_index":"sim","_id":"3266500"}}
	{"id":3266500,"type":"buy","buyer":"boycharlieplays","seller":"jelly-cz","symbol":"SIM","quantity":"36710.005","price":"0.00040037","timestamp":1650755202,"volume":"14.69758470","buyTxId":"8865d0a22fded34438dce4783ca8cc86cb2c1cb9","sellTxId":"MM-P-16777843-63767328-3-28-0"}
{"index": {"_index":"sim","_id":"3266544"}}
	{"id":3266544,"type":"sell","buyer":"d-pend","seller":"boycharlieplays","symbol":"SIM","quantity":"100.000","price":"0.00039400","timestamp":1650755835,"volume":"0.03940000","buyTxId":"13fdcc9d137b0593256b2e4199e06e954d81541f","sellTxId":"884d109b79643d54c6b9d6107eb80f23338a4a58"}
{"index": {"_index":"sim","_id":"3266554"}}
	{"id":3266554,"type":"sell","buyer":"d-pend","seller":"daigorokoike","symbol":"SIM","quantity":"2600.000","price":"0.00039400","timestamp":1650755991,"volume":"1.02440000","buyTxId":"13fdcc9d137b0593256b2e4199e06e954d81541f","sellTxId":"4524dab15ac4036e011690d276c1d5fcad87bcbf"}
{"index": {"_index":"sim","_id":"3266670"}}
	{"id":3266670,"type":"sell","buyer":"d-pend","seller":"steem82868","symbol":"SIM","quantity":"0.001","price":"0.00039400","timestamp":1650757455,"volume":"0.00000039","buyTxId":"13fdcc9d137b0593256b2e4199e06e954d81541f","sellTxId":"3abd2c6c1dcbbb193f88339e27f5154486debf75"}
{"index": {"_index":"sim","_id":"3266921"}}
	{"id":3266921,"type":"buy","buyer":"ragnarokdel","seller":"nftmart.fees","symbol":"SIM","quantity":"60.000","price":"0.00040036","timestamp":1650759567,"volume":"0.02402160","buyTxId":"3085e0f7a160a70b1aff75aab6b3f7302fedcdb6","sellTxId":"91bbe93194e36b498df0b7c917f02ae3730dd91e-0"}
{"index": {"_index":"sim","_id":"3266922"}}
	{"id":3266922,"type":"buy","buyer":"ragnarokdel","seller":"jelly-cz","symbol":"SIM","quantity":"3978.600","price":"0.00040037","timestamp":1650759567,"volume":"1.59291208","buyTxId":"3085e0f7a160a70b1aff75aab6b3f7302fedcdb6","sellTxId":"MM-P-16777843-63767328-3-28-0"}
{"index": {"_index":"sim","_id":"3266923"}}
	{"id":3266923,"type":"buy","buyer":"ragnarokdel","seller":"pokerarema","symbol":"SIM","quantity":"226592.148","price":"0.00040949","timestamp":1650759567,"volume":"92.78721868","buyTxId":"3085e0f7a160a70b1aff75aab6b3f7302fedcdb6","sellTxId":"5b45c3c9ca2013c54129dd90ba4c422dd1d96272"}
{"index": {"_index":"sim","_id":"3267038"}}
	{"id":3267038,"type":"buy","buyer":"catotune","seller":"pi-trader","symbol":"SIM","quantity":"24695.812","price":"0.00040188","timestamp":1650760995,"volume":"9.92475293","buyTxId":"9f83b98d5fc5dbc46515c95771acefd5815cc534","sellTxId":"da4bdc35cb8c62c8b1259a7faf13c38b35856e06-7"}
{"index": {"_index":"sim","_id":"3267273"}}
	{"id":3267273,"type":"buy","buyer":"itzninjafool","seller":"nftmart.fees","symbol":"SIM","quantity":"184.000","price":"0.00040036","timestamp":1650763734,"volume":"0.07366624","buyTxId":"751beb552799ab23ce5a5e3efb8a870ba2d5371d","sellTxId":"c65b2a279ac3620590dc7f76ece715f5a6bd2290-0"}
{"index": {"_index":"sim","_id":"3267274"}}
	{"id":3267274,"type":"sell","buyer":"themarkymark","seller":"nftmart.fees","symbol":"SIM","quantity":"1237.550","price":"0.00039500","timestamp":1650763737,"volume":"0.48883225","buyTxId":"130b17296e56ba2d34a696973c4785d9021e5771","sellTxId":"b1450e476666228c3f1dc04f05f8511c5151d462"}
{"index": {"_index":"sim","_id":"3267293"}}
	{"id":3267293,"type":"buy","buyer":"itzninjafool","seller":"jelly-cz","symbol":"SIM","quantity":"6000.000","price":"0.00040037","timestamp":1650763818,"volume":"2.40222000","buyTxId":"fd2d0096de70207d19e2fa3a3654dd06aeaaac0f","sellTxId":"MM-P-16788918-63778404-3-28-0"}
{"index": {"_index":"sim","_id":"3267316"}}
	{"id":3267316,"type":"sell","buyer":"themarkymark","seller":"andy4475","symbol":"SIM","quantity":"18.478","price":"0.00039500","timestamp":1650764076,"volume":"0.00729881","buyTxId":"130b17296e56ba2d34a696973c4785d9021e5771","sellTxId":"c8887441ab63a2115c3d0fdcd39c7500e7f88daa"}
{"index": {"_index":"sim","_id":"3267407"}}
	{"id":3267407,"type":"sell","buyer":"themarkymark","seller":"dswap","symbol":"SIM","quantity":"14.574","price":"0.00039500","timestamp":1650764901,"volume":"0.00575673","buyTxId":"130b17296e56ba2d34a696973c4785d9021e5771","sellTxId":"ecc9c3c32c1f8cb9e9ece7d149c0666c1203ce79"}
{"index": {"_index":"sim","_id":"3267518"}}
	{"id":3267518,"type":"buy","buyer":"jakkal","seller":"jelly-cz","symbol":"SIM","quantity":"600.000","price":"0.00040037","timestamp":1650766113,"volume":"0.24022200","buyTxId":"95efe544f3ccecf797e15e86eb2ab6ddbf0f7a67","sellTxId":"MM-P-16788918-63778404-3-28-0"}
{"index": {"_index":"sim","_id":"3267531"}}
	{"id":3267531,"type":"buy","buyer":"libert","seller":"jelly-cz","symbol":"SIM","quantity":"10440.342","price":"0.00040037","timestamp":1650766200,"volume":"4.18","buyTxId":"cf299553265d243225ba4574cd96e67a4c1599c8","sellTxId":"MM-P-16788918-63778404-3-28-0"}
{"index": {"_index":"sim","_id":"3267680"}}
	{"id":3267680,"type":"buy","buyer":"catotune","seller":"jelly-cz","symbol":"SIM","quantity":"12394.153","price":"0.00040037","timestamp":1650768660,"volume":"4.96224704","buyTxId":"7a936bc7db3a1bcab9075ac50178fb65b66bfa06","sellTxId":"MM-P-16788918-63778404-3-28-0"}
