{"index": {"_index":"sim","_id":"1345924"}}
	{"id":1345924,"type":"sell","buyer":"pi-trader","seller":"bitcoinflood","symbol":"SIM","quantity":"164.649","price":"0.00195002","timestamp":1628823078,"volume":"0.32106884","buyTxId":"604a55b8407765317d7432055f76d4d3acabf330-1","sellTxId":"056f055a3d1cb3049da5438ed2845bdbe5fdc46f"}
{"index": {"_index":"sim","_id":"1345932"}}
	{"id":1345932,"type":"buy","buyer":"konvik","seller":"dustindivitto","symbol":"SIM","quantity":"40310.786","price":"0.00201000","timestamp":1628823276,"volume":"81.02467986","buyTxId":"cf001034a3f5665b9c8307325a04421206c44aa2-0","sellTxId":"c1cb1420b2f8cbef3525d7c85177ff4b96887a8b"}
{"index": {"_index":"sim","_id":"1346001"}}
	{"id":1346001,"type":"buy","buyer":"sn0n","seller":"solovey6o2","symbol":"SIM","quantity":"41506.537","price":"0.00200999","timestamp":1628823957,"volume":"83.42772430","buyTxId":"223526edccbdfecc3813c9498c31e3a55167763d","sellTxId":"0aaa332950b80695d0227602cd0f532feecf929b"}
{"index": {"_index":"sim","_id":"1346016"}}
	{"id":1346016,"type":"sell","buyer":"pi-trader","seller":"thesimguru","symbol":"SIM","quantity":"2000.000","price":"0.00195002","timestamp":1628824167,"volume":"3.90004000","buyTxId":"345489c3a5c6b9cd23f1f5e14a28dff0bd99792f-1","sellTxId":"321f129e89eea53f8ad3ffc2a02878a579945078"}
{"index": {"_index":"sim","_id":"1346019"}}
	{"id":1346019,"type":"buy","buyer":"pi-trader","seller":"thesimguru","symbol":"SIM","quantity":"485.200","price":"0.00195002","timestamp":1628824197,"volume":"0.94614970","buyTxId":"c11bd781cb97ba2699884d625fab17de8de35ca7","sellTxId":"321f129e89eea53f8ad3ffc2a02878a579945078"}
{"index": {"_index":"sim","_id":"1346035"}}
	{"id":1346035,"type":"sell","buyer":"pi-trader","seller":"winebank","symbol":"SIM","quantity":"1327.000","price":"0.00195003","timestamp":1628824605,"volume":"2.58768981","buyTxId":"ebd0dc8c5dbf0f056c222a8cd9ef4d83f389d7ba-1","sellTxId":"d4048f819ca753e5ab033b210311b279b4bbef24"}
{"index": {"_index":"sim","_id":"1346039"}}
	{"id":1346039,"type":"buy","buyer":"soteyapanbot","seller":"solovey6o2","symbol":"SIM","quantity":"3003.000","price":"0.00200999","timestamp":1628824758,"volume":"6.03599997","buyTxId":"a749b506bd03f14a2fc95e03aa3409b66abb9ad8","sellTxId":"0aaa332950b80695d0227602cd0f532feecf929b"}
{"index": {"_index":"sim","_id":"1346095"}}
	{"id":1346095,"type":"sell","buyer":"pi-trader","seller":"eythorphoto","symbol":"SIM","quantity":"921.000","price":"0.00195002","timestamp":1628825514,"volume":"1.79596842","buyTxId":"5695257913ae0784a283e69a6e7b7b3bade58dd7-1","sellTxId":"1668e00b799655f4cbe6ec7b834d8fafa2555bd0"}
{"index": {"_index":"sim","_id":"1346192"}}
	{"id":1346192,"type":"sell","buyer":"pi-trader","seller":"trumpman","symbol":"SIM","quantity":"1477.281","price":"0.00195002","timestamp":1628827785,"volume":"2.88072750","buyTxId":"d2dd0548aaf8dd28b7bc16da9129cb658cfd3f0b-1","sellTxId":"4ba02bd3b801758a6eeb65613459eb18d4ff623a"}
{"index": {"_index":"sim","_id":"1346207"}}
	{"id":1346207,"type":"sell","buyer":"pi-trader","seller":"brofi-market","symbol":"SIM","quantity":"114.366","price":"0.00195002","timestamp":1628828130,"volume":"0.22301599","buyTxId":"0af6249836bf42bc86c67344a185cfd2da039282-1","sellTxId":"a3c5a58f9dc08448e6b5d293345490f550c8a7e1"}
{"index": {"_index":"sim","_id":"1346238"}}
	{"id":1346238,"type":"sell","buyer":"pi-trader","seller":"mawit07","symbol":"SIM","quantity":"2000.000","price":"0.00195002","timestamp":1628828598,"volume":"3.90004000","buyTxId":"97f0a75ccbd763e4d5f42851f8342ce90b930741-1","sellTxId":"b97b897383657c8a2808c48890ade0a2b468d283"}
{"index": {"_index":"sim","_id":"1346244"}}
	{"id":1346244,"type":"buy","buyer":"juanvegetarian","seller":"nftmart.fees","symbol":"SIM","quantity":"554.000","price":"0.00199999","timestamp":1628828631,"volume":"1.10799446","buyTxId":"9b21060e697b5f1f09ecbd83c5f7fe8b0abef002","sellTxId":"5eaec079c13489969796943e9d0ee8bccbdeb5e6-0"}
{"index": {"_index":"sim","_id":"1346249"}}
	{"id":1346249,"type":"buy","buyer":"juanvegetarian","seller":"brofi-market","symbol":"SIM","quantity":"114.366","price":"0.00199999","timestamp":1628828754,"volume":"0.22873086","buyTxId":"d4aafdb2d46b2cf3a4f0455ec073216d7b9df8e2","sellTxId":"58566970328db3b483b41cd76271fc1954a06f65"}
{"index": {"_index":"sim","_id":"1346250"}}
	{"id":1346250,"type":"sell","buyer":"pi-trader","seller":"justinparke","symbol":"SIM","quantity":"2000.000","price":"0.00195002","timestamp":1628828781,"volume":"3.90004000","buyTxId":"cc6db8e77104327cd995a72b05bf9fcb8cb94208","sellTxId":"4ca695af5f10218d4b1704ff0b05b112aa2a3548"}
{"index": {"_index":"sim","_id":"1346251"}}
	{"id":1346251,"type":"sell","buyer":"solovey6o2","seller":"justinparke","symbol":"SIM","quantity":"6465.354","price":"0.00195001","timestamp":1628828781,"volume":"12.60750495","buyTxId":"b1fcab432d9605c767a14b6b255e9dfd5381d632","sellTxId":"4ca695af5f10218d4b1704ff0b05b112aa2a3548"}
{"index": {"_index":"sim","_id":"1346257"}}
	{"id":1346257,"type":"buy","buyer":"juanvegetarian","seller":"eshr92","symbol":"SIM","quantity":"264.000","price":"0.00200000","timestamp":1628828910,"volume":"0.52800000","buyTxId":"05105f452db5a1e55dc258f797c4054b130bc47c","sellTxId":"6daf2e324efc31d44ad4d0c72899bab0ac36c4a2"}
{"index": {"_index":"sim","_id":"1346275"}}
	{"id":1346275,"type":"buy","buyer":"juanvegetarian","seller":"solovey6o2","symbol":"SIM","quantity":"7554.812","price":"0.00200999","timestamp":1628829033,"volume":"15.18509657","buyTxId":"743fdc10f1947503438b26e8290694cd3beeb572","sellTxId":"0aaa332950b80695d0227602cd0f532feecf929b"}
{"index": {"_index":"sim","_id":"1346303"}}
	{"id":1346303,"type":"sell","buyer":"pi-trader","seller":"juanvegetarian","symbol":"SIM","quantity":"2000.000","price":"0.00195002","timestamp":1628829819,"volume":"3.90004000","buyTxId":"14b77255ca97192101bd20790d9d10ead27c568f","sellTxId":"0de6838846aa3a7cd800f8aadd38e4ceab181366"}
{"index": {"_index":"sim","_id":"1346310"}}
	{"id":1346310,"type":"sell","buyer":"pi-trader","seller":"evernoticethat","symbol":"SIM","quantity":"597.200","price":"0.00195002","timestamp":1628829900,"volume":"1.16455194","buyTxId":"72aea959356933a592b79a9394d178bde0b1391f","sellTxId":"fc7fdef5cfbb8efe5631e4d475f7cb34a6a71c2f"}
{"index": {"_index":"sim","_id":"1346313"}}
	{"id":1346313,"type":"sell","buyer":"pi-trader","seller":"juanvegetarian","symbol":"SIM","quantity":"482.000","price":"0.00195002","timestamp":1628829936,"volume":"0.93990964","buyTxId":"72aea959356933a592b79a9394d178bde0b1391f","sellTxId":"cc28d61440c60b4cd7c7e572682023897a1887d3"}
{"index": {"_index":"sim","_id":"1346322"}}
	{"id":1346322,"type":"sell","buyer":"pi-trader","seller":"juanvegetarian","symbol":"SIM","quantity":"920.800","price":"0.00195002","timestamp":1628830164,"volume":"1.79557842","buyTxId":"f0d81b2a577b51bdfe13c45bfe52dfac242d0527-1","sellTxId":"7a3e3ff0aa54dab356c562e76187bc01930ad4da"}
{"index": {"_index":"sim","_id":"1346337"}}
	{"id":1346337,"type":"sell","buyer":"pi-trader","seller":"juanvegetarian","symbol":"SIM","quantity":"1079.200","price":"0.00195002","timestamp":1628830305,"volume":"2.10446158","buyTxId":"20c54522bf16a1ddefb872d708cf6c42af2ad0de-1","sellTxId":"4905d5c4bc06400dad34490c051c636bea576fa6"}
{"index": {"_index":"sim","_id":"1346341"}}
	{"id":1346341,"type":"sell","buyer":"pi-trader","seller":"otherbrandt","symbol":"SIM","quantity":"2000.000","price":"0.00195002","timestamp":1628830344,"volume":"3.90004000","buyTxId":"1c15de988ff58920dbb9738d6e2a9d62cc418083-1","sellTxId":"1bab6c0aefb682dc0b7b4746d75689570f121da5"}
{"index": {"_index":"sim","_id":"1346342"}}
	{"id":1346342,"type":"sell","buyer":"solovey6o2","seller":"otherbrandt","symbol":"SIM","quantity":"21458.039","price":"0.00195001","timestamp":1628830344,"volume":"41.84339063","buyTxId":"b1fcab432d9605c767a14b6b255e9dfd5381d632","sellTxId":"1bab6c0aefb682dc0b7b4746d75689570f121da5"}
{"index": {"_index":"sim","_id":"1346346"}}
	{"id":1346346,"type":"sell","buyer":"pi-trader","seller":"juanvegetarian","symbol":"SIM","quantity":"920.800","price":"0.00195002","timestamp":1628830425,"volume":"1.79557842","buyTxId":"50d69e7b11f5c42ae71a69931552111ac391a509","sellTxId":"fbcce08c963ee76a88e7ef570d821ea5a32deebd"}
{"index": {"_index":"sim","_id":"1346359"}}
	{"id":1346359,"type":"sell","buyer":"pi-trader","seller":"juanvegetarian","symbol":"SIM","quantity":"1079.200","price":"0.00195002","timestamp":1628830545,"volume":"2.10446158","buyTxId":"a217a84a3d513c07c0725b7bea382d4a59fd6f4d-1","sellTxId":"e4ecea7e51d99830d5393a99791ab7841c826e3e"}
{"index": {"_index":"sim","_id":"1346472"}}
	{"id":1346472,"type":"sell","buyer":"pi-trader","seller":"eythorphoto","symbol":"SIM","quantity":"2000.000","price":"0.00195002","timestamp":1628832660,"volume":"3.90004000","buyTxId":"128116542d86dcfa3887c8f98c10feca06a3fad1-1","sellTxId":"6ff7d5b89ad15445e97c0e8a55fa48000509de0a"}
{"index": {"_index":"sim","_id":"1346473"}}
	{"id":1346473,"type":"buy","buyer":"konvik","seller":"eythorphoto","symbol":"SIM","quantity":"8000.000","price":"0.00195002","timestamp":1628832663,"volume":"15.60016000","buyTxId":"bd306b841b3577edef06564941a6daf957ba3698-0","sellTxId":"6ff7d5b89ad15445e97c0e8a55fa48000509de0a"}
{"index": {"_index":"sim","_id":"1346561"}}
	{"id":1346561,"type":"buy","buyer":"johnl197","seller":"nftmart.fees","symbol":"SIM","quantity":"7.613","price":"0.00200991","timestamp":1628834178,"volume":"0.01530144","buyTxId":"5d48e904dd2b81985b6e80d0dc9b63a7a594d058","sellTxId":"8ff21e7276e198e544ad088850870dc1dc7602c1-0"}
{"index": {"_index":"sim","_id":"1346576"}}
	{"id":1346576,"type":"buy","buyer":"konvik","seller":"pinkfloyd878","symbol":"SIM","quantity":"10000.000","price":"0.00199990","timestamp":1628834493,"volume":"19.99900000","buyTxId":"90a2e159f0f5b5f8d58dc5c3b3d6fd68037db964-0","sellTxId":"cd3117feabed8e7a73e9090598f7fc7fe4cb2234"}
{"index": {"_index":"sim","_id":"1346578"}}
	{"id":1346578,"type":"buy","buyer":"konvik","seller":"looftee","symbol":"SIM","quantity":"13848.000","price":"0.00198000","timestamp":1628834553,"volume":"27.41904000","buyTxId":"23cde21f227c6e6414c4312afc3a3621aace4bb4-0","sellTxId":"a18d26d5e1d10d81cba16a913410635f4f472ab1"}
{"index": {"_index":"sim","_id":"1346581"}}
	{"id":1346581,"type":"buy","buyer":"juggalizzle","seller":"braaiboy","symbol":"SIM","quantity":"5.000","price":"0.00200000","timestamp":1628834625,"volume":"0.01000000","buyTxId":"354f28df4a3a3463a40ea767deee3af799a47b0e","sellTxId":"1acf8570719ce7e5320654147167401172f731fe"}
{"index": {"_index":"sim","_id":"1346582"}}
	{"id":1346582,"type":"buy","buyer":"konvik","seller":"atomcollector","symbol":"SIM","quantity":"4493.000","price":"0.00199000","timestamp":1628834655,"volume":"8.94107000","buyTxId":"04eda92088241b74558ffb397fd058c53ab962a7-0","sellTxId":"e691a02c3661e57383298b40eb65414c6ed027ad"}
{"index": {"_index":"sim","_id":"1346654"}}
	{"id":1346654,"type":"sell","buyer":"pi-trader","seller":"kishan006","symbol":"SIM","quantity":"2000.000","price":"0.00195002","timestamp":1628836164,"volume":"3.90004000","buyTxId":"d6cc52f0e88d716575a7e81ed3499a81b1199458","sellTxId":"54ecfd0412cc904ef381aae7c8e95c6887b9da05"}
{"index": {"_index":"sim","_id":"1346655"}}
	{"id":1346655,"type":"buy","buyer":"konvik","seller":"kishan006","symbol":"SIM","quantity":"18959.000","price":"0.00195002","timestamp":1628836167,"volume":"36.97042918","buyTxId":"e8ad53e42160648a0caa92b2e03b1abf7878a5f4-0","sellTxId":"54ecfd0412cc904ef381aae7c8e95c6887b9da05"}
{"index": {"_index":"sim","_id":"1346685"}}
	{"id":1346685,"type":"sell","buyer":"pi-trader","seller":"florian-glechner","symbol":"SIM","quantity":"26.000","price":"0.00195002","timestamp":1628837010,"volume":"0.05070052","buyTxId":"b05b7e2f65a61482ef6210a7871ea8c46529852b","sellTxId":"a22a1f24b197ade2b97cd7f399cf50b9dcb0a442"}
{"index": {"_index":"sim","_id":"1346690"}}
	{"id":1346690,"type":"sell","buyer":"pi-trader","seller":"dhedge-drips","symbol":"SIM","quantity":"10.721","price":"0.00195002","timestamp":1628837118,"volume":"0.02090616","buyTxId":"b53e489bfbf01daf1c9de645070fe936aba26e67-1","sellTxId":"8921f30c5342d24f8ce138aeeea06b3909041ba3"}
{"index": {"_index":"sim","_id":"1346716"}}
	{"id":1346716,"type":"buy","buyer":"petertag","seller":"nftmart.fees","symbol":"SIM","quantity":"481.000","price":"0.00199999","timestamp":1628837310,"volume":"0.96199519","buyTxId":"051afde90a7ff4ec66ed95d1c327223279a6ddf5","sellTxId":"dba9e454507b17bdae42681a8c8b009d367d20f9-0"}
{"index": {"_index":"sim","_id":"1346717"}}
	{"id":1346717,"type":"buy","buyer":"petertag","seller":"dhedge-drips","symbol":"SIM","quantity":"10.721","price":"0.00199999","timestamp":1628837310,"volume":"0.02144189","buyTxId":"051afde90a7ff4ec66ed95d1c327223279a6ddf5","sellTxId":"11c065ce5d7d739ba25b1a5576dd69b92a0a4068"}
{"index": {"_index":"sim","_id":"1346718"}}
	{"id":1346718,"type":"buy","buyer":"petertag","seller":"braaiboy","symbol":"SIM","quantity":"1179.279","price":"0.00200000","timestamp":1628837310,"volume":"2.35855800","buyTxId":"051afde90a7ff4ec66ed95d1c327223279a6ddf5","sellTxId":"1acf8570719ce7e5320654147167401172f731fe"}
{"index": {"_index":"sim","_id":"1346726"}}
	{"id":1346726,"type":"buy","buyer":"stickupboys","seller":"braaiboy","symbol":"SIM","quantity":"717.698","price":"0.00200000","timestamp":1628837427,"volume":"1.43539600","buyTxId":"58b1afdf999baed51efbdb2a8b229fa9477b70de","sellTxId":"1acf8570719ce7e5320654147167401172f731fe"}
{"index": {"_index":"sim","_id":"1346727"}}
	{"id":1346727,"type":"buy","buyer":"stickupboys","seller":"solovey6o2","symbol":"SIM","quantity":"487.000","price":"0.00200999","timestamp":1628837448,"volume":"0.97886513","buyTxId":"5eb1729bde5efed305938acfaf3f119cfed08db1","sellTxId":"931a7b607c3bfcae9262e6d13d983167dcff77ba"}
{"index": {"_index":"sim","_id":"1346767"}}
	{"id":1346767,"type":"buy","buyer":"stickupboys","seller":"master-lamps","symbol":"SIM","quantity":"754.000","price":"0.00200997","timestamp":1628838525,"volume":"1.51551738","buyTxId":"b7a3f675b1b416761aaa36ddea8a42735c463905","sellTxId":"8991d36f996f13385f0e794164d974c464c188d6"}
{"index": {"_index":"sim","_id":"1346791"}}
	{"id":1346791,"type":"sell","buyer":"pi-trader","seller":"gamsam","symbol":"SIM","quantity":"2000.000","price":"0.00195004","timestamp":1628839275,"volume":"3.90008000","buyTxId":"5386991b27e512f9d7ee26d769f3f7b88c6714eb-1","sellTxId":"c81ef06ae9fbd1092f00427d090e8ee8df9b63d8"}
{"index": {"_index":"sim","_id":"1346792"}}
	{"id":1346792,"type":"sell","buyer":"solovey6o2","seller":"gamsam","symbol":"SIM","quantity":"18266.000","price":"0.00195004","timestamp":1628839275,"volume":"35.61943064","buyTxId":"ce204507756bec5563ed8a898ffec0116d035e20","sellTxId":"c81ef06ae9fbd1092f00427d090e8ee8df9b63d8"}
{"index": {"_index":"sim","_id":"1346795"}}
	{"id":1346795,"type":"sell","buyer":"pi-trader","seller":"oscarps","symbol":"SIM","quantity":"69.148","price":"0.00195005","timestamp":1628839431,"volume":"0.13484206","buyTxId":"04cece1027c6152a3f85fbf35ea0c4a946dbb22b","sellTxId":"8259c9173d839e4c408d28ee75153a1cf197b46b"}
{"index": {"_index":"sim","_id":"1346803"}}
	{"id":1346803,"type":"sell","buyer":"pi-trader","seller":"atongis","symbol":"SIM","quantity":"13.008","price":"0.00195005","timestamp":1628839647,"volume":"0.02536625","buyTxId":"0b2ec7d5dae2911d9851e4423d4a60a789d5bac7-1","sellTxId":"65a5b0b721ea803d4985ec327664debe335e2dd4"}
{"index": {"_index":"sim","_id":"1346824"}}
	{"id":1346824,"type":"sell","buyer":"pi-trader","seller":"muenchen","symbol":"SIM","quantity":"2000.000","price":"0.00195005","timestamp":1628839992,"volume":"3.90010000","buyTxId":"a8cd416c2599b2048356a8057073a38503275cc3-1","sellTxId":"4eb5a32704f982aeb70d224a84091442cc4456f8"}
{"index": {"_index":"sim","_id":"1346826"}}
	{"id":1346826,"type":"sell","buyer":"pi-trader","seller":"muenchen","symbol":"SIM","quantity":"2000.000","price":"0.00195005","timestamp":1628840016,"volume":"3.90010000","buyTxId":"d2e15e3c1be6b9ec3a057ea74eac8cca34c7b4ac","sellTxId":"5b8e26c850d2752f644afe38c6ca4241801de89e"}
{"index": {"_index":"sim","_id":"1346827"}}
	{"id":1346827,"type":"sell","buyer":"solovey6o2","seller":"muenchen","symbol":"SIM","quantity":"46772.000","price":"0.00195004","timestamp":1628840016,"volume":"91.20727088","buyTxId":"ce204507756bec5563ed8a898ffec0116d035e20","sellTxId":"5b8e26c850d2752f644afe38c6ca4241801de89e"}
{"index": {"_index":"sim","_id":"1346848"}}
	{"id":1346848,"type":"sell","buyer":"pi-trader","seller":"gamsam","symbol":"SIM","quantity":"2000.000","price":"0.00195005","timestamp":1628840559,"volume":"3.90010000","buyTxId":"22750ba992eea4372fb0d1ea023ae1fb84c1fa2d","sellTxId":"029781732dab84f374177f8efe2d40a4ddd3fcec"}
{"index": {"_index":"sim","_id":"1346849"}}
	{"id":1346849,"type":"sell","buyer":"solovey6o2","seller":"gamsam","symbol":"SIM","quantity":"3439.000","price":"0.00195004","timestamp":1628840559,"volume":"6.70618756","buyTxId":"ce204507756bec5563ed8a898ffec0116d035e20","sellTxId":"029781732dab84f374177f8efe2d40a4ddd3fcec"}
{"index": {"_index":"sim","_id":"1346870"}}
	{"id":1346870,"type":"sell","buyer":"pi-trader","seller":"gamsam","symbol":"SIM","quantity":"2000.000","price":"0.00195005","timestamp":1628841051,"volume":"3.90010000","buyTxId":"271dfa70b84a3146e075fa2fac38da26c323b5a4","sellTxId":"ddc8af23ad118d1f892d965394738e1f371f889d"}
{"index": {"_index":"sim","_id":"1346871"}}
	{"id":1346871,"type":"sell","buyer":"solovey6o2","seller":"gamsam","symbol":"SIM","quantity":"21046.000","price":"0.00195004","timestamp":1628841051,"volume":"41.04054184","buyTxId":"ce204507756bec5563ed8a898ffec0116d035e20","sellTxId":"ddc8af23ad118d1f892d965394738e1f371f889d"}
{"index": {"_index":"sim","_id":"1346952"}}
	{"id":1346952,"type":"sell","buyer":"solovey6o2","seller":"brofi-market","symbol":"SIM","quantity":"0.001","price":"0.00195004","timestamp":1628842407,"volume":"0.00000195","buyTxId":"ce204507756bec5563ed8a898ffec0116d035e20","sellTxId":"c7fcce52f86be88e86a228b83dfeacb76ac0e39f"}
{"index": {"_index":"sim","_id":"1347095"}}
	{"id":1347095,"type":"sell","buyer":"solovey6o2","seller":"successforall","symbol":"SIM","quantity":"15000","price":"0.00195004","timestamp":1628844645,"volume":"29.25060000","buyTxId":"ce204507756bec5563ed8a898ffec0116d035e20","sellTxId":"447e0d25db495104aa627d5fdb694120a3256bb7"}
{"index": {"_index":"sim","_id":"1347120"}}
	{"id":1347120,"type":"sell","buyer":"solovey6o2","seller":"bwar","symbol":"SIM","quantity":"6539.198","price":"0.00195004","timestamp":1628845005,"volume":"12.75169767","buyTxId":"ce204507756bec5563ed8a898ffec0116d035e20","sellTxId":"ec30ed5d74962b67ff26edccec0170961716f5fb"}
{"index": {"_index":"sim","_id":"1347155"}}
	{"id":1347155,"type":"sell","buyer":"solovey6o2","seller":"trentonlundy1","symbol":"SIM","quantity":"0.229","price":"0.00195004","timestamp":1628845368,"volume":"0.00044656","buyTxId":"ce204507756bec5563ed8a898ffec0116d035e20","sellTxId":"1c52e02ea10772b9bc40f1f0f02a81dc0199ece6"}
{"index": {"_index":"sim","_id":"1347211"}}
	{"id":1347211,"type":"sell","buyer":"solovey6o2","seller":"tonytrillions","symbol":"SIM","quantity":"0.037","price":"0.00195004","timestamp":1628846139,"volume":"0.00007215","buyTxId":"ce204507756bec5563ed8a898ffec0116d035e20","sellTxId":"8001e73891720d3e658c844a9943046f656c07f8"}
{"index": {"_index":"sim","_id":"1347224"}}
	{"id":1347224,"type":"sell","buyer":"solovey6o2","seller":"medaymane","symbol":"SIM","quantity":"345.800","price":"0.00195004","timestamp":1628846634,"volume":"0.67432383","buyTxId":"ce204507756bec5563ed8a898ffec0116d035e20","sellTxId":"16e261c2da8b85162bab90880d58d21897c15861"}
{"index": {"_index":"sim","_id":"1347284"}}
	{"id":1347284,"type":"sell","buyer":"solovey6o2","seller":"effeey","symbol":"SIM","quantity":"5875","price":"0.00195004","timestamp":1628848182,"volume":"11.45648500","buyTxId":"ce204507756bec5563ed8a898ffec0116d035e20","sellTxId":"2ddb81c7a2932f4b646d4b8904cbacbcf00d1146"}
{"index": {"_index":"sim","_id":"1347401"}}
	{"id":1347401,"type":"sell","buyer":"solovey6o2","seller":"jocieprosza","symbol":"SIM","quantity":"18.222","price":"0.00195004","timestamp":1628850822,"volume":"0.03553363","buyTxId":"ce204507756bec5563ed8a898ffec0116d035e20","sellTxId":"dafecd8a68e6fd084a63d2125bbeb3909c6ae35e"}
{"index": {"_index":"sim","_id":"1347589"}}
	{"id":1347589,"type":"sell","buyer":"solovey6o2","seller":"andy4475","symbol":"SIM","quantity":"53.559","price":"0.00195004","timestamp":1628854581,"volume":"0.10444219","buyTxId":"ce204507756bec5563ed8a898ffec0116d035e20","sellTxId":"fdf97242cad0f790fe5aa3ef170d26aac09c4d63"}
{"index": {"_index":"sim","_id":"1347623"}}
	{"id":1347623,"type":"sell","buyer":"solovey6o2","seller":"theshaki","symbol":"SIM","quantity":"72.614","price":"0.00195004","timestamp":1628855022,"volume":"0.14160020","buyTxId":"ce204507756bec5563ed8a898ffec0116d035e20","sellTxId":"91cd7092935ec6624dd2bf83cac1f75f5f762be1"}
{"index": {"_index":"sim","_id":"1347628"}}
	{"id":1347628,"type":"buy","buyer":"konvik","seller":"nftmart.fees","symbol":"SIM","quantity":"258.000","price":"0.00199896","timestamp":1628855088,"volume":"0.51573168","buyTxId":"f17bcdb878efdde846959abc7efc33e23fde5fcb-0","sellTxId":"bef0b8dd5fb629ed7c378eed0aaf19699b602fed-0"}
{"index": {"_index":"sim","_id":"1347629"}}
	{"id":1347629,"type":"buy","buyer":"konvik","seller":"nftmart.fees","symbol":"SIM","quantity":"181.000","price":"0.00199896","timestamp":1628855088,"volume":"0.36181176","buyTxId":"f17bcdb878efdde846959abc7efc33e23fde5fcb-0","sellTxId":"c9f9b7c09c75748883986c712ddfa7b8bb2d9261-0"}
{"index": {"_index":"sim","_id":"1347630"}}
	{"id":1347630,"type":"buy","buyer":"konvik","seller":"nftmart.fees","symbol":"SIM","quantity":"140.000","price":"0.00199896","timestamp":1628855088,"volume":"0.27985440","buyTxId":"f17bcdb878efdde846959abc7efc33e23fde5fcb-0","sellTxId":"cd9fe9e8a5332ea37defd769c4733f5221a12f1c-0"}
{"index": {"_index":"sim","_id":"1347631"}}
	{"id":1347631,"type":"buy","buyer":"konvik","seller":"solovey6o2","symbol":"SIM","quantity":"166647.456","price":"0.00199899","timestamp":1628855088,"volume":"333.12659807","buyTxId":"f17bcdb878efdde846959abc7efc33e23fde5fcb-0","sellTxId":"5d26e43ca7369ccdada7b34661c1aa881e3c6d3b"}
{"index": {"_index":"sim","_id":"1347632"}}
	{"id":1347632,"type":"buy","buyer":"konvik","seller":"solovey6o2","symbol":"SIM","quantity":"577.328","price":"0.00199899","timestamp":1628855091,"volume":"1.15407290","buyTxId":"41a3de13017e97f6ae9e113b49509567064e328f-0","sellTxId":"5d26e43ca7369ccdada7b34661c1aa881e3c6d3b"}
{"index": {"_index":"sim","_id":"1347633"}}
	{"id":1347633,"type":"buy","buyer":"konvik","seller":"shaktidas2020","symbol":"SIM","quantity":"2098.698","price":"0.00199900","timestamp":1628855091,"volume":"4.19529730","buyTxId":"41a3de13017e97f6ae9e113b49509567064e328f-0","sellTxId":"eec497ea43da1c53af25050d998a1a197d4356ff"}
{"index": {"_index":"sim","_id":"1347634"}}
	{"id":1347634,"type":"buy","buyer":"konvik","seller":"shaktidas2020","symbol":"SIM","quantity":"577.302","price":"0.00199900","timestamp":1628855094,"volume":"1.15402670","buyTxId":"6d11c379c850b5f98d22c984b5269c017e26e6bb-0","sellTxId":"eec497ea43da1c53af25050d998a1a197d4356ff"}
{"index": {"_index":"sim","_id":"1347635"}}
	{"id":1347635,"type":"buy","buyer":"konvik","seller":"bhoa","symbol":"SIM","quantity":"78264.539","price":"0.00200994","timestamp":1628855094,"volume":"157.30702752","buyTxId":"6d11c379c850b5f98d22c984b5269c017e26e6bb-0","sellTxId":"3374d14d08fdd6c9f4fbf67e1b91581462e5db8b"}
{"index": {"_index":"sim","_id":"1347636"}}
	{"id":1347636,"type":"buy","buyer":"konvik","seller":"bhoa","symbol":"SIM","quantity":"576.514","price":"0.00200994","timestamp":1628855097,"volume":"1.15875855","buyTxId":"20f22702ec0a25c9dc43e691ed58dcaef276cb31-0","sellTxId":"3374d14d08fdd6c9f4fbf67e1b91581462e5db8b"}
{"index": {"_index":"sim","_id":"1347637"}}
	{"id":1347637,"type":"buy","buyer":"konvik","seller":"stormz-y","symbol":"SIM","quantity":"26446.356","price":"0.00200994","timestamp":1628855097,"volume":"53.15558878","buyTxId":"20f22702ec0a25c9dc43e691ed58dcaef276cb31-0","sellTxId":"ca83f6fb5b6dc054e15579d1e005690885b28403"}
{"index": {"_index":"sim","_id":"1347713"}}
	{"id":1347713,"type":"sell","buyer":"pi-trader","seller":"forykw","symbol":"SIM","quantity":"2000.000","price":"0.00196001","timestamp":1628856603,"volume":"3.92002000","buyTxId":"991500784963daf040274267d546b86f5a072abb-1","sellTxId":"2a9b5dacb0dd927b0889a826f4ea6ad265e62e15"}
{"index": {"_index":"sim","_id":"1347714"}}
	{"id":1347714,"type":"sell","buyer":"solovey6o2","seller":"forykw","symbol":"SIM","quantity":"47882.322","price":"0.00196001","timestamp":1628856603,"volume":"93.84982994","buyTxId":"cc25466adb76febc479446895e1e7c97e54e0adf","sellTxId":"2a9b5dacb0dd927b0889a826f4ea6ad265e62e15"}
{"index": {"_index":"sim","_id":"1347740"}}
	{"id":1347740,"type":"buy","buyer":"konvik","seller":"nftmart.fees","symbol":"SIM","quantity":"19.000","price":"0.00199893","timestamp":1628856873,"volume":"0.03797967","buyTxId":"b8c82b4865f9db879490580635f7a78759474d62-0","sellTxId":"9ca1f67bd149a727bbcef57dee9cfcc08fbd45b6-0"}
{"index": {"_index":"sim","_id":"1347741"}}
	{"id":1347741,"type":"buy","buyer":"konvik","seller":"nftmart.fees","symbol":"SIM","quantity":"19.000","price":"0.00199893","timestamp":1628856873,"volume":"0.03797967","buyTxId":"b8c82b4865f9db879490580635f7a78759474d62-0","sellTxId":"a92b0cb2d539d1e228b75b11ed406317c3c4b3a4-0"}
{"index": {"_index":"sim","_id":"1347742"}}
	{"id":1347742,"type":"buy","buyer":"konvik","seller":"nftmart.fees","symbol":"SIM","quantity":"131.000","price":"0.00199894","timestamp":1628856873,"volume":"0.26186114","buyTxId":"b8c82b4865f9db879490580635f7a78759474d62-0","sellTxId":"06f2dbf3102a34f759ce337f2c9a8e20a356ee7f-0"}
{"index": {"_index":"sim","_id":"1347743"}}
	{"id":1347743,"type":"buy","buyer":"konvik","seller":"nftmart.fees","symbol":"SIM","quantity":"88.000","price":"0.00199894","timestamp":1628856873,"volume":"0.17590672","buyTxId":"b8c82b4865f9db879490580635f7a78759474d62-0","sellTxId":"79e07279507f5252efa69eb59feeeb483b0aea29-0"}
{"index": {"_index":"sim","_id":"1347744"}}
	{"id":1347744,"type":"buy","buyer":"konvik","seller":"stormz-y","symbol":"SIM","quantity":"576.244","price":"0.00200994","timestamp":1628856873,"volume":"1.15821587","buyTxId":"b8c82b4865f9db879490580635f7a78759474d62-0","sellTxId":"ca83f6fb5b6dc054e15579d1e005690885b28403"}
{"index": {"_index":"sim","_id":"1347745"}}
	{"id":1347745,"type":"buy","buyer":"konvik","seller":"brofi-market","symbol":"SIM","quantity":"0.001","price":"0.00200996","timestamp":1628856873,"volume":"0.00000201","buyTxId":"b8c82b4865f9db879490580635f7a78759474d62-0","sellTxId":"741c673d8e750f573e34dba7a15ff1514478235f"}
{"index": {"_index":"sim","_id":"1347746"}}
	{"id":1347746,"type":"buy","buyer":"konvik","seller":"master-lamps","symbol":"SIM","quantity":"283.616","price":"0.00200997","timestamp":1628856873,"volume":"0.57005965","buyTxId":"b8c82b4865f9db879490580635f7a78759474d62-0","sellTxId":"8991d36f996f13385f0e794164d974c464c188d6"}
{"index": {"_index":"sim","_id":"1347747"}}
	{"id":1347747,"type":"buy","buyer":"konvik","seller":"solovey6o2","symbol":"SIM","quantity":"46892.114","price":"0.00200999","timestamp":1628856873,"volume":"94.25268022","buyTxId":"b8c82b4865f9db879490580635f7a78759474d62-0","sellTxId":"3c7737dbe264cdbf42797e3080322071fa0fec0c"}
{"index": {"_index":"sim","_id":"1347773"}}
	{"id":1347773,"type":"sell","buyer":"pi-trader","seller":"dannychain","symbol":"SIM","quantity":"2000.000","price":"0.00196002","timestamp":1628857221,"volume":"3.92004000","buyTxId":"353586d809e5404f3c5b180db60963d36f4b6a2d","sellTxId":"6056a9c643d51459231de8106a1958f26f7651c3"}
{"index": {"_index":"sim","_id":"1347774"}}
	{"id":1347774,"type":"sell","buyer":"solovey6o2","seller":"dannychain","symbol":"SIM","quantity":"83239.700","price":"0.00196001","timestamp":1628857221,"volume":"163.15064440","buyTxId":"cc25466adb76febc479446895e1e7c97e54e0adf","sellTxId":"6056a9c643d51459231de8106a1958f26f7651c3"}
{"index": {"_index":"sim","_id":"1347863"}}
	{"id":1347863,"type":"sell","buyer":"pi-trader","seller":"dhedge-drips","symbol":"SIM","quantity":"0.001","price":"0.00196002","timestamp":1628858727,"volume":"0.00000196","buyTxId":"c5730d1cb4a78fc76351ba275d4fa083dbb4d6cf","sellTxId":"d7f3bbf78aac24d7c9379ee110d120620b59bddb"}
{"index": {"_index":"sim","_id":"1347942"}}
	{"id":1347942,"type":"sell","buyer":"nastyforce","seller":"themightyvolcano","symbol":"SIM","quantity":"3750.000","price":"0.00197000","timestamp":1628859726,"volume":"7.38750000","buyTxId":"ce315870de45cfcd2cf444bf6dea099081980555","sellTxId":"01e4438c67741464837979ee2b72027ca720210f"}
{"index": {"_index":"sim","_id":"1347943"}}
	{"id":1347943,"type":"sell","buyer":"solovey6o2","seller":"themightyvolcano","symbol":"SIM","quantity":"25833.000","price":"0.00196001","timestamp":1628859726,"volume":"50.63293833","buyTxId":"cc25466adb76febc479446895e1e7c97e54e0adf","sellTxId":"01e4438c67741464837979ee2b72027ca720210f"}
{"index": {"_index":"sim","_id":"1348025"}}
	{"id":1348025,"type":"sell","buyer":"pi-trader","seller":"epilatero","symbol":"SIM","quantity":"1099","price":"0.00196002","timestamp":1628860995,"volume":"2.15406198","buyTxId":"64329646e4bb6fe6f44a01b0095068f76c891ded","sellTxId":"a4d1d0b8ca15213cf36493f2ed7e0d09c17fac78"}
{"index": {"_index":"sim","_id":"1348079"}}
	{"id":1348079,"type":"sell","buyer":"pi-trader","seller":"dsc-r2cornell","symbol":"SIM","quantity":"1.645","price":"0.00196002","timestamp":1628861679,"volume":"0.00322423","buyTxId":"aff3c347ba8546319d21618339e0783ed0535c47-1","sellTxId":"0ef63e37d95098fc77ecdca0c9b4f66df2de7605"}
{"index": {"_index":"sim","_id":"1348140"}}
	{"id":1348140,"type":"buy","buyer":"nastyforce","seller":"nftmart.fees","symbol":"SIM","quantity":"25.000","price":"0.00199886","timestamp":1628862540,"volume":"0.04997150","buyTxId":"4b3b24832ce66aeca3bf301b148dd03633d38207","sellTxId":"6ed819f04c259cd85c67c8d25ca45bc7e4c5b6ea-0"}
{"index": {"_index":"sim","_id":"1348141"}}
	{"id":1348141,"type":"buy","buyer":"nastyforce","seller":"nftmart.fees","symbol":"SIM","quantity":"35.000","price":"0.00199887","timestamp":1628862540,"volume":"0.06996045","buyTxId":"4b3b24832ce66aeca3bf301b148dd03633d38207","sellTxId":"b5701c880cd6a766bfbf2f9c85303b0301986fb6-0"}
{"index": {"_index":"sim","_id":"1348142"}}
	{"id":1348142,"type":"buy","buyer":"nastyforce","seller":"nftmart.fees","symbol":"SIM","quantity":"30.000","price":"0.00199887","timestamp":1628862540,"volume":"0.05996610","buyTxId":"4b3b24832ce66aeca3bf301b148dd03633d38207","sellTxId":"49ecfb13218501bac3cbcba5705961e07ff34015-0"}
{"index": {"_index":"sim","_id":"1348143"}}
	{"id":1348143,"type":"buy","buyer":"nastyforce","seller":"nftmart.fees","symbol":"SIM","quantity":"50.000","price":"0.00199888","timestamp":1628862540,"volume":"0.09994400","buyTxId":"4b3b24832ce66aeca3bf301b148dd03633d38207","sellTxId":"e6515555c8f0a6ecaf1ddac9d0de7c5784cef341-0"}
{"index": {"_index":"sim","_id":"1348144"}}
	{"id":1348144,"type":"buy","buyer":"nastyforce","seller":"nftmart.fees","symbol":"SIM","quantity":"42.000","price":"0.00199888","timestamp":1628862540,"volume":"0.08395296","buyTxId":"4b3b24832ce66aeca3bf301b148dd03633d38207","sellTxId":"b1dde6b9e4f4bf3e9b63bde35bc6593bef8de164-0"}
{"index": {"_index":"sim","_id":"1348145"}}
	{"id":1348145,"type":"buy","buyer":"nastyforce","seller":"nftmart.fees","symbol":"SIM","quantity":"69.000","price":"0.00199889","timestamp":1628862540,"volume":"0.13792341","buyTxId":"4b3b24832ce66aeca3bf301b148dd03633d38207","sellTxId":"4e13c264694da00ecfc97b535cf1ec4f46e6b815-0"}
{"index": {"_index":"sim","_id":"1348146"}}
	{"id":1348146,"type":"buy","buyer":"nastyforce","seller":"nftmart.fees","symbol":"SIM","quantity":"59.000","price":"0.00199889","timestamp":1628862540,"volume":"0.11793451","buyTxId":"4b3b24832ce66aeca3bf301b148dd03633d38207","sellTxId":"079ee4cf4028f7f3fcdc3c7cdc1078948135572a-0"}
{"index": {"_index":"sim","_id":"1348147"}}
	{"id":1348147,"type":"buy","buyer":"nastyforce","seller":"nftmart.fees","symbol":"SIM","quantity":"97.000","price":"0.00199890","timestamp":1628862540,"volume":"0.19389330","buyTxId":"4b3b24832ce66aeca3bf301b148dd03633d38207","sellTxId":"cffddafa8bfa79e5174efa6720516ffaf3dd0d7b-0"}
{"index": {"_index":"sim","_id":"1348148"}}
	{"id":1348148,"type":"buy","buyer":"nastyforce","seller":"nftmart.fees","symbol":"SIM","quantity":"82.000","price":"0.00199890","timestamp":1628862540,"volume":"0.16390980","buyTxId":"4b3b24832ce66aeca3bf301b148dd03633d38207","sellTxId":"d9ce9d445c346bdeb2c4160a60b6a71354b835df-0"}
{"index": {"_index":"sim","_id":"1348149"}}
	{"id":1348149,"type":"buy","buyer":"nastyforce","seller":"nftmart.fees","symbol":"SIM","quantity":"141.000","price":"0.00199891","timestamp":1628862540,"volume":"0.28184631","buyTxId":"4b3b24832ce66aeca3bf301b148dd03633d38207","sellTxId":"4270c69c595d3f1f2dce55c97e79e3f427879179-0"}
{"index": {"_index":"sim","_id":"1348150"}}
	{"id":1348150,"type":"buy","buyer":"nastyforce","seller":"nftmart.fees","symbol":"SIM","quantity":"115.000","price":"0.00199891","timestamp":1628862540,"volume":"0.22987465","buyTxId":"4b3b24832ce66aeca3bf301b148dd03633d38207","sellTxId":"caeae8d4c95f7399665292c6d725dff9590e14bb-0"}
{"index": {"_index":"sim","_id":"1348151"}}
	{"id":1348151,"type":"buy","buyer":"nastyforce","seller":"dhedge-drips","symbol":"SIM","quantity":"0.001","price":"0.00199891","timestamp":1628862540,"volume":"0.00000200","buyTxId":"4b3b24832ce66aeca3bf301b148dd03633d38207","sellTxId":"2e8868877e6cd48080aa2ecf1e03fc1fd6d5aa7c"}
{"index": {"_index":"sim","_id":"1348152"}}
	{"id":1348152,"type":"buy","buyer":"nastyforce","seller":"nftmart.fees","symbol":"SIM","quantity":"119.000","price":"0.00199892","timestamp":1628862540,"volume":"0.23787148","buyTxId":"4b3b24832ce66aeca3bf301b148dd03633d38207","sellTxId":"6a0147ad2586247ffd35b6c525fc06893b7c3903-0"}
{"index": {"_index":"sim","_id":"1348153"}}
	{"id":1348153,"type":"buy","buyer":"nastyforce","seller":"nftmart.fees","symbol":"SIM","quantity":"76.999","price":"0.00199892","timestamp":1628862540,"volume":"0.15391484","buyTxId":"4b3b24832ce66aeca3bf301b148dd03633d38207","sellTxId":"f4a06288721110f8fb4d6284f6ec74a4939a7276-0"}
{"index": {"_index":"sim","_id":"1348252"}}
	{"id":1348252,"type":"buy","buyer":"barrenwolfsbane","seller":"nftmart.fees","symbol":"SIM","quantity":"16.000","price":"0.00199884","timestamp":1628864082,"volume":"0.03198144","buyTxId":"b01fd8ab31c8bbb543198669c530ee0f18a46c05","sellTxId":"4161d1df034c8957909effb0a6aac373ee56f348-0"}
{"index": {"_index":"sim","_id":"1348253"}}
	{"id":1348253,"type":"buy","buyer":"barrenwolfsbane","seller":"nftmart.fees","symbol":"SIM","quantity":"14.000","price":"0.00199884","timestamp":1628864082,"volume":"0.02798376","buyTxId":"b01fd8ab31c8bbb543198669c530ee0f18a46c05","sellTxId":"1492b24aac880980c95164835f9bc1af29394651-0"}
{"index": {"_index":"sim","_id":"1348261"}}
	{"id":1348261,"type":"sell","buyer":"barrenwolfsbane","seller":"nftmart.fees","symbol":"SIM","quantity":"11.000","price":"0.00199884","timestamp":1628864271,"volume":"0.02198724","buyTxId":"b01fd8ab31c8bbb543198669c530ee0f18a46c05","sellTxId":"0d48052696ac513daff3e74626c7d72951211028-0"}
{"index": {"_index":"sim","_id":"1348295"}}
	{"id":1348295,"type":"buy","buyer":"konvik","seller":"nftmart.fees","symbol":"SIM","quantity":"18.000","price":"0.00199885","timestamp":1628864640,"volume":"0.03597930","buyTxId":"e78556c3ec1730b258c877a230fb3d2f227b6315-0","sellTxId":"9dceae8c2ba00d3b5a2d94bb98b4869e5352955c-0"}
{"index": {"_index":"sim","_id":"1348296"}}
	{"id":1348296,"type":"buy","buyer":"konvik","seller":"nftmart.fees","symbol":"SIM","quantity":"18.000","price":"0.00199885","timestamp":1628864640,"volume":"0.03597930","buyTxId":"e78556c3ec1730b258c877a230fb3d2f227b6315-0","sellTxId":"355101e4d78e5b183ec2036879cb5978401e80c1-0"}
{"index": {"_index":"sim","_id":"1348297"}}
	{"id":1348297,"type":"buy","buyer":"konvik","seller":"nftmart.fees","symbol":"SIM","quantity":"181.001","price":"0.00199892","timestamp":1628864640,"volume":"0.36180652","buyTxId":"e78556c3ec1730b258c877a230fb3d2f227b6315-0","sellTxId":"f4a06288721110f8fb4d6284f6ec74a4939a7276-0"}
{"index": {"_index":"sim","_id":"1348298"}}
	{"id":1348298,"type":"buy","buyer":"konvik","seller":"nftmart.fees","symbol":"SIM","quantity":"242.000","price":"0.00199892","timestamp":1628864640,"volume":"0.48373864","buyTxId":"e78556c3ec1730b258c877a230fb3d2f227b6315-0","sellTxId":"7f708b3febb0505a501ecbf79b7f5428bfc59fbb-0"}
{"index": {"_index":"sim","_id":"1348299"}}
	{"id":1348299,"type":"buy","buyer":"konvik","seller":"nftmart.fees","symbol":"SIM","quantity":"210.000","price":"0.00199892","timestamp":1628864640,"volume":"0.41977320","buyTxId":"e78556c3ec1730b258c877a230fb3d2f227b6315-0","sellTxId":"0b29f9d9b2749cd9f54c2d92e66384181f7c3210-0"}
{"index": {"_index":"sim","_id":"1348300"}}
	{"id":1348300,"type":"buy","buyer":"konvik","seller":"nftmart.fees","symbol":"SIM","quantity":"179.000","price":"0.00199892","timestamp":1628864640,"volume":"0.35780668","buyTxId":"e78556c3ec1730b258c877a230fb3d2f227b6315-0","sellTxId":"58e2a2b1abae71a8c8712f86870ad5cdc633d6c6-0"}
{"index": {"_index":"sim","_id":"1348301"}}
	{"id":1348301,"type":"buy","buyer":"konvik","seller":"nftmart.fees","symbol":"SIM","quantity":"179.000","price":"0.00199892","timestamp":1628864640,"volume":"0.35780668","buyTxId":"e78556c3ec1730b258c877a230fb3d2f227b6315-0","sellTxId":"9a31bde7a5000716acade9ea59544daa844b2f25-0"}
{"index": {"_index":"sim","_id":"1348302"}}
	{"id":1348302,"type":"buy","buyer":"konvik","seller":"nastyforce","symbol":"SIM","quantity":"2723.036","price":"0.00200000","timestamp":1628864640,"volume":"5.44607200","buyTxId":"e78556c3ec1730b258c877a230fb3d2f227b6315-0","sellTxId":"eb5e21b1c64ac0b12eff277924268191dab13df5"}
{"index": {"_index":"sim","_id":"1348307"}}
	{"id":1348307,"type":"sell","buyer":"gerber","seller":"minerthreat","symbol":"SIM","quantity":"6341.000","price":"0.00199900","timestamp":1628864670,"volume":"12.67565900","buyTxId":"15dc958e66f3d071759aeed50528c50c88f17bf0","sellTxId":"417c4f8d0497bb0ec5c4a599ddbaa33633e0827a"}
{"index": {"_index":"sim","_id":"1348308"}}
	{"id":1348308,"type":"buy","buyer":"konvik","seller":"nastyforce","symbol":"SIM","quantity":"1026.964","price":"0.00200000","timestamp":1628864685,"volume":"2.05392800","buyTxId":"40742dd26134956f36337fd421ee05ba2ba592bf-0","sellTxId":"eb5e21b1c64ac0b12eff277924268191dab13df5"}
{"index": {"_index":"sim","_id":"1348309"}}
	{"id":1348309,"type":"buy","buyer":"konvik","seller":"nftmart.fees","symbol":"SIM","quantity":"310.000","price":"0.00200998","timestamp":1628864685,"volume":"0.62309380","buyTxId":"40742dd26134956f36337fd421ee05ba2ba592bf-0","sellTxId":"b403cfa58aef7d9681e6a580974c835b01ca1954-0"}
{"index": {"_index":"sim","_id":"1348310"}}
	{"id":1348310,"type":"buy","buyer":"konvik","seller":"solovey6o2","symbol":"SIM","quantity":"24496.295","price":"0.00200999","timestamp":1628864685,"volume":"49.23730799","buyTxId":"40742dd26134956f36337fd421ee05ba2ba592bf-0","sellTxId":"acb958919589a41cf6d5bed7ecc040354de90ddc"}
{"index": {"_index":"sim","_id":"1348311"}}
	{"id":1348311,"type":"buy","buyer":"konvik","seller":"solovey6o2","symbol":"SIM","quantity":"1336.706","price":"0.00200999","timestamp":1628864688,"volume":"2.68676569","buyTxId":"dc6f4a85d77fb06145930fcf00a0df695db88d23-0","sellTxId":"acb958919589a41cf6d5bed7ecc040354de90ddc"}
{"index": {"_index":"sim","_id":"1348312"}}
	{"id":1348312,"type":"buy","buyer":"konvik","seller":"dustindivitto","symbol":"SIM","quantity":"2352.544","price":"0.00201000","timestamp":1628864688,"volume":"4.72861344","buyTxId":"dc6f4a85d77fb06145930fcf00a0df695db88d23-0","sellTxId":"c1cb1420b2f8cbef3525d7c85177ff4b96887a8b"}
{"index": {"_index":"sim","_id":"1348318"}}
	{"id":1348318,"type":"buy","buyer":"konvik","seller":"dustindivitto","symbol":"SIM","quantity":"1222.012","price":"0.00201000","timestamp":1628864769,"volume":"2.45624412","buyTxId":"b63e06d8346913b1ad16a7333e76d1fabf3bc12a-0","sellTxId":"c1cb1420b2f8cbef3525d7c85177ff4b96887a8b"}
{"index": {"_index":"sim","_id":"1348320"}}
	{"id":1348320,"type":"buy","buyer":"konvik","seller":"dustindivitto","symbol":"SIM","quantity":"114.658","price":"0.00201000","timestamp":1628864772,"volume":"0.23046258","buyTxId":"0aec959581a843741d3d3730140a4e9e868ece37-0","sellTxId":"c1cb1420b2f8cbef3525d7c85177ff4b96887a8b"}
{"index": {"_index":"sim","_id":"1348321"}}
	{"id":1348321,"type":"buy","buyer":"konvik","seller":"kaseldz","symbol":"SIM","quantity":"1222.000","price":"0.00201000","timestamp":1628864772,"volume":"2.45622000","buyTxId":"0aec959581a843741d3d3730140a4e9e868ece37-0","sellTxId":"ef6e07001aa43476650d20581b9b606b381fa746"}
{"index": {"_index":"sim","_id":"1348322"}}
	{"id":1348322,"type":"buy","buyer":"konvik","seller":"chekohler","symbol":"SIM","quantity":"5.316","price":"0.00201000","timestamp":1628864772,"volume":"0.01068516","buyTxId":"0aec959581a843741d3d3730140a4e9e868ece37-0","sellTxId":"dae9e36c6061fb9d02616605dcb54dc94b7ee817"}
{"index": {"_index":"sim","_id":"1348323"}}
	{"id":1348323,"type":"buy","buyer":"konvik","seller":"ardrow","symbol":"SIM","quantity":"12562.375","price":"0.00201000","timestamp":1628864772,"volume":"25.25037375","buyTxId":"0aec959581a843741d3d3730140a4e9e868ece37-0","sellTxId":"52f16daab15303b156f20e128613d7f0422a4452"}
{"index": {"_index":"sim","_id":"1348324"}}
	{"id":1348324,"type":"buy","buyer":"konvik","seller":"ardrow","symbol":"SIM","quantity":"1000.009","price":"0.00201000","timestamp":1628864775,"volume":"2.01001809","buyTxId":"d5c5ad7d19bf6336c078e9dfb1fb3f730b3ff64b-0","sellTxId":"52f16daab15303b156f20e128613d7f0422a4452"}
{"index": {"_index":"sim","_id":"1348325"}}
	{"id":1348325,"type":"buy","buyer":"konvik","seller":"ardrow","symbol":"SIM","quantity":"341.826","price":"0.00201000","timestamp":1628864778,"volume":"0.68707026","buyTxId":"099d77989d83dc7c390308ddda1fc8c2febbfa8d-0","sellTxId":"52f16daab15303b156f20e128613d7f0422a4452"}
{"index": {"_index":"sim","_id":"1348326"}}
	{"id":1348326,"type":"buy","buyer":"konvik","seller":"pinkfloyd878","symbol":"SIM","quantity":"489.896","price":"0.00201998","timestamp":1628864778,"volume":"0.98958012","buyTxId":"099d77989d83dc7c390308ddda1fc8c2febbfa8d-0","sellTxId":"d887fab31f4e9e6e13dcb7aba60bea10caf80636"}
{"index": {"_index":"sim","_id":"1348327"}}
	{"id":1348327,"type":"buy","buyer":"konvik","seller":"pinkfloyd878","symbol":"SIM","quantity":"510.104","price":"0.00201998","timestamp":1628864781,"volume":"1.03039988","buyTxId":"cf243f20b70c383b3d92e5c53b7f090cd65b1c4a-0","sellTxId":"d887fab31f4e9e6e13dcb7aba60bea10caf80636"}
{"index": {"_index":"sim","_id":"1348328"}}
	{"id":1348328,"type":"buy","buyer":"konvik","seller":"ardrow","symbol":"SIM","quantity":"831.714","price":"0.00202000","timestamp":1628864781,"volume":"1.68006228","buyTxId":"cf243f20b70c383b3d92e5c53b7f090cd65b1c4a-0","sellTxId":"7f7c62e0e5823eb34a3ea3dbeb8b5dd1b6697528"}
{"index": {"_index":"sim","_id":"1348329"}}
	{"id":1348329,"type":"buy","buyer":"konvik","seller":"quekery","symbol":"SIM","quantity":"3658.231","price":"0.00202000","timestamp":1628864781,"volume":"7.38962662","buyTxId":"cf243f20b70c383b3d92e5c53b7f090cd65b1c4a-0","sellTxId":"6da636697c30a9c6fc9b6157b309b70aa5d728ae"}
{"index": {"_index":"sim","_id":"1348330"}}
	{"id":1348330,"type":"buy","buyer":"konvik","seller":"quekery","symbol":"SIM","quantity":"1341.769","price":"0.00202000","timestamp":1628864784,"volume":"2.71037338","buyTxId":"86206d7d53b9b6fbebbfe550742ee20dfce4636c-0","sellTxId":"6da636697c30a9c6fc9b6157b309b70aa5d728ae"}
{"index": {"_index":"sim","_id":"1348331"}}
	{"id":1348331,"type":"buy","buyer":"konvik","seller":"dhedge-drips","symbol":"SIM","quantity":"9.554","price":"0.00202993","timestamp":1628864784,"volume":"0.01939395","buyTxId":"86206d7d53b9b6fbebbfe550742ee20dfce4636c-0","sellTxId":"3f5abeb1bbaa05d87f055b057afb9fb7547f201f"}
{"index": {"_index":"sim","_id":"1348332"}}
	{"id":1348332,"type":"buy","buyer":"konvik","seller":"pinkfloyd878","symbol":"SIM","quantity":"648.696","price":"0.00202993","timestamp":1628864784,"volume":"1.31680747","buyTxId":"86206d7d53b9b6fbebbfe550742ee20dfce4636c-0","sellTxId":"2b95ce54b2f7097bdd5730d7938b9212cf789bd9"}
{"index": {"_index":"sim","_id":"1348333"}}
	{"id":1348333,"type":"buy","buyer":"konvik","seller":"pinkfloyd878","symbol":"SIM","quantity":"888.008","price":"0.00202993","timestamp":1628864787,"volume":"1.80259408","buyTxId":"c457bece0458fb3c57eebab4604fd9a248905cdb-0","sellTxId":"2b95ce54b2f7097bdd5730d7938b9212cf789bd9"}
{"index": {"_index":"sim","_id":"1348334"}}
	{"id":1348334,"type":"buy","buyer":"konvik","seller":"pinkfloyd878","symbol":"SIM","quantity":"463.296","price":"0.00202993","timestamp":1628864790,"volume":"0.94045845","buyTxId":"ecfcea4bf0e6e76266a9195b40de70cc23ff6a7e-0","sellTxId":"2b95ce54b2f7097bdd5730d7938b9212cf789bd9"}
{"index": {"_index":"sim","_id":"1348335"}}
	{"id":1348335,"type":"buy","buyer":"konvik","seller":"trumpman","symbol":"SIM","quantity":"71.596","price":"0.00202996","timestamp":1628864790,"volume":"0.14533702","buyTxId":"ecfcea4bf0e6e76266a9195b40de70cc23ff6a7e-0","sellTxId":"2da3c3700d8b6841239a72bc7fc7e2b118bff3fc"}
{"index": {"_index":"sim","_id":"1348336"}}
	{"id":1348336,"type":"buy","buyer":"konvik","seller":"onecent","symbol":"SIM","quantity":"888.000","price":"0.00203000","timestamp":1628864790,"volume":"1.80264000","buyTxId":"ecfcea4bf0e6e76266a9195b40de70cc23ff6a7e-0","sellTxId":"c029a6429d51e47ad3c23724d92063f324e8065a"}
{"index": {"_index":"sim","_id":"1348337"}}
	{"id":1348337,"type":"buy","buyer":"konvik","seller":"solovey6o2","symbol":"SIM","quantity":"82934.031","price":"0.00203998","timestamp":1628864790,"volume":"169.18376456","buyTxId":"ecfcea4bf0e6e76266a9195b40de70cc23ff6a7e-0","sellTxId":"d9798dadbff41bb9ab6b1da7109811d42943e0b6"}
{"index": {"_index":"sim","_id":"1348338"}}
	{"id":1348338,"type":"buy","buyer":"konvik","seller":"solovey6o2","symbol":"SIM","quantity":"1422.049","price":"0.00203998","timestamp":1628864793,"volume":"2.90095152","buyTxId":"e44d9bbbf0b6dd3341c32a14e4e8027293659ebd-0","sellTxId":"d9798dadbff41bb9ab6b1da7109811d42943e0b6"}
{"index": {"_index":"sim","_id":"1348339"}}
	{"id":1348339,"type":"buy","buyer":"konvik","seller":"dhedge-drips","symbol":"SIM","quantity":"0.005","price":"0.00203999","timestamp":1628864793,"volume":"0.00001020","buyTxId":"e44d9bbbf0b6dd3341c32a14e4e8027293659ebd-0","sellTxId":"4795fba65fea11b3eec55029f3ef254838a20c75"}
{"index": {"_index":"sim","_id":"1348340"}}
	{"id":1348340,"type":"buy","buyer":"konvik","seller":"desyfit","symbol":"SIM","quantity":"98578.945","price":"0.00203999","timestamp":1628864793,"volume":"201.10006201","buyTxId":"e44d9bbbf0b6dd3341c32a14e4e8027293659ebd-0","sellTxId":"0b59cb2d7b165fb99af20342f39eb5a2abb7b59d"}
{"index": {"_index":"sim","_id":"1348341"}}
	{"id":1348341,"type":"buy","buyer":"konvik","seller":"desyfit","symbol":"SIM","quantity":"1421.055","price":"0.00203999","timestamp":1628864796,"volume":"2.89893799","buyTxId":"4170f6d6234c71705903a6011357d7f2785a95d7-0","sellTxId":"0b59cb2d7b165fb99af20342f39eb5a2abb7b59d"}
{"index": {"_index":"sim","_id":"1348342"}}
	{"id":1348342,"type":"buy","buyer":"konvik","seller":"braaiboy","symbol":"SIM","quantity":"137.895","price":"0.00204000","timestamp":1628864796,"volume":"0.28130580","buyTxId":"4170f6d6234c71705903a6011357d7f2785a95d7-0","sellTxId":"6818c7ed3e638eb4362aa71d54469d8b684d63ae"}
{"index": {"_index":"sim","_id":"1348344"}}
	{"id":1348344,"type":"sell","buyer":"dcityfund","seller":"sra1992","symbol":"SIM","quantity":"1146.000","price":"0.00203000","timestamp":1628864808,"volume":"2.32638000","buyTxId":"cbf09093ef1b549e951a2b853b7088172c9f7a85","sellTxId":"d0e1cb743fde7f6f77d47b271f6add809f51d7a9"}
{"index": {"_index":"sim","_id":"1348347"}}
	{"id":1348347,"type":"buy","buyer":"konvik","seller":"braaiboy","symbol":"SIM","quantity":"555.005","price":"0.00204000","timestamp":1628864829,"volume":"1.13221020","buyTxId":"43349780f02370ee77364d92324fc9b3b83c6aca-0","sellTxId":"6818c7ed3e638eb4362aa71d54469d8b684d63ae"}
{"index": {"_index":"sim","_id":"1348349"}}
	{"id":1348349,"type":"buy","buyer":"konvik","seller":"braaiboy","symbol":"SIM","quantity":"555.005","price":"0.00204000","timestamp":1628864832,"volume":"1.13221020","buyTxId":"178ae0f70fa91b54a6eefe1f3d6ee510bdfda5e8-0","sellTxId":"6818c7ed3e638eb4362aa71d54469d8b684d63ae"}
{"index": {"_index":"sim","_id":"1348350"}}
	{"id":1348350,"type":"buy","buyer":"konvik","seller":"braaiboy","symbol":"SIM","quantity":"311.030","price":"0.00204000","timestamp":1628864835,"volume":"0.63450120","buyTxId":"628119b25802b7b309ce6a97ea9b84055c8b9f4e-0","sellTxId":"6818c7ed3e638eb4362aa71d54469d8b684d63ae"}
{"index": {"_index":"sim","_id":"1348351"}}
	{"id":1348351,"type":"buy","buyer":"konvik","seller":"mapac","symbol":"SIM","quantity":"555.000","price":"0.00204000","timestamp":1628864835,"volume":"1.13220000","buyTxId":"628119b25802b7b309ce6a97ea9b84055c8b9f4e-0","sellTxId":"5e81aa85bc4b6bd3440bf7b76fdbb86aec92ea33"}
{"index": {"_index":"sim","_id":"1348352"}}
	{"id":1348352,"type":"buy","buyer":"konvik","seller":"mpath","symbol":"SIM","quantity":"555.000","price":"0.00204000","timestamp":1628864835,"volume":"1.13220000","buyTxId":"628119b25802b7b309ce6a97ea9b84055c8b9f4e-0","sellTxId":"daa24ff023568efae326231ca4d8da6ebd40b1b1"}
{"index": {"_index":"sim","_id":"1348353"}}
	{"id":1348353,"type":"buy","buyer":"konvik","seller":"frugal-fun","symbol":"SIM","quantity":"98579.969","price":"0.00204000","timestamp":1628864835,"volume":"201.10313676","buyTxId":"628119b25802b7b309ce6a97ea9b84055c8b9f4e-0","sellTxId":"7450623b3fb85dff98ad2939b5853f2a87123146"}
{"index": {"_index":"sim","_id":"1348354"}}
	{"id":1348354,"type":"buy","buyer":"konvik","seller":"frugal-fun","symbol":"SIM","quantity":"1420.031","price":"0.00204000","timestamp":1628864838,"volume":"2.89686324","buyTxId":"1a548139d8d3291c707e84d2e8890c9825122c54-0","sellTxId":"7450623b3fb85dff98ad2939b5853f2a87123146"}
{"index": {"_index":"sim","_id":"1348355"}}
	{"id":1348355,"type":"buy","buyer":"konvik","seller":"mapac","symbol":"SIM","quantity":"147.984","price":"0.00205400","timestamp":1628864838,"volume":"0.30395914","buyTxId":"1a548139d8d3291c707e84d2e8890c9825122c54-0","sellTxId":"aaf52a7e5fab09d0adcf798ffb14654f67fb33bb"}
{"index": {"_index":"sim","_id":"1348356"}}
	{"id":1348356,"type":"buy","buyer":"konvik","seller":"mapac","symbol":"SIM","quantity":"814.008","price":"0.00205400","timestamp":1628864841,"volume":"1.67197243","buyTxId":"a8e5a8668e11c60235f3c6999a683da9b52580fd-0","sellTxId":"aaf52a7e5fab09d0adcf798ffb14654f67fb33bb"}
{"index": {"_index":"sim","_id":"1348357"}}
	{"id":1348357,"type":"buy","buyer":"konvik","seller":"mapac","symbol":"SIM","quantity":"606.008","price":"0.00205400","timestamp":1628864844,"volume":"1.24474043","buyTxId":"763bdce2a1f11ec2ec76063e32b41a52195e24fd-0","sellTxId":"aaf52a7e5fab09d0adcf798ffb14654f67fb33bb"}
{"index": {"_index":"sim","_id":"1348358"}}
	{"id":1348358,"type":"buy","buyer":"konvik","seller":"atomcollector","symbol":"SIM","quantity":"282.000","price":"0.00208000","timestamp":1628864844,"volume":"0.58656000","buyTxId":"763bdce2a1f11ec2ec76063e32b41a52195e24fd-0","sellTxId":"ebc3d0f1a82f6f79339fac533492f19bf214253c"}
{"index": {"_index":"sim","_id":"1348359"}}
	{"id":1348359,"type":"buy","buyer":"konvik","seller":"atomcollector","symbol":"SIM","quantity":"532.000","price":"0.00208000","timestamp":1628864847,"volume":"1.10656000","buyTxId":"57566239fb44888a4a7a9a7dce6579b13cc08661-0","sellTxId":"ebc3d0f1a82f6f79339fac533492f19bf214253c"}
{"index": {"_index":"sim","_id":"1348360"}}
	{"id":1348360,"type":"buy","buyer":"konvik","seller":"onecent","symbol":"SIM","quantity":"472.940","price":"0.00208000","timestamp":1628864847,"volume":"0.98371520","buyTxId":"57566239fb44888a4a7a9a7dce6579b13cc08661-0","sellTxId":"52d45bd981700b9c0a3e048233b05278804ef20c"}
{"index": {"_index":"sim","_id":"1348361"}}
	{"id":1348361,"type":"buy","buyer":"konvik","seller":"onecent","symbol":"SIM","quantity":"415.060","price":"0.00208000","timestamp":1628864850,"volume":"0.86332480","buyTxId":"6e42aef01fd89492f70e094d3431bd49c0145bb8-0","sellTxId":"52d45bd981700b9c0a3e048233b05278804ef20c"}
{"index": {"_index":"sim","_id":"1348362"}}
	{"id":1348362,"type":"buy","buyer":"konvik","seller":"mamolya","symbol":"SIM","quantity":"1004.930","price":"0.00208970","timestamp":1628864850,"volume":"2.10000222","buyTxId":"6e42aef01fd89492f70e094d3431bd49c0145bb8-0","sellTxId":"6b4dc6eb639c7de9f40a5da36a4396fbda0e94c3"}
{"index": {"_index":"sim","_id":"1348363"}}
	{"id":1348363,"type":"buy","buyer":"konvik","seller":"maini","symbol":"SIM","quantity":"3299.058","price":"0.00209999","timestamp":1628864850,"volume":"6.92798881","buyTxId":"6e42aef01fd89492f70e094d3431bd49c0145bb8-0","sellTxId":"0e471045f2d154723d49bc387eb045a84579970d"}
{"index": {"_index":"sim","_id":"1348365"}}
	{"id":1348365,"type":"buy","buyer":"konvik","seller":"maini","symbol":"SIM","quantity":"700.006","price":"0.00209999","timestamp":1628864853,"volume":"1.47000560","buyTxId":"f6c12eaada16ad5b4696c2acfb575ec23ecddf20-0","sellTxId":"0e471045f2d154723d49bc387eb045a84579970d"}
{"index": {"_index":"sim","_id":"1348366"}}
	{"id":1348366,"type":"buy","buyer":"konvik","seller":"maini","symbol":"SIM","quantity":"719.937","price":"0.00209999","timestamp":1628864856,"volume":"1.51186050","buyTxId":"c9819117d90a64b9fd730816f53410e77dc20ae4-0","sellTxId":"0e471045f2d154723d49bc387eb045a84579970d"}
{"index": {"_index":"sim","_id":"1348367"}}
	{"id":1348367,"type":"buy","buyer":"konvik","seller":"ariefm","symbol":"SIM","quantity":"700.000","price":"0.00210000","timestamp":1628864856,"volume":"1.47000000","buyTxId":"c9819117d90a64b9fd730816f53410e77dc20ae4-0","sellTxId":"db6281c094ee0389815348a399aeda2d063f0346"}
{"index": {"_index":"sim","_id":"1348368"}}
	{"id":1348368,"type":"buy","buyer":"konvik","seller":"holoferncro","symbol":"SIM","quantity":"4507.122","price":"0.00210000","timestamp":1628864856,"volume":"9.46495620","buyTxId":"c9819117d90a64b9fd730816f53410e77dc20ae4-0","sellTxId":"6ba130ca0695c6758d3393395aff2ec7bc011d6d"}
{"index": {"_index":"sim","_id":"1348370"}}
	{"id":1348370,"type":"buy","buyer":"konvik","seller":"holoferncro","symbol":"SIM","quantity":"1419.878","price":"0.00210000","timestamp":1628864859,"volume":"2.98174380","buyTxId":"8b43046ebd092a2c805454c09acf52aa68640ab9-0","sellTxId":"6ba130ca0695c6758d3393395aff2ec7bc011d6d"}
{"index": {"_index":"sim","_id":"1348371"}}
	{"id":1348371,"type":"buy","buyer":"konvik","seller":"holoferncro","symbol":"SIM","quantity":"5318.190","price":"0.00210000","timestamp":1628864859,"volume":"11.16819900","buyTxId":"8b43046ebd092a2c805454c09acf52aa68640ab9-0","sellTxId":"8fe754b10f81479857190819fa52c76a0f70d94f"}
{"index": {"_index":"sim","_id":"1348372"}}
	{"id":1348372,"type":"buy","buyer":"konvik","seller":"holoferncro","symbol":"SIM","quantity":"777.007","price":"0.00210000","timestamp":1628864862,"volume":"1.63171470","buyTxId":"9716d11c06da0314ae24ef6ad75bade43e87df9f-0","sellTxId":"8fe754b10f81479857190819fa52c76a0f70d94f"}
{"index": {"_index":"sim","_id":"1348373"}}
	{"id":1348373,"type":"buy","buyer":"konvik","seller":"holoferncro","symbol":"SIM","quantity":"642.804","price":"0.00210000","timestamp":1628864865,"volume":"1.34988840","buyTxId":"c85baf1d382c31e40c6ec3e9c2a93937225e6344-0","sellTxId":"8fe754b10f81479857190819fa52c76a0f70d94f"}
{"index": {"_index":"sim","_id":"1348374"}}
	{"id":1348374,"type":"buy","buyer":"konvik","seller":"mpath","symbol":"SIM","quantity":"245.204","price":"0.00210100","timestamp":1628864865,"volume":"0.51517360","buyTxId":"c85baf1d382c31e40c6ec3e9c2a93937225e6344-0","sellTxId":"62441b998e6dffcdbf10816eaa0a9cace08c4fd9"}
{"index": {"_index":"sim","_id":"1348375"}}
	{"id":1348375,"type":"buy","buyer":"konvik","seller":"mpath","symbol":"SIM","quantity":"531.796","price":"0.00210100","timestamp":1628864868,"volume":"1.11730340","buyTxId":"bf6836125c3a6669b6bbdb350df2310a4329afb8-0","sellTxId":"62441b998e6dffcdbf10816eaa0a9cace08c4fd9"}
{"index": {"_index":"sim","_id":"1348376"}}
	{"id":1348376,"type":"buy","buyer":"konvik","seller":"mapac","symbol":"SIM","quantity":"356.212","price":"0.00210500","timestamp":1628864868,"volume":"0.74982626","buyTxId":"bf6836125c3a6669b6bbdb350df2310a4329afb8-0","sellTxId":"ec1a7c9691671bca94a3712cf0eb7a97da9b5176"}
{"index": {"_index":"sim","_id":"1348377"}}
	{"id":1348377,"type":"buy","buyer":"konvik","seller":"mapac","symbol":"SIM","quantity":"531.788","price":"0.00210500","timestamp":1628864871,"volume":"1.11941374","buyTxId":"fd6a66080fa64aac28afb8f1790b6aacab351395-0","sellTxId":"ec1a7c9691671bca94a3712cf0eb7a97da9b5176"}
{"index": {"_index":"sim","_id":"1348378"}}
	{"id":1348378,"type":"buy","buyer":"konvik","seller":"onecent","symbol":"SIM","quantity":"888.000","price":"0.00210800","timestamp":1628864871,"volume":"1.87190400","buyTxId":"fd6a66080fa64aac28afb8f1790b6aacab351395-0","sellTxId":"08cf8c7338575977f41f8b35648dccdf997d680f"}
{"index": {"_index":"sim","_id":"1348379"}}
	{"id":1348379,"type":"buy","buyer":"konvik","seller":"cryptofiloz","symbol":"SIM","quantity":"1418.240","price":"0.00211501","timestamp":1628864871,"volume":"2.99959178","buyTxId":"fd6a66080fa64aac28afb8f1790b6aacab351395-0","sellTxId":"322076274882f68d7be89d67bb926f7e990f6aa0"}
{"index": {"_index":"sim","_id":"1348380"}}
	{"id":1348380,"type":"buy","buyer":"konvik","seller":"cryptofiloz","symbol":"SIM","quantity":"1419.760","price":"0.00211501","timestamp":1628864874,"volume":"3.00280660","buyTxId":"6c5316a1c21b82964784b8b4d135b75ae317d9b3-0","sellTxId":"322076274882f68d7be89d67bb926f7e990f6aa0"}
{"index": {"_index":"sim","_id":"1348381"}}
	{"id":1348381,"type":"buy","buyer":"konvik","seller":"qwerrie","symbol":"SIM","quantity":"0.014","price":"0.00211501","timestamp":1628864874,"volume":"0.00002961","buyTxId":"6c5316a1c21b82964784b8b4d135b75ae317d9b3-0","sellTxId":"0beb8a2ecdd7fc0542566c2cdaf74a163c8a113c"}
{"index": {"_index":"sim","_id":"1348382"}}
	{"id":1348382,"type":"buy","buyer":"konvik","seller":"qwerrie","symbol":"SIM","quantity":"82.908","price":"0.00211501","timestamp":1628864877,"volume":"0.17535125","buyTxId":"ebcca9225b00483dacfe2343df1cc8faceb567d8-0","sellTxId":"0beb8a2ecdd7fc0542566c2cdaf74a163c8a113c"}
{"index": {"_index":"sim","_id":"1348383"}}
	{"id":1348383,"type":"buy","buyer":"konvik","seller":"steemmillionaire","symbol":"SIM","quantity":"9917.191","price":"0.00211900","timestamp":1628864877,"volume":"21.01452773","buyTxId":"ebcca9225b00483dacfe2343df1cc8faceb567d8-0","sellTxId":"aa1d8d9efc8da39cc976844502eb59e97d3ebfe3"}
{"index": {"_index":"sim","_id":"1348384"}}
	{"id":1348384,"type":"buy","buyer":"konvik","seller":"steemmillionaire","symbol":"SIM","quantity":"82.809","price":"0.00211900","timestamp":1628864880,"volume":"0.17547227","buyTxId":"f7011d5f0746f9fdc5e75ca5f055e3ef4c878d1e-0","sellTxId":"aa1d8d9efc8da39cc976844502eb59e97d3ebfe3"}
{"index": {"_index":"sim","_id":"1348385"}}
	{"id":1348385,"type":"buy","buyer":"konvik","seller":"dhedge-drips","symbol":"SIM","quantity":"9.326","price":"0.00211997","timestamp":1628864880,"volume":"0.01977084","buyTxId":"f7011d5f0746f9fdc5e75ca5f055e3ef4c878d1e-0","sellTxId":"e56773fcbbb96be6c58db885557af91269a165dc"}
{"index": {"_index":"sim","_id":"1348386"}}
	{"id":1348386,"type":"buy","buyer":"konvik","seller":"desyfit","symbol":"SIM","quantity":"99908.864","price":"0.00211999","timestamp":1628864880,"volume":"211.80579259","buyTxId":"f7011d5f0746f9fdc5e75ca5f055e3ef4c878d1e-0","sellTxId":"28f4ff8c480da0d86e61c09297e863daf568115b"}
{"index": {"_index":"sim","_id":"1348387"}}
	{"id":1348387,"type":"buy","buyer":"konvik","seller":"desyfit","symbol":"SIM","quantity":"91.136","price":"0.00211999","timestamp":1628864883,"volume":"0.19320741","buyTxId":"35371159cc819675617c19e3c2e472f80ef9ed45-0","sellTxId":"28f4ff8c480da0d86e61c09297e863daf568115b"}
{"index": {"_index":"sim","_id":"1348388"}}
	{"id":1348388,"type":"buy","buyer":"konvik","seller":"hotasian","symbol":"SIM","quantity":"74909.613","price":"0.00212000","timestamp":1628864883,"volume":"158.80837956","buyTxId":"35371159cc819675617c19e3c2e472f80ef9ed45-0","sellTxId":"ec5838c382383744e7cd8df2c8fbbc9669d78c7a"}
{"index": {"_index":"sim","_id":"1348389"}}
	{"id":1348389,"type":"buy","buyer":"konvik","seller":"hotasian","symbol":"SIM","quantity":"90.387","price":"0.00212000","timestamp":1628864886,"volume":"0.19162044","buyTxId":"9d4d478c47b647d347ffa935344476bbc26efb42-0","sellTxId":"ec5838c382383744e7cd8df2c8fbbc9669d78c7a"}
{"index": {"_index":"sim","_id":"1348390"}}
	{"id":1348390,"type":"buy","buyer":"konvik","seller":"colecornell","symbol":"SIM","quantity":"99910.612","price":"0.00212000","timestamp":1628864886,"volume":"211.81049744","buyTxId":"9d4d478c47b647d347ffa935344476bbc26efb42-0","sellTxId":"b6e3fcc12cff7cf849fd9e5f255b7111fd70dc43"}
{"index": {"_index":"sim","_id":"1348443"}}
	{"id":1348443,"type":"sell","buyer":"pi-trader","seller":"barrenwolfsbane","symbol":"SIM","quantity":"2000.000","price":"0.00203001","timestamp":1628865507,"volume":"4.06002000","buyTxId":"8573f7934a663c56b14360f4d0c4b9d88e2e91ad-1","sellTxId":"1a8a9d0c1dfaf574f6c1b0695c0fbe5e7b9bc9a4"}
{"index": {"_index":"sim","_id":"1348444"}}
	{"id":1348444,"type":"sell","buyer":"solovey6o2","seller":"barrenwolfsbane","symbol":"SIM","quantity":"6399.500","price":"0.00203001","timestamp":1628865507,"volume":"12.99104900","buyTxId":"d6950260d07a0f87213818ee748abbc38c9037e8","sellTxId":"1a8a9d0c1dfaf574f6c1b0695c0fbe5e7b9bc9a4"}
{"index": {"_index":"sim","_id":"1348525"}}
	{"id":1348525,"type":"buy","buyer":"konvik","seller":"diana.catherine","symbol":"SIM","quantity":"6461.000","price":"0.00211000","timestamp":1628866542,"volume":"13.63271000","buyTxId":"d2e7012ffdafb8ccd4c399e13cbba15247196ad0-0","sellTxId":"2e5ba615f44d1f5cb9a731d2f9b7d8a190e4c0a5"}
{"index": {"_index":"sim","_id":"1348542"}}
	{"id":1348542,"type":"sell","buyer":"pi-trader","seller":"whatamidoing","symbol":"SIM","quantity":"2000.000","price":"0.00203002","timestamp":1628866866,"volume":"4.06004000","buyTxId":"43f8012c272ad500513e8ccecee73514956dd863","sellTxId":"1b9e4fdd66c0e3bd6b7ad3f3e1e3172536e16e10"}
{"index": {"_index":"sim","_id":"1348544"}}
	{"id":1348544,"type":"buy","buyer":"konvik","seller":"whatamidoing","symbol":"SIM","quantity":"10934.487","price":"0.00203002","timestamp":1628866869,"volume":"22.19722730","buyTxId":"afd6b6f45ce5a9da3a26099599ccb22cb4ff2f9e-0","sellTxId":"1b9e4fdd66c0e3bd6b7ad3f3e1e3172536e16e10"}
{"index": {"_index":"sim","_id":"1348607"}}
	{"id":1348607,"type":"buy","buyer":"stickupboys","seller":"nftmart.fees","symbol":"SIM","quantity":"8.000","price":"0.00211999","timestamp":1628867496,"volume":"0.01695992","buyTxId":"8bc91d18806e3047b0c14041a889435ab5a74aee","sellTxId":"69df90f2bde7f045637e1745b2eaf4234f8eb58a-0"}
{"index": {"_index":"sim","_id":"1348609"}}
	{"id":1348609,"type":"buy","buyer":"cryptonnja","seller":"colecornell","symbol":"SIM","quantity":"89.388","price":"0.00212000","timestamp":1628867601,"volume":"0.18950256","buyTxId":"2cf9e5eea43817b4342f674b683ccc96817d0966","sellTxId":"b6e3fcc12cff7cf849fd9e5f255b7111fd70dc43"}
{"index": {"_index":"sim","_id":"1348624"}}
	{"id":1348624,"type":"sell","buyer":"solovey6o2","seller":"kater1","symbol":"SIM","quantity":"10250.500","price":"0.00212001","timestamp":1628867862,"volume":"21.73116251","buyTxId":"69a72d5df36ebab091fe16a3d85ad6af5b67a505","sellTxId":"9829b8d647d9ea6773394ee879f596c7fdcf11df"}
{"index": {"_index":"sim","_id":"1348628"}}
	{"id":1348628,"type":"sell","buyer":"solovey6o2","seller":"kater2","symbol":"SIM","quantity":"1092.520","price":"0.00212001","timestamp":1628867904,"volume":"2.31615333","buyTxId":"69a72d5df36ebab091fe16a3d85ad6af5b67a505","sellTxId":"ed76305971eda7e7d6cb3ee47c0c7f108e9de11d"}
{"index": {"_index":"sim","_id":"1348637"}}
	{"id":1348637,"type":"sell","buyer":"solovey6o2","seller":"frugal-fun","symbol":"SIM","quantity":"100000.458","price":"0.00212001","timestamp":1628868060,"volume":"212.00197096","buyTxId":"69a72d5df36ebab091fe16a3d85ad6af5b67a505","sellTxId":"e0d6c9e3c71a35c83a86453e120a82b2be3bd2b2"}
{"index": {"_index":"sim","_id":"1348647"}}
	{"id":1348647,"type":"sell","buyer":"stickupboys","seller":"aliveprojects","symbol":"SIM","quantity":"0.727","price":"0.00211999","timestamp":1628868213,"volume":"0.00154123","buyTxId":"8bc91d18806e3047b0c14041a889435ab5a74aee","sellTxId":"81e4f1c15bfb470b41cfcf14dcc7a4b04b5239d7"}
{"index": {"_index":"sim","_id":"1348651"}}
	{"id":1348651,"type":"sell","buyer":"stickupboys","seller":"crisangel","symbol":"SIM","quantity":"177.050","price":"0.00211999","timestamp":1628868330,"volume":"0.37534423","buyTxId":"8bc91d18806e3047b0c14041a889435ab5a74aee","sellTxId":"d03b9425bdc7405dc52b4479e5bdaccd23d3dc10"}
{"index": {"_index":"sim","_id":"1348673"}}
	{"id":1348673,"type":"sell","buyer":"stickupboys","seller":"bosmob","symbol":"SIM","quantity":"1123.223","price":"0.00211999","timestamp":1628868495,"volume":"2.38122153","buyTxId":"8bc91d18806e3047b0c14041a889435ab5a74aee","sellTxId":"16399e3b3a6ab962636755c001275e3830127101"}
{"index": {"_index":"sim","_id":"1348674"}}
	{"id":1348674,"type":"sell","buyer":"solovey6o2","seller":"bosmob","symbol":"SIM","quantity":"6630.781","price":"0.00203001","timestamp":1628868495,"volume":"13.46055174","buyTxId":"7eee434bbee134f21621b15256b7eb450424570a","sellTxId":"16399e3b3a6ab962636755c001275e3830127101"}
{"index": {"_index":"sim","_id":"1348701"}}
	{"id":1348701,"type":"buy","buyer":"cryptonnja","seller":"nftmart.fees","symbol":"SIM","quantity":"7.000","price":"0.00216991","timestamp":1628869134,"volume":"0.01518937","buyTxId":"5e8fced722c7382bbd7475daa2c40eab0c9fc1bc","sellTxId":"757f7f72c39edd977aa9e6822630a46ac7f796e2-0"}
{"index": {"_index":"sim","_id":"1348702"}}
	{"id":1348702,"type":"sell","buyer":"cryptonnja","seller":"konvik","symbol":"SIM","quantity":"54940.143","price":"0.00216991","timestamp":1628869137,"volume":"119.21516570","buyTxId":"5e8fced722c7382bbd7475daa2c40eab0c9fc1bc","sellTxId":"08c0956c9c4eedf082b52ee0bc28b1eb51692b2e-1"}
{"index": {"_index":"sim","_id":"1348760"}}
	{"id":1348760,"type":"buy","buyer":"stickupboys","seller":"dhedge-drips","symbol":"SIM","quantity":"2.667","price":"0.00216992","timestamp":1628869791,"volume":"0.00578718","buyTxId":"2194ef27f43f4147667fc3e8b1469c8ac897e7ac","sellTxId":"38588d8521e4843dfe6f72f85e8b06ad301cf781"}
{"index": {"_index":"sim","_id":"1348761"}}
	{"id":1348761,"type":"buy","buyer":"stickupboys","seller":"leizerstark","symbol":"SIM","quantity":"1051.000","price":"0.00217000","timestamp":1628869791,"volume":"2.28067000","buyTxId":"2194ef27f43f4147667fc3e8b1469c8ac897e7ac","sellTxId":"5f5b3295da47336a37432a4d8cad52b9725c5dc1"}
{"index": {"_index":"sim","_id":"1348762"}}
	{"id":1348762,"type":"sell","buyer":"stickupboys","seller":"konvik","symbol":"SIM","quantity":"28917.675","price":"0.00218000","timestamp":1628869794,"volume":"63.04053150","buyTxId":"2194ef27f43f4147667fc3e8b1469c8ac897e7ac","sellTxId":"1547ee8ab0150d9c10b5ed35cc618217082d07ae-1"}
{"index": {"_index":"sim","_id":"1348885"}}
	{"id":1348885,"type":"sell","buyer":"cryptonnja","seller":"mawit07","symbol":"SIM","quantity":"54.447","price":"0.00216991","timestamp":1628871069,"volume":"0.11814509","buyTxId":"5e8fced722c7382bbd7475daa2c40eab0c9fc1bc","sellTxId":"3121d8e336b81155d24a3789f040820558057e15"}
{"index": {"_index":"sim","_id":"1348995"}}
	{"id":1348995,"type":"sell","buyer":"pi-trader","seller":"gobywankenobi","symbol":"SIM","quantity":"275.510","price":"0.00207001","timestamp":1628871771,"volume":"0.57030846","buyTxId":"693d4bea5ce9db3018bd00d282dd8a4f45a9a7f5","sellTxId":"c63e9721946fc41b020e79c6c190a548200d1379"}
{"index": {"_index":"sim","_id":"1349012"}}
	{"id":1349012,"type":"sell","buyer":"pi-trader","seller":"chireerocks","symbol":"SIM","quantity":"74.477","price":"0.00207001","timestamp":1628871960,"volume":"0.15416813","buyTxId":"51a8b4b11055e16f3a861f833bbeda261b74da50-1","sellTxId":"8641dc52f7425a4a577c2228cd3ad27d3d2499dd"}
{"index": {"_index":"sim","_id":"1349044"}}
	{"id":1349044,"type":"sell","buyer":"pi-trader","seller":"tomhall","symbol":"SIM","quantity":"88.550","price":"0.00207001","timestamp":1628872242,"volume":"0.18329939","buyTxId":"6a5de2c020e833b6eb0945c3e2b0eba32b68fd3e-1","sellTxId":"e9f50147334f6dbf8508b4cb3cbd339e3bba7409"}
{"index": {"_index":"sim","_id":"1349060"}}
	{"id":1349060,"type":"sell","buyer":"pi-trader","seller":"automaton","symbol":"SIM","quantity":"2000.000","price":"0.00207001","timestamp":1628872419,"volume":"4.14002000","buyTxId":"e7f22dca96e0d0888f4072f0f362234152c872c3-1","sellTxId":"0095c8688059800bcc6389367aeecb270e9c31a5"}
{"index": {"_index":"sim","_id":"1349064"}}
	{"id":1349064,"type":"sell","buyer":"nastyforce","seller":"ayhamyou","symbol":"SIM","quantity":"146.000","price":"0.00207000","timestamp":1628872455,"volume":"0.30222000","buyTxId":"b4bfd5364d3e7be1e375b9dbec8bffb3862892cf","sellTxId":"20d1fb084980efd134ec8ecfe7a2aac990f619ce"}
{"index": {"_index":"sim","_id":"1349065"}}
	{"id":1349065,"type":"buy","buyer":"pi-trader","seller":"ayhamyou","symbol":"SIM","quantity":"2000.000","price":"0.00207000","timestamp":1628872458,"volume":"4.14000000","buyTxId":"ef2804fd4aa69d3c8699cb1f8a71463f6cdb5db6","sellTxId":"20d1fb084980efd134ec8ecfe7a2aac990f619ce"}
{"index": {"_index":"sim","_id":"1349066"}}
	{"id":1349066,"type":"buy","buyer":"konvik","seller":"ayhamyou","symbol":"SIM","quantity":"11154.000","price":"0.00207000","timestamp":1628872458,"volume":"23.08878000","buyTxId":"eaf5294ba6eff0f06d729666786be4195416f1ba-0","sellTxId":"20d1fb084980efd134ec8ecfe7a2aac990f619ce"}
{"index": {"_index":"sim","_id":"1349114"}}
	{"id":1349114,"type":"sell","buyer":"pi-trader","seller":"resiliencia","symbol":"SIM","quantity":"434.311","price":"0.00206003","timestamp":1628872908,"volume":"0.89469369","buyTxId":"30d7e53f84b7d7de1a0f32099ace0b16025e8d6c","sellTxId":"f5a3e700fc41125af942cee4157b375aab0d1e13"}
{"index": {"_index":"sim","_id":"1349128"}}
	{"id":1349128,"type":"sell","buyer":"pi-trader","seller":"dannychain","symbol":"SIM","quantity":"2000.000","price":"0.00206003","timestamp":1628873118,"volume":"4.12006000","buyTxId":"42b9bba64cbdccc67175372320d8201130ce2d52-1","sellTxId":"48eee70eef852d435e574064f43f96c61e0009d3"}
{"index": {"_index":"sim","_id":"1349129"}}
	{"id":1349129,"type":"sell","buyer":"solovey6o2","seller":"dannychain","symbol":"SIM","quantity":"33150.000","price":"0.00206002","timestamp":1628873118,"volume":"68.28966300","buyTxId":"50f3037519ab8c6ff3508c0b824b05cc5737585a","sellTxId":"48eee70eef852d435e574064f43f96c61e0009d3"}
{"index": {"_index":"sim","_id":"1349212"}}
	{"id":1349212,"type":"sell","buyer":"pi-trader","seller":"solarpowers","symbol":"SIM","quantity":"2000.000","price":"0.00206003","timestamp":1628873718,"volume":"4.12006000","buyTxId":"bf3c4d3d83006821db02e4a0846bbf0263beb2d8","sellTxId":"848562bb8dcc550bb5478c096a83136adc272aef"}
{"index": {"_index":"sim","_id":"1349213"}}
	{"id":1349213,"type":"sell","buyer":"solovey6o2","seller":"solarpowers","symbol":"SIM","quantity":"3681.000","price":"0.00206002","timestamp":1628873718,"volume":"7.58293362","buyTxId":"50f3037519ab8c6ff3508c0b824b05cc5737585a","sellTxId":"848562bb8dcc550bb5478c096a83136adc272aef"}
{"index": {"_index":"sim","_id":"1349376"}}
	{"id":1349376,"type":"sell","buyer":"pi-trader","seller":"mpath","symbol":"SIM","quantity":"1224.000","price":"0.00207001","timestamp":1628875419,"volume":"2.53369224","buyTxId":"c8c9a5b712c06d77aa3858316d9e6707af2a61fe-1","sellTxId":"9819153dd6b847e0fcb07f36c451b4d3c690fee0"}
{"index": {"_index":"sim","_id":"1349510"}}
	{"id":1349510,"type":"buy","buyer":"themightyvolcano","seller":"nftmart.fees","symbol":"SIM","quantity":"29.000","price":"0.00215399","timestamp":1628876658,"volume":"0.06246571","buyTxId":"67b1c8ed482e29b9923dc47456b5262bfc31a716","sellTxId":"fa1c6c6c01feb33813e42248be430fbbc0a8ca84-0"}
{"index": {"_index":"sim","_id":"1349511"}}
	{"id":1349511,"type":"buy","buyer":"themightyvolcano","seller":"mpath","symbol":"SIM","quantity":"859.000","price":"0.00215400","timestamp":1628876658,"volume":"1.85028600","buyTxId":"67b1c8ed482e29b9923dc47456b5262bfc31a716","sellTxId":"5dc3da7b9e28a659ef98f51e57cd8bb492a3599c"}
{"index": {"_index":"sim","_id":"1349638"}}
	{"id":1349638,"type":"buy","buyer":"intimez","seller":"nftmart.fees","symbol":"SIM","quantity":"29.000","price":"0.00215399","timestamp":1628877813,"volume":"0.06246571","buyTxId":"41f521e020d00505fef2f40e66051a9b7ba39242","sellTxId":"b2b75ca46618c619b958953ca707d9fa4c2f5b48-0"}
{"index": {"_index":"sim","_id":"1349676"}}
	{"id":1349676,"type":"sell","buyer":"intimez","seller":"nftmart.fees","symbol":"SIM","quantity":"25.000","price":"0.00215399","timestamp":1628878248,"volume":"0.05384975","buyTxId":"41f521e020d00505fef2f40e66051a9b7ba39242","sellTxId":"8087836f50795db0b4a7eb358858d433a4a0f26b-0"}
{"index": {"_index":"sim","_id":"1349688"}}
	{"id":1349688,"type":"sell","buyer":"intimez","seller":"kevmcc","symbol":"SIM","quantity":"5.456","price":"0.00215399","timestamp":1628878593,"volume":"0.01175217","buyTxId":"41f521e020d00505fef2f40e66051a9b7ba39242","sellTxId":"f888f6c9f5fb4f635aa631932b0512c3ced93811"}
{"index": {"_index":"sim","_id":"1349716"}}
	{"id":1349716,"type":"sell","buyer":"intimez","seller":"mapac","symbol":"SIM","quantity":"140.544","price":"0.00215399","timestamp":1628878881,"volume":"0.30273037","buyTxId":"41f521e020d00505fef2f40e66051a9b7ba39242","sellTxId":"17ea56cf86246541085cd27f827641cc574244b1"}
{"index": {"_index":"sim","_id":"1349718"}}
	{"id":1349718,"type":"sell","buyer":"pi-trader","seller":"mapac","symbol":"SIM","quantity":"2000.000","price":"0.00207002","timestamp":1628878923,"volume":"4.14004000","buyTxId":"788b9c5a6bd2c149970d5f6cbcc3fd8cb30546c8","sellTxId":"a1c7f4a6151dc229f6f08e61a80274a504f8df5f"}
{"index": {"_index":"sim","_id":"1349719"}}
	{"id":1349719,"type":"sell","buyer":"solovey6o2","seller":"mapac","symbol":"SIM","quantity":"1454.000","price":"0.00207001","timestamp":1628878923,"volume":"3.00979454","buyTxId":"ec89ab21d0d4efe050bd881b5f4d23f0e17e3117","sellTxId":"a1c7f4a6151dc229f6f08e61a80274a504f8df5f"}
{"index": {"_index":"sim","_id":"1349748"}}
	{"id":1349748,"type":"sell","buyer":"solovey6o2","seller":"steem.services","symbol":"SIM","quantity":"83997.000","price":"0.00208001","timestamp":1628879271,"volume":"174.71459997","buyTxId":"ea06a6d8f86027f9fbb48c18391be3240853c3e5","sellTxId":"4c168f75eb400d6599edfc49458dce3fe0f9dbfc"}
{"index": {"_index":"sim","_id":"1349769"}}
	{"id":1349769,"type":"sell","buyer":"solovey6o2","seller":"fantasycrypto","symbol":"SIM","quantity":"22854.000","price":"0.00208001","timestamp":1628879652,"volume":"47.53654854","buyTxId":"ea06a6d8f86027f9fbb48c18391be3240853c3e5","sellTxId":"e6a2d14139ded3c55bcc69cb05b19c244df13c61"}
{"index": {"_index":"sim","_id":"1349802"}}
	{"id":1349802,"type":"sell","buyer":"solovey6o2","seller":"dhedge-drips","symbol":"SIM","quantity":"0.004","price":"0.00208001","timestamp":1628880330,"volume":"0.00000832","buyTxId":"ea06a6d8f86027f9fbb48c18391be3240853c3e5","sellTxId":"53d870f8cd1b76370cbf3b91981e3820c3565479"}
{"index": {"_index":"sim","_id":"1349811"}}
	{"id":1349811,"type":"sell","buyer":"solovey6o2","seller":"kaeptn-iglo","symbol":"SIM","quantity":"10846.000","price":"0.00208001","timestamp":1628880387,"volume":"22.55978846","buyTxId":"ea06a6d8f86027f9fbb48c18391be3240853c3e5","sellTxId":"00566a43a0477bf8e11b5af3aae664b132968574"}
{"index": {"_index":"sim","_id":"1349813"}}
	{"id":1349813,"type":"sell","buyer":"solovey6o2","seller":"steem.services","symbol":"SIM","quantity":"31406.000","price":"0.00208001","timestamp":1628880399,"volume":"65.32479406","buyTxId":"ea06a6d8f86027f9fbb48c18391be3240853c3e5","sellTxId":"adb94bcd24da16f990d3276454cb341f8aec7677"}
{"index": {"_index":"sim","_id":"1349843"}}
	{"id":1349843,"type":"sell","buyer":"solovey6o2","seller":"drew0","symbol":"SIM","quantity":"10533.000","price":"0.00208001","timestamp":1628880612,"volume":"21.90874533","buyTxId":"ea06a6d8f86027f9fbb48c18391be3240853c3e5","sellTxId":"4e8a8174691bc46f5cd7e04a270afa69aed837a9"}
{"index": {"_index":"sim","_id":"1349854"}}
	{"id":1349854,"type":"sell","buyer":"solovey6o2","seller":"balte","symbol":"SIM","quantity":"27000.000","price":"0.00208001","timestamp":1628880723,"volume":"56.16027000","buyTxId":"ea06a6d8f86027f9fbb48c18391be3240853c3e5","sellTxId":"331e074f79331d6ee243db60958e5696d35bf849"}
{"index": {"_index":"sim","_id":"1349922"}}
	{"id":1349922,"type":"sell","buyer":"nastyforce","seller":"kishan006","symbol":"SIM","quantity":"3593.000","price":"0.00209000","timestamp":1628881530,"volume":"7.50937000","buyTxId":"6c5fc4f8c8227e5941c1c7a419f15cb22d2c6237","sellTxId":"5ddbb83ceb2dc3327e1f25a8aff927d8a84ae48c"}
{"index": {"_index":"sim","_id":"1349923"}}
	{"id":1349923,"type":"buy","buyer":"konvik","seller":"kishan006","symbol":"SIM","quantity":"16176.000","price":"0.00209000","timestamp":1628881533,"volume":"33.80784000","buyTxId":"8a7fa68687db83a562a7bb827a0f1ad9e4d6e4d6-0","sellTxId":"5ddbb83ceb2dc3327e1f25a8aff927d8a84ae48c"}
{"index": {"_index":"sim","_id":"1349936"}}
	{"id":1349936,"type":"sell","buyer":"solovey6o2","seller":"accelerator","symbol":"SIM","quantity":"1233.000","price":"0.00208001","timestamp":1628881641,"volume":"2.56465233","buyTxId":"ea06a6d8f86027f9fbb48c18391be3240853c3e5","sellTxId":"68de21985333c986d8c22d8967c2a40bf722872e"}
{"index": {"_index":"sim","_id":"1349939"}}
	{"id":1349939,"type":"buy","buyer":"konvik","seller":"steem-hodler","symbol":"SIM","quantity":"24300.000","price":"0.00210000","timestamp":1628881677,"volume":"51.03000000","buyTxId":"646e3efce28df946532d7f66c74ff13d8018fa27-0","sellTxId":"75a5f6036fd13db7e176bcbe5e3af5a41295a8ce"}
{"index": {"_index":"sim","_id":"1349985"}}
	{"id":1349985,"type":"sell","buyer":"solovey6o2","seller":"taitux","symbol":"SIM","quantity":"2981.000","price":"0.00208001","timestamp":1628882466,"volume":"6.20050981","buyTxId":"ea06a6d8f86027f9fbb48c18391be3240853c3e5","sellTxId":"bb55fa78f67ad27144b9a405a66c8f2f6eda6567"}
{"index": {"_index":"sim","_id":"1350009"}}
	{"id":1350009,"type":"sell","buyer":"solovey6o2","seller":"tsnaks","symbol":"SIM","quantity":"733.002","price":"0.00208001","timestamp":1628882589,"volume":"1.52465149","buyTxId":"ea06a6d8f86027f9fbb48c18391be3240853c3e5","sellTxId":"0a67a20b433b3ca3a5885521b19951c9dde96ed0"}
{"index": {"_index":"sim","_id":"1350018"}}
	{"id":1350018,"type":"sell","buyer":"solovey6o2","seller":"ayhamyou","symbol":"SIM","quantity":"4234.750","price":"0.00208001","timestamp":1628882904,"volume":"8.80832235","buyTxId":"ea06a6d8f86027f9fbb48c18391be3240853c3e5","sellTxId":"7dc34dbbd83049ef921f70221313b1bdb518b754"}
{"index": {"_index":"sim","_id":"1350031"}}
	{"id":1350031,"type":"sell","buyer":"solovey6o2","seller":"cryptomaniacsgr","symbol":"SIM","quantity":"23907.398","price":"0.00208001","timestamp":1628883057,"volume":"49.72762691","buyTxId":"ea06a6d8f86027f9fbb48c18391be3240853c3e5","sellTxId":"508eeef7701e2ca5375fadbf9adb49663db9dc48"}
{"index": {"_index":"sim","_id":"1350073"}}
	{"id":1350073,"type":"sell","buyer":"solovey6o2","seller":"monsterjamgold","symbol":"SIM","quantity":"2434.000","price":"0.00208001","timestamp":1628883630,"volume":"5.06274434","buyTxId":"ea06a6d8f86027f9fbb48c18391be3240853c3e5","sellTxId":"c6b5325ee2481fae007766aed11b4c53fa158aee"}
{"index": {"_index":"sim","_id":"1350109"}}
	{"id":1350109,"type":"sell","buyer":"solovey6o2","seller":"elricmoonslayer","symbol":"SIM","quantity":"578.002","price":"0.00208001","timestamp":1628884020,"volume":"1.20224994","buyTxId":"ea06a6d8f86027f9fbb48c18391be3240853c3e5","sellTxId":"f6a4fdc45db2a42343a36031c2fd0db7b9d421fc"}
{"index": {"_index":"sim","_id":"1350231"}}
	{"id":1350231,"type":"sell","buyer":"solovey6o2","seller":"bitcoinflood","symbol":"SIM","quantity":"3742.025","price":"0.00208001","timestamp":1628885640,"volume":"7.78344942","buyTxId":"ea06a6d8f86027f9fbb48c18391be3240853c3e5","sellTxId":"ab2500df2029643c0947ac23eb5588d550aa628c"}
{"index": {"_index":"sim","_id":"1350237"}}
	{"id":1350237,"type":"sell","buyer":"solovey6o2","seller":"klye","symbol":"SIM","quantity":"75.000","price":"0.00208001","timestamp":1628885769,"volume":"0.15600075","buyTxId":"ea06a6d8f86027f9fbb48c18391be3240853c3e5","sellTxId":"804ab5ecf2cff71f22f8c83f92b5ea150c144c7c"}
{"index": {"_index":"sim","_id":"1350245"}}
	{"id":1350245,"type":"sell","buyer":"solovey6o2","seller":"willsaldeno","symbol":"SIM","quantity":"3348.000","price":"0.00208001","timestamp":1628885847,"volume":"6.96387348","buyTxId":"ea06a6d8f86027f9fbb48c18391be3240853c3e5","sellTxId":"9bbfc54b5f56840e8a2b7e7924ef7e385781383c"}
{"index": {"_index":"sim","_id":"1350249"}}
	{"id":1350249,"type":"buy","buyer":"heikki1337","seller":"quekery","symbol":"SIM","quantity":"1000.000","price":"0.00211000","timestamp":1628885883,"volume":"2.11000000","buyTxId":"b3e46044c9a447c996c71856d115adf296bdf9d4","sellTxId":"6ec3b3e2e5992f264d8f30916ab32fd264a5ded8"}
{"index": {"_index":"sim","_id":"1350252"}}
	{"id":1350252,"type":"sell","buyer":"heikki1337","seller":"onecent","symbol":"SIM","quantity":"6000.000","price":"0.00211000","timestamp":1628885988,"volume":"12.66000000","buyTxId":"b3e46044c9a447c996c71856d115adf296bdf9d4","sellTxId":"55f8ca462c4b5423567b43cc89dfa63867b7b8d6"}
{"index": {"_index":"sim","_id":"1350330"}}
	{"id":1350330,"type":"sell","buyer":"solovey6o2","seller":"gamsam","symbol":"SIM","quantity":"20360","price":"0.00208001","timestamp":1628886903,"volume":"42.34900360","buyTxId":"ea06a6d8f86027f9fbb48c18391be3240853c3e5","sellTxId":"5cf5b01682900c969bb0f8732409a9ab4693eedc"}
{"index": {"_index":"sim","_id":"1350333"}}
	{"id":1350333,"type":"sell","buyer":"solovey6o2","seller":"jeanlucsr","symbol":"SIM","quantity":"5000.000","price":"0.00208001","timestamp":1628886927,"volume":"10.40005000","buyTxId":"ea06a6d8f86027f9fbb48c18391be3240853c3e5","sellTxId":"16c33cf39161f185534d5b218ed98f2bf4534f40"}
{"index": {"_index":"sim","_id":"1350391"}}
	{"id":1350391,"type":"sell","buyer":"solovey6o2","seller":"simplegame","symbol":"SIM","quantity":"24.572","price":"0.00208001","timestamp":1628888151,"volume":"0.05111001","buyTxId":"ea06a6d8f86027f9fbb48c18391be3240853c3e5","sellTxId":"06f9a3a3df1dd9c69e71eae51a59436006a67ba1"}
{"index": {"_index":"sim","_id":"1350426"}}
	{"id":1350426,"type":"sell","buyer":"solovey6o2","seller":"deathwing","symbol":"SIM","quantity":"2027","price":"0.00208001","timestamp":1628888697,"volume":"4.21618027","buyTxId":"ea06a6d8f86027f9fbb48c18391be3240853c3e5","sellTxId":"865d7d3ff970b6498cb43d0f3a53b40a447258b8-0"}
{"index": {"_index":"sim","_id":"1350439"}}
	{"id":1350439,"type":"sell","buyer":"solovey6o2","seller":"megalithic","symbol":"SIM","quantity":"33870.000","price":"0.00208001","timestamp":1628888790,"volume":"70.44993870","buyTxId":"ea06a6d8f86027f9fbb48c18391be3240853c3e5","sellTxId":"26e122dba5a99cce924cb258cc551e1e88d7d93d"}
{"index": {"_index":"sim","_id":"1350457"}}
	{"id":1350457,"type":"sell","buyer":"solovey6o2","seller":"megalithic","symbol":"SIM","quantity":"11700.000","price":"0.00208001","timestamp":1628889153,"volume":"24.33611700","buyTxId":"ea06a6d8f86027f9fbb48c18391be3240853c3e5","sellTxId":"c24a5492d63c1a46b636b43972e356616f22ad0f"}
{"index": {"_index":"sim","_id":"1350470"}}
	{"id":1350470,"type":"sell","buyer":"solovey6o2","seller":"dera123","symbol":"SIM","quantity":"19690.667","price":"0.00208001","timestamp":1628889384,"volume":"40.95678427","buyTxId":"ea06a6d8f86027f9fbb48c18391be3240853c3e5","sellTxId":"3a10e204646edb82773708d56522dde6d766bb0e"}
{"index": {"_index":"sim","_id":"1350483"}}
	{"id":1350483,"type":"buy","buyer":"heikki1337","seller":"nftmart.fees","symbol":"SIM","quantity":"6.000","price":"0.00210995","timestamp":1628889771,"volume":"0.01265970","buyTxId":"eefa3dceeef86512c6b705055ae42cf91be805aa","sellTxId":"0e20a4b943f9a8277fedf493c60c18154131588d-0"}
{"index": {"_index":"sim","_id":"1350484"}}
	{"id":1350484,"type":"buy","buyer":"heikki1337","seller":"nftmart.fees","symbol":"SIM","quantity":"9.000","price":"0.00210996","timestamp":1628889771,"volume":"0.01898964","buyTxId":"eefa3dceeef86512c6b705055ae42cf91be805aa","sellTxId":"a536860122bed5778bb703e00e7cd21cf581b486-0"}
{"index": {"_index":"sim","_id":"1350485"}}
	{"id":1350485,"type":"buy","buyer":"heikki1337","seller":"nftmart.fees","symbol":"SIM","quantity":"7.000","price":"0.00210996","timestamp":1628889771,"volume":"0.01476972","buyTxId":"eefa3dceeef86512c6b705055ae42cf91be805aa","sellTxId":"03f0f19859a6ef7d157a11851f167b2b238abd68-0"}
{"index": {"_index":"sim","_id":"1350486"}}
	{"id":1350486,"type":"buy","buyer":"heikki1337","seller":"nftmart.fees","symbol":"SIM","quantity":"12.000","price":"0.00210997","timestamp":1628889771,"volume":"0.02531964","buyTxId":"eefa3dceeef86512c6b705055ae42cf91be805aa","sellTxId":"19cd9cd505f73f8fe6f1f844063c7f11d3a06e3f-0"}
{"index": {"_index":"sim","_id":"1350487"}}
	{"id":1350487,"type":"buy","buyer":"heikki1337","seller":"nftmart.fees","symbol":"SIM","quantity":"10.000","price":"0.00210997","timestamp":1628889771,"volume":"0.02109970","buyTxId":"eefa3dceeef86512c6b705055ae42cf91be805aa","sellTxId":"ce985d6f7b2cabf5f6ff26dd588d97c7c2e65b84-0"}
{"index": {"_index":"sim","_id":"1350488"}}
	{"id":1350488,"type":"buy","buyer":"heikki1337","seller":"nftmart.fees","symbol":"SIM","quantity":"15.000","price":"0.00210998","timestamp":1628889771,"volume":"0.03164970","buyTxId":"eefa3dceeef86512c6b705055ae42cf91be805aa","sellTxId":"6bee608b9fe32d708fc5a473f1e003cdc61bfa23-0"}
{"index": {"_index":"sim","_id":"1350489"}}
	{"id":1350489,"type":"buy","buyer":"heikki1337","seller":"nftmart.fees","symbol":"SIM","quantity":"14.000","price":"0.00210998","timestamp":1628889771,"volume":"0.02953972","buyTxId":"eefa3dceeef86512c6b705055ae42cf91be805aa","sellTxId":"83dd05d1ba97cd77e40fc8fac354bdbf7b6b0a0e-0"}
{"index": {"_index":"sim","_id":"1350490"}}
	{"id":1350490,"type":"buy","buyer":"heikki1337","seller":"master-lamps","symbol":"SIM","quantity":"1263.000","price":"0.00210999","timestamp":1628889771,"volume":"2.66491737","buyTxId":"eefa3dceeef86512c6b705055ae42cf91be805aa","sellTxId":"cd36c1674af5499e9808bc016aba770e478564a6"}
{"index": {"_index":"sim","_id":"1350491"}}
	{"id":1350491,"type":"buy","buyer":"heikki1337","seller":"nftmart.fees","symbol":"SIM","quantity":"11.000","price":"0.00210999","timestamp":1628889771,"volume":"0.02320989","buyTxId":"eefa3dceeef86512c6b705055ae42cf91be805aa","sellTxId":"559feb57c5e464f18ff529dc75d3d33428fe51b4-0"}
{"index": {"_index":"sim","_id":"1350492"}}
	{"id":1350492,"type":"buy","buyer":"heikki1337","seller":"onecent","symbol":"SIM","quantity":"1456.000","price":"0.00211000","timestamp":1628889771,"volume":"3.07216000","buyTxId":"eefa3dceeef86512c6b705055ae42cf91be805aa","sellTxId":"7f029dbfe4482b9d41b07a7762b2819acd442188"}
{"index": {"_index":"sim","_id":"1350493"}}
	{"id":1350493,"type":"buy","buyer":"heikki1337","seller":"nftmart.fees","symbol":"SIM","quantity":"20.000","price":"0.00211195","timestamp":1628889771,"volume":"0.04223900","buyTxId":"eefa3dceeef86512c6b705055ae42cf91be805aa","sellTxId":"35c06864a25b24872a1b4a0111ff6fa7670764bc-0"}
{"index": {"_index":"sim","_id":"1350494"}}
	{"id":1350494,"type":"buy","buyer":"heikki1337","seller":"nftmart.fees","symbol":"SIM","quantity":"20.000","price":"0.00211195","timestamp":1628889771,"volume":"0.04223900","buyTxId":"eefa3dceeef86512c6b705055ae42cf91be805aa","sellTxId":"6dcd9f3bed2e431769c33e58ee0a5ba39d621909-0"}
{"index": {"_index":"sim","_id":"1350495"}}
	{"id":1350495,"type":"buy","buyer":"heikki1337","seller":"nftmart.fees","symbol":"SIM","quantity":"20.000","price":"0.00211195","timestamp":1628889771,"volume":"0.04223900","buyTxId":"eefa3dceeef86512c6b705055ae42cf91be805aa","sellTxId":"73e26e25c96b8e5775e926567a19b76f5831815e-0"}
{"index": {"_index":"sim","_id":"1350496"}}
	{"id":1350496,"type":"buy","buyer":"heikki1337","seller":"nftmart.fees","symbol":"SIM","quantity":"17.000","price":"0.00211195","timestamp":1628889771,"volume":"0.03590315","buyTxId":"eefa3dceeef86512c6b705055ae42cf91be805aa","sellTxId":"b6c66d71c879f038afe2f0b47af221a2c42928cb-0"}
{"index": {"_index":"sim","_id":"1350497"}}
	{"id":1350497,"type":"buy","buyer":"heikki1337","seller":"nftmart.fees","symbol":"SIM","quantity":"14.000","price":"0.00211195","timestamp":1628889771,"volume":"0.02956730","buyTxId":"eefa3dceeef86512c6b705055ae42cf91be805aa","sellTxId":"b63aeff382a6c7a6220c861ab9a1e140e7b2bc16-0"}
{"index": {"_index":"sim","_id":"1350498"}}
	{"id":1350498,"type":"buy","buyer":"heikki1337","seller":"nftmart.fees","symbol":"SIM","quantity":"16.000","price":"0.00211195","timestamp":1628889771,"volume":"0.03379120","buyTxId":"eefa3dceeef86512c6b705055ae42cf91be805aa","sellTxId":"a5014ff4bf98389d344344fa2acf12a3517b97bc-0"}
{"index": {"_index":"sim","_id":"1350499"}}
	{"id":1350499,"type":"buy","buyer":"heikki1337","seller":"nftmart.fees","symbol":"SIM","quantity":"16.000","price":"0.00211195","timestamp":1628889771,"volume":"0.03379120","buyTxId":"eefa3dceeef86512c6b705055ae42cf91be805aa","sellTxId":"22d7744ca01bfdca728158c02fb437f4a4ff8a14-0"}
{"index": {"_index":"sim","_id":"1350500"}}
	{"id":1350500,"type":"buy","buyer":"heikki1337","seller":"medaymane","symbol":"SIM","quantity":"3304.800","price":"0.00211199","timestamp":1628889771,"volume":"6.97970455","buyTxId":"eefa3dceeef86512c6b705055ae42cf91be805aa","sellTxId":"fe490ad37551318b3e32ca800b424d3d0b477527"}
{"index": {"_index":"sim","_id":"1350501"}}
	{"id":1350501,"type":"buy","buyer":"heikki1337","seller":"accelerator","symbol":"SIM","quantity":"889.000","price":"0.00211200","timestamp":1628889771,"volume":"1.87756800","buyTxId":"eefa3dceeef86512c6b705055ae42cf91be805aa","sellTxId":"7313a3c07fc9e7ea0a46dcc6a11086bfcbe0c87d"}
{"index": {"_index":"sim","_id":"1350502"}}
	{"id":1350502,"type":"buy","buyer":"heikki1337","seller":"nastyforce","symbol":"SIM","quantity":"500.000","price":"0.00212000","timestamp":1628889771,"volume":"1.06000000","buyTxId":"eefa3dceeef86512c6b705055ae42cf91be805aa","sellTxId":"9668664d6bf07b7edce8facbd8755837dd232dc3"}
{"index": {"_index":"sim","_id":"1350503"}}
	{"id":1350503,"type":"buy","buyer":"heikki1337","seller":"nastyforce","symbol":"SIM","quantity":"3500.000","price":"0.00212000","timestamp":1628889771,"volume":"7.42000000","buyTxId":"eefa3dceeef86512c6b705055ae42cf91be805aa","sellTxId":"2518012d7777a1cce7fe103854555f7b9dc11d30"}
{"index": {"_index":"sim","_id":"1350504"}}
	{"id":1350504,"type":"buy","buyer":"heikki1337","seller":"accelerator","symbol":"SIM","quantity":"1226.000","price":"0.00212000","timestamp":1628889771,"volume":"2.59912000","buyTxId":"eefa3dceeef86512c6b705055ae42cf91be805aa","sellTxId":"3f9361b87710ef5dd96308e1658e690505b842d2"}
{"index": {"_index":"sim","_id":"1350505"}}
	{"id":1350505,"type":"buy","buyer":"heikki1337","seller":"holoferncro","symbol":"SIM","quantity":"6794.001","price":"0.00213000","timestamp":1628889771,"volume":"14.47122213","buyTxId":"eefa3dceeef86512c6b705055ae42cf91be805aa","sellTxId":"8ed30fa060f5b1e5108611963ef4fea0531e1375"}
{"index": {"_index":"sim","_id":"1350506"}}
	{"id":1350506,"type":"buy","buyer":"heikki1337","seller":"dhedge-drips","symbol":"SIM","quantity":"0.004","price":"0.00214999","timestamp":1628889771,"volume":"0.00000860","buyTxId":"eefa3dceeef86512c6b705055ae42cf91be805aa","sellTxId":"64876e02478b4daa9ae29f95c217d2e5b645cf27"}
{"index": {"_index":"sim","_id":"1350507"}}
	{"id":1350507,"type":"buy","buyer":"heikki1337","seller":"kaseldz","symbol":"SIM","quantity":"1154.000","price":"0.00215000","timestamp":1628889771,"volume":"2.48110000","buyTxId":"eefa3dceeef86512c6b705055ae42cf91be805aa","sellTxId":"d837ad7e9c459aa6c744226e3737d0da8de9c6b2"}
{"index": {"_index":"sim","_id":"1350508"}}
	{"id":1350508,"type":"buy","buyer":"heikki1337","seller":"rubymooney","symbol":"SIM","quantity":"3225.000","price":"0.00215000","timestamp":1628889771,"volume":"6.93375000","buyTxId":"eefa3dceeef86512c6b705055ae42cf91be805aa","sellTxId":"fcd7ea97ecad628b1a9e3d56b1ba2069fa1bbdf8"}
{"index": {"_index":"sim","_id":"1350509"}}
	{"id":1350509,"type":"buy","buyer":"heikki1337","seller":"mapac","symbol":"SIM","quantity":"1.597","price":"0.00215399","timestamp":1628889771,"volume":"0.00344179","buyTxId":"eefa3dceeef86512c6b705055ae42cf91be805aa","sellTxId":"17ea56cf86246541085cd27f827641cc574244b1"}
{"index": {"_index":"sim","_id":"1350519"}}
	{"id":1350519,"type":"sell","buyer":"solovey6o2","seller":"danewilliams","symbol":"SIM","quantity":"600.000","price":"0.00208001","timestamp":1628889894,"volume":"1.24800600","buyTxId":"ea06a6d8f86027f9fbb48c18391be3240853c3e5","sellTxId":"d1fd4384b5d8d5ce7bf36338057f0dd3db1fec63"}
{"index": {"_index":"sim","_id":"1350547"}}
	{"id":1350547,"type":"sell","buyer":"solovey6o2","seller":"dustindivitto","symbol":"SIM","quantity":"35912.000","price":"0.00208001","timestamp":1628890134,"volume":"74.69731912","buyTxId":"ea06a6d8f86027f9fbb48c18391be3240853c3e5","sellTxId":"9c1402c8a46bf1187551cfe1d8ce5032628a99fc"}
{"index": {"_index":"sim","_id":"1350606"}}
	{"id":1350606,"type":"sell","buyer":"solovey6o2","seller":"fantasycrypto","symbol":"SIM","quantity":"7550.000","price":"0.00208001","timestamp":1628890737,"volume":"15.70407550","buyTxId":"ea06a6d8f86027f9fbb48c18391be3240853c3e5","sellTxId":"825bbd40ba2709039f294292cc9afdc8e8c779d6"}
{"index": {"_index":"sim","_id":"1350618"}}
	{"id":1350618,"type":"sell","buyer":"solovey6o2","seller":"news-today","symbol":"SIM","quantity":"5450.000","price":"0.00208001","timestamp":1628890953,"volume":"11.33605450","buyTxId":"ea06a6d8f86027f9fbb48c18391be3240853c3e5","sellTxId":"e9b617236d10ab423bb4254b6ffee57557493af2"}
{"index": {"_index":"sim","_id":"1350725"}}
	{"id":1350725,"type":"sell","buyer":"solovey6o2","seller":"solarpowers","symbol":"SIM","quantity":"5517.000","price":"0.00208010","timestamp":1628892633,"volume":"11.47591170","buyTxId":"1061b2c830830aa04d43b11ad8410de4729745b6","sellTxId":"dcb6e0209c782c49bac64fba1007dabb28a2d17f"}
{"index": {"_index":"sim","_id":"1350732"}}
	{"id":1350732,"type":"sell","buyer":"solovey6o2","seller":"diegoloco","symbol":"SIM","quantity":"24.010","price":"0.00208010","timestamp":1628892810,"volume":"0.04994320","buyTxId":"1061b2c830830aa04d43b11ad8410de4729745b6","sellTxId":"31c1ee8216d19cafcea6187f1cc40b4844779daf"}
{"index": {"_index":"sim","_id":"1350843"}}
	{"id":1350843,"type":"sell","buyer":"nastyforce","seller":"steemstreems","symbol":"SIM","quantity":"2372","price":"0.00209000","timestamp":1628894001,"volume":"4.95748000","buyTxId":"dbc904626d9d22f8cbdfdd88b6bbdd91406380af","sellTxId":"7ba73c773c0406a5be71ac9f21bbce53ad94f735"}
{"index": {"_index":"sim","_id":"1350852"}}
	{"id":1350852,"type":"buy","buyer":"konvik","seller":"nastyforce","symbol":"SIM","quantity":"2500.000","price":"0.00210987","timestamp":1628894124,"volume":"5.27467500","buyTxId":"1a7b6fc2a301f563ac5a54a3f9e3f18df99779fe-0","sellTxId":"8634fbe2aeb2802baac852d43646c3fd2f8628de"}
{"index": {"_index":"sim","_id":"1350854"}}
	{"id":1350854,"type":"buy","buyer":"nastyforce","seller":"nftmart.fees","symbol":"SIM","quantity":"1.000","price":"0.00210988","timestamp":1628894172,"volume":"0.00210988","buyTxId":"5b8b84143928ec15555fd44752e383d1853a8155","sellTxId":"88324a4e2db9718af8746a22f6a3bed78de28dc8-0"}
{"index": {"_index":"sim","_id":"1350855"}}
	{"id":1350855,"type":"sell","buyer":"pi-trader","seller":"valor2s","symbol":"SIM","quantity":"34.000","price":"0.00209001","timestamp":1628894181,"volume":"0.07106034","buyTxId":"4a79de31762af5cd78ce5071cfe90365dd36e521","sellTxId":"0c07265468175f49b950b5062d659ad246de3640"}
{"index": {"_index":"sim","_id":"1350856"}}
	{"id":1350856,"type":"buy","buyer":"nastyforce","seller":"nftmart.fees","symbol":"SIM","quantity":"1.000","price":"0.00210989","timestamp":1628894199,"volume":"0.00210989","buyTxId":"d65b879d1697636670ba89476c925bd6e5fb4b52","sellTxId":"add9b45ca36011b920431a7974ff23205c3cd0ad-0"}
{"index": {"_index":"sim","_id":"1350858"}}
	{"id":1350858,"type":"buy","buyer":"nastyforce","seller":"nftmart.fees","symbol":"SIM","quantity":"1.000","price":"0.00210990","timestamp":1628894223,"volume":"0.00210990","buyTxId":"e5fede0b18de46f95bef2bc891f255a5f4a85752","sellTxId":"07562778432549e224b67eb50a9783a67ece771c-0"}
{"index": {"_index":"sim","_id":"1350859"}}
	{"id":1350859,"type":"buy","buyer":"nastyforce","seller":"nftmart.fees","symbol":"SIM","quantity":"2.000","price":"0.00210991","timestamp":1628894250,"volume":"0.00421982","buyTxId":"c51b11fb00396242cdae3cc4f2e2ff99370833d5","sellTxId":"d7d6f695e1637835228fe43845529203e435e52a-0"}
{"index": {"_index":"sim","_id":"1350860"}}
	{"id":1350860,"type":"buy","buyer":"nastyforce","seller":"nftmart.fees","symbol":"SIM","quantity":"2.000","price":"0.00210991","timestamp":1628894280,"volume":"0.00421982","buyTxId":"c3bf6c02c21e75f38f91c648efb758e5713b9a5b","sellTxId":"4792c52f7f85101836a61eec76ebd825f1ccdf17-0"}
{"index": {"_index":"sim","_id":"1350865"}}
	{"id":1350865,"type":"buy","buyer":"nastyforce","seller":"nftmart.fees","symbol":"SIM","quantity":"2.000","price":"0.00210992","timestamp":1628894337,"volume":"0.00421984","buyTxId":"ea1017f51a415feea9b8efa6590cdca2b7b2cda1","sellTxId":"de86eeaf8a18226481123c8500294428da240f9d-0"}
{"index": {"_index":"sim","_id":"1350869"}}
	{"id":1350869,"type":"sell","buyer":"jelly-cz","seller":"nrg","symbol":"SIM","quantity":"46189.816","price":"0.00210003","timestamp":1628894385,"volume":"96.99999929","buyTxId":"MM-P-9525886-56508795-3-34-0","sellTxId":"37b8acd2b72a75a1b989d6faf99292f1830c850a"}
{"index": {"_index":"sim","_id":"1350870"}}
	{"id":1350870,"type":"sell","buyer":"pi-trader","seller":"nrg","symbol":"SIM","quantity":"2000.000","price":"0.00210001","timestamp":1628894385,"volume":"4.20002000","buyTxId":"33ce2dff7164851112b23a5196992c65830e5a51-1","sellTxId":"37b8acd2b72a75a1b989d6faf99292f1830c850a"}
{"index": {"_index":"sim","_id":"1350871"}}
	{"id":1350871,"type":"sell","buyer":"solovey6o2","seller":"nrg","symbol":"SIM","quantity":"53351.184","price":"0.00210001","timestamp":1628894385,"volume":"112.03801991","buyTxId":"cb5bc2c4ec038d7153dcc4de858103dcc810aa2d","sellTxId":"37b8acd2b72a75a1b989d6faf99292f1830c850a"}
{"index": {"_index":"sim","_id":"1350874"}}
	{"id":1350874,"type":"buy","buyer":"nastyforce","seller":"nftmart.fees","symbol":"SIM","quantity":"3.000","price":"0.00210993","timestamp":1628894442,"volume":"0.00632979","buyTxId":"cde22055cdb5fa39dddd89bce6b4c0683a41af8d","sellTxId":"fe73ee53a9707f1a102e4fe6fa832280602716db-0"}
{"index": {"_index":"sim","_id":"1350876"}}
	{"id":1350876,"type":"buy","buyer":"nastyforce","seller":"nftmart.fees","symbol":"SIM","quantity":"3.000","price":"0.00210993","timestamp":1628894487,"volume":"0.00632979","buyTxId":"7d8f55a0ecb52d937d739bf239338a1a8bd9b440","sellTxId":"99f887d207766d3c967d56ce31f6a99d58f211e5-0"}
{"index": {"_index":"sim","_id":"1350877"}}
	{"id":1350877,"type":"buy","buyer":"nastyforce","seller":"nftmart.fees","symbol":"SIM","quantity":"4.000","price":"0.00210994","timestamp":1628894541,"volume":"0.00843976","buyTxId":"fa22dbb11d33f03da77d3f94f6c147fa081d6da9","sellTxId":"f9b37fb9b9b4d8a83fc09cf67a426e2e9ca020c9-0"}
{"index": {"_index":"sim","_id":"1350883"}}
	{"id":1350883,"type":"buy","buyer":"nastyforce","seller":"nftmart.fees","symbol":"SIM","quantity":"4.000","price":"0.00210994","timestamp":1628894688,"volume":"0.00843976","buyTxId":"c2b5ad11f6a05aa61b4e16643fc07f49a1f86069","sellTxId":"a05c51556bfb7272b3206a0b600e7847bbf82102-0"}
{"index": {"_index":"sim","_id":"1350889"}}
