{"index": {"_index":"sim","_id":"1190404"}}
	{"id":1190404,"type":"sell","buyer":"solovey6o2","seller":"rishi556","symbol":"SIM","quantity":"385.149","price":"0.00107129","timestamp":1625280306,"volume":"0.41260627","buyTxId":"ac5844c1d26db38d07dec6531730f7ab798ff4cf","sellTxId":"bcfaf128fa68bf4a33ea6e0124fd30fc4b64735f"}
{"index": {"_index":"sim","_id":"1190431"}}
	{"id":1190431,"type":"sell","buyer":"solovey6o2","seller":"rishi556","symbol":"SIM","quantity":"1920.000","price":"0.00107132","timestamp":1625280624,"volume":"2.05693440","buyTxId":"13a1fde39b0069b9d33cd23910f400acbc5ea49d","sellTxId":"bdd95524d40f717f6ba476f703a965dd53f8646c"}
{"index": {"_index":"sim","_id":"1190446"}}
	{"id":1190446,"type":"sell","buyer":"jelly-cz","seller":"tsnaks","symbol":"SIM","quantity":"2031.024","price":"0.00107137","timestamp":1625281170,"volume":"2.17597818","buyTxId":"MM-P-8329497-55308354-3-25-0","sellTxId":"404a079a7760c4a80440195ba1afc9b3603b5881"}
{"index": {"_index":"sim","_id":"1190505"}}
	{"id":1190505,"type":"sell","buyer":"jelly-cz","seller":"thegoliath","symbol":"SIM","quantity":"10000.000","price":"0.00107137","timestamp":1625282340,"volume":"10.71370000","buyTxId":"MM-P-8329497-55308354-3-25-0","sellTxId":"10c4fe15b855216f7202a15f98de449eae4c6dfd"}
{"index": {"_index":"sim","_id":"1190591"}}
	{"id":1190591,"type":"sell","buyer":"jelly-cz","seller":"steemmonsterking","symbol":"SIM","quantity":"1406.000","price":"0.00107137","timestamp":1625283774,"volume":"1.50634622","buyTxId":"MM-P-8329497-55308354-3-25-0","sellTxId":"c1b32d0b332cad379cb3325f83a70f05d6c521a6"}
{"index": {"_index":"sim","_id":"1190730"}}
	{"id":1190730,"type":"buy","buyer":"metzli","seller":"freebornsociety","symbol":"SIM","quantity":"3500.000","price":"0.00109654","timestamp":1625285520,"volume":"3.83789000","buyTxId":"c9c1e4bd3b680a29bc739a33ed4b44ba46a8a309","sellTxId":"MM-P-8330725-55309584-3-4-0"}
{"index": {"_index":"sim","_id":"1190739"}}
	{"id":1190739,"type":"sell","buyer":"jelly-cz","seller":"thatcryptodave","symbol":"SIM","quantity":"666.414","price":"0.00107150","timestamp":1625285970,"volume":"0.71406260","buyTxId":"MM-P-8330988-55309847-3-25-0","sellTxId":"7c4f412ca55f2fcb1c1628ab98c5cc611ec1f8cf"}
{"index": {"_index":"sim","_id":"1190759"}}
	{"id":1190759,"type":"sell","buyer":"jelly-cz","seller":"nrg","symbol":"SIM","quantity":"75996.000","price":"0.00107150","timestamp":1625286546,"volume":"81.42971400","buyTxId":"MM-P-8330988-55309847-3-25-0","sellTxId":"1507c0e49daf8d47de10c4d73567aa0a3728ed25"}
{"index": {"_index":"sim","_id":"1190813"}}
	{"id":1190813,"type":"sell","buyer":"jelly-cz","seller":"jywahaha","symbol":"SIM","quantity":"47369.000","price":"0.00107153","timestamp":1625287635,"volume":"50.75730457","buyTxId":"MM-P-8331483-55310343-3-25-0","sellTxId":"fcf58c88a0b81ac5b68b955998eb0f7af0ccfab4"}
{"index": {"_index":"sim","_id":"1190850"}}
	{"id":1190850,"type":"sell","buyer":"freebornsociety","seller":"loganhate","symbol":"SIM","quantity":"252.000","price":"0.00107175","timestamp":1625288850,"volume":"0.27008100","buyTxId":"MM-P-8332111-55310973-3-4-0","sellTxId":"1ea6bc182e15e4b4226a03944e190c672e62ca90"}
{"index": {"_index":"sim","_id":"1190872"}}
	{"id":1190872,"type":"sell","buyer":"jelly-cz","seller":"fantasycrypto","symbol":"SIM","quantity":"26900.650","price":"0.00107189","timestamp":1625289381,"volume":"28.83453773","buyTxId":"MM-P-8332276-55311138-3-25-0","sellTxId":"85e5b5390de7f6536bff1a9439ce1458127d6337"}
{"index": {"_index":"sim","_id":"1190899"}}
	{"id":1190899,"type":"sell","buyer":"freebornsociety","seller":"nftmart.fees","symbol":"SIM","quantity":"582.558","price":"0.00107223","timestamp":1625290059,"volume":"0.62463616","buyTxId":"MM-P-8332510-55311372-3-4-0","sellTxId":"c0044fc126acb37725e635619cd93602424a8959"}
{"index": {"_index":"sim","_id":"1190935"}}
	{"id":1190935,"type":"sell","buyer":"jelly-cz","seller":"manoldonchev","symbol":"SIM","quantity":"44000.000","price":"0.00107237","timestamp":1625290554,"volume":"47.18428000","buyTxId":"MM-P-8332675-55311537-3-25-0","sellTxId":"779365ed5f1d7ce0cf59e914fb1f266ffb3644ff"}
{"index": {"_index":"sim","_id":"1190949"}}
	{"id":1190949,"type":"sell","buyer":"freebornsociety","seller":"taitux","symbol":"SIM","quantity":"2650.000","price":"0.00107247","timestamp":1625290752,"volume":"2.84204550","buyTxId":"MM-P-8332709-55311571-3-4-0","sellTxId":"e341ee2861dcc9f236c3ccddcd3ffb390646b2e4"}
{"index": {"_index":"sim","_id":"1190965"}}
	{"id":1190965,"type":"sell","buyer":"solovey6o2","seller":"linco","symbol":"SIM","quantity":"5636.070","price":"0.00107286","timestamp":1625291616,"volume":"6.04671406","buyTxId":"7705458ddf4df712aab82cfe8bd5592d066bae74","sellTxId":"dbf521bb57550fc7c08526aaebb9c7260cd7e60f"}
{"index": {"_index":"sim","_id":"1191011"}}
	{"id":1191011,"type":"sell","buyer":"solovey6o2","seller":"imperij4427","symbol":"SIM","quantity":"25643.000","price":"0.00107356","timestamp":1625293227,"volume":"27.52929908","buyTxId":"b3c596ca62c7951a370fe4ab8b6fe6518da1affb","sellTxId":"cf2da805b7fe27d666ec505fdd7864bc5848ba1f"}
{"index": {"_index":"sim","_id":"1191013"}}
	{"id":1191013,"type":"buy","buyer":"zelensky","seller":"freebornsociety","symbol":"SIM","quantity":"85.236","price":"0.00109543","timestamp":1625293233,"volume":"0.09337007","buyTxId":"9a81432f2f2285bc42cd1e6852324740c2c16ea7","sellTxId":"MM-P-8333503-55312365-3-4-1"}
{"index": {"_index":"sim","_id":"1191045"}}
	{"id":1191045,"type":"sell","buyer":"freebornsociety","seller":"konvik","symbol":"SIM","quantity":"23440.597","price":"0.00107421","timestamp":1625294556,"volume":"25.18012370","buyTxId":"MM-P-8334002-55312864-3-4-0","sellTxId":"b595df540daa8960b107c35e34646a6a4ff7bd93-1"}
{"index": {"_index":"sim","_id":"1191061"}}
	{"id":1191061,"type":"sell","buyer":"jelly-cz","seller":"brofi-market","symbol":"SIM","quantity":"0.001","price":"0.00107447","timestamp":1625295408,"volume":"0.00000107","buyTxId":"MM-P-8334265-55313127-3-25-0","sellTxId":"04200716fc1e769c38577944f9e66d468d3ea6f2"}
{"index": {"_index":"sim","_id":"1191083"}}
	{"id":1191083,"type":"sell","buyer":"freebornsociety","seller":"juanvegetarian","symbol":"SIM","quantity":"1465.000","price":"0.00107469","timestamp":1625295888,"volume":"1.57442085","buyTxId":"MM-P-8334398-55313260-3-4-0","sellTxId":"ba8e7ac9c687476dcc52f2b0f3091fde14cbd228"}
{"index": {"_index":"sim","_id":"1191108"}}
	{"id":1191108,"type":"sell","buyer":"freebornsociety","seller":"travelgirl","symbol":"SIM","quantity":"10808.004","price":"0.00107505","timestamp":1625296656,"volume":"11.61914470","buyTxId":"MM-P-8334692-55313556-3-4-0","sellTxId":"418def6c76fd81598ca902b411220b1775b8bb32"}
{"index": {"_index":"sim","_id":"1191162"}}
	{"id":1191162,"type":"sell","buyer":"freebornsociety","seller":"manoldonchev","symbol":"SIM","quantity":"41688.000","price":"0.00107577","timestamp":1625298477,"volume":"44.84669976","buyTxId":"MM-P-8335290-55314154-3-4-0","sellTxId":"dfe3fbc9562c3274ba45aaa48516921686869dd7"}
{"index": {"_index":"sim","_id":"1191196"}}
	{"id":1191196,"type":"sell","buyer":"freebornsociety","seller":"bhoa","symbol":"SIM","quantity":"4790.336","price":"0.00107577","timestamp":1625299815,"volume":"5.15329976","buyTxId":"MM-P-8335290-55314154-3-4-0","sellTxId":"15c916c0aa99c3ad167b286dc85c28ff038c9c04"}
{"index": {"_index":"sim","_id":"1191197"}}
	{"id":1191197,"type":"sell","buyer":"jelly-cz","seller":"bhoa","symbol":"SIM","quantity":"82739.130","price":"0.00107567","timestamp":1625299815,"volume":"88.99999997","buyTxId":"MM-P-8335258-55314122-3-25-0","sellTxId":"15c916c0aa99c3ad167b286dc85c28ff038c9c04"}
{"index": {"_index":"sim","_id":"1191198"}}
	{"id":1191198,"type":"sell","buyer":"solovey6o2","seller":"bhoa","symbol":"SIM","quantity":"5760.880","price":"0.00107152","timestamp":1625299815,"volume":"6.17289814","buyTxId":"355f8b752b263ff6ddfe7bd704db44b2c83589a6","sellTxId":"15c916c0aa99c3ad167b286dc85c28ff038c9c04"}
{"index": {"_index":"sim","_id":"1191199"}}
	{"id":1191199,"type":"sell","buyer":"solovey6o2","seller":"bhoa","symbol":"SIM","quantity":"11647.338","price":"0.00107152","timestamp":1625299815,"volume":"12.48035561","buyTxId":"fe564d29861bc2cd0441a9c078db19da169f77eb","sellTxId":"15c916c0aa99c3ad167b286dc85c28ff038c9c04"}
{"index": {"_index":"sim","_id":"1191200"}}
	{"id":1191200,"type":"sell","buyer":"solovey6o2","seller":"bhoa","symbol":"SIM","quantity":"6309.986","price":"0.00107152","timestamp":1625299815,"volume":"6.76127620","buyTxId":"ea073be7cbc5af9f218bb84086033d08b64fd7dd","sellTxId":"15c916c0aa99c3ad167b286dc85c28ff038c9c04"}
{"index": {"_index":"sim","_id":"1191201"}}
	{"id":1191201,"type":"sell","buyer":"pinkfloyd878","seller":"bhoa","symbol":"SIM","quantity":"15000.000","price":"0.00107151","timestamp":1625299815,"volume":"16.07265000","buyTxId":"8c447111150f6ccf644429257d6c7895309b0367","sellTxId":"15c916c0aa99c3ad167b286dc85c28ff038c9c04"}
{"index": {"_index":"sim","_id":"1191202"}}
	{"id":1191202,"type":"sell","buyer":"pinkfloyd878","seller":"bhoa","symbol":"SIM","quantity":"20000.000","price":"0.00107116","timestamp":1625299815,"volume":"21.42320000","buyTxId":"b2b078cad447db34972e40e36e44d10bc8f5892a","sellTxId":"15c916c0aa99c3ad167b286dc85c28ff038c9c04"}
{"index": {"_index":"sim","_id":"1191203"}}
	{"id":1191203,"type":"sell","buyer":"dcityfund","seller":"bhoa","symbol":"SIM","quantity":"22611.675","price":"0.00106600","timestamp":1625299815,"volume":"24.10404555","buyTxId":"1961c8134fc4bcc1ea0dd92f0f556b53ac767614","sellTxId":"15c916c0aa99c3ad167b286dc85c28ff038c9c04"}
{"index": {"_index":"sim","_id":"1191207"}}
	{"id":1191207,"type":"sell","buyer":"jelly-cz","seller":"muenchen","symbol":"SIM","quantity":"16579.000","price":"0.00106602","timestamp":1625299908,"volume":"17.67354558","buyTxId":"MM-P-8335751-55314616-3-25-0","sellTxId":"a75ff8da8766744765980cf1850666cdb4488f01"}
{"index": {"_index":"sim","_id":"1191239"}}
	{"id":1191239,"type":"sell","buyer":"jelly-cz","seller":"thegoliath","symbol":"SIM","quantity":"83485.765","price":"0.00106605","timestamp":1625301678,"volume":"88.99999978","buyTxId":"MM-P-8336050-55314915-3-25-0","sellTxId":"4f111a2b2683fb80e4e14f8ba45a0181ef503c9f"}
{"index": {"_index":"sim","_id":"1191240"}}
	{"id":1191240,"type":"sell","buyer":"pinkfloyd878","seller":"thegoliath","symbol":"SIM","quantity":"5175.364","price":"0.00106603","timestamp":1625301678,"volume":"5.51709328","buyTxId":"f337bf95998df56f5a88d1b684c5993de038c129","sellTxId":"4f111a2b2683fb80e4e14f8ba45a0181ef503c9f"}
{"index": {"_index":"sim","_id":"1191246"}}
	{"id":1191246,"type":"sell","buyer":"minerthreat","seller":"konvik","symbol":"SIM","quantity":"9106.413","price":"0.00109000","timestamp":1625301873,"volume":"9.92599017","buyTxId":"9b3405bd4c69fa8fd69a33cff152135c6540a5cb","sellTxId":"5889a8a8bbcf4a174dd438cc9d817ebba6161ad9-1"}
{"index": {"_index":"sim","_id":"1191251"}}
	{"id":1191251,"type":"sell","buyer":"minerthreat","seller":"balte","symbol":"SIM","quantity":"9.025","price":"0.00109000","timestamp":1625302197,"volume":"0.00983725","buyTxId":"9b3405bd4c69fa8fd69a33cff152135c6540a5cb","sellTxId":"2c269587c89c48be1c2f943595703a921781221d"}
{"index": {"_index":"sim","_id":"1191252"}}
	{"id":1191252,"type":"buy","buyer":"konvik","seller":"balte","symbol":"SIM","quantity":"26224.975","price":"0.00107000","timestamp":1625302200,"volume":"28.06072325","buyTxId":"be4e86607d5b27e892112109d23e66c100081c46-0","sellTxId":"2c269587c89c48be1c2f943595703a921781221d"}
{"index": {"_index":"sim","_id":"1191264"}}
	{"id":1191264,"type":"buy","buyer":"zelensky","seller":"solovey6o2","symbol":"SIM","quantity":"38000.136","price":"0.00109374","timestamp":1625302737,"volume":"41.56226875","buyTxId":"bcaa2471ea3c1fe404a88fb75a889ffcca4c9918","sellTxId":"7a413f1842f910d581c541145a138c0339a7135e"}
{"index": {"_index":"sim","_id":"1191277"}}
	{"id":1191277,"type":"sell","buyer":"solovey6o2","seller":"heyantomei","symbol":"SIM","quantity":"194.020","price":"0.00106606","timestamp":1625303064,"volume":"0.20683696","buyTxId":"86f727b0383ed046585d6905549b0cf5593150c1","sellTxId":"2306ed048d0c56f04c14e63a127896e88a5eb1d7"}
{"index": {"_index":"sim","_id":"1191281"}}
	{"id":1191281,"type":"buy","buyer":"cryptoaeneas","seller":"solovey6o2","symbol":"SIM","quantity":"11000.513","price":"0.00109352","timestamp":1625303289,"volume":"12.02928098","buyTxId":"6509d841f33bb1957a3c45d31ce828cde285ef23","sellTxId":"1bbd7eb215b5c7b668f7483a116e3e889b542f15"}
{"index": {"_index":"sim","_id":"1191330"}}
	{"id":1191330,"type":"sell","buyer":"solovey6o2","seller":"manoldonchev","symbol":"SIM","quantity":"22183.000","price":"0.00106647","timestamp":1625306916,"volume":"23.65750401","buyTxId":"64491f66e19000078a3468dc7072b1ab870a0b8e","sellTxId":"74dfa1d45db3aa0918a2033c3763d40f26b69694"}
{"index": {"_index":"sim","_id":"1191386"}}
	{"id":1191386,"type":"sell","buyer":"jelly-cz","seller":"shaktidas2020","symbol":"SIM","quantity":"83403.617","price":"0.00106710","timestamp":1625310621,"volume":"88.99999970","buyTxId":"MM-P-8338721-55317595-3-25-0","sellTxId":"c103b8cf7817f0340db8072834165a959d5464f1"}
{"index": {"_index":"sim","_id":"1191387"}}
	{"id":1191387,"type":"sell","buyer":"pinkfloyd878","seller":"shaktidas2020","symbol":"SIM","quantity":"1508.333","price":"0.00106643","timestamp":1625310621,"volume":"1.60853156","buyTxId":"f4124d538568998e3919b7f34296878016faec07","sellTxId":"c103b8cf7817f0340db8072834165a959d5464f1"}
{"index": {"_index":"sim","_id":"1191396"}}
	{"id":1191396,"type":"sell","buyer":"jelly-cz","seller":"andy4475","symbol":"SIM","quantity":"50.241","price":"0.00106645","timestamp":1625310978,"volume":"0.05357951","buyTxId":"MM-P-8339315-55318190-3-25-0","sellTxId":"e82220626e36274fe95d76a8a4416adbae193b78"}
{"index": {"_index":"sim","_id":"1191400"}}
	{"id":1191400,"type":"sell","buyer":"jelly-cz","seller":"tonytrillions","symbol":"SIM","quantity":"0.085","price":"0.00106645","timestamp":1625311062,"volume":"0.00009065","buyTxId":"MM-P-8339315-55318190-3-25-0","sellTxId":"9f41362c1c04d07903014df2e7d8d642503cec88"}
{"index": {"_index":"sim","_id":"1191404"}}
	{"id":1191404,"type":"sell","buyer":"jelly-cz","seller":"anosys","symbol":"SIM","quantity":"31.019","price":"0.00106645","timestamp":1625311257,"volume":"0.03308021","buyTxId":"MM-P-8339315-55318190-3-25-0","sellTxId":"2fdbf60733814d5c97d2e6e42faaa329eb16573f"}
{"index": {"_index":"sim","_id":"1191405"}}
	{"id":1191405,"type":"sell","buyer":"jelly-cz","seller":"worldfinances","symbol":"SIM","quantity":"1817.466","price":"0.00106645","timestamp":1625311290,"volume":"1.93823662","buyTxId":"MM-P-8339315-55318190-3-25-0","sellTxId":"a73944e6d3d61a8661e47175b40458ef05982bda"}
{"index": {"_index":"sim","_id":"1191505"}}
	{"id":1191505,"type":"sell","buyer":"jelly-cz","seller":"fmbs25","symbol":"SIM","quantity":"5100.286","price":"0.00106902","timestamp":1625316543,"volume":"5.45230774","buyTxId":"MM-P-8339812-55318687-3-25-0","sellTxId":"ca5e5f85b3aea8e30fd6e35c0199c2035c09d837"}
{"index": {"_index":"sim","_id":"1191668"}}
	{"id":1191668,"type":"sell","buyer":"jelly-cz","seller":"iamalivechalleng","symbol":"SIM","quantity":"0.012","price":"0.00106902","timestamp":1625322294,"volume":"0.00001283","buyTxId":"MM-P-8339812-55318687-3-25-0","sellTxId":"c2bb0445b0e3a1eede55d2a2096ebbdbf8ea66d7"}
{"index": {"_index":"sim","_id":"1191731"}}
	{"id":1191731,"type":"sell","buyer":"jelly-cz","seller":"finguru","symbol":"SIM","quantity":"174.550","price":"0.00106902","timestamp":1625323233,"volume":"0.18659744","buyTxId":"MM-P-8339812-55318687-3-25-0","sellTxId":"79965c8eee9e024cfc92ebca7f82470bf5d26235"}
{"index": {"_index":"sim","_id":"1191762"}}
	{"id":1191762,"type":"buy","buyer":"dbooster","seller":"freebornsociety","symbol":"SIM","quantity":"2691.998","price":"0.00108301","timestamp":1625324451,"volume":"2.91546075","buyTxId":"5fe5862b993842c3c41f55e788e2af6b82e722d6","sellTxId":"MM-P-8343816-55322694-3-4-0"}
{"index": {"_index":"sim","_id":"1191914"}}
	{"id":1191914,"type":"sell","buyer":"jelly-cz","seller":"ahmadmanga","symbol":"SIM","quantity":"20036.163","price":"0.00106902","timestamp":1625329353,"volume":"21.41905897","buyTxId":"MM-P-8339812-55318687-3-25-0","sellTxId":"d18bfc320c5bdea5c3819dc207099ebd40e1b59b"}
{"index": {"_index":"sim","_id":"1191993"}}
	{"id":1191993,"type":"sell","buyer":"jelly-cz","seller":"automaton","symbol":"SIM","quantity":"8500.000","price":"0.00106902","timestamp":1625333436,"volume":"9.08667000","buyTxId":"MM-P-8339812-55318687-3-25-0","sellTxId":"9fff103cbb8bdce3ec0482a90bc72543de8b4960"}
{"index": {"_index":"sim","_id":"1192028"}}
	{"id":1192028,"type":"buy","buyer":"pinkfloyd878","seller":"freebornsociety","symbol":"SIM","quantity":"75000.000","price":"0.00106945","timestamp":1625334381,"volume":"80.20875000","buyTxId":"6b9d6e98db679ff637623d7e396fcac06dc67dfa","sellTxId":"MM-P-8346994-55325874-3-4-0"}
{"index": {"_index":"sim","_id":"1192030"}}
	{"id":1192030,"type":"buy","buyer":"pinkfloyd878","seller":"nftmart.fees","symbol":"SIM","quantity":"10.000","price":"0.00106955","timestamp":1625334408,"volume":"0.01069550","buyTxId":"0da89c14534cdc1874f095e4e90766037b1cdea2","sellTxId":"ebf11598c2542c52d7cfa103805eb7a1412363df-0"}
{"index": {"_index":"sim","_id":"1192032"}}
	{"id":1192032,"type":"buy","buyer":"pinkfloyd878","seller":"jimre1","symbol":"SIM","quantity":"1000.000","price":"0.00107000","timestamp":1625334441,"volume":"1.07000000","buyTxId":"457288149685390b45e156613a5d53fee118866a","sellTxId":"1e5c41e0cf91aa551b60a236b1c4c430ab29d538"}
{"index": {"_index":"sim","_id":"1192039"}}
	{"id":1192039,"type":"sell","buyer":"jelly-cz","seller":"reddragonfly","symbol":"SIM","quantity":"2.584","price":"0.00106904","timestamp":1625334858,"volume":"0.00276240","buyTxId":"MM-P-8347257-55326137-3-25-0","sellTxId":"cfbf54f19b888b8fd7a7d09a78f0f2ddcef605d6"}
{"index": {"_index":"sim","_id":"1192044"}}
	{"id":1192044,"type":"sell","buyer":"freebornsociety","seller":"imhunterrb","symbol":"SIM","quantity":"410.000","price":"0.00106914","timestamp":1625335233,"volume":"0.43834740","buyTxId":"MM-P-8347392-55326272-3-4-0","sellTxId":"b1bbbf40da462f039f755d6caefeb667d983b5c8"}
{"index": {"_index":"sim","_id":"1192079"}}
	{"id":1192079,"type":"sell","buyer":"freebornsociety","seller":"trumpman","symbol":"SIM","quantity":"2063.828","price":"0.00106926","timestamp":1625336283,"volume":"2.20676873","buyTxId":"MM-P-8347787-55326668-3-4-0","sellTxId":"40bf4c4b303c4c74ee9c0d10fb2952e5f548f086"}
{"index": {"_index":"sim","_id":"1192137"}}
	{"id":1192137,"type":"buy","buyer":"soteyapanbot","seller":"freebornsociety","symbol":"SIM","quantity":"7309.000","price":"0.00108367","timestamp":1625337516,"volume":"7.92054403","buyTxId":"328bfced4f652873ccf8edb0e8bc364034e48940","sellTxId":"MM-P-8348185-55327067-3-4-1"}
{"index": {"_index":"sim","_id":"1192143"}}
	{"id":1192143,"type":"sell","buyer":"pinkfloyd878","seller":"willsaldeno","symbol":"SIM","quantity":"2516.100","price":"0.00106915","timestamp":1625337840,"volume":"2.69008832","buyTxId":"0936f114388af7f85aaf5b94ff7bf98aff9971b0","sellTxId":"12a6e03139cd9e4fc892081f311ed50a44727d75"}
{"index": {"_index":"sim","_id":"1192162"}}
	{"id":1192162,"type":"sell","buyer":"pinkfloyd878","seller":"jrcornel","symbol":"SIM","quantity":"733.900","price":"0.00106915","timestamp":1625338278,"volume":"0.78464918","buyTxId":"0936f114388af7f85aaf5b94ff7bf98aff9971b0","sellTxId":"6a32743821887af144bd1983b4ae6cd26208327b"}
{"index": {"_index":"sim","_id":"1192178"}}
	{"id":1192178,"type":"sell","buyer":"jelly-cz","seller":"florian-glechner","symbol":"SIM","quantity":"71.000","price":"0.00106904","timestamp":1625338347,"volume":"0.07590184","buyTxId":"MM-P-8347950-55326832-3-25-0","sellTxId":"f76463bcf185521160b806d88a8dc0ec5402f9b0"}
{"index": {"_index":"sim","_id":"1192191"}}
	{"id":1192191,"type":"sell","buyer":"jelly-cz","seller":"morzex","symbol":"SIM","quantity":"1138.665","price":"0.00106904","timestamp":1625339151,"volume":"1.21727843","buyTxId":"MM-P-8347950-55326832-3-25-0","sellTxId":"3ea5d28b4ca2a6a549b5d90e7d659c4da63860c0"}
{"index": {"_index":"sim","_id":"1192192"}}
	{"id":1192192,"type":"sell","buyer":"pinkfloyd878","seller":"morzex","symbol":"SIM","quantity":"905.935","price":"0.00106902","timestamp":1625339151,"volume":"0.96846263","buyTxId":"9b373519e355d1c183497859382ff13aa69035c1","sellTxId":"3ea5d28b4ca2a6a549b5d90e7d659c4da63860c0"}
{"index": {"_index":"sim","_id":"1192197"}}
	{"id":1192197,"type":"sell","buyer":"pinkfloyd878","seller":"ecuaminte","symbol":"SIM","quantity":"94.000","price":"0.00106902","timestamp":1625339712,"volume":"0.10048788","buyTxId":"9b373519e355d1c183497859382ff13aa69035c1","sellTxId":"ec2e6af7b6fc4dbe6c569fa8b135e7b8306456f5"}
{"index": {"_index":"sim","_id":"1192211"}}
	{"id":1192211,"type":"sell","buyer":"pinkfloyd878","seller":"thesimguru","symbol":"SIM","quantity":"7725.380","price":"0.00106902","timestamp":1625339997,"volume":"8.25858573","buyTxId":"9b373519e355d1c183497859382ff13aa69035c1","sellTxId":"465d736ffe17e73d2c99fff8322e794f43797ed6"}
{"index": {"_index":"sim","_id":"1192217"}}
	{"id":1192217,"type":"sell","buyer":"pinkfloyd878","seller":"fantasycrypto","symbol":"SIM","quantity":"26957.000","price":"0.00106902","timestamp":1625340090,"volume":"28.81757214","buyTxId":"9b373519e355d1c183497859382ff13aa69035c1","sellTxId":"e351685ded32927bf86c311531005428ee1d9791"}
{"index": {"_index":"sim","_id":"1192222"}}
	{"id":1192222,"type":"sell","buyer":"pinkfloyd878","seller":"winebank","symbol":"SIM","quantity":"4439.000","price":"0.00106902","timestamp":1625340135,"volume":"4.74537978","buyTxId":"9b373519e355d1c183497859382ff13aa69035c1","sellTxId":"d841d326e3775ed0c01222c165bdfc95d7221414"}
{"index": {"_index":"sim","_id":"1192236"}}
	{"id":1192236,"type":"sell","buyer":"pinkfloyd878","seller":"dcityfund","symbol":"SIM","quantity":"4878.685","price":"0.00106902","timestamp":1625340861,"volume":"5.21541184","buyTxId":"9b373519e355d1c183497859382ff13aa69035c1","sellTxId":"2f9290e29d0d5be0324d3fc0b94dac7ab239c57a"}
{"index": {"_index":"sim","_id":"1192237"}}
	{"id":1192237,"type":"sell","buyer":"dcityfund","seller":"dcityfund","symbol":"SIM","quantity":"2995.831","price":"0.00106900","timestamp":1625340861,"volume":"3.20254334","buyTxId":"ad40c7fc6e0bd4b36877878d053af0bdcb70531d","sellTxId":"2f9290e29d0d5be0324d3fc0b94dac7ab239c57a"}
{"index": {"_index":"sim","_id":"1192247"}}
	{"id":1192247,"type":"sell","buyer":"dcityfund","seller":"worldfinances","symbol":"SIM","quantity":"1673.000","price":"0.00106900","timestamp":1625341083,"volume":"1.78843700","buyTxId":"ad40c7fc6e0bd4b36877878d053af0bdcb70531d","sellTxId":"e88990924a3c1e2e2a85c8639c3944ef95e88964"}
{"index": {"_index":"sim","_id":"1192253"}}
	{"id":1192253,"type":"sell","buyer":"dcityfund","seller":"monsterjamgold","symbol":"SIM","quantity":"4483.002","price":"0.00106900","timestamp":1625341326,"volume":"4.79232914","buyTxId":"ad40c7fc6e0bd4b36877878d053af0bdcb70531d","sellTxId":"248c592f9d14a8e66106cb35aa6ac78743b38727"}
{"index": {"_index":"sim","_id":"1192255"}}
	{"id":1192255,"type":"sell","buyer":"dcityfund","seller":"captaincryptic","symbol":"SIM","quantity":"2390.460","price":"0.00106900","timestamp":1625341347,"volume":"2.55540174","buyTxId":"ad40c7fc6e0bd4b36877878d053af0bdcb70531d","sellTxId":"8805778dfdf89ac1de1fd9678004a33b9b3bd012"}
{"index": {"_index":"sim","_id":"1192262"}}
	{"id":1192262,"type":"sell","buyer":"dcityfund","seller":"muenchen","symbol":"SIM","quantity":"16608.000","price":"0.00106900","timestamp":1625341458,"volume":"17.75395200","buyTxId":"ad40c7fc6e0bd4b36877878d053af0bdcb70531d","sellTxId":"5182600b50f9715c2e79cdf15f4ba347119ea1a7"}
{"index": {"_index":"sim","_id":"1192277"}}
	{"id":1192277,"type":"buy","buyer":"udabeu","seller":"freebornsociety","symbol":"SIM","quantity":"666.000","price":"0.00106904","timestamp":1625341923,"volume":"0.71198064","buyTxId":"4f58547a0ea063873e34a390fdacc4d8139ebf05","sellTxId":"MM-P-8349377-55328259-3-4-1"}
{"index": {"_index":"sim","_id":"1192279"}}
	{"id":1192279,"type":"sell","buyer":"dcityfund","seller":"imperij4427","symbol":"SIM","quantity":"9854.240","price":"0.00106900","timestamp":1625341950,"volume":"10.53418256","buyTxId":"ad40c7fc6e0bd4b36877878d053af0bdcb70531d","sellTxId":"ada9a673264ff3ac32968e6d46b74d419c9cb83f"}
{"index": {"_index":"sim","_id":"1192280"}}
	{"id":1192280,"type":"sell","buyer":"dcityfund","seller":"imperij4427","symbol":"SIM","quantity":"15882.760","price":"0.00106900","timestamp":1625341950,"volume":"16.97867044","buyTxId":"d1537d5e823a7de36251f78b095a91a69db7447f","sellTxId":"ada9a673264ff3ac32968e6d46b74d419c9cb83f"}
{"index": {"_index":"sim","_id":"1192288"}}
	{"id":1192288,"type":"sell","buyer":"dcityfund","seller":"freebornsociety","symbol":"SIM","quantity":"20588.869","price":"0.00106900","timestamp":1625342244,"volume":"22.00950096","buyTxId":"d1537d5e823a7de36251f78b095a91a69db7447f","sellTxId":"MM-P-8349775-55328658-3-4-1"}
{"index": {"_index":"sim","_id":"1192290"}}
	{"id":1192290,"type":"sell","buyer":"freebornsociety","seller":"theguruasia","symbol":"SIM","quantity":"1239.747","price":"0.00106850","timestamp":1625342475,"volume":"1.32466967","buyTxId":"MM-P-8349775-55328658-3-4-0","sellTxId":"39d70b11f8632334ddfe6a032ef20c4300c61be4"}
{"index": {"_index":"sim","_id":"1192315"}}
	{"id":1192315,"type":"buy","buyer":"vcelier","seller":"freebornsociety","symbol":"SIM","quantity":"1370.730","price":"0.00106893","timestamp":1625343042,"volume":"1.46521442","buyTxId":"37663aac4c9df37828d9199abcdd7645e39d99cd","sellTxId":"MM-P-8349775-55328658-3-4-1"}
{"index": {"_index":"sim","_id":"1192330"}}
	{"id":1192330,"type":"sell","buyer":"dcityfund","seller":"hive.pizza","symbol":"SIM","quantity":"32.479","price":"0.00106800","timestamp":1625343525,"volume":"0.03468757","buyTxId":"ec20524db6a8a9ba259f89c3ed47da50fc4c8d65","sellTxId":"86e1866c6093bfd55617116ad721b9059eee7155"}
{"index": {"_index":"sim","_id":"1192424"}}
	{"id":1192424,"type":"sell","buyer":"dcityfund","seller":"automaton","symbol":"SIM","quantity":"3500.000","price":"0.00106800","timestamp":1625345406,"volume":"3.73800000","buyTxId":"ec20524db6a8a9ba259f89c3ed47da50fc4c8d65","sellTxId":"d2a831cfe92c6727fea6e8bbf70ba7187f32820d"}
{"index": {"_index":"sim","_id":"1192436"}}
	{"id":1192436,"type":"sell","buyer":"dcityfund","seller":"deathwing","symbol":"SIM","quantity":"920","price":"0.00106800","timestamp":1625345706,"volume":"0.98256000","buyTxId":"ec20524db6a8a9ba259f89c3ed47da50fc4c8d65","sellTxId":"acc49a7f3f94253b1eef208e8a10a9c625a9823e-1"}
{"index": {"_index":"sim","_id":"1192445"}}
	{"id":1192445,"type":"sell","buyer":"dcityfund","seller":"janegrant","symbol":"SIM","quantity":"33589.000","price":"0.00106800","timestamp":1625345853,"volume":"35.87305200","buyTxId":"ec20524db6a8a9ba259f89c3ed47da50fc4c8d65","sellTxId":"2289eb26dd732d44179bd0245275bafc206d23d0"}
{"index": {"_index":"sim","_id":"1192474"}}
	{"id":1192474,"type":"sell","buyer":"dcityfund","seller":"jk6276","symbol":"SIM","quantity":"28.500","price":"0.00106800","timestamp":1625346999,"volume":"0.03043800","buyTxId":"ec20524db6a8a9ba259f89c3ed47da50fc4c8d65","sellTxId":"1a9a47a72534ba076f68907f9e390d1cc90bd876"}
{"index": {"_index":"sim","_id":"1192531"}}
	{"id":1192531,"type":"sell","buyer":"dcityfund","seller":"steemmonsterking","symbol":"SIM","quantity":"247.000","price":"0.00106800","timestamp":1625348484,"volume":"0.26379600","buyTxId":"ec20524db6a8a9ba259f89c3ed47da50fc4c8d65","sellTxId":"ab000bdcb00103aed075fd79d9f5c673e9cdbd10"}
{"index": {"_index":"sim","_id":"1192555"}}
	{"id":1192555,"type":"sell","buyer":"freebornsociety","seller":"automaton","symbol":"SIM","quantity":"2500.000","price":"0.00106810","timestamp":1625349792,"volume":"2.67025000","buyTxId":"MM-P-8351860-55330745-3-4-0","sellTxId":"51e4cc628762bc797b47e4a642cd0a9fc1c21387"}
{"index": {"_index":"sim","_id":"1192588"}}
	{"id":1192588,"type":"sell","buyer":"freebornsociety","seller":"steemstreems","symbol":"SIM","quantity":"2107.001","price":"0.00106810","timestamp":1625352276,"volume":"2.25048777","buyTxId":"MM-P-8351860-55330745-3-4-0","sellTxId":"7d882af585ace4380d125bb05847cc7621d7aa7d"}
{"index": {"_index":"sim","_id":"1192637"}}
	{"id":1192637,"type":"sell","buyer":"freebornsociety","seller":"loganhate","symbol":"SIM","quantity":"253.000","price":"0.00106810","timestamp":1625354316,"volume":"0.27022930","buyTxId":"MM-P-8351860-55330745-3-4-0","sellTxId":"0d75871347896a7e724836f32dbb697f4a7f1fa1"}
{"index": {"_index":"sim","_id":"1192681"}}
	{"id":1192681,"type":"buy","buyer":"morzex","seller":"nftmart.fees","symbol":"SIM","quantity":"83.000","price":"0.00106837","timestamp":1625356830,"volume":"0.08867471","buyTxId":"ecc06fbf2a53535650eb56634e09b607dda477bb","sellTxId":"288601c5e91ff9090ae25ace478a491eb44531e3-0"}
{"index": {"_index":"sim","_id":"1192682"}}
	{"id":1192682,"type":"buy","buyer":"morzex","seller":"freebornsociety","symbol":"SIM","quantity":"572.198","price":"0.00106838","timestamp":1625356830,"volume":"0.61132529","buyTxId":"ecc06fbf2a53535650eb56634e09b607dda477bb","sellTxId":"MM-P-8351761-55330646-3-4-1"}
{"index": {"_index":"sim","_id":"1192741"}}
	{"id":1192741,"type":"sell","buyer":"freebornsociety","seller":"brofi-market","symbol":"SIM","quantity":"111.033","price":"0.00106810","timestamp":1625359104,"volume":"0.11859435","buyTxId":"MM-P-8351860-55330745-3-4-0","sellTxId":"5217f31648ad82da0ffc187c176483754ede0568"}
{"index": {"_index":"sim","_id":"1192810"}}
	{"id":1192810,"type":"sell","buyer":"freebornsociety","seller":"justinparke","symbol":"SIM","quantity":"27543.869","price":"0.00106810","timestamp":1625362623,"volume":"29.41960648","buyTxId":"MM-P-8351860-55330745-3-4-0","sellTxId":"caaf961a01468cf48648af380f1eccf4489867a8"}
{"index": {"_index":"sim","_id":"1192875"}}
	{"id":1192875,"type":"sell","buyer":"freebornsociety","seller":"daveks","symbol":"SIM","quantity":"8619.000","price":"0.00106810","timestamp":1625365494,"volume":"9.20595390","buyTxId":"MM-P-8351860-55330745-3-4-0","sellTxId":"df180e600616472776ba4c92cd04edfe35a0e6a5"}
{"index": {"_index":"sim","_id":"1192891"}}
	{"id":1192891,"type":"sell","buyer":"freebornsociety","seller":"he-index","symbol":"SIM","quantity":"807.199","price":"0.00106810","timestamp":1625366472,"volume":"0.86216925","buyTxId":"MM-P-8351860-55330745-3-4-0","sellTxId":"9246e273b0875d1a71a4fc0031dc3b47af5f2c02"}
