{"index": {"_index":"sim","_id":"1282007"}}
	{"id":1282007,"type":"sell","buyer":"solovey6o2","seller":"darmst5339","symbol":"SIM","quantity":"4.112","price":"0.00091001","timestamp":1627700553,"volume":"0.00374196","buyTxId":"e05a11dc8c3dee3d08cd55e0d675b09e666dd7f6","sellTxId":"6027470451ff0e0f619d1b87b36d5c1a1f12e3f2"}
{"index": {"_index":"sim","_id":"1282014"}}
	{"id":1282014,"type":"sell","buyer":"solovey6o2","seller":"daveks","symbol":"SIM","quantity":"5049.000","price":"0.00091001","timestamp":1627700802,"volume":"4.59464049","buyTxId":"e05a11dc8c3dee3d08cd55e0d675b09e666dd7f6","sellTxId":"a29a2541572b1307fe6251feb901adc58b7dedc1"}
{"index": {"_index":"sim","_id":"1282106"}}
	{"id":1282106,"type":"sell","buyer":"solovey6o2","seller":"velourex","symbol":"SIM","quantity":"34022.998","price":"0.00091001","timestamp":1627702467,"volume":"30.96126841","buyTxId":"e05a11dc8c3dee3d08cd55e0d675b09e666dd7f6","sellTxId":"d52d657a64c254213db7e351270d90c435894ae2"}
{"index": {"_index":"sim","_id":"1282134"}}
	{"id":1282134,"type":"sell","buyer":"solovey6o2","seller":"forykw","symbol":"SIM","quantity":"57118.923","price":"0.00091001","timestamp":1627703253,"volume":"51.97879112","buyTxId":"e05a11dc8c3dee3d08cd55e0d675b09e666dd7f6","sellTxId":"f25ce53293b4484bba1e2cf169f630ed16dcf240"}
{"index": {"_index":"sim","_id":"1282212"}}
	{"id":1282212,"type":"sell","buyer":"solovey6o2","seller":"the01crow","symbol":"SIM","quantity":"286.405","price":"0.00091001","timestamp":1627704903,"volume":"0.26063141","buyTxId":"e05a11dc8c3dee3d08cd55e0d675b09e666dd7f6","sellTxId":"829b2312b6bcd411a07635884e2bfd43a3b39e40"}
{"index": {"_index":"sim","_id":"1282240"}}
	{"id":1282240,"type":"sell","buyer":"solovey6o2","seller":"brofi-market","symbol":"SIM","quantity":"64.980","price":"0.00091001","timestamp":1627705266,"volume":"0.05913245","buyTxId":"e05a11dc8c3dee3d08cd55e0d675b09e666dd7f6","sellTxId":"1a9e8c926ff9e36bd09e755022dcbb8075b9a846"}
{"index": {"_index":"sim","_id":"1282388"}}
	{"id":1282388,"type":"sell","buyer":"solovey6o2","seller":"trumpman","symbol":"SIM","quantity":"948.347","price":"0.00091001","timestamp":1627709514,"volume":"0.86300525","buyTxId":"e05a11dc8c3dee3d08cd55e0d675b09e666dd7f6","sellTxId":"07b32e811ce74732ad13bb4ceb18419b11ac35f0"}
{"index": {"_index":"sim","_id":"1282398"}}
	{"id":1282398,"type":"buy","buyer":"treefiddybruh","seller":"solovey6o2","symbol":"SIM","quantity":"75000.000","price":"0.00096831","timestamp":1627709859,"volume":"72.62325000","buyTxId":"59efd21c4baaa323883191076c488c172d0771d2","sellTxId":"5c03e250dc2c17af0cbdf6b38fee14c5e0648956"}
{"index": {"_index":"sim","_id":"1282426"}}
	{"id":1282426,"type":"sell","buyer":"solovey6o2","seller":"jywahaha","symbol":"SIM","quantity":"30689.000","price":"0.00091001","timestamp":1627710819,"volume":"27.92729689","buyTxId":"e05a11dc8c3dee3d08cd55e0d675b09e666dd7f6","sellTxId":"7e7c1876afef24eb61e64db338545a304fdc6287"}
{"index": {"_index":"sim","_id":"1282447"}}
	{"id":1282447,"type":"buy","buyer":"dustindivitto","seller":"solovey6o2","symbol":"SIM","quantity":"52800.000","price":"0.00096807","timestamp":1627711488,"volume":"51.11409600","buyTxId":"c523eec9decd78439ad11201852df277804508ee","sellTxId":"bd40ff2025b525484c171419c32fee3949ce9fb9"}
{"index": {"_index":"sim","_id":"1282490"}}
	{"id":1282490,"type":"sell","buyer":"solovey6o2","seller":"tonytrillions","symbol":"SIM","quantity":"0.076","price":"0.00091001","timestamp":1627712379,"volume":"0.00006916","buyTxId":"e05a11dc8c3dee3d08cd55e0d675b09e666dd7f6","sellTxId":"a97b30984c89cbaef393571aa855bd3845e0cac8"}
{"index": {"_index":"sim","_id":"1282499"}}
	{"id":1282499,"type":"sell","buyer":"solovey6o2","seller":"forykw","symbol":"SIM","quantity":"15372.000","price":"0.00091001","timestamp":1627712586,"volume":"13.98867372","buyTxId":"e05a11dc8c3dee3d08cd55e0d675b09e666dd7f6","sellTxId":"a1647ec5896cb83561c2e4e9b7459ce0508ff5f7"}
{"index": {"_index":"sim","_id":"1282530"}}
	{"id":1282530,"type":"sell","buyer":"solovey6o2","seller":"steemstreems","symbol":"SIM","quantity":"1189.000","price":"0.00091001","timestamp":1627713183,"volume":"1.08200189","buyTxId":"e05a11dc8c3dee3d08cd55e0d675b09e666dd7f6","sellTxId":"202d12488754d7bec5717d2d725c7a74fe798303"}
{"index": {"_index":"sim","_id":"1282575"}}
	{"id":1282575,"type":"sell","buyer":"solovey6o2","seller":"dhedge-drips","symbol":"SIM","quantity":"6.091","price":"0.00091001","timestamp":1627713924,"volume":"0.00554287","buyTxId":"e05a11dc8c3dee3d08cd55e0d675b09e666dd7f6","sellTxId":"2b210264b2a903bf003a239f4fa1a6db5127e4fc"}
{"index": {"_index":"sim","_id":"1282666"}}
	{"id":1282666,"type":"sell","buyer":"solovey6o2","seller":"anosys","symbol":"SIM","quantity":"17.027","price":"0.00091001","timestamp":1627715931,"volume":"0.01549474","buyTxId":"e05a11dc8c3dee3d08cd55e0d675b09e666dd7f6","sellTxId":"3a52d9720bcd7a8ae0692892fd799544abafd06f"}
{"index": {"_index":"sim","_id":"1282792"}}
	{"id":1282792,"type":"sell","buyer":"solovey6o2","seller":"brofi-market","symbol":"SIM","quantity":"0.001","price":"0.00091001","timestamp":1627719153,"volume":"0.00000091","buyTxId":"e05a11dc8c3dee3d08cd55e0d675b09e666dd7f6","sellTxId":"a517dea3b277655e7d285b317048516f167b5f17"}
{"index": {"_index":"sim","_id":"1282841"}}
	{"id":1282841,"type":"sell","buyer":"solovey6o2","seller":"dera123","symbol":"SIM","quantity":"20945.523","price":"0.00091001","timestamp":1627719984,"volume":"19.06063539","buyTxId":"e05a11dc8c3dee3d08cd55e0d675b09e666dd7f6","sellTxId":"7a529d86efc126e422bb900c9e1323fdb635a79f"}
{"index": {"_index":"sim","_id":"1282849"}}
	{"id":1282849,"type":"sell","buyer":"solovey6o2","seller":"gamsam","symbol":"SIM","quantity":"32887.879","price":"0.00091001","timestamp":1627720425,"volume":"29.92829877","buyTxId":"e05a11dc8c3dee3d08cd55e0d675b09e666dd7f6","sellTxId":"9c342af68eca470191d6c9112b1bf339514561c9"}
{"index": {"_index":"sim","_id":"1282850"}}
	{"id":1282850,"type":"sell","buyer":"solovey6o2","seller":"gamsam","symbol":"SIM","quantity":"47112.121","price":"0.00091001","timestamp":1627720425,"volume":"42.87250123","buyTxId":"6c3cbfb610b701f4cfd8e6ab755d136e8ce5c057","sellTxId":"9c342af68eca470191d6c9112b1bf339514561c9"}
{"index": {"_index":"sim","_id":"1282984"}}
	{"id":1282984,"type":"sell","buyer":"solovey6o2","seller":"heikki1337","symbol":"SIM","quantity":"192.85","price":"0.00091001","timestamp":1627723761,"volume":"0.17549543","buyTxId":"6c3cbfb610b701f4cfd8e6ab755d136e8ce5c057","sellTxId":"0be457326cb9adf1091c1b8af45f6d14a7353c94"}
{"index": {"_index":"sim","_id":"1283016"}}
	{"id":1283016,"type":"buy","buyer":"eythorphoto","seller":"solovey6o2","symbol":"SIM","quantity":"20850.000","price":"0.00094940","timestamp":1627724643,"volume":"19.79499000","buyTxId":"19d69b9e5b4b1eafccf8b60f67ac0c66783dc44a","sellTxId":"584553eddd473c77f174e775c0296b90a5e22bca"}
{"index": {"_index":"sim","_id":"1283029"}}
	{"id":1283029,"type":"buy","buyer":"eythorphoto","seller":"solovey6o2","symbol":"SIM","quantity":"1150.000","price":"0.00094938","timestamp":1627725102,"volume":"1.09178700","buyTxId":"e91014531429f0b15f24dd0ff795ce978ebbd84e","sellTxId":"7924a8f352053406fd1cb3208167dca260f84e65"}
{"index": {"_index":"sim","_id":"1283032"}}
	{"id":1283032,"type":"sell","buyer":"solovey6o2","seller":"libertycrypto27","symbol":"SIM","quantity":"5331.000","price":"0.00091001","timestamp":1627725186,"volume":"4.85126331","buyTxId":"6c3cbfb610b701f4cfd8e6ab755d136e8ce5c057","sellTxId":"e580f40442df82ba51727eed3de962a05daef45a"}
{"index": {"_index":"sim","_id":"1283034"}}
	{"id":1283034,"type":"sell","buyer":"solovey6o2","seller":"heikki1337","symbol":"SIM","quantity":"95","price":"0.00091001","timestamp":1627725246,"volume":"0.08645095","buyTxId":"6c3cbfb610b701f4cfd8e6ab755d136e8ce5c057","sellTxId":"851774dc173d214e718bc143636f2150813d1870"}
{"index": {"_index":"sim","_id":"1283043"}}
	{"id":1283043,"type":"sell","buyer":"solovey6o2","seller":"braaiboy","symbol":"SIM","quantity":"1001.726","price":"0.00091001","timestamp":1627725627,"volume":"0.91158068","buyTxId":"6c3cbfb610b701f4cfd8e6ab755d136e8ce5c057","sellTxId":"c137eb6da87ca27bba65021695dee78950685f38"}
{"index": {"_index":"sim","_id":"1283060"}}
	{"id":1283060,"type":"buy","buyer":"morzex","seller":"solovey6o2","symbol":"SIM","quantity":"842.743","price":"0.00094928","timestamp":1627726539,"volume":"0.8","buyTxId":"7761527b31f1a6bd7f9f78734445cb9452590e10","sellTxId":"b66f8ad185b517ea8ae81ac962ba0423ba147279"}
{"index": {"_index":"sim","_id":"1283112"}}
	{"id":1283112,"type":"sell","buyer":"solovey6o2","seller":"myfreebtc","symbol":"SIM","quantity":"370.556","price":"0.00091001","timestamp":1627728270,"volume":"0.33720967","buyTxId":"6c3cbfb610b701f4cfd8e6ab755d136e8ce5c057","sellTxId":"c29f120a5a27c1725f38d90ac9d0c004056d6d5f"}
{"index": {"_index":"sim","_id":"1283150"}}
	{"id":1283150,"type":"buy","buyer":"konvik","seller":"mmrx","symbol":"SIM","quantity":"27048.269","price":"0.00091999","timestamp":1627729683,"volume":"24.88413700","buyTxId":"f908be4afd9757c9b2ddfba6897fa0339892466b-0","sellTxId":"MM-P-9140316-56121608-3-41-0"}
{"index": {"_index":"sim","_id":"1283232"}}
	{"id":1283232,"type":"sell","buyer":"solovey6o2","seller":"theoriginal86","symbol":"SIM","quantity":"1700.000","price":"0.00091001","timestamp":1627732092,"volume":"1.54701700","buyTxId":"6c3cbfb610b701f4cfd8e6ab755d136e8ce5c057","sellTxId":"07d9cf0bf2eaedfd90e3548f50917feeb90dfc9e"}
{"index": {"_index":"sim","_id":"1283244"}}
	{"id":1283244,"type":"sell","buyer":"solovey6o2","seller":"magascon","symbol":"SIM","quantity":"54209.208","price":"0.00091001","timestamp":1627732311,"volume":"49.33092137","buyTxId":"6c3cbfb610b701f4cfd8e6ab755d136e8ce5c057","sellTxId":"02bc9a74f521d609fe135d773239554b75328951"}
{"index": {"_index":"sim","_id":"1283245"}}
	{"id":1283245,"type":"sell","buyer":"solovey6o2","seller":"magascon","symbol":"SIM","quantity":"2922.748","price":"0.00091001","timestamp":1627732311,"volume":"2.65972991","buyTxId":"308d7e8015f5150c1467637faa64dc197e055a77","sellTxId":"02bc9a74f521d609fe135d773239554b75328951"}
{"index": {"_index":"sim","_id":"1283253"}}
	{"id":1283253,"type":"buy","buyer":"vokus","seller":"fiberfrau","symbol":"SIM","quantity":"48.000","price":"0.00092000","timestamp":1627732554,"volume":"0.04416000","buyTxId":"f797c8a911320949d7a1742aff0a90d337cb5c10","sellTxId":"3f6b0a6f55c716cb17ff76bc7aa263130f6bbe3c"}
{"index": {"_index":"sim","_id":"1283254"}}
	{"id":1283254,"type":"buy","buyer":"vokus","seller":"brofi-market","symbol":"SIM","quantity":"0.001","price":"0.00094978","timestamp":1627732554,"volume":"0.00000095","buyTxId":"f797c8a911320949d7a1742aff0a90d337cb5c10","sellTxId":"dd5505fa6afe5da75d5fba4d5b62c60950bae5ad"}
{"index": {"_index":"sim","_id":"1283255"}}
	{"id":1283255,"type":"buy","buyer":"vokus","seller":"looftee","symbol":"SIM","quantity":"1090.999","price":"0.00095000","timestamp":1627732554,"volume":"1.03644905","buyTxId":"f797c8a911320949d7a1742aff0a90d337cb5c10","sellTxId":"f0e0ace8ba2968aae85004529376ff9d91f8c2ea"}
{"index": {"_index":"sim","_id":"1283397"}}
	{"id":1283397,"type":"sell","buyer":"solovey6o2","seller":"pinkfloyd878","symbol":"SIM","quantity":"20930.899","price":"0.00091001","timestamp":1627735101,"volume":"19.04732740","buyTxId":"308d7e8015f5150c1467637faa64dc197e055a77","sellTxId":"198e2b1d0328bdd97f4db59ec9cbc08fef97dc54"}
{"index": {"_index":"sim","_id":"1283398"}}
	{"id":1283398,"type":"sell","buyer":"solovey6o2","seller":"pinkfloyd878","symbol":"SIM","quantity":"33184.174","price":"0.00091001","timestamp":1627735101,"volume":"30.19793018","buyTxId":"c2e65c20b9196655b061f8301f970460c1d72775","sellTxId":"198e2b1d0328bdd97f4db59ec9cbc08fef97dc54"}
{"index": {"_index":"sim","_id":"1283399"}}
	{"id":1283399,"type":"sell","buyer":"d-pend","seller":"pinkfloyd878","symbol":"SIM","quantity":"92221.450","price":"0.00091000","timestamp":1627735143,"volume":"83.92151950","buyTxId":"a02f044b6f4b2ec0434c7cf04fb17d5d4b46f88d","sellTxId":"225d1818a619239341f6b19f088c1236f6fc08ea"}
{"index": {"_index":"sim","_id":"1283402"}}
	{"id":1283402,"type":"sell","buyer":"d-pend","seller":"pinkfloyd878","symbol":"SIM","quantity":"11863.779","price":"0.00090000","timestamp":1627735176,"volume":"10.67740110","buyTxId":"182ff0c224080c4e2aaf4e628a3aa91ddf3dd79e","sellTxId":"9ee8d2d153b097c78e1be63506c38f195960c647"}
{"index": {"_index":"sim","_id":"1283438"}}
	{"id":1283438,"type":"sell","buyer":"d-pend","seller":"kaeves4711","symbol":"SIM","quantity":"37209.000","price":"0.00089000","timestamp":1627735437,"volume":"33.11601000","buyTxId":"7cf42899cdd4b1c4391cff6f0b90ed22d9622f8a","sellTxId":"010e6254cf972e970dcb3dbaed4ce906e099025d"}
{"index": {"_index":"sim","_id":"1283443"}}
	{"id":1283443,"type":"sell","buyer":"d-pend","seller":"dhedge-drips","symbol":"SIM","quantity":"0.001","price":"0.00089000","timestamp":1627735521,"volume":"0.00000089","buyTxId":"7cf42899cdd4b1c4391cff6f0b90ed22d9622f8a","sellTxId":"ddc6268bbafd1f3e64b8991b21b8ac14ab2489e6"}
{"index": {"_index":"sim","_id":"1283573"}}
	{"id":1283573,"type":"sell","buyer":"d-pend","seller":"epilatero","symbol":"SIM","quantity":"1343","price":"0.00089000","timestamp":1627738473,"volume":"1.19527000","buyTxId":"7cf42899cdd4b1c4391cff6f0b90ed22d9622f8a","sellTxId":"fd983787ad8f352e0da48ccd4376dd9036e01b1e"}
{"index": {"_index":"sim","_id":"1283697"}}
	{"id":1283697,"type":"sell","buyer":"d-pend","seller":"andy4475","symbol":"SIM","quantity":"33.610","price":"0.00089000","timestamp":1627741287,"volume":"0.02991290","buyTxId":"7cf42899cdd4b1c4391cff6f0b90ed22d9622f8a","sellTxId":"c19437f6f9269c84c5b760a43eaca2a761346df9"}
{"index": {"_index":"sim","_id":"1283749"}}
	{"id":1283749,"type":"sell","buyer":"d-pend","seller":"morzex","symbol":"SIM","quantity":"1459.593","price":"0.00089000","timestamp":1627742370,"volume":"1.29903777","buyTxId":"7cf42899cdd4b1c4391cff6f0b90ed22d9622f8a","sellTxId":"c2529614b495fe0c0451070b40a15c39c3bb3edc"}
{"index": {"_index":"sim","_id":"1283800"}}
	{"id":1283800,"type":"sell","buyer":"d-pend","seller":"iamalivechalleng","symbol":"SIM","quantity":"0.79","price":"0.00089000","timestamp":1627743129,"volume":"0.00070310","buyTxId":"7cf42899cdd4b1c4391cff6f0b90ed22d9622f8a","sellTxId":"3af9e0427353294bf8f493ff6f84edbbecf25e02"}
{"index": {"_index":"sim","_id":"1283855"}}
	{"id":1283855,"type":"sell","buyer":"d-pend","seller":"thesimguru","symbol":"SIM","quantity":"12337.019","price":"0.00089000","timestamp":1627744554,"volume":"10.97994691","buyTxId":"7cf42899cdd4b1c4391cff6f0b90ed22d9622f8a","sellTxId":"36f6f6aeb88ec87118f77ba1cac2c3bd3fad65c7"}
{"index": {"_index":"sim","_id":"1284230"}}
	{"id":1284230,"type":"sell","buyer":"d-pend","seller":"trentonlundy1","symbol":"SIM","quantity":"0.126","price":"0.00089000","timestamp":1627749153,"volume":"0.00011214","buyTxId":"7cf42899cdd4b1c4391cff6f0b90ed22d9622f8a","sellTxId":"265d24bc9f76e3824b9d8d11a3cdaec0344339ba"}
{"index": {"_index":"sim","_id":"1284442"}}
	{"id":1284442,"type":"sell","buyer":"d-pend","seller":"drew0","symbol":"SIM","quantity":"47612.981","price":"0.00089000","timestamp":1627751826,"volume":"42.37555309","buyTxId":"7cf42899cdd4b1c4391cff6f0b90ed22d9622f8a","sellTxId":"ea1a6abc6916fce52b39d4fe432be95b7c4751f7"}
{"index": {"_index":"sim","_id":"1284443"}}
	{"id":1284443,"type":"sell","buyer":"he-index","seller":"drew0","symbol":"SIM","quantity":"239.326","price":"0.00089000","timestamp":1627751826,"volume":"0.21300014","buyTxId":"e6a745b5ca3662370a6eacfb85029b68a4156ad7","sellTxId":"ea1a6abc6916fce52b39d4fe432be95b7c4751f7"}
{"index": {"_index":"sim","_id":"1284444"}}
	{"id":1284444,"type":"buy","buyer":"konvik","seller":"drew0","symbol":"SIM","quantity":"29844.693","price":"0.00089000","timestamp":1627751829,"volume":"26.56177677","buyTxId":"e8cfe3fc4d63b7e4d83527c10f35099727d39839-0","sellTxId":"ea1a6abc6916fce52b39d4fe432be95b7c4751f7"}
{"index": {"_index":"sim","_id":"1284451"}}
	{"id":1284451,"type":"buy","buyer":"zelensky","seller":"nftmart.fees","symbol":"SIM","quantity":"19.000","price":"0.00094992","timestamp":1627751892,"volume":"0.01804848","buyTxId":"be3229747fd7aff76e2da779c6b05c6d249f653d","sellTxId":"fc6e7411b7395982d1702a63cc4d71e54793152d-0"}
{"index": {"_index":"sim","_id":"1284452"}}
	{"id":1284452,"type":"buy","buyer":"zelensky","seller":"nftmart.fees","symbol":"SIM","quantity":"22.000","price":"0.00094993","timestamp":1627751892,"volume":"0.02089846","buyTxId":"be3229747fd7aff76e2da779c6b05c6d249f653d","sellTxId":"539b6f1dd857417ad04be4100a06a27a41ac0c46-0"}
{"index": {"_index":"sim","_id":"1284453"}}
	{"id":1284453,"type":"buy","buyer":"zelensky","seller":"nftmart.fees","symbol":"SIM","quantity":"25.000","price":"0.00094994","timestamp":1627751892,"volume":"0.02374850","buyTxId":"be3229747fd7aff76e2da779c6b05c6d249f653d","sellTxId":"903dc2dd9e742d1d34bb48c3beba929c00c2eb9b-0"}
{"index": {"_index":"sim","_id":"1284454"}}
	{"id":1284454,"type":"buy","buyer":"zelensky","seller":"nftmart.fees","symbol":"SIM","quantity":"29.000","price":"0.00094995","timestamp":1627751892,"volume":"0.02754855","buyTxId":"be3229747fd7aff76e2da779c6b05c6d249f653d","sellTxId":"a72226b356855a98de5323e08b1f5a9dd0192bb0-0"}
{"index": {"_index":"sim","_id":"1284455"}}
	{"id":1284455,"type":"buy","buyer":"zelensky","seller":"nftmart.fees","symbol":"SIM","quantity":"33.000","price":"0.00094996","timestamp":1627751892,"volume":"0.03134868","buyTxId":"be3229747fd7aff76e2da779c6b05c6d249f653d","sellTxId":"634fd26f8440e0c250f29977ff971d27b2bfcf30-0"}
{"index": {"_index":"sim","_id":"1284456"}}
	{"id":1284456,"type":"buy","buyer":"zelensky","seller":"nftmart.fees","symbol":"SIM","quantity":"38.000","price":"0.00094997","timestamp":1627751892,"volume":"0.03609886","buyTxId":"be3229747fd7aff76e2da779c6b05c6d249f653d","sellTxId":"3f995294f585eef36c57b85f085108f9efdccbd5-0"}
{"index": {"_index":"sim","_id":"1284457"}}
	{"id":1284457,"type":"buy","buyer":"zelensky","seller":"nftmart.fees","symbol":"SIM","quantity":"51.000","price":"0.00094998","timestamp":1627751892,"volume":"0.04844898","buyTxId":"be3229747fd7aff76e2da779c6b05c6d249f653d","sellTxId":"1579a6f1dd7c9bfd7e652d50b8a40a68e6bc927e-0"}
{"index": {"_index":"sim","_id":"1284458"}}
	{"id":1284458,"type":"buy","buyer":"zelensky","seller":"nftmart.fees","symbol":"SIM","quantity":"51.000","price":"0.00094998","timestamp":1627751892,"volume":"0.04844898","buyTxId":"be3229747fd7aff76e2da779c6b05c6d249f653d","sellTxId":"fa859914bfd75f55025db56d2218586d51529429-0"}
{"index": {"_index":"sim","_id":"1284459"}}
	{"id":1284459,"type":"buy","buyer":"zelensky","seller":"dhedge-drips","symbol":"SIM","quantity":"0.001","price":"0.00094999","timestamp":1627751892,"volume":"0.00000095","buyTxId":"be3229747fd7aff76e2da779c6b05c6d249f653d","sellTxId":"df9c31b70b53ab5ed0b4d1d481e7ada72b055fec"}
{"index": {"_index":"sim","_id":"1284460"}}
	{"id":1284460,"type":"buy","buyer":"zelensky","seller":"solovey6o2","symbol":"SIM","quantity":"44087.815","price":"0.00094999","timestamp":1627751892,"volume":"41.88298337","buyTxId":"be3229747fd7aff76e2da779c6b05c6d249f653d","sellTxId":"2910dd3bcf75ddceb661ee6daa0683dc24e61e31"}
{"index": {"_index":"sim","_id":"1284492"}}
	{"id":1284492,"type":"sell","buyer":"d-pend","seller":"emsonic","symbol":"SIM","quantity":"100000.000","price":"0.00089000","timestamp":1627752009,"volume":"89.00000000","buyTxId":"ec360c769fa42ca5976b6489394cd29a34cbd8bd","sellTxId":"d9a842f5170f8be00cd15bba8605345c665675a8"}
{"index": {"_index":"sim","_id":"1284493"}}
	{"id":1284493,"type":"sell","buyer":"dcityfund","seller":"emsonic","symbol":"SIM","quantity":"6676.465","price":"0.00088200","timestamp":1627752009,"volume":"5.88864213","buyTxId":"909f07b52b9101df87f7cd23c01d85c563f83ba9","sellTxId":"d9a842f5170f8be00cd15bba8605345c665675a8"}
{"index": {"_index":"sim","_id":"1284494"}}
	{"id":1284494,"type":"buy","buyer":"konvik","seller":"emsonic","symbol":"SIM","quantity":"50445.605","price":"0.00088200","timestamp":1627752012,"volume":"44.49302361","buyTxId":"b708dcd3a41abcad112192d5b0ec8bbd6d4b4da1-0","sellTxId":"d9a842f5170f8be00cd15bba8605345c665675a8"}
{"index": {"_index":"sim","_id":"1284496"}}
	{"id":1284496,"type":"buy","buyer":"cryptoaeneas","seller":"solovey6o2","symbol":"SIM","quantity":"13123.981","price":"0.00094999","timestamp":1627752033,"volume":"12.46765071","buyTxId":"793914329cff94d98c9767a974c76eb83bd4850a","sellTxId":"2910dd3bcf75ddceb661ee6daa0683dc24e61e31"}
{"index": {"_index":"sim","_id":"1284568"}}
	{"id":1284568,"type":"sell","buyer":"gerber","seller":"bashadow","symbol":"SIM","quantity":"26.410","price":"0.00088100","timestamp":1627752459,"volume":"0.02326721","buyTxId":"e8eedc712bc1168637b5cf2cc6352ec02fbb5d2c","sellTxId":"8cd432eccc388928d295e10dacd370818b365e02"}
{"index": {"_index":"sim","_id":"1284669"}}
	{"id":1284669,"type":"sell","buyer":"gerber","seller":"justinparke","symbol":"SIM","quantity":"23980.585","price":"0.00088100","timestamp":1627753407,"volume":"21.12689539","buyTxId":"e8eedc712bc1168637b5cf2cc6352ec02fbb5d2c","sellTxId":"47d7e56fadad06af43faf15778648ce21925beab"}
{"index": {"_index":"sim","_id":"1284670"}}
	{"id":1284670,"type":"sell","buyer":"dcityfund","seller":"justinparke","symbol":"SIM","quantity":"1876.870","price":"0.00087200","timestamp":1627753407,"volume":"1.63663064","buyTxId":"38994baca199186562bf257d4664f41d99752863","sellTxId":"47d7e56fadad06af43faf15778648ce21925beab"}
{"index": {"_index":"sim","_id":"1284678"}}
	{"id":1284678,"type":"buy","buyer":"d-pend","seller":"nftmart.fees","symbol":"SIM","quantity":"16.000","price":"0.00094998","timestamp":1627753494,"volume":"0.01519968","buyTxId":"dbaca4c0bba2b5572739099665bdd45f85a3cd4f","sellTxId":"892968dd983ab02ed12e7a3d4aa3709bf03cc555-0"}
{"index": {"_index":"sim","_id":"1284679"}}
	{"id":1284679,"type":"buy","buyer":"d-pend","seller":"solovey6o2","symbol":"SIM","quantity":"4984.000","price":"0.00094999","timestamp":1627753494,"volume":"4.73475016","buyTxId":"dbaca4c0bba2b5572739099665bdd45f85a3cd4f","sellTxId":"2910dd3bcf75ddceb661ee6daa0683dc24e61e31"}
{"index": {"_index":"sim","_id":"1284840"}}
	{"id":1284840,"type":"sell","buyer":"d-pend","seller":"barrenwolfsbane","symbol":"SIM","quantity":"145.000","price":"0.00089000","timestamp":1627755633,"volume":"0.12905000","buyTxId":"98f07c6620ce506a30a42c5b35edf98eea3cb647","sellTxId":"07ed3fa1600909f0102fafa8612aac22a5507f2c"}
{"index": {"_index":"sim","_id":"1284841"}}
	{"id":1284841,"type":"sell","buyer":"d-pend","seller":"onealfa","symbol":"SIM","quantity":"49855.000","price":"0.00089000","timestamp":1627755639,"volume":"44.37095000","buyTxId":"98f07c6620ce506a30a42c5b35edf98eea3cb647","sellTxId":"a3ce9d282795db08b57eb811944cc93d72b5fe68"}
{"index": {"_index":"sim","_id":"1284842"}}
	{"id":1284842,"type":"sell","buyer":"gerber","seller":"onealfa","symbol":"SIM","quantity":"5956.000","price":"0.00088200","timestamp":1627755639,"volume":"5.25319200","buyTxId":"82f8fa646bae3e26aa6e91335d47760fbd05c14e","sellTxId":"a3ce9d282795db08b57eb811944cc93d72b5fe68"}
{"index": {"_index":"sim","_id":"1284917"}}
	{"id":1284917,"type":"buy","buyer":"konvik","seller":"atomcollector","symbol":"SIM","quantity":"4958.024","price":"0.00092000","timestamp":1627756707,"volume":"4.56138208","buyTxId":"2aca3bc08b8244a822c3655f8f396276a5a44098-0","sellTxId":"f859f9a126d23ec3b22bc963390e2d6874c3f91d"}
{"index": {"_index":"sim","_id":"1284920"}}
	{"id":1284920,"type":"sell","buyer":"gerber","seller":"onealfa","symbol":"SIM","quantity":"3260","price":"0.00088200","timestamp":1627756719,"volume":"2.87532000","buyTxId":"82f8fa646bae3e26aa6e91335d47760fbd05c14e","sellTxId":"78ddfcf4db9107b0dbef0eabbbfdfd462eeb34d3"}
{"index": {"_index":"sim","_id":"1284946"}}
	{"id":1284946,"type":"buy","buyer":"dcityfund","seller":"joshh71390","symbol":"SIM","quantity":"437.960","price":"0.00093000","timestamp":1627756932,"volume":"0.40730280","buyTxId":"f549563e4c902ef98af8c4e7f0878d86ecb4c1f9","sellTxId":"06505575ebdcc1d71954b38279a3b2bcbc8d917a"}
{"index": {"_index":"sim","_id":"1284947"}}
	{"id":1284947,"type":"buy","buyer":"dcityfund","seller":"solovey6o2","symbol":"SIM","quantity":"315374.012","price":"0.00094996","timestamp":1627756932,"volume":"299.59269720","buyTxId":"f549563e4c902ef98af8c4e7f0878d86ecb4c1f9","sellTxId":"3daac9f5a8b728186c6b596022b5a50150879515"}
{"index": {"_index":"sim","_id":"1284950"}}
	{"id":1284950,"type":"sell","buyer":"solovey6o2","seller":"jywahaha","symbol":"SIM","quantity":"29260.000","price":"0.00089001","timestamp":1627757043,"volume":"26.04169260","buyTxId":"49676733ac812c71c14d500829b2d2d38c73c8f6","sellTxId":"fe03e02805b193e731d39dae089a0e3af28bb6a7"}
{"index": {"_index":"sim","_id":"1284958"}}
	{"id":1284958,"type":"sell","buyer":"solovey6o2","seller":"dhedge-drips","symbol":"SIM","quantity":"0.004","price":"0.00089001","timestamp":1627757121,"volume":"0.00000356","buyTxId":"49676733ac812c71c14d500829b2d2d38c73c8f6","sellTxId":"a094f095ecc9ab8cf41afaa3aa9b1e87517226dc"}
{"index": {"_index":"sim","_id":"1285003"}}
	{"id":1285003,"type":"buy","buyer":"gerber","seller":"solovey6o2","symbol":"SIM","quantity":"152154.942","price":"0.00094996","timestamp":1627757493,"volume":"144.54110870","buyTxId":"539a1584fba8695e0309efeac3d6f09f22375c20","sellTxId":"3daac9f5a8b728186c6b596022b5a50150879515"}
{"index": {"_index":"sim","_id":"1285004"}}
	{"id":1285004,"type":"buy","buyer":"gerber","seller":"solovey6o2","symbol":"SIM","quantity":"29260.000","price":"0.00094996","timestamp":1627757493,"volume":"27.79582960","buyTxId":"539a1584fba8695e0309efeac3d6f09f22375c20","sellTxId":"819908d65b871656baf2c1f9595bb50fcf421624"}
{"index": {"_index":"sim","_id":"1285005"}}
	{"id":1285005,"type":"buy","buyer":"gerber","seller":"dhedge-drips","symbol":"SIM","quantity":"0.004","price":"0.00094996","timestamp":1627757493,"volume":"0.00000380","buyTxId":"539a1584fba8695e0309efeac3d6f09f22375c20","sellTxId":"1a340b2c4a89679f5940b1562727e8d80602d59c"}
{"index": {"_index":"sim","_id":"1285006"}}
	{"id":1285006,"type":"buy","buyer":"gerber","seller":"desyfit","symbol":"SIM","quantity":"100000.000","price":"0.00094997","timestamp":1627757493,"volume":"94.99700000","buyTxId":"539a1584fba8695e0309efeac3d6f09f22375c20","sellTxId":"b997657c9ff1747d4f65ca054e2775923110678e"}
{"index": {"_index":"sim","_id":"1285007"}}
	{"id":1285007,"type":"buy","buyer":"gerber","seller":"nftmart.fees","symbol":"SIM","quantity":"14.000","price":"0.00094998","timestamp":1627757493,"volume":"0.01329972","buyTxId":"539a1584fba8695e0309efeac3d6f09f22375c20","sellTxId":"3051a64750ab345f86f85e8276208cb14f4c6c4e-0"}
{"index": {"_index":"sim","_id":"1285008"}}
	{"id":1285008,"type":"buy","buyer":"gerber","seller":"looftee","symbol":"SIM","quantity":"6126.001","price":"0.00095000","timestamp":1627757493,"volume":"5.81970095","buyTxId":"539a1584fba8695e0309efeac3d6f09f22375c20","sellTxId":"f0e0ace8ba2968aae85004529376ff9d91f8c2ea"}
{"index": {"_index":"sim","_id":"1285009"}}
	{"id":1285009,"type":"buy","buyer":"gerber","seller":"mpath","symbol":"SIM","quantity":"555.000","price":"0.00095000","timestamp":1627757493,"volume":"0.52725000","buyTxId":"539a1584fba8695e0309efeac3d6f09f22375c20","sellTxId":"505d8fd5c0f9bf573cca647718eb6f9c45a37099"}
{"index": {"_index":"sim","_id":"1285010"}}
	{"id":1285010,"type":"buy","buyer":"gerber","seller":"morpheus0310","symbol":"SIM","quantity":"11470.000","price":"0.00095000","timestamp":1627757493,"volume":"10.89650000","buyTxId":"539a1584fba8695e0309efeac3d6f09f22375c20","sellTxId":"3895b4fd5b0fa87f528dda3d246dc718adc4b167"}
{"index": {"_index":"sim","_id":"1285011"}}
	{"id":1285011,"type":"buy","buyer":"gerber","seller":"dcityfund","symbol":"SIM","quantity":"17328.937","price":"0.00095000","timestamp":1627757493,"volume":"16.46249015","buyTxId":"539a1584fba8695e0309efeac3d6f09f22375c20","sellTxId":"145a204a3f1e4cdbb1981ae357bda6b9f93e2a76"}
{"index": {"_index":"sim","_id":"1285012"}}
	{"id":1285012,"type":"buy","buyer":"gerber","seller":"dcityfund","symbol":"SIM","quantity":"17408.705","price":"0.00095000","timestamp":1627757493,"volume":"16.53826975","buyTxId":"539a1584fba8695e0309efeac3d6f09f22375c20","sellTxId":"46b328932cb01666c37233d9f7fd22f6902c7015"}
{"index": {"_index":"sim","_id":"1285013"}}
	{"id":1285013,"type":"buy","buyer":"gerber","seller":"dcityfund","symbol":"SIM","quantity":"17224.495","price":"0.00095000","timestamp":1627757493,"volume":"16.36327025","buyTxId":"539a1584fba8695e0309efeac3d6f09f22375c20","sellTxId":"c8ffa4f3e5d54c3cba5317f89423a714be585354"}
{"index": {"_index":"sim","_id":"1285014"}}
	{"id":1285014,"type":"buy","buyer":"gerber","seller":"mpath","symbol":"SIM","quantity":"555.000","price":"0.00096500","timestamp":1627757493,"volume":"0.53557500","buyTxId":"539a1584fba8695e0309efeac3d6f09f22375c20","sellTxId":"07482b34f052ea89ea566d9312fbc8ee50bb7f2f"}
{"index": {"_index":"sim","_id":"1285015"}}
	{"id":1285015,"type":"buy","buyer":"gerber","seller":"jelly-cz","symbol":"SIM","quantity":"12442.000","price":"0.00096633","timestamp":1627757493,"volume":"12.02307786","buyTxId":"539a1584fba8695e0309efeac3d6f09f22375c20","sellTxId":"MM-P-9144097-56125399-3-34-0"}
{"index": {"_index":"sim","_id":"1285016"}}
	{"id":1285016,"type":"buy","buyer":"gerber","seller":"dhedge-drips","symbol":"SIM","quantity":"6.091","price":"0.00096773","timestamp":1627757493,"volume":"0.00589444","buyTxId":"539a1584fba8695e0309efeac3d6f09f22375c20","sellTxId":"6835b36ed7c04a56a6db7946819c70b49c3dee02"}
{"index": {"_index":"sim","_id":"1285017"}}
	{"id":1285017,"type":"buy","buyer":"gerber","seller":"desyfit","symbol":"SIM","quantity":"100000.000","price":"0.00096798","timestamp":1627757493,"volume":"96.79800000","buyTxId":"539a1584fba8695e0309efeac3d6f09f22375c20","sellTxId":"22da0f3812699679e99447e7cb9deb7b6819cb0c"}
{"index": {"_index":"sim","_id":"1285018"}}
	{"id":1285018,"type":"buy","buyer":"gerber","seller":"brofi-market","symbol":"SIM","quantity":"64.980","price":"0.00096891","timestamp":1627757493,"volume":"0.06295977","buyTxId":"539a1584fba8695e0309efeac3d6f09f22375c20","sellTxId":"1a75d37844f0573de261581b9ed762103000e62f"}
{"index": {"_index":"sim","_id":"1285019"}}
	{"id":1285019,"type":"buy","buyer":"gerber","seller":"kaeptn-iglo","symbol":"SIM","quantity":"220277.339","price":"0.00097000","timestamp":1627757493,"volume":"213.66901883","buyTxId":"539a1584fba8695e0309efeac3d6f09f22375c20","sellTxId":"4b24fd9f2b24c99a7b93d2262778f15e7dcfa5ef"}
{"index": {"_index":"sim","_id":"1285020"}}
	{"id":1285020,"type":"buy","buyer":"gerber","seller":"dhedge-drips","symbol":"SIM","quantity":"1.998","price":"0.00097730","timestamp":1627757493,"volume":"0.00195265","buyTxId":"539a1584fba8695e0309efeac3d6f09f22375c20","sellTxId":"88fb319c38e196b572f3ed1c4de6408d0f2c7c7f"}
{"index": {"_index":"sim","_id":"1285021"}}
	{"id":1285021,"type":"buy","buyer":"gerber","seller":"nftmart.fees","symbol":"SIM","quantity":"1.000","price":"0.00097794","timestamp":1627757493,"volume":"0.00097794","buyTxId":"539a1584fba8695e0309efeac3d6f09f22375c20","sellTxId":"918a13ed2ad137a19fe6801eae399ae40bda62b0-0"}
{"index": {"_index":"sim","_id":"1285022"}}
	{"id":1285022,"type":"buy","buyer":"gerber","seller":"nftmart.fees","symbol":"SIM","quantity":"1.000","price":"0.00097806","timestamp":1627757493,"volume":"0.00097806","buyTxId":"539a1584fba8695e0309efeac3d6f09f22375c20","sellTxId":"958f538bc6a8b2b7cdb326b152d3f27319255feb-0"}
{"index": {"_index":"sim","_id":"1285023"}}
	{"id":1285023,"type":"buy","buyer":"gerber","seller":"nftmart.fees","symbol":"SIM","quantity":"1.000","price":"0.00097818","timestamp":1627757493,"volume":"0.00097818","buyTxId":"539a1584fba8695e0309efeac3d6f09f22375c20","sellTxId":"18ea8fcaacac1bd0b49a261840c017f0514c1011-0"}
{"index": {"_index":"sim","_id":"1285024"}}
	{"id":1285024,"type":"buy","buyer":"gerber","seller":"nftmart.fees","symbol":"SIM","quantity":"1.000","price":"0.00097829","timestamp":1627757493,"volume":"0.00097829","buyTxId":"539a1584fba8695e0309efeac3d6f09f22375c20","sellTxId":"28d0768885d85a4356f069bb80dd671617c1dc0b-0"}
{"index": {"_index":"sim","_id":"1285025"}}
	{"id":1285025,"type":"buy","buyer":"gerber","seller":"nftmart.fees","symbol":"SIM","quantity":"1.000","price":"0.00097842","timestamp":1627757493,"volume":"0.00097842","buyTxId":"539a1584fba8695e0309efeac3d6f09f22375c20","sellTxId":"969b9aa4009a431603c8805c7f387be312ab82fe-0"}
{"index": {"_index":"sim","_id":"1285026"}}
	{"id":1285026,"type":"buy","buyer":"gerber","seller":"nftmart.fees","symbol":"SIM","quantity":"1.000","price":"0.00097850","timestamp":1627757493,"volume":"0.00097850","buyTxId":"539a1584fba8695e0309efeac3d6f09f22375c20","sellTxId":"1be65d254ec87502a3f9d56fe3ca9723812531b1-0"}
{"index": {"_index":"sim","_id":"1285027"}}
	{"id":1285027,"type":"buy","buyer":"gerber","seller":"nftmart.fees","symbol":"SIM","quantity":"1.000","price":"0.00097865","timestamp":1627757493,"volume":"0.00097865","buyTxId":"539a1584fba8695e0309efeac3d6f09f22375c20","sellTxId":"34c75d57039bd09ff14867076ee7b79fe64f4685-0"}
{"index": {"_index":"sim","_id":"1285028"}}
	{"id":1285028,"type":"buy","buyer":"gerber","seller":"nftmart.fees","symbol":"SIM","quantity":"2.000","price":"0.00097877","timestamp":1627757493,"volume":"0.00195754","buyTxId":"539a1584fba8695e0309efeac3d6f09f22375c20","sellTxId":"0676509a785ffbe177ecbd6481d4068625e21700-0"}
{"index": {"_index":"sim","_id":"1285029"}}
	{"id":1285029,"type":"buy","buyer":"gerber","seller":"mapac","symbol":"SIM","quantity":"1222.000","price":"0.00097880","timestamp":1627757493,"volume":"1.19609360","buyTxId":"539a1584fba8695e0309efeac3d6f09f22375c20","sellTxId":"941d77f545970534cf08144226efdd140732ed84"}
{"index": {"_index":"sim","_id":"1285030"}}
	{"id":1285030,"type":"buy","buyer":"gerber","seller":"nftmart.fees","symbol":"SIM","quantity":"2.000","price":"0.00097895","timestamp":1627757493,"volume":"0.00195790","buyTxId":"539a1584fba8695e0309efeac3d6f09f22375c20","sellTxId":"3530c346f641aac3b011f6fa3f7ded3bcb847bc7-0"}
{"index": {"_index":"sim","_id":"1285031"}}
	{"id":1285031,"type":"buy","buyer":"gerber","seller":"nftmart.fees","symbol":"SIM","quantity":"2.000","price":"0.00097896","timestamp":1627757493,"volume":"0.00195792","buyTxId":"539a1584fba8695e0309efeac3d6f09f22375c20","sellTxId":"ce057eb88e07e4821467ade40cc6950034795201-0"}
{"index": {"_index":"sim","_id":"1285032"}}
	{"id":1285032,"type":"buy","buyer":"gerber","seller":"nftmart.fees","symbol":"SIM","quantity":"2.000","price":"0.00097897","timestamp":1627757493,"volume":"0.00195794","buyTxId":"539a1584fba8695e0309efeac3d6f09f22375c20","sellTxId":"7ff5a6860944d75e016ef01af1592a42a6d69a1f-0"}
{"index": {"_index":"sim","_id":"1285033"}}
	{"id":1285033,"type":"buy","buyer":"gerber","seller":"nftmart.fees","symbol":"SIM","quantity":"3.000","price":"0.00097898","timestamp":1627757493,"volume":"0.00293694","buyTxId":"539a1584fba8695e0309efeac3d6f09f22375c20","sellTxId":"33498b29754dbc26b3255bd3a884dd85f1801ec8-0"}
{"index": {"_index":"sim","_id":"1285034"}}
	{"id":1285034,"type":"buy","buyer":"gerber","seller":"nftmart.fees","symbol":"SIM","quantity":"3.000","price":"0.00097899","timestamp":1627757493,"volume":"0.00293697","buyTxId":"539a1584fba8695e0309efeac3d6f09f22375c20","sellTxId":"8507c6cd04606d66c7853173c8b8a0146cf43f9d-0"}
{"index": {"_index":"sim","_id":"1285035"}}
	{"id":1285035,"type":"buy","buyer":"gerber","seller":"mapac","symbol":"SIM","quantity":"84.052","price":"0.00097900","timestamp":1627757493,"volume":"0.08228691","buyTxId":"539a1584fba8695e0309efeac3d6f09f22375c20","sellTxId":"99777b0f68df27260c10c028d2e0bf27f572bdc4"}
{"index": {"_index":"sim","_id":"1285036"}}
	{"id":1285036,"type":"buy","buyer":"gerber","seller":"accelerator","symbol":"SIM","quantity":"567.000","price":"0.00098000","timestamp":1627757493,"volume":"0.55566000","buyTxId":"539a1584fba8695e0309efeac3d6f09f22375c20","sellTxId":"97ae33ffff4aa5ebff24ea207cf4b825963daf58"}
{"index": {"_index":"sim","_id":"1285037"}}
	{"id":1285037,"type":"buy","buyer":"gerber","seller":"mpath","symbol":"SIM","quantity":"555.000","price":"0.00098000","timestamp":1627757493,"volume":"0.54390000","buyTxId":"539a1584fba8695e0309efeac3d6f09f22375c20","sellTxId":"432de079716427cc3f5187caebadf2d7f63a7065"}
{"index": {"_index":"sim","_id":"1285038"}}
	{"id":1285038,"type":"buy","buyer":"gerber","seller":"nftmart.fees","symbol":"SIM","quantity":"2.000","price":"0.00098789","timestamp":1627757493,"volume":"0.00197578","buyTxId":"539a1584fba8695e0309efeac3d6f09f22375c20","sellTxId":"547478aab9203d48bd1d8a2bf5944bfc1d7e0765-0"}
{"index": {"_index":"sim","_id":"1285039"}}
	{"id":1285039,"type":"buy","buyer":"gerber","seller":"onecent","symbol":"SIM","quantity":"1854.000","price":"0.00098790","timestamp":1627757493,"volume":"1.83156660","buyTxId":"539a1584fba8695e0309efeac3d6f09f22375c20","sellTxId":"88b941a49cc916bb499191c014774ca9abd6e7fb"}
{"index": {"_index":"sim","_id":"1285040"}}
	{"id":1285040,"type":"buy","buyer":"gerber","seller":"onecent","symbol":"SIM","quantity":"1854.000","price":"0.00098790","timestamp":1627757493,"volume":"1.83156660","buyTxId":"539a1584fba8695e0309efeac3d6f09f22375c20","sellTxId":"85726e6c6321b01671d2f3b9a43667d2c3b8014f"}
{"index": {"_index":"sim","_id":"1285041"}}
	{"id":1285041,"type":"buy","buyer":"gerber","seller":"nftmart.fees","symbol":"SIM","quantity":"2.000","price":"0.00098798","timestamp":1627757493,"volume":"0.00197596","buyTxId":"539a1584fba8695e0309efeac3d6f09f22375c20","sellTxId":"52c62585e88c4f241f9a10eadbe86916f0faf900-0"}
{"index": {"_index":"sim","_id":"1285042"}}
	{"id":1285042,"type":"buy","buyer":"gerber","seller":"dhedge-drips","symbol":"SIM","quantity":"0.005","price":"0.00098798","timestamp":1627757493,"volume":"0.00000494","buyTxId":"539a1584fba8695e0309efeac3d6f09f22375c20","sellTxId":"7d781b05ba6bab59c3d3ab42599b1525522f7de4"}
{"index": {"_index":"sim","_id":"1285043"}}
	{"id":1285043,"type":"buy","buyer":"gerber","seller":"nftmart.fees","symbol":"SIM","quantity":"2.000","price":"0.00098799","timestamp":1627757493,"volume":"0.00197598","buyTxId":"539a1584fba8695e0309efeac3d6f09f22375c20","sellTxId":"2bc53a2888d6d42c889e3eed086a025de6864917-0"}
{"index": {"_index":"sim","_id":"1285044"}}
	{"id":1285044,"type":"buy","buyer":"gerber","seller":"mapac","symbol":"SIM","quantity":"1245.000","price":"0.00098800","timestamp":1627757493,"volume":"1.23006000","buyTxId":"539a1584fba8695e0309efeac3d6f09f22375c20","sellTxId":"5960114fc64f9cbeaba6c919cc77e64299af2684"}
{"index": {"_index":"sim","_id":"1285045"}}
	{"id":1285045,"type":"buy","buyer":"gerber","seller":"desyfit","symbol":"SIM","quantity":"36079.441","price":"0.00098813","timestamp":1627757493,"volume":"35.65117891","buyTxId":"539a1584fba8695e0309efeac3d6f09f22375c20","sellTxId":"ebc69d77b6320008d1d39bee196c0c5d66baad7f"}
{"index": {"_index":"sim","_id":"1285048"}}
	{"id":1285048,"type":"buy","buyer":"gerber","seller":"dcityfund","symbol":"SIM","quantity":"17275.187","price":"0.00095000","timestamp":1627757523,"volume":"16.41142765","buyTxId":"04d7d24bd50625ec14f5f37d5002aca7e8e7d833","sellTxId":"b5a8a26bd8953f4f7d1a0ad7c1383294a9755c34"}
{"index": {"_index":"sim","_id":"1285049"}}
	{"id":1285049,"type":"buy","buyer":"gerber","seller":"desyfit","symbol":"SIM","quantity":"63920.559","price":"0.00098813","timestamp":1627757523,"volume":"63.16182196","buyTxId":"04d7d24bd50625ec14f5f37d5002aca7e8e7d833","sellTxId":"ebc69d77b6320008d1d39bee196c0c5d66baad7f"}
{"index": {"_index":"sim","_id":"1285050"}}
	{"id":1285050,"type":"buy","buyer":"gerber","seller":"nftmart.fees","symbol":"SIM","quantity":"2.000","price":"0.00098836","timestamp":1627757523,"volume":"0.00197672","buyTxId":"04d7d24bd50625ec14f5f37d5002aca7e8e7d833","sellTxId":"0eeb9aca24f4c2e0d86d6d106c703c622f7f6f7b-0"}
{"index": {"_index":"sim","_id":"1285051"}}
	{"id":1285051,"type":"buy","buyer":"gerber","seller":"nftmart.fees","symbol":"SIM","quantity":"3.000","price":"0.00098839","timestamp":1627757523,"volume":"0.00296517","buyTxId":"04d7d24bd50625ec14f5f37d5002aca7e8e7d833","sellTxId":"b88e3fbec86c6c17bdbe1fe115b31dd72f38639b-0"}
{"index": {"_index":"sim","_id":"1285052"}}
	{"id":1285052,"type":"buy","buyer":"gerber","seller":"nftmart.fees","symbol":"SIM","quantity":"3.000","price":"0.00098845","timestamp":1627757523,"volume":"0.00296535","buyTxId":"04d7d24bd50625ec14f5f37d5002aca7e8e7d833","sellTxId":"4b2c120aac30ff50fbb8254e9dfc047415cfce8f-0"}
{"index": {"_index":"sim","_id":"1285053"}}
	{"id":1285053,"type":"buy","buyer":"gerber","seller":"shaktidas2020","symbol":"SIM","quantity":"37500.000","price":"0.00098850","timestamp":1627757523,"volume":"37.06875000","buyTxId":"04d7d24bd50625ec14f5f37d5002aca7e8e7d833","sellTxId":"8fc2b0a1c8fdccf709b4b6967b3d0690cf904ba9"}
{"index": {"_index":"sim","_id":"1285054"}}
	{"id":1285054,"type":"buy","buyer":"gerber","seller":"nftmart.fees","symbol":"SIM","quantity":"4.000","price":"0.00098861","timestamp":1627757523,"volume":"0.00395444","buyTxId":"04d7d24bd50625ec14f5f37d5002aca7e8e7d833","sellTxId":"d4219bbc73cf5ce2706ff90711b99f8fd21726be-0"}
{"index": {"_index":"sim","_id":"1285055"}}
	{"id":1285055,"type":"buy","buyer":"gerber","seller":"nftmart.fees","symbol":"SIM","quantity":"4.000","price":"0.00098875","timestamp":1627757523,"volume":"0.00395500","buyTxId":"04d7d24bd50625ec14f5f37d5002aca7e8e7d833","sellTxId":"12fe5a50bd7e43bdb6f2281d0ad13d222de97162-0"}
{"index": {"_index":"sim","_id":"1285056"}}
	{"id":1285056,"type":"buy","buyer":"gerber","seller":"nftmart.fees","symbol":"SIM","quantity":"5.000","price":"0.00098878","timestamp":1627757523,"volume":"0.00494390","buyTxId":"04d7d24bd50625ec14f5f37d5002aca7e8e7d833","sellTxId":"3311130d41836d2f80b75f9948da094d1e42af66-0"}
{"index": {"_index":"sim","_id":"1285057"}}
	{"id":1285057,"type":"buy","buyer":"gerber","seller":"nftmart.fees","symbol":"SIM","quantity":"7.000","price":"0.00098882","timestamp":1627757523,"volume":"0.00692174","buyTxId":"04d7d24bd50625ec14f5f37d5002aca7e8e7d833","sellTxId":"6357223c01aefb91624443c8325dcb9fa8b89001-0"}
{"index": {"_index":"sim","_id":"1285058"}}
	{"id":1285058,"type":"buy","buyer":"gerber","seller":"nftmart.fees","symbol":"SIM","quantity":"9.000","price":"0.00098883","timestamp":1627757523,"volume":"0.00889947","buyTxId":"04d7d24bd50625ec14f5f37d5002aca7e8e7d833","sellTxId":"858cf16814ff2be37301ae42f294e2cab94cc71a-0"}
{"index": {"_index":"sim","_id":"1285059"}}
	{"id":1285059,"type":"buy","buyer":"gerber","seller":"nftmart.fees","symbol":"SIM","quantity":"10.000","price":"0.00098884","timestamp":1627757523,"volume":"0.00988840","buyTxId":"04d7d24bd50625ec14f5f37d5002aca7e8e7d833","sellTxId":"2303fee2306d1f158fabb93c314be51fd75e990d-0"}
{"index": {"_index":"sim","_id":"1285060"}}
	{"id":1285060,"type":"buy","buyer":"gerber","seller":"nftmart.fees","symbol":"SIM","quantity":"12.000","price":"0.00098885","timestamp":1627757523,"volume":"0.01186620","buyTxId":"04d7d24bd50625ec14f5f37d5002aca7e8e7d833","sellTxId":"848f03b40b4e3c38691bc89a768de0cc312fae13-0"}
{"index": {"_index":"sim","_id":"1285061"}}
	{"id":1285061,"type":"buy","buyer":"gerber","seller":"nftmart.fees","symbol":"SIM","quantity":"13.000","price":"0.00098886","timestamp":1627757523,"volume":"0.01285518","buyTxId":"04d7d24bd50625ec14f5f37d5002aca7e8e7d833","sellTxId":"325f12b2162785b010a6b63c4367446b3fce1ff0-0"}
{"index": {"_index":"sim","_id":"1285062"}}
	{"id":1285062,"type":"buy","buyer":"gerber","seller":"nftmart.fees","symbol":"SIM","quantity":"15.000","price":"0.00098887","timestamp":1627757523,"volume":"0.01483305","buyTxId":"04d7d24bd50625ec14f5f37d5002aca7e8e7d833","sellTxId":"eb90426227efa87f11cacb68f5ee19d95bd94375-0"}
{"index": {"_index":"sim","_id":"1285063"}}
	{"id":1285063,"type":"buy","buyer":"gerber","seller":"nftmart.fees","symbol":"SIM","quantity":"17.000","price":"0.00098888","timestamp":1627757523,"volume":"0.01681096","buyTxId":"04d7d24bd50625ec14f5f37d5002aca7e8e7d833","sellTxId":"1b6afcf6dc51c7bd1715f2a1cd8ba916a260cf3f-0"}
{"index": {"_index":"sim","_id":"1285064"}}
	{"id":1285064,"type":"buy","buyer":"gerber","seller":"nftmart.fees","symbol":"SIM","quantity":"20.000","price":"0.00098889","timestamp":1627757523,"volume":"0.01977780","buyTxId":"04d7d24bd50625ec14f5f37d5002aca7e8e7d833","sellTxId":"4b0f08de40f9dec5d2bce97bdfbdcf2ce16e4fa7-0"}
{"index": {"_index":"sim","_id":"1285065"}}
	{"id":1285065,"type":"buy","buyer":"gerber","seller":"mapac","symbol":"SIM","quantity":"1244.000","price":"0.00098890","timestamp":1627757523,"volume":"1.23019160","buyTxId":"04d7d24bd50625ec14f5f37d5002aca7e8e7d833","sellTxId":"eb6f77e4f40a916636fc5af2abc44db7810d239d"}
{"index": {"_index":"sim","_id":"1285066"}}
	{"id":1285066,"type":"buy","buyer":"gerber","seller":"nftmart.fees","symbol":"SIM","quantity":"23.000","price":"0.00098968","timestamp":1627757523,"volume":"0.02276264","buyTxId":"04d7d24bd50625ec14f5f37d5002aca7e8e7d833","sellTxId":"12ffdd52acc0892fb775e9450c1fd4553a116800-0"}
{"index": {"_index":"sim","_id":"1285067"}}
	{"id":1285067,"type":"buy","buyer":"gerber","seller":"nftmart.fees","symbol":"SIM","quantity":"26.000","price":"0.00098977","timestamp":1627757523,"volume":"0.02573402","buyTxId":"04d7d24bd50625ec14f5f37d5002aca7e8e7d833","sellTxId":"5694cf5cedb6e024d1b6508dca952ccbdc2dd7f9-0"}
{"index": {"_index":"sim","_id":"1285068"}}
	{"id":1285068,"type":"buy","buyer":"gerber","seller":"dcityfund","symbol":"SIM","quantity":"344.673","price":"0.00099000","timestamp":1627757523,"volume":"0.34122627","buyTxId":"04d7d24bd50625ec14f5f37d5002aca7e8e7d833","sellTxId":"eb3a565304fcf8abde0333e0df3fc10e55572b42"}
{"index": {"_index":"sim","_id":"1285069"}}
	{"id":1285069,"type":"buy","buyer":"gerber","seller":"dcityfund","symbol":"SIM","quantity":"709.509","price":"0.00099000","timestamp":1627757523,"volume":"0.70241391","buyTxId":"04d7d24bd50625ec14f5f37d5002aca7e8e7d833","sellTxId":"0aa4d6a9aca56e625938209b3e597c92f9fe5f35"}
{"index": {"_index":"sim","_id":"1285070"}}
	{"id":1285070,"type":"buy","buyer":"gerber","seller":"dcityfund","symbol":"SIM","quantity":"877.325","price":"0.00099000","timestamp":1627757523,"volume":"0.86855175","buyTxId":"04d7d24bd50625ec14f5f37d5002aca7e8e7d833","sellTxId":"4751ae6176f04e7a94731dfbf6c7f38eff49b842"}
{"index": {"_index":"sim","_id":"1285071"}}
	{"id":1285071,"type":"buy","buyer":"gerber","seller":"dcityfund","symbol":"SIM","quantity":"2906.581","price":"0.00099000","timestamp":1627757523,"volume":"2.87751519","buyTxId":"04d7d24bd50625ec14f5f37d5002aca7e8e7d833","sellTxId":"fc2e8a0ea29ab9234a41885ced4962cb3d72044d"}
{"index": {"_index":"sim","_id":"1285072"}}
	{"id":1285072,"type":"buy","buyer":"gerber","seller":"dcityfund","symbol":"SIM","quantity":"3217.440","price":"0.00099000","timestamp":1627757523,"volume":"3.18526560","buyTxId":"04d7d24bd50625ec14f5f37d5002aca7e8e7d833","sellTxId":"2b8fbacf7ea98ef232d4c46de7e293a58f392093"}
{"index": {"_index":"sim","_id":"1285073"}}
	{"id":1285073,"type":"buy","buyer":"gerber","seller":"dcityfund","symbol":"SIM","quantity":"3336.545","price":"0.00099000","timestamp":1627757523,"volume":"3.30317955","buyTxId":"04d7d24bd50625ec14f5f37d5002aca7e8e7d833","sellTxId":"2d6374ec05742eb418b732be7dca735cfc6d6c05"}
{"index": {"_index":"sim","_id":"1285074"}}
	{"id":1285074,"type":"buy","buyer":"gerber","seller":"dcityfund","symbol":"SIM","quantity":"5065.789","price":"0.00099000","timestamp":1627757523,"volume":"5.01513111","buyTxId":"04d7d24bd50625ec14f5f37d5002aca7e8e7d833","sellTxId":"4da586d00f61b5069ac44bc32f6ab356d88a5d8a"}
{"index": {"_index":"sim","_id":"1285075"}}
	{"id":1285075,"type":"buy","buyer":"gerber","seller":"medaymane","symbol":"SIM","quantity":"323.000","price":"0.00099000","timestamp":1627757523,"volume":"0.31977000","buyTxId":"04d7d24bd50625ec14f5f37d5002aca7e8e7d833","sellTxId":"2c1a98e2749165e2a7cf09444f014023931a2eac"}
{"index": {"_index":"sim","_id":"1285076"}}
	{"id":1285076,"type":"buy","buyer":"gerber","seller":"dotevo","symbol":"SIM","quantity":"862.530","price":"0.00100000","timestamp":1627757523,"volume":"0.86253000","buyTxId":"04d7d24bd50625ec14f5f37d5002aca7e8e7d833","sellTxId":"7b26c66f6f2e5351478ad67850fd4f2502b89a4e"}
{"index": {"_index":"sim","_id":"1285077"}}
	{"id":1285077,"type":"buy","buyer":"gerber","seller":"dhedge-drips","symbol":"SIM","quantity":"6.104","price":"0.00102949","timestamp":1627757523,"volume":"0.00628401","buyTxId":"04d7d24bd50625ec14f5f37d5002aca7e8e7d833","sellTxId":"ad0cabfbac2b95b7f195062de497eddd77159617"}
{"index": {"_index":"sim","_id":"1285078"}}
	{"id":1285078,"type":"buy","buyer":"gerber","seller":"mpath","symbol":"SIM","quantity":"888.000","price":"0.00103400","timestamp":1627757523,"volume":"0.91819200","buyTxId":"04d7d24bd50625ec14f5f37d5002aca7e8e7d833","sellTxId":"993518100971ccb0b3efd9b7fd505a8bf3062668"}
{"index": {"_index":"sim","_id":"1285079"}}
	{"id":1285079,"type":"buy","buyer":"gerber","seller":"cryptofiloz","symbol":"SIM","quantity":"3047.000","price":"0.00103501","timestamp":1627757523,"volume":"3.15367547","buyTxId":"04d7d24bd50625ec14f5f37d5002aca7e8e7d833","sellTxId":"6b7183a2387cd26e8ad4187f46bcfde1d5509b4d"}
{"index": {"_index":"sim","_id":"1285080"}}
	{"id":1285080,"type":"buy","buyer":"gerber","seller":"alucard1260","symbol":"SIM","quantity":"176114.700","price":"0.00103999","timestamp":1627757523,"volume":"183.15752685","buyTxId":"04d7d24bd50625ec14f5f37d5002aca7e8e7d833","sellTxId":"1b67a20fcb83624a87c931120620e02b000070b3"}
{"index": {"_index":"sim","_id":"1285081"}}
	{"id":1285081,"type":"buy","buyer":"gerber","seller":"dcityfund","symbol":"SIM","quantity":"6366.568","price":"0.00104000","timestamp":1627757523,"volume":"6.62123072","buyTxId":"04d7d24bd50625ec14f5f37d5002aca7e8e7d833","sellTxId":"77ec1d2dddec2104ca557a991127009da447df74"}
{"index": {"_index":"sim","_id":"1285082"}}
	{"id":1285082,"type":"buy","buyer":"gerber","seller":"dcityfund","symbol":"SIM","quantity":"6365.318","price":"0.00104000","timestamp":1627757523,"volume":"6.61993072","buyTxId":"04d7d24bd50625ec14f5f37d5002aca7e8e7d833","sellTxId":"2fb1ad35dfee44338c64782a6027ebe5cc1b56af"}
{"index": {"_index":"sim","_id":"1285083"}}
	{"id":1285083,"type":"buy","buyer":"gerber","seller":"dcityfund","symbol":"SIM","quantity":"6361.936","price":"0.00104000","timestamp":1627757523,"volume":"6.61641344","buyTxId":"04d7d24bd50625ec14f5f37d5002aca7e8e7d833","sellTxId":"41c6d5f5095d9eda7b67a05a0230b725cc88e699"}
{"index": {"_index":"sim","_id":"1285084"}}
	{"id":1285084,"type":"buy","buyer":"gerber","seller":"dcityfund","symbol":"SIM","quantity":"6357.020","price":"0.00104000","timestamp":1627757523,"volume":"6.61130080","buyTxId":"04d7d24bd50625ec14f5f37d5002aca7e8e7d833","sellTxId":"1e38eab278f58eedd0712f9c28b0128beffca608"}
{"index": {"_index":"sim","_id":"1285085"}}
	{"id":1285085,"type":"buy","buyer":"gerber","seller":"dcityfund","symbol":"SIM","quantity":"6350.060","price":"0.00104000","timestamp":1627757523,"volume":"6.60406240","buyTxId":"04d7d24bd50625ec14f5f37d5002aca7e8e7d833","sellTxId":"0c69cafe6c4c9d5c60c2acabb364325df0f62d5a"}
{"index": {"_index":"sim","_id":"1285086"}}
	{"id":1285086,"type":"buy","buyer":"gerber","seller":"dcityfund","symbol":"SIM","quantity":"6341.641","price":"0.00104000","timestamp":1627757523,"volume":"6.59530664","buyTxId":"04d7d24bd50625ec14f5f37d5002aca7e8e7d833","sellTxId":"bbbb5e1907155d755520e9415b3b8845a6fd800b"}
{"index": {"_index":"sim","_id":"1285087"}}
	{"id":1285087,"type":"buy","buyer":"gerber","seller":"dcityfund","symbol":"SIM","quantity":"6331.530","price":"0.00104000","timestamp":1627757523,"volume":"6.58479120","buyTxId":"04d7d24bd50625ec14f5f37d5002aca7e8e7d833","sellTxId":"a9a313019b72db76f7533ec3b99cf858ea7dd386"}
{"index": {"_index":"sim","_id":"1285088"}}
	{"id":1285088,"type":"buy","buyer":"gerber","seller":"dcityfund","symbol":"SIM","quantity":"6320.029","price":"0.00104000","timestamp":1627757523,"volume":"6.57283016","buyTxId":"04d7d24bd50625ec14f5f37d5002aca7e8e7d833","sellTxId":"153e7f59a0c35795c7c2ddb4093bae0455c5b41e"}
{"index": {"_index":"sim","_id":"1285089"}}
	{"id":1285089,"type":"buy","buyer":"gerber","seller":"sayee","symbol":"SIM","quantity":"896.176","price":"0.00104000","timestamp":1627757523,"volume":"0.93202304","buyTxId":"04d7d24bd50625ec14f5f37d5002aca7e8e7d833","sellTxId":"eea9f18e7e89a526efb47397a6199990d241b686"}
{"index": {"_index":"sim","_id":"1285090"}}
	{"id":1285090,"type":"buy","buyer":"gerber","seller":"dcityfund","symbol":"SIM","quantity":"2557.851","price":"0.00104000","timestamp":1627757523,"volume":"2.66016504","buyTxId":"04d7d24bd50625ec14f5f37d5002aca7e8e7d833","sellTxId":"bb19029720ba2c642dd353fdc19830d90400b2bd"}
{"index": {"_index":"sim","_id":"1285091"}}
	{"id":1285091,"type":"buy","buyer":"gerber","seller":"mpath","symbol":"SIM","quantity":"888.000","price":"0.00104000","timestamp":1627757523,"volume":"0.92352000","buyTxId":"04d7d24bd50625ec14f5f37d5002aca7e8e7d833","sellTxId":"6a59d6cb728a9aeb7a55c202c6022742d7c449ad"}
{"index": {"_index":"sim","_id":"1285092"}}
	{"id":1285092,"type":"buy","buyer":"gerber","seller":"accelerator","symbol":"SIM","quantity":"333.000","price":"0.00104000","timestamp":1627757523,"volume":"0.34632000","buyTxId":"04d7d24bd50625ec14f5f37d5002aca7e8e7d833","sellTxId":"f4135fd23cee5c7aff9713bf682ae3134862e761"}
{"index": {"_index":"sim","_id":"1285093"}}
	{"id":1285093,"type":"buy","buyer":"gerber","seller":"dcityfund","symbol":"SIM","quantity":"6318.503","price":"0.00105000","timestamp":1627757523,"volume":"6.63442815","buyTxId":"04d7d24bd50625ec14f5f37d5002aca7e8e7d833","sellTxId":"312c1b3ecd309296e06d2529bc6aab315afa27d0"}
{"index": {"_index":"sim","_id":"1285094"}}
	{"id":1285094,"type":"buy","buyer":"gerber","seller":"dcityfund","symbol":"SIM","quantity":"6331.967","price":"0.00105000","timestamp":1627757523,"volume":"6.64856535","buyTxId":"04d7d24bd50625ec14f5f37d5002aca7e8e7d833","sellTxId":"3892824ade5b5b64436bec4056a41803ff58500e"}
{"index": {"_index":"sim","_id":"1285095"}}
	{"id":1285095,"type":"buy","buyer":"gerber","seller":"dcityfund","symbol":"SIM","quantity":"5975.761","price":"0.00105000","timestamp":1627757523,"volume":"6.27454938","buyTxId":"04d7d24bd50625ec14f5f37d5002aca7e8e7d833","sellTxId":"d229821c2d0d9d5fe0108b9032b28bf845df5b9e"}
{"index": {"_index":"sim","_id":"1285112"}}
	{"id":1285112,"type":"sell","buyer":"eythorphoto","seller":"elricmoonslayer","symbol":"SIM","quantity":"600.000","price":"0.00090000","timestamp":1627757709,"volume":"0.54000000","buyTxId":"75b4935331de5d37dfb3c0c979c8551786528b18","sellTxId":"b47197d3b5ce072cf9a83705d5687828414b3616"}
{"index": {"_index":"sim","_id":"1285129"}}
	{"id":1285129,"type":"buy","buyer":"gerber","seller":"monsterjamgold","symbol":"SIM","quantity":"1626.000","price":"0.00104800","timestamp":1627758090,"volume":"1.70404800","buyTxId":"09fe69aafd3c0b0843cea965bdb38da3078c5f52","sellTxId":"9a784ede20c77707a9f99ced03fb36f92f37ba10"}
{"index": {"_index":"sim","_id":"1285130"}}
	{"id":1285130,"type":"buy","buyer":"gerber","seller":"jelly-cz","symbol":"SIM","quantity":"12442.000","price":"0.00104998","timestamp":1627758090,"volume":"13.06385116","buyTxId":"09fe69aafd3c0b0843cea965bdb38da3078c5f52","sellTxId":"MM-P-9149672-56130982-3-34-0"}
{"index": {"_index":"sim","_id":"1285131"}}
	{"id":1285131,"type":"buy","buyer":"gerber","seller":"dcityfund","symbol":"SIM","quantity":"367.233","price":"0.00105000","timestamp":1627758090,"volume":"0.38559465","buyTxId":"09fe69aafd3c0b0843cea965bdb38da3078c5f52","sellTxId":"d229821c2d0d9d5fe0108b9032b28bf845df5b9e"}
{"index": {"_index":"sim","_id":"1285132"}}
	{"id":1285132,"type":"buy","buyer":"gerber","seller":"dcityfund","symbol":"SIM","quantity":"6351.921","price":"0.00105000","timestamp":1627758090,"volume":"6.66951705","buyTxId":"09fe69aafd3c0b0843cea965bdb38da3078c5f52","sellTxId":"95e82b2a4cd3cb0ae64d0a7f580ac27db7c313d2"}
{"index": {"_index":"sim","_id":"1285133"}}
	{"id":1285133,"type":"buy","buyer":"gerber","seller":"dcityfund","symbol":"SIM","quantity":"6358.784","price":"0.00105000","timestamp":1627758090,"volume":"6.67672320","buyTxId":"09fe69aafd3c0b0843cea965bdb38da3078c5f52","sellTxId":"2dc238d2f915bb037fe0b13241f1b18d49c6c96d"}
{"index": {"_index":"sim","_id":"1285134"}}
	{"id":1285134,"type":"buy","buyer":"gerber","seller":"dcityfund","symbol":"SIM","quantity":"6363.341","price":"0.00105000","timestamp":1627758090,"volume":"6.68150805","buyTxId":"09fe69aafd3c0b0843cea965bdb38da3078c5f52","sellTxId":"6dffd0616b9848ff5bc2c0a66236eb134805d68e"}
{"index": {"_index":"sim","_id":"1285135"}}
	{"id":1285135,"type":"buy","buyer":"gerber","seller":"dcityfund","symbol":"SIM","quantity":"6365.922","price":"0.00105000","timestamp":1627758090,"volume":"6.68421810","buyTxId":"09fe69aafd3c0b0843cea965bdb38da3078c5f52","sellTxId":"1988939b066adc2d7a633decefa5d7bf809ea262"}
{"index": {"_index":"sim","_id":"1285136"}}
	{"id":1285136,"type":"buy","buyer":"gerber","seller":"mapac","symbol":"SIM","quantity":"888.000","price":"0.00105000","timestamp":1627758090,"volume":"0.93240000","buyTxId":"09fe69aafd3c0b0843cea965bdb38da3078c5f52","sellTxId":"cd771da40f39595c6676704cfb4d09a63cc5598d"}
{"index": {"_index":"sim","_id":"1285137"}}
	{"id":1285137,"type":"buy","buyer":"gerber","seller":"dcityfund","symbol":"SIM","quantity":"17306.140","price":"0.00105000","timestamp":1627758090,"volume":"18.17144700","buyTxId":"09fe69aafd3c0b0843cea965bdb38da3078c5f52","sellTxId":"cc5a8f5b7f91ad37af1258c892543aea95021581"}
{"index": {"_index":"sim","_id":"1285138"}}
	{"id":1285138,"type":"buy","buyer":"gerber","seller":"dcityfund","symbol":"SIM","quantity":"17318.057","price":"0.00105000","timestamp":1627758090,"volume":"18.18395985","buyTxId":"09fe69aafd3c0b0843cea965bdb38da3078c5f52","sellTxId":"bc63e666405651d01daf8a511b0e0d1fffb8f96c"}
{"index": {"_index":"sim","_id":"1285139"}}
	{"id":1285139,"type":"buy","buyer":"gerber","seller":"dcityfund","symbol":"SIM","quantity":"17087.396","price":"0.00105000","timestamp":1627758090,"volume":"17.94176580","buyTxId":"09fe69aafd3c0b0843cea965bdb38da3078c5f52","sellTxId":"fb1332216a0819c7ab96353a2f6b411847cc03c6"}
{"index": {"_index":"sim","_id":"1285140"}}
	{"id":1285140,"type":"buy","buyer":"gerber","seller":"dcityfund","symbol":"SIM","quantity":"17077.837","price":"0.00105000","timestamp":1627758090,"volume":"17.93172885","buyTxId":"09fe69aafd3c0b0843cea965bdb38da3078c5f52","sellTxId":"c4ebb3ef0f57cb9cf2ae8756d75fb01e3da7a2bf"}
{"index": {"_index":"sim","_id":"1285141"}}
	{"id":1285141,"type":"buy","buyer":"gerber","seller":"dcityfund","symbol":"SIM","quantity":"16835.141","price":"0.00105000","timestamp":1627758090,"volume":"17.67689805","buyTxId":"09fe69aafd3c0b0843cea965bdb38da3078c5f52","sellTxId":"84380cabf1c133bd390b7e69ba9d330754c04dcc"}
{"index": {"_index":"sim","_id":"1285142"}}
	{"id":1285142,"type":"buy","buyer":"gerber","seller":"dcityfund","symbol":"SIM","quantity":"16806.672","price":"0.00105000","timestamp":1627758090,"volume":"17.64700560","buyTxId":"09fe69aafd3c0b0843cea965bdb38da3078c5f52","sellTxId":"e9f46ba0b2b21be12acae890f93f4a81e332aa0b"}
{"index": {"_index":"sim","_id":"1285143"}}
	{"id":1285143,"type":"buy","buyer":"gerber","seller":"dcityfund","symbol":"SIM","quantity":"16554.280","price":"0.00105000","timestamp":1627758090,"volume":"17.38199400","buyTxId":"09fe69aafd3c0b0843cea965bdb38da3078c5f52","sellTxId":"0ec4bc989c597f55b27964a726ed78a444e47383"}
{"index": {"_index":"sim","_id":"1285144"}}
	{"id":1285144,"type":"buy","buyer":"gerber","seller":"dcityfund","symbol":"SIM","quantity":"16509.292","price":"0.00105000","timestamp":1627758090,"volume":"17.33475660","buyTxId":"09fe69aafd3c0b0843cea965bdb38da3078c5f52","sellTxId":"94a58e4ecb9de236223b82fa83f3fef13613a9fe"}
{"index": {"_index":"sim","_id":"1285145"}}
	{"id":1285145,"type":"buy","buyer":"gerber","seller":"dcityfund","symbol":"SIM","quantity":"16249.360","price":"0.00105000","timestamp":1627758090,"volume":"17.06182800","buyTxId":"09fe69aafd3c0b0843cea965bdb38da3078c5f52","sellTxId":"444ed652303dac3524324f7db6c0c3a4316ea9c7"}
{"index": {"_index":"sim","_id":"1285146"}}
	{"id":1285146,"type":"buy","buyer":"gerber","seller":"dcityfund","symbol":"SIM","quantity":"16190.069","price":"0.00105000","timestamp":1627758090,"volume":"16.99957245","buyTxId":"09fe69aafd3c0b0843cea965bdb38da3078c5f52","sellTxId":"1a67185042905ecc4876f69867ef82b46f3175c7"}
{"index": {"_index":"sim","_id":"1285147"}}
	{"id":1285147,"type":"buy","buyer":"gerber","seller":"dcityfund","symbol":"SIM","quantity":"15924.566","price":"0.00105000","timestamp":1627758090,"volume":"16.72079430","buyTxId":"09fe69aafd3c0b0843cea965bdb38da3078c5f52","sellTxId":"6a0552f4c96d60f9e7ebe17bef1ded2425a92e6b"}
{"index": {"_index":"sim","_id":"1285148"}}
	{"id":1285148,"type":"buy","buyer":"gerber","seller":"dcityfund","symbol":"SIM","quantity":"15852.676","price":"0.00105000","timestamp":1627758090,"volume":"16.64530980","buyTxId":"09fe69aafd3c0b0843cea965bdb38da3078c5f52","sellTxId":"a8425dbe6fcd52db619b484b647b09823b74d8b5"}
{"index": {"_index":"sim","_id":"1285149"}}
	{"id":1285149,"type":"buy","buyer":"gerber","seller":"dcityfund","symbol":"SIM","quantity":"6263.317","price":"0.00107000","timestamp":1627758090,"volume":"6.70174919","buyTxId":"09fe69aafd3c0b0843cea965bdb38da3078c5f52","sellTxId":"c9fc10922f7d234121912a1864bb686bff5bb437"}
{"index": {"_index":"sim","_id":"1285150"}}
	{"id":1285150,"type":"buy","buyer":"gerber","seller":"dcityfund","symbol":"SIM","quantity":"6284.070","price":"0.00107000","timestamp":1627758090,"volume":"6.72395490","buyTxId":"09fe69aafd3c0b0843cea965bdb38da3078c5f52","sellTxId":"b36ab822925430bc56ab62f464cef3b01a850a05"}
{"index": {"_index":"sim","_id":"1285151"}}
	{"id":1285151,"type":"buy","buyer":"gerber","seller":"dcityfund","symbol":"SIM","quantity":"6302.552","price":"0.00107000","timestamp":1627758090,"volume":"6.74373064","buyTxId":"09fe69aafd3c0b0843cea965bdb38da3078c5f52","sellTxId":"b914571845f78d433f14577f1c6167b61cd8a579"}
{"index": {"_index":"sim","_id":"1285152"}}
	{"id":1285152,"type":"buy","buyer":"gerber","seller":"accelerator","symbol":"SIM","quantity":"333.000","price":"0.00107400","timestamp":1627758090,"volume":"0.35764200","buyTxId":"09fe69aafd3c0b0843cea965bdb38da3078c5f52","sellTxId":"b01c5b05e099e0b37d6f2a5c8178824ace539e85"}
{"index": {"_index":"sim","_id":"1285153"}}
	{"id":1285153,"type":"buy","buyer":"gerber","seller":"dcityfund","symbol":"SIM","quantity":"5995.836","price":"0.00108000","timestamp":1627758090,"volume":"6.47550288","buyTxId":"09fe69aafd3c0b0843cea965bdb38da3078c5f52","sellTxId":"c6fbf08a0f4cfd07790d0e6e52572fb403637749"}
{"index": {"_index":"sim","_id":"1285154"}}
	{"id":1285154,"type":"buy","buyer":"gerber","seller":"dcityfund","symbol":"SIM","quantity":"6039.728","price":"0.00108000","timestamp":1627758090,"volume":"6.52290624","buyTxId":"09fe69aafd3c0b0843cea965bdb38da3078c5f52","sellTxId":"6d5e7aefc455185a4bfd8447d81186cbc2ec75f7"}
{"index": {"_index":"sim","_id":"1285155"}}
	{"id":1285155,"type":"buy","buyer":"gerber","seller":"dcityfund","symbol":"SIM","quantity":"6080.693","price":"0.00108000","timestamp":1627758090,"volume":"6.56714844","buyTxId":"09fe69aafd3c0b0843cea965bdb38da3078c5f52","sellTxId":"0b3c492c0b6395688908666ae3735d2c3a8368f0"}
{"index": {"_index":"sim","_id":"1285156"}}
	{"id":1285156,"type":"buy","buyer":"gerber","seller":"dcityfund","symbol":"SIM","quantity":"6118.135","price":"0.00108000","timestamp":1627758090,"volume":"6.60758580","buyTxId":"09fe69aafd3c0b0843cea965bdb38da3078c5f52","sellTxId":"a12cc3c88dce5042ae877babad3fe652b5399490"}
{"index": {"_index":"sim","_id":"1285157"}}
	{"id":1285157,"type":"buy","buyer":"gerber","seller":"dcityfund","symbol":"SIM","quantity":"6153.055","price":"0.00108000","timestamp":1627758090,"volume":"6.64529940","buyTxId":"09fe69aafd3c0b0843cea965bdb38da3078c5f52","sellTxId":"e1b14fd49c1db9dc9adce1882d294de3e6424031"}
{"index": {"_index":"sim","_id":"1285158"}}
	{"id":1285158,"type":"buy","buyer":"gerber","seller":"dcityfund","symbol":"SIM","quantity":"6184.860","price":"0.00108000","timestamp":1627758090,"volume":"6.67964880","buyTxId":"09fe69aafd3c0b0843cea965bdb38da3078c5f52","sellTxId":"02ea94255326ea35e02ab8e2633da3383fd882cf"}
{"index": {"_index":"sim","_id":"1285159"}}
	{"id":1285159,"type":"buy","buyer":"gerber","seller":"dcityfund","symbol":"SIM","quantity":"6213.601","price":"0.00108000","timestamp":1627758090,"volume":"6.71068908","buyTxId":"09fe69aafd3c0b0843cea965bdb38da3078c5f52","sellTxId":"02c2130667f700e388838e2d4dd935724eb6470c"}
{"index": {"_index":"sim","_id":"1285160"}}
	{"id":1285160,"type":"buy","buyer":"gerber","seller":"dcityfund","symbol":"SIM","quantity":"6239.945","price":"0.00108000","timestamp":1627758090,"volume":"6.73914060","buyTxId":"09fe69aafd3c0b0843cea965bdb38da3078c5f52","sellTxId":"a3ed57be6dfcbb8e209c3640578638c24ca7b929"}
{"index": {"_index":"sim","_id":"1285161"}}
	{"id":1285161,"type":"buy","buyer":"gerber","seller":"tussar11","symbol":"SIM","quantity":"16552.000","price":"0.00108000","timestamp":1627758090,"volume":"17.87616000","buyTxId":"09fe69aafd3c0b0843cea965bdb38da3078c5f52","sellTxId":"aa370501eb2cdce8c2e36324b43b186485d5821f"}
{"index": {"_index":"sim","_id":"1285162"}}
	{"id":1285162,"type":"buy","buyer":"gerber","seller":"dcityfund","symbol":"SIM","quantity":"5948.652","price":"0.00109000","timestamp":1627758090,"volume":"6.48403068","buyTxId":"09fe69aafd3c0b0843cea965bdb38da3078c5f52","sellTxId":"42d61b36cdba3b914553dd1742821137e12cd606"}
{"index": {"_index":"sim","_id":"1285163"}}
	{"id":1285163,"type":"buy","buyer":"gerber","seller":"ecuaminte","symbol":"SIM","quantity":"7982.020","price":"0.00109000","timestamp":1627758090,"volume":"8.70040180","buyTxId":"09fe69aafd3c0b0843cea965bdb38da3078c5f52","sellTxId":"4fbb9b47fe84c412079788295c8cbaddc8e57c0f"}
{"index": {"_index":"sim","_id":"1285164"}}
	{"id":1285164,"type":"buy","buyer":"gerber","seller":"dcityfund","symbol":"SIM","quantity":"3854.253","price":"0.00109500","timestamp":1627758090,"volume":"4.22040704","buyTxId":"09fe69aafd3c0b0843cea965bdb38da3078c5f52","sellTxId":"a693c314e361f62b992f421ec4397d8dc9bf692a"}
{"index": {"_index":"sim","_id":"1285165"}}
	{"id":1285165,"type":"buy","buyer":"gerber","seller":"cryptofiloz","symbol":"SIM","quantity":"4177.000","price":"0.00109501","timestamp":1627758090,"volume":"4.57385677","buyTxId":"09fe69aafd3c0b0843cea965bdb38da3078c5f52","sellTxId":"a9ceda8008d8841e161c2f3b37c7934b8969b5da"}
{"index": {"_index":"sim","_id":"1285166"}}
	{"id":1285166,"type":"buy","buyer":"gerber","seller":"dcityfund","symbol":"SIM","quantity":"3872.438","price":"0.00110000","timestamp":1627758090,"volume":"4.25968180","buyTxId":"09fe69aafd3c0b0843cea965bdb38da3078c5f52","sellTxId":"baca3d900b9ec11677765af687e2f99874c26596"}
{"index": {"_index":"sim","_id":"1285167"}}
	{"id":1285167,"type":"buy","buyer":"gerber","seller":"martusamak","symbol":"SIM","quantity":"6727.110","price":"0.00110000","timestamp":1627758090,"volume":"7.39982100","buyTxId":"09fe69aafd3c0b0843cea965bdb38da3078c5f52","sellTxId":"faad44b5d395de2f93c9136e671bd0b3718b36d7"}
{"index": {"_index":"sim","_id":"1285168"}}
	{"id":1285168,"type":"buy","buyer":"gerber","seller":"dragokazo","symbol":"SIM","quantity":"2124.000","price":"0.00110000","timestamp":1627758090,"volume":"2.33640000","buyTxId":"09fe69aafd3c0b0843cea965bdb38da3078c5f52","sellTxId":"f716303a042685108bf5bd17845d6a2a5ccbe738"}
{"index": {"_index":"sim","_id":"1285169"}}
	{"id":1285169,"type":"buy","buyer":"gerber","seller":"mapac","symbol":"SIM","quantity":"333.000","price":"0.00110300","timestamp":1627758090,"volume":"0.36729900","buyTxId":"09fe69aafd3c0b0843cea965bdb38da3078c5f52","sellTxId":"448ba44b210a22a7a80c57c9e959ec3d2c3f8a4b"}
{"index": {"_index":"sim","_id":"1285170"}}
	{"id":1285170,"type":"buy","buyer":"gerber","seller":"dcityfund","symbol":"SIM","quantity":"1196.772","price":"0.00110900","timestamp":1627758090,"volume":"1.32722015","buyTxId":"09fe69aafd3c0b0843cea965bdb38da3078c5f52","sellTxId":"1bbe16143c31dad540fa9eac6a89a2a4dd95d6d3"}
{"index": {"_index":"sim","_id":"1285171"}}
	{"id":1285171,"type":"buy","buyer":"gerber","seller":"dcityfund","symbol":"SIM","quantity":"1192.769","price":"0.00110900","timestamp":1627758090,"volume":"1.32278082","buyTxId":"09fe69aafd3c0b0843cea965bdb38da3078c5f52","sellTxId":"4472e4606d95c03615e1ff13d6b66dc0daf3e6c9"}
{"index": {"_index":"sim","_id":"1285172"}}
	{"id":1285172,"type":"buy","buyer":"gerber","seller":"dcityfund","symbol":"SIM","quantity":"1183.191","price":"0.00110900","timestamp":1627758090,"volume":"1.31215882","buyTxId":"09fe69aafd3c0b0843cea965bdb38da3078c5f52","sellTxId":"c00193e8b43944bf6315d59b747cfa55c3cc4df2"}
{"index": {"_index":"sim","_id":"1285173"}}
	{"id":1285173,"type":"buy","buyer":"gerber","seller":"dcityfund","symbol":"SIM","quantity":"1116.953","price":"0.00111900","timestamp":1627758090,"volume":"1.24987041","buyTxId":"09fe69aafd3c0b0843cea965bdb38da3078c5f52","sellTxId":"343c71bf1c2c15045c8fde96ceaf051a79d82f28"}
{"index": {"_index":"sim","_id":"1285174"}}
	{"id":1285174,"type":"buy","buyer":"gerber","seller":"dcityfund","symbol":"SIM","quantity":"1114.816","price":"0.00111900","timestamp":1627758090,"volume":"1.24747910","buyTxId":"09fe69aafd3c0b0843cea965bdb38da3078c5f52","sellTxId":"9e3501ef5c10411c014786c4d7b7123d9d6e1bf0"}
{"index": {"_index":"sim","_id":"1285175"}}
	{"id":1285175,"type":"buy","buyer":"gerber","seller":"dhedge-drips","symbol":"SIM","quantity":"458.669","price":"0.00111989","timestamp":1627758090,"volume":"0.51365883","buyTxId":"09fe69aafd3c0b0843cea965bdb38da3078c5f52","sellTxId":"89d8b40b11665760bdb86d420b0fe6b0e06e9668"}
{"index": {"_index":"sim","_id":"1285176"}}
	{"id":1285176,"type":"buy","buyer":"gerber","seller":"mapac","symbol":"SIM","quantity":"555.000","price":"0.00112000","timestamp":1627758090,"volume":"0.62160000","buyTxId":"09fe69aafd3c0b0843cea965bdb38da3078c5f52","sellTxId":"258b8f6f5a1aa776dc57af61a9f67f8ad986170e"}
{"index": {"_index":"sim","_id":"1285177"}}
	{"id":1285177,"type":"buy","buyer":"gerber","seller":"onecent","symbol":"SIM","quantity":"234.000","price":"0.00112000","timestamp":1627758090,"volume":"0.26208000","buyTxId":"09fe69aafd3c0b0843cea965bdb38da3078c5f52","sellTxId":"2b01c9962b6614f2ef285e45132327f5b54b2e2d"}
{"index": {"_index":"sim","_id":"1285178"}}
	{"id":1285178,"type":"buy","buyer":"gerber","seller":"dcityfund","symbol":"SIM","quantity":"605.125","price":"0.00112000","timestamp":1627758090,"volume":"0.67774000","buyTxId":"09fe69aafd3c0b0843cea965bdb38da3078c5f52","sellTxId":"59b67d311061b53e800f9a2a01b5e705edec3ad0"}
{"index": {"_index":"sim","_id":"1285179"}}
	{"id":1285179,"type":"buy","buyer":"gerber","seller":"dcityfund","symbol":"SIM","quantity":"595.389","price":"0.00112000","timestamp":1627758090,"volume":"0.66683568","buyTxId":"09fe69aafd3c0b0843cea965bdb38da3078c5f52","sellTxId":"03ee52eb8862a28209b96c41b752410f7abb94c5"}
{"index": {"_index":"sim","_id":"1285180"}}
	{"id":1285180,"type":"buy","buyer":"gerber","seller":"dcityfund","symbol":"SIM","quantity":"585.768","price":"0.00112000","timestamp":1627758090,"volume":"0.65606016","buyTxId":"09fe69aafd3c0b0843cea965bdb38da3078c5f52","sellTxId":"9beee5886a8b32d04aa1636e820a2e7894b0c22f"}
{"index": {"_index":"sim","_id":"1285181"}}
	{"id":1285181,"type":"buy","buyer":"gerber","seller":"dcityfund","symbol":"SIM","quantity":"576.272","price":"0.00112000","timestamp":1627758090,"volume":"0.64542464","buyTxId":"09fe69aafd3c0b0843cea965bdb38da3078c5f52","sellTxId":"4e4fdc8a2764876c0db6127b740c92d789afe75c"}
{"index": {"_index":"sim","_id":"1285182"}}
	{"id":1285182,"type":"buy","buyer":"gerber","seller":"dcityfund","symbol":"SIM","quantity":"566.900","price":"0.00112000","timestamp":1627758090,"volume":"0.63492800","buyTxId":"09fe69aafd3c0b0843cea965bdb38da3078c5f52","sellTxId":"4f720dad71a8e21d75d817a5d71278f93270c5c4"}
{"index": {"_index":"sim","_id":"1285183"}}
	{"id":1285183,"type":"buy","buyer":"gerber","seller":"dcityfund","symbol":"SIM","quantity":"581.157","price":"0.00112000","timestamp":1627758090,"volume":"0.65089584","buyTxId":"09fe69aafd3c0b0843cea965bdb38da3078c5f52","sellTxId":"85b2068ebb7134bcbe0ab3c96d54b3a95d194921"}
{"index": {"_index":"sim","_id":"1285184"}}
	{"id":1285184,"type":"buy","buyer":"gerber","seller":"dcityfund","symbol":"SIM","quantity":"571.635","price":"0.00112000","timestamp":1627758090,"volume":"0.64023120","buyTxId":"09fe69aafd3c0b0843cea965bdb38da3078c5f52","sellTxId":"2a25825f7804a164c4654f7614b625c963ac9d5f"}
{"index": {"_index":"sim","_id":"1285185"}}
	{"id":1285185,"type":"buy","buyer":"gerber","seller":"dcityfund","symbol":"SIM","quantity":"562.243","price":"0.00112000","timestamp":1627758090,"volume":"0.62971216","buyTxId":"09fe69aafd3c0b0843cea965bdb38da3078c5f52","sellTxId":"9fda9c4600a645f663fffb247df7ced06f77a6cc"}
{"index": {"_index":"sim","_id":"1285186"}}
	{"id":1285186,"type":"buy","buyer":"gerber","seller":"dcityfund","symbol":"SIM","quantity":"580.368","price":"0.00112000","timestamp":1627758090,"volume":"0.65001216","buyTxId":"09fe69aafd3c0b0843cea965bdb38da3078c5f52","sellTxId":"ba6b9e743c16fa2b077a0bf72e51be1b6e35e92e"}
{"index": {"_index":"sim","_id":"1285187"}}
	{"id":1285187,"type":"buy","buyer":"gerber","seller":"dcityfund","symbol":"SIM","quantity":"571.297","price":"0.00112000","timestamp":1627758090,"volume":"0.63985264","buyTxId":"09fe69aafd3c0b0843cea965bdb38da3078c5f52","sellTxId":"c43b66dd558af479621c8063769a37bad3715435"}
{"index": {"_index":"sim","_id":"1285188"}}
	{"id":1285188,"type":"buy","buyer":"gerber","seller":"dcityfund","symbol":"SIM","quantity":"562.350","price":"0.00112000","timestamp":1627758090,"volume":"0.62983200","buyTxId":"09fe69aafd3c0b0843cea965bdb38da3078c5f52","sellTxId":"280b08c55fedd9373257c876cc6cf4565274ba1d"}
{"index": {"_index":"sim","_id":"1285189"}}
	{"id":1285189,"type":"buy","buyer":"gerber","seller":"dcityfund","symbol":"SIM","quantity":"553.488","price":"0.00112000","timestamp":1627758090,"volume":"0.61990656","buyTxId":"09fe69aafd3c0b0843cea965bdb38da3078c5f52","sellTxId":"c15f4f8c1ce16979e670b664c1cda450b7bc500a"}
{"index": {"_index":"sim","_id":"1285190"}}
	{"id":1285190,"type":"buy","buyer":"gerber","seller":"dcityfund","symbol":"SIM","quantity":"544.749","price":"0.00112000","timestamp":1627758090,"volume":"0.61011888","buyTxId":"09fe69aafd3c0b0843cea965bdb38da3078c5f52","sellTxId":"0aa75c7e5502e22862701a505057801adf6568cf"}
{"index": {"_index":"sim","_id":"1285191"}}
	{"id":1285191,"type":"buy","buyer":"gerber","seller":"dcityfund","symbol":"SIM","quantity":"536.106","price":"0.00112000","timestamp":1627758090,"volume":"0.60043872","buyTxId":"09fe69aafd3c0b0843cea965bdb38da3078c5f52","sellTxId":"81908e47f40b3e588cf3ae1ef614aaade8e6be60"}
{"index": {"_index":"sim","_id":"1285192"}}
	{"id":1285192,"type":"buy","buyer":"gerber","seller":"dcityfund","symbol":"SIM","quantity":"527.575","price":"0.00112000","timestamp":1627758090,"volume":"0.59088400","buyTxId":"09fe69aafd3c0b0843cea965bdb38da3078c5f52","sellTxId":"e31794d15f2af53bbb449b94c408267bf0bc7221"}
{"index": {"_index":"sim","_id":"1285193"}}
	{"id":1285193,"type":"buy","buyer":"gerber","seller":"dcityfund","symbol":"SIM","quantity":"519.139","price":"0.00112000","timestamp":1627758090,"volume":"0.58143568","buyTxId":"09fe69aafd3c0b0843cea965bdb38da3078c5f52","sellTxId":"88991f88dea334dfada77c0bd1f4f91699f68915"}
{"index": {"_index":"sim","_id":"1285194"}}
	{"id":1285194,"type":"buy","buyer":"gerber","seller":"dcityfund","symbol":"SIM","quantity":"510.814","price":"0.00112000","timestamp":1627758090,"volume":"0.57211168","buyTxId":"09fe69aafd3c0b0843cea965bdb38da3078c5f52","sellTxId":"b045efcb7d3ce7454e0877f94054b3bde3d34729"}
{"index": {"_index":"sim","_id":"1285195"}}
	{"id":1285195,"type":"buy","buyer":"gerber","seller":"dcityfund","symbol":"SIM","quantity":"502.596","price":"0.00112000","timestamp":1627758090,"volume":"0.56290752","buyTxId":"09fe69aafd3c0b0843cea965bdb38da3078c5f52","sellTxId":"a3212cfc4ab7957e2bc9106266842ab7a527ba17"}
{"index": {"_index":"sim","_id":"1285196"}}
	{"id":1285196,"type":"buy","buyer":"gerber","seller":"dcityfund","symbol":"SIM","quantity":"494.485","price":"0.00112000","timestamp":1627758090,"volume":"0.55382320","buyTxId":"09fe69aafd3c0b0843cea965bdb38da3078c5f52","sellTxId":"a1c98b512d0cf6a8162123b1b7c3388853cd5589"}
{"index": {"_index":"sim","_id":"1285197"}}
	{"id":1285197,"type":"buy","buyer":"gerber","seller":"dcityfund","symbol":"SIM","quantity":"486.482","price":"0.00112000","timestamp":1627758090,"volume":"0.54485984","buyTxId":"09fe69aafd3c0b0843cea965bdb38da3078c5f52","sellTxId":"9d9f51dc244535811ae1426b3165f27120c1ddb7"}
{"index": {"_index":"sim","_id":"1285198"}}
	{"id":1285198,"type":"buy","buyer":"gerber","seller":"dcityfund","symbol":"SIM","quantity":"478.586","price":"0.00112000","timestamp":1627758090,"volume":"0.53601632","buyTxId":"09fe69aafd3c0b0843cea965bdb38da3078c5f52","sellTxId":"3faf253fddd24e4e674a3c4137162e16779b796f"}
{"index": {"_index":"sim","_id":"1285199"}}
	{"id":1285199,"type":"buy","buyer":"gerber","seller":"dcityfund","symbol":"SIM","quantity":"470.783","price":"0.00112000","timestamp":1627758090,"volume":"0.52727696","buyTxId":"09fe69aafd3c0b0843cea965bdb38da3078c5f52","sellTxId":"9b67996ff3c48a05d22d8a3c763f40740179884a"}
{"index": {"_index":"sim","_id":"1285200"}}
	{"id":1285200,"type":"buy","buyer":"gerber","seller":"dcityfund","symbol":"SIM","quantity":"463.096","price":"0.00112000","timestamp":1627758090,"volume":"0.51866752","buyTxId":"09fe69aafd3c0b0843cea965bdb38da3078c5f52","sellTxId":"52ce920a69a0be943d86fae1b205f0a51b12d98f"}
{"index": {"_index":"sim","_id":"1285201"}}
	{"id":1285201,"type":"buy","buyer":"gerber","seller":"dcityfund","symbol":"SIM","quantity":"455.504","price":"0.00112000","timestamp":1627758090,"volume":"0.51016448","buyTxId":"09fe69aafd3c0b0843cea965bdb38da3078c5f52","sellTxId":"b88a2dc3a8ede5f899b0afae9e3ae109e98db6cd"}
{"index": {"_index":"sim","_id":"1285202"}}
	{"id":1285202,"type":"buy","buyer":"gerber","seller":"dcityfund","symbol":"SIM","quantity":"448.026","price":"0.00112000","timestamp":1627758090,"volume":"0.50178912","buyTxId":"09fe69aafd3c0b0843cea965bdb38da3078c5f52","sellTxId":"25853b9b01fa6b8e4593b98064b2f469cf9d53ed"}
{"index": {"_index":"sim","_id":"1285203"}}
	{"id":1285203,"type":"buy","buyer":"gerber","seller":"dcityfund","symbol":"SIM","quantity":"440.639","price":"0.00112000","timestamp":1627758090,"volume":"0.49351568","buyTxId":"09fe69aafd3c0b0843cea965bdb38da3078c5f52","sellTxId":"1f8bbf243efe454aa15a6b1acdecd700499fc29a"}
{"index": {"_index":"sim","_id":"1285204"}}
	{"id":1285204,"type":"buy","buyer":"gerber","seller":"dcityfund","symbol":"SIM","quantity":"433.365","price":"0.00112000","timestamp":1627758090,"volume":"0.48536880","buyTxId":"09fe69aafd3c0b0843cea965bdb38da3078c5f52","sellTxId":"ef74f9231eae81014e2caa0b4ee53daf785c69d2"}
{"index": {"_index":"sim","_id":"1285205"}}
	{"id":1285205,"type":"buy","buyer":"gerber","seller":"dcityfund","symbol":"SIM","quantity":"426.192","price":"0.00112000","timestamp":1627758090,"volume":"0.47733504","buyTxId":"09fe69aafd3c0b0843cea965bdb38da3078c5f52","sellTxId":"7af97c218a2d0e76b7941748da967036270dad24"}
{"index": {"_index":"sim","_id":"1285206"}}
	{"id":1285206,"type":"buy","buyer":"gerber","seller":"dcityfund","symbol":"SIM","quantity":"619.711","price":"0.00112000","timestamp":1627758090,"volume":"0.69407632","buyTxId":"09fe69aafd3c0b0843cea965bdb38da3078c5f52","sellTxId":"bb2ea1895d6ad8eefbd4c194bdb9329b25a6dd54"}
{"index": {"_index":"sim","_id":"1285207"}}
	{"id":1285207,"type":"buy","buyer":"gerber","seller":"dcityfund","symbol":"SIM","quantity":"616.870","price":"0.00112000","timestamp":1627758090,"volume":"0.69089440","buyTxId":"09fe69aafd3c0b0843cea965bdb38da3078c5f52","sellTxId":"ce60b47b3bfdb52ba9b8b50fe8c0f42acea88a57"}
{"index": {"_index":"sim","_id":"1285208"}}
	{"id":1285208,"type":"buy","buyer":"gerber","seller":"dcityfund","symbol":"SIM","quantity":"607.126","price":"0.00112000","timestamp":1627758090,"volume":"0.67998112","buyTxId":"09fe69aafd3c0b0843cea965bdb38da3078c5f52","sellTxId":"30995edd208c9cb62e7b992bf3b76e89320a1cab"}
{"index": {"_index":"sim","_id":"1285209"}}
	{"id":1285209,"type":"buy","buyer":"gerber","seller":"dcityfund","symbol":"SIM","quantity":"608.474","price":"0.00112000","timestamp":1627758090,"volume":"0.68149088","buyTxId":"09fe69aafd3c0b0843cea965bdb38da3078c5f52","sellTxId":"c9341accd5a70fe020f5c6dd3a8f92d068447d2d"}
{"index": {"_index":"sim","_id":"1285210"}}
	{"id":1285210,"type":"buy","buyer":"gerber","seller":"dcityfund","symbol":"SIM","quantity":"598.789","price":"0.00112000","timestamp":1627758090,"volume":"0.67064368","buyTxId":"09fe69aafd3c0b0843cea965bdb38da3078c5f52","sellTxId":"6355eabd6e2deda95740dd7cabb7fe46b20dce79"}
{"index": {"_index":"sim","_id":"1285211"}}
	{"id":1285211,"type":"buy","buyer":"gerber","seller":"dcityfund","symbol":"SIM","quantity":"589.231","price":"0.00112000","timestamp":1627758090,"volume":"0.65993872","buyTxId":"09fe69aafd3c0b0843cea965bdb38da3078c5f52","sellTxId":"fbf38c9330ad7aa8b65b84891571fb7a39727a7c"}
{"index": {"_index":"sim","_id":"1285212"}}
	{"id":1285212,"type":"buy","buyer":"gerber","seller":"dcityfund","symbol":"SIM","quantity":"579.798","price":"0.00112000","timestamp":1627758090,"volume":"0.64937376","buyTxId":"09fe69aafd3c0b0843cea965bdb38da3078c5f52","sellTxId":"bd3ba08590667863bd289b723deb047ede92bb27"}
{"index": {"_index":"sim","_id":"1285213"}}
	{"id":1285213,"type":"buy","buyer":"gerber","seller":"dcityfund","symbol":"SIM","quantity":"570.488","price":"0.00112000","timestamp":1627758090,"volume":"0.63894656","buyTxId":"09fe69aafd3c0b0843cea965bdb38da3078c5f52","sellTxId":"723007afc520fc574a4f58d2fd4b2097ead5f1be"}
{"index": {"_index":"sim","_id":"1285214"}}
	{"id":1285214,"type":"buy","buyer":"gerber","seller":"dcityfund","symbol":"SIM","quantity":"561.301","price":"0.00112000","timestamp":1627758090,"volume":"0.62865712","buyTxId":"09fe69aafd3c0b0843cea965bdb38da3078c5f52","sellTxId":"e091eaa809bf24e739093467202538bb141b101a"}
{"index": {"_index":"sim","_id":"1285215"}}
	{"id":1285215,"type":"buy","buyer":"gerber","seller":"dcityfund","symbol":"SIM","quantity":"552.249","price":"0.00112000","timestamp":1627758090,"volume":"0.61851888","buyTxId":"09fe69aafd3c0b0843cea965bdb38da3078c5f52","sellTxId":"56f7fa856e8ab61f4e75d03f417137cb98d1d352"}
{"index": {"_index":"sim","_id":"1285216"}}
	{"id":1285216,"type":"buy","buyer":"gerber","seller":"dcityfund","symbol":"SIM","quantity":"543.304","price":"0.00112000","timestamp":1627758090,"volume":"0.60850048","buyTxId":"09fe69aafd3c0b0843cea965bdb38da3078c5f52","sellTxId":"3e3a2ace6b410e4a2ef3d8a44f6c6ac4f1c306df"}
{"index": {"_index":"sim","_id":"1285217"}}
	{"id":1285217,"type":"buy","buyer":"gerber","seller":"dcityfund","symbol":"SIM","quantity":"534.495","price":"0.00112000","timestamp":1627758090,"volume":"0.59863440","buyTxId":"09fe69aafd3c0b0843cea965bdb38da3078c5f52","sellTxId":"3e31ec1f11eb25e3c44176d98c2f590be25500db"}
{"index": {"_index":"sim","_id":"1285218"}}
	{"id":1285218,"type":"buy","buyer":"gerber","seller":"dcityfund","symbol":"SIM","quantity":"525.802","price":"0.00112000","timestamp":1627758090,"volume":"0.58889824","buyTxId":"09fe69aafd3c0b0843cea965bdb38da3078c5f52","sellTxId":"29474807a985858d4e5bb2fd93a7ab08080d8193"}
{"index": {"_index":"sim","_id":"1285219"}}
	{"id":1285219,"type":"buy","buyer":"gerber","seller":"dcityfund","symbol":"SIM","quantity":"517.229","price":"0.00112000","timestamp":1627758090,"volume":"0.57929648","buyTxId":"09fe69aafd3c0b0843cea965bdb38da3078c5f52","sellTxId":"9f80c571918065cb77ca22adb88f9d33eb33aaa0"}
{"index": {"_index":"sim","_id":"1285220"}}
	{"id":1285220,"type":"buy","buyer":"gerber","seller":"dcityfund","symbol":"SIM","quantity":"510.204","price":"0.00112000","timestamp":1627758090,"volume":"0.57142848","buyTxId":"09fe69aafd3c0b0843cea965bdb38da3078c5f52","sellTxId":"a13166b46808790b9457236d4c18bfaa7e3906b0"}
{"index": {"_index":"sim","_id":"1285221"}}
	{"id":1285221,"type":"buy","buyer":"gerber","seller":"mpath","symbol":"SIM","quantity":"345.000","price":"0.00112000","timestamp":1627758090,"volume":"0.38640000","buyTxId":"09fe69aafd3c0b0843cea965bdb38da3078c5f52","sellTxId":"b15a48fcbe0d51954292817812e25920062110cd"}
{"index": {"_index":"sim","_id":"1285222"}}
	{"id":1285222,"type":"buy","buyer":"gerber","seller":"accelerator","symbol":"SIM","quantity":"345.000","price":"0.00112300","timestamp":1627758090,"volume":"0.38743500","buyTxId":"09fe69aafd3c0b0843cea965bdb38da3078c5f52","sellTxId":"ad8ea7355ac2fa25eaaf71fce0d18c6f7b3d86eb"}
{"index": {"_index":"sim","_id":"1285223"}}
	{"id":1285223,"type":"buy","buyer":"gerber","seller":"dcityfund","symbol":"SIM","quantity":"1196.414","price":"0.00112300","timestamp":1627758090,"volume":"1.34357292","buyTxId":"09fe69aafd3c0b0843cea965bdb38da3078c5f52","sellTxId":"d6d6c6d40f0dec94a1e5bee2c878a3892df458e3"}
{"index": {"_index":"sim","_id":"1285224"}}
	{"id":1285224,"type":"buy","buyer":"gerber","seller":"dcityfund","symbol":"SIM","quantity":"1273.815","price":"0.00112300","timestamp":1627758090,"volume":"1.43049425","buyTxId":"09fe69aafd3c0b0843cea965bdb38da3078c5f52","sellTxId":"ab125d21ce64eb0fc27eadcaba355cf3184ddbcc"}
{"index": {"_index":"sim","_id":"1285225"}}
	{"id":1285225,"type":"buy","buyer":"gerber","seller":"dcityfund","symbol":"SIM","quantity":"1267.730","price":"0.00112300","timestamp":1627758090,"volume":"1.42366079","buyTxId":"09fe69aafd3c0b0843cea965bdb38da3078c5f52","sellTxId":"517d7b79693bcc099c82870f1146ae66e9cae7be"}
{"index": {"_index":"sim","_id":"1285226"}}
	{"id":1285226,"type":"buy","buyer":"gerber","seller":"dcityfund","symbol":"SIM","quantity":"1247.625","price":"0.00112300","timestamp":1627758090,"volume":"1.40108288","buyTxId":"09fe69aafd3c0b0843cea965bdb38da3078c5f52","sellTxId":"330bd9b51c3b79de4c22fb86d20d8f2d672e8841"}
{"index": {"_index":"sim","_id":"1285227"}}
	{"id":1285227,"type":"buy","buyer":"gerber","seller":"dcityfund","symbol":"SIM","quantity":"1227.771","price":"0.00112300","timestamp":1627758090,"volume":"1.37878683","buyTxId":"09fe69aafd3c0b0843cea965bdb38da3078c5f52","sellTxId":"cda1b562dc2e7e24cbbd22135eefb96ef2dfc817"}
{"index": {"_index":"sim","_id":"1285228"}}
	{"id":1285228,"type":"buy","buyer":"gerber","seller":"dcityfund","symbol":"SIM","quantity":"1208.143","price":"0.00112300","timestamp":1627758090,"volume":"1.35674459","buyTxId":"09fe69aafd3c0b0843cea965bdb38da3078c5f52","sellTxId":"8d1735d25efa5cfee62b85f5a213293305a3a23e"}
{"index": {"_index":"sim","_id":"1285229"}}
	{"id":1285229,"type":"buy","buyer":"gerber","seller":"dcityfund","symbol":"SIM","quantity":"1201.421","price":"0.00112300","timestamp":1627758090,"volume":"1.34919578","buyTxId":"09fe69aafd3c0b0843cea965bdb38da3078c5f52","sellTxId":"6a909ab133aaaa4d7cecc13cfbf21f3230614c20"}
{"index": {"_index":"sim","_id":"1285230"}}
	{"id":1285230,"type":"buy","buyer":"gerber","seller":"dcityfund","symbol":"SIM","quantity":"1181.713","price":"0.00112300","timestamp":1627758090,"volume":"1.32706370","buyTxId":"09fe69aafd3c0b0843cea965bdb38da3078c5f52","sellTxId":"4a9090716d10200a409591fa768d98a381bb24a8"}
{"index": {"_index":"sim","_id":"1285231"}}
	{"id":1285231,"type":"buy","buyer":"gerber","seller":"dcityfund","symbol":"SIM","quantity":"1174.442","price":"0.00112300","timestamp":1627758090,"volume":"1.31889837","buyTxId":"09fe69aafd3c0b0843cea965bdb38da3078c5f52","sellTxId":"b61340763d8e332312cdc7ed1b86db46ce4a7eb3"}
{"index": {"_index":"sim","_id":"1285232"}}
	{"id":1285232,"type":"buy","buyer":"gerber","seller":"dcityfund","symbol":"SIM","quantity":"1154.676","price":"0.00112300","timestamp":1627758090,"volume":"1.29670115","buyTxId":"09fe69aafd3c0b0843cea965bdb38da3078c5f52","sellTxId":"7ba8d4c9370dc81d8152435535a44eb4427a1bfd"}
{"index": {"_index":"sim","_id":"1285233"}}
	{"id":1285233,"type":"buy","buyer":"gerber","seller":"dcityfund","symbol":"SIM","quantity":"1135.219","price":"0.00112300","timestamp":1627758090,"volume":"1.27485094","buyTxId":"09fe69aafd3c0b0843cea965bdb38da3078c5f52","sellTxId":"da5faff2775792be07623004bbe6daff0277cc8b"}
{"index": {"_index":"sim","_id":"1285234"}}
	{"id":1285234,"type":"buy","buyer":"gerber","seller":"dcityfund","symbol":"SIM","quantity":"1122.486","price":"0.00112300","timestamp":1627758090,"volume":"1.26055178","buyTxId":"09fe69aafd3c0b0843cea965bdb38da3078c5f52","sellTxId":"66d1e4856381803d53148ff905be399f28368bc8"}
{"index": {"_index":"sim","_id":"1285235"}}
	{"id":1285235,"type":"buy","buyer":"gerber","seller":"dcityfund","symbol":"SIM","quantity":"1103.448","price":"0.00112300","timestamp":1627758090,"volume":"1.23917210","buyTxId":"09fe69aafd3c0b0843cea965bdb38da3078c5f52","sellTxId":"cdf515ae00cff6bfb3ae3cdf4fac4df368b07d75"}
{"index": {"_index":"sim","_id":"1285236"}}
	{"id":1285236,"type":"buy","buyer":"gerber","seller":"dcityfund","symbol":"SIM","quantity":"1084.710","price":"0.00112300","timestamp":1627758090,"volume":"1.21812933","buyTxId":"09fe69aafd3c0b0843cea965bdb38da3078c5f52","sellTxId":"f2c3ea65c33300b8f095ad038eb41d82913facdc"}
{"index": {"_index":"sim","_id":"1285237"}}
	{"id":1285237,"type":"buy","buyer":"gerber","seller":"dcityfund","symbol":"SIM","quantity":"1066.221","price":"0.00112300","timestamp":1627758090,"volume":"1.19736618","buyTxId":"09fe69aafd3c0b0843cea965bdb38da3078c5f52","sellTxId":"bbdec54b7de099e446085f67670e20e85d3a682a"}
{"index": {"_index":"sim","_id":"1285238"}}
	{"id":1285238,"type":"buy","buyer":"gerber","seller":"dcityfund","symbol":"SIM","quantity":"1048.025","price":"0.00112300","timestamp":1627758090,"volume":"1.17693208","buyTxId":"09fe69aafd3c0b0843cea965bdb38da3078c5f52","sellTxId":"9311557218cb26fd9b4e3ab2b6c0ca2880480c4c"}
{"index": {"_index":"sim","_id":"1285239"}}
	{"id":1285239,"type":"buy","buyer":"gerber","seller":"dcityfund","symbol":"SIM","quantity":"1030.074","price":"0.00112300","timestamp":1627758090,"volume":"1.15677310","buyTxId":"09fe69aafd3c0b0843cea965bdb38da3078c5f52","sellTxId":"b12407bbd83d1001dd21bb2e716c09f692c7ab52"}
{"index": {"_index":"sim","_id":"1285240"}}
	{"id":1285240,"type":"buy","buyer":"gerber","seller":"dcityfund","symbol":"SIM","quantity":"1012.410","price":"0.00112300","timestamp":1627758090,"volume":"1.13693643","buyTxId":"09fe69aafd3c0b0843cea965bdb38da3078c5f52","sellTxId":"18af58c87ba3b13d2fd991d4c2add9bc4df1d9c4"}
{"index": {"_index":"sim","_id":"1285241"}}
	{"id":1285241,"type":"buy","buyer":"gerber","seller":"dcityfund","symbol":"SIM","quantity":"995.009","price":"0.00112300","timestamp":1627758090,"volume":"1.11739511","buyTxId":"09fe69aafd3c0b0843cea965bdb38da3078c5f52","sellTxId":"f96fed03f63ebd1aa0d4259291e0c6ec27cf1b7c"}
{"index": {"_index":"sim","_id":"1285242"}}
	{"id":1285242,"type":"buy","buyer":"gerber","seller":"dcityfund","symbol":"SIM","quantity":"977.866","price":"0.00112300","timestamp":1627758090,"volume":"1.09814352","buyTxId":"09fe69aafd3c0b0843cea965bdb38da3078c5f52","sellTxId":"0a9ba34fca3f498f5287080fbd126a18df6d23f5"}
{"index": {"_index":"sim","_id":"1285243"}}
	{"id":1285243,"type":"buy","buyer":"gerber","seller":"dcityfund","symbol":"SIM","quantity":"960.980","price":"0.00112300","timestamp":1627758090,"volume":"1.07918054","buyTxId":"09fe69aafd3c0b0843cea965bdb38da3078c5f52","sellTxId":"531ab3a094413e765889b2e9fc5ba1df4499cdd1"}
{"index": {"_index":"sim","_id":"1285244"}}
	{"id":1285244,"type":"buy","buyer":"gerber","seller":"dcityfund","symbol":"SIM","quantity":"944.349","price":"0.00112300","timestamp":1627758090,"volume":"1.06050393","buyTxId":"09fe69aafd3c0b0843cea965bdb38da3078c5f52","sellTxId":"281d153b8386dfa63dab0adaf74c15c14e753684"}
{"index": {"_index":"sim","_id":"1285245"}}
	{"id":1285245,"type":"buy","buyer":"gerber","seller":"dcityfund","symbol":"SIM","quantity":"927.989","price":"0.00112300","timestamp":1627758090,"volume":"1.04213165","buyTxId":"09fe69aafd3c0b0843cea965bdb38da3078c5f52","sellTxId":"ea627e017d5325e90aedf75dfaaceb49091d9b0c"}
{"index": {"_index":"sim","_id":"1285246"}}
	{"id":1285246,"type":"buy","buyer":"gerber","seller":"dcityfund","symbol":"SIM","quantity":"911.875","price":"0.00112300","timestamp":1627758090,"volume":"1.02403563","buyTxId":"09fe69aafd3c0b0843cea965bdb38da3078c5f52","sellTxId":"c49958abf31424b4faa79e66145a6b463ddc8815"}
{"index": {"_index":"sim","_id":"1285247"}}
	{"id":1285247,"type":"buy","buyer":"gerber","seller":"dcityfund","symbol":"SIM","quantity":"896.008","price":"0.00112300","timestamp":1627758090,"volume":"1.00621698","buyTxId":"09fe69aafd3c0b0843cea965bdb38da3078c5f52","sellTxId":"979bf0c93988e34b40da1f2a96daa081a27e3970"}
{"index": {"_index":"sim","_id":"1285248"}}
	{"id":1285248,"type":"buy","buyer":"gerber","seller":"dcityfund","symbol":"SIM","quantity":"882.721","price":"0.00112300","timestamp":1627758090,"volume":"0.99129568","buyTxId":"09fe69aafd3c0b0843cea965bdb38da3078c5f52","sellTxId":"143f4f89d8c9a1aefb074dd0e3afb86347c3df29"}
{"index": {"_index":"sim","_id":"1285249"}}
	{"id":1285249,"type":"buy","buyer":"gerber","seller":"dcityfund","symbol":"SIM","quantity":"867.312","price":"0.00112300","timestamp":1627758090,"volume":"0.97399138","buyTxId":"09fe69aafd3c0b0843cea965bdb38da3078c5f52","sellTxId":"975f0813161a184c8639762475b99bb1f0589eca"}
{"index": {"_index":"sim","_id":"1285250"}}
	{"id":1285250,"type":"buy","buyer":"gerber","seller":"dcityfund","symbol":"SIM","quantity":"852.140","price":"0.00112300","timestamp":1627758090,"volume":"0.95695322","buyTxId":"09fe69aafd3c0b0843cea965bdb38da3078c5f52","sellTxId":"289dc161a902bd1ced61b01a093ba060f9daffc7"}
{"index": {"_index":"sim","_id":"1285251"}}
	{"id":1285251,"type":"buy","buyer":"gerber","seller":"dcityfund","symbol":"SIM","quantity":"837.221","price":"0.00112300","timestamp":1627758090,"volume":"0.94019918","buyTxId":"09fe69aafd3c0b0843cea965bdb38da3078c5f52","sellTxId":"7e6a8fa83604a911275ba67ab068d10b826e2693"}
{"index": {"_index":"sim","_id":"1285252"}}
	{"id":1285252,"type":"buy","buyer":"gerber","seller":"dcityfund","symbol":"SIM","quantity":"822.532","price":"0.00112300","timestamp":1627758090,"volume":"0.92370344","buyTxId":"09fe69aafd3c0b0843cea965bdb38da3078c5f52","sellTxId":"ece7d01ecfea90df184d35d38c28703439d7b354"}
{"index": {"_index":"sim","_id":"1285253"}}
	{"id":1285253,"type":"buy","buyer":"gerber","seller":"dcityfund","symbol":"SIM","quantity":"808.070","price":"0.00112300","timestamp":1627758090,"volume":"0.90746261","buyTxId":"09fe69aafd3c0b0843cea965bdb38da3078c5f52","sellTxId":"b7e396f099dae98068b61438e0f83372691d709a"}
{"index": {"_index":"sim","_id":"1285254"}}
	{"id":1285254,"type":"buy","buyer":"gerber","seller":"dcityfund","symbol":"SIM","quantity":"793.850","price":"0.00112300","timestamp":1627758090,"volume":"0.89149355","buyTxId":"09fe69aafd3c0b0843cea965bdb38da3078c5f52","sellTxId":"35f2887f85fa353d6a81d769ee40add3a87cc9f1"}
{"index": {"_index":"sim","_id":"1285255"}}
	{"id":1285255,"type":"buy","buyer":"gerber","seller":"dcityfund","symbol":"SIM","quantity":"779.854","price":"0.00112300","timestamp":1627758090,"volume":"0.87577604","buyTxId":"09fe69aafd3c0b0843cea965bdb38da3078c5f52","sellTxId":"578fd4f997117b0e124ec76290bf6ea169aad9da"}
{"index": {"_index":"sim","_id":"1285256"}}
	{"id":1285256,"type":"buy","buyer":"gerber","seller":"dcityfund","symbol":"SIM","quantity":"766.075","price":"0.00112300","timestamp":1627758090,"volume":"0.86030223","buyTxId":"09fe69aafd3c0b0843cea965bdb38da3078c5f52","sellTxId":"d4842260fb33c0bbfb7699abbd9b0c609ea149d7"}
{"index": {"_index":"sim","_id":"1285257"}}
	{"id":1285257,"type":"buy","buyer":"gerber","seller":"dcityfund","symbol":"SIM","quantity":"752.546","price":"0.00112300","timestamp":1627758090,"volume":"0.84510916","buyTxId":"09fe69aafd3c0b0843cea965bdb38da3078c5f52","sellTxId":"4b4185af3cb8f566d1b8edb87466dabfd6df22b7"}
{"index": {"_index":"sim","_id":"1285258"}}
	{"id":1285258,"type":"buy","buyer":"gerber","seller":"dcityfund","symbol":"SIM","quantity":"739.212","price":"0.00112300","timestamp":1627758090,"volume":"0.83013508","buyTxId":"09fe69aafd3c0b0843cea965bdb38da3078c5f52","sellTxId":"d57b1c3e49b33d9952faa94db5561683a0eac230"}
{"index": {"_index":"sim","_id":"1285259"}}
	{"id":1285259,"type":"buy","buyer":"gerber","seller":"dcityfund","symbol":"SIM","quantity":"726.106","price":"0.00112300","timestamp":1627758090,"volume":"0.81541704","buyTxId":"09fe69aafd3c0b0843cea965bdb38da3078c5f52","sellTxId":"5afe381a79baf8565d942b50c212beccc099dfe7"}
{"index": {"_index":"sim","_id":"1285260"}}
	{"id":1285260,"type":"buy","buyer":"gerber","seller":"dcityfund","symbol":"SIM","quantity":"720.417","price":"0.00112300","timestamp":1627758090,"volume":"0.80902829","buyTxId":"09fe69aafd3c0b0843cea965bdb38da3078c5f52","sellTxId":"15013ab8e3134f756eee5063b19e40d18fa01b6a"}
{"index": {"_index":"sim","_id":"1285261"}}
	{"id":1285261,"type":"buy","buyer":"gerber","seller":"dcityfund","symbol":"SIM","quantity":"714.456","price":"0.00112300","timestamp":1627758090,"volume":"0.80233409","buyTxId":"09fe69aafd3c0b0843cea965bdb38da3078c5f52","sellTxId":"5fb3bf79bced1af16acec685d2b2d6ccb2bf440a"}
{"index": {"_index":"sim","_id":"1285262"}}
	{"id":1285262,"type":"buy","buyer":"gerber","seller":"dcityfund","symbol":"SIM","quantity":"701.351","price":"0.00112300","timestamp":1627758090,"volume":"0.78761717","buyTxId":"09fe69aafd3c0b0843cea965bdb38da3078c5f52","sellTxId":"128ffe371da9326a6b0e06e3b584c9fa1659cd3c"}
{"index": {"_index":"sim","_id":"1285263"}}
	{"id":1285263,"type":"buy","buyer":"gerber","seller":"dcityfund","symbol":"SIM","quantity":"688.480","price":"0.00112300","timestamp":1627758090,"volume":"0.77316304","buyTxId":"09fe69aafd3c0b0843cea965bdb38da3078c5f52","sellTxId":"1579c859a0e35bdfb61ccdd49e69a92743179367"}
{"index": {"_index":"sim","_id":"1285264"}}
	{"id":1285264,"type":"buy","buyer":"gerber","seller":"dcityfund","symbol":"SIM","quantity":"675.841","price":"0.00112300","timestamp":1627758090,"volume":"0.75896944","buyTxId":"09fe69aafd3c0b0843cea965bdb38da3078c5f52","sellTxId":"1fbe5a80b4222fe3170ce7d525b0e920758ea684"}
{"index": {"_index":"sim","_id":"1285265"}}
	{"id":1285265,"type":"buy","buyer":"gerber","seller":"dcityfund","symbol":"SIM","quantity":"663.412","price":"0.00112300","timestamp":1627758090,"volume":"0.74501168","buyTxId":"09fe69aafd3c0b0843cea965bdb38da3078c5f52","sellTxId":"d6040b9f49b8d6098ce4d2221813c15e09c82fb2"}
{"index": {"_index":"sim","_id":"1285266"}}
	{"id":1285266,"type":"buy","buyer":"gerber","seller":"dcityfund","symbol":"SIM","quantity":"651.206","price":"0.00112300","timestamp":1627758090,"volume":"0.73130434","buyTxId":"09fe69aafd3c0b0843cea965bdb38da3078c5f52","sellTxId":"039b18fc19f013ac90e5143768f14b72a14008d2"}
{"index": {"_index":"sim","_id":"1285267"}}
	{"id":1285267,"type":"buy","buyer":"gerber","seller":"dcityfund","symbol":"SIM","quantity":"639.203","price":"0.00112300","timestamp":1627758090,"volume":"0.71782497","buyTxId":"09fe69aafd3c0b0843cea965bdb38da3078c5f52","sellTxId":"e39c75d5353dbce6f06d4e52754a94136f03c1f7"}
{"index": {"_index":"sim","_id":"1285268"}}
	{"id":1285268,"type":"buy","buyer":"gerber","seller":"dcityfund","symbol":"SIM","quantity":"627.418","price":"0.00112300","timestamp":1627758090,"volume":"0.70459041","buyTxId":"09fe69aafd3c0b0843cea965bdb38da3078c5f52","sellTxId":"adfa7fcda73473d8ff460574bff8aac85d31946e"}
{"index": {"_index":"sim","_id":"1285269"}}
	{"id":1285269,"type":"buy","buyer":"gerber","seller":"dcityfund","symbol":"SIM","quantity":"615.845","price":"0.00112300","timestamp":1627758090,"volume":"0.69159394","buyTxId":"09fe69aafd3c0b0843cea965bdb38da3078c5f52","sellTxId":"d1483b7f46f19624f0a1b54a643afa7886370e22"}
{"index": {"_index":"sim","_id":"1285270"}}
