{"index": {"_index":"sim","_id":"3289939"}}
	{"id":3289939,"type":"sell","buyer":"d-pend","seller":"theguruasia","symbol":"SIM","quantity":"538.060","price":"0.00039700","timestamp":1651026414,"volume":"0.21360982","buyTxId":"41709ad4824a21c4a9a1ea0bc621410374809216","sellTxId":"0c95cfcb95b62771eba1ae612dba840aac8470df"}
{"index": {"_index":"sim","_id":"3290006"}}
	{"id":3290006,"type":"sell","buyer":"d-pend","seller":"steem82868","symbol":"SIM","quantity":"0.001","price":"0.00039700","timestamp":1651027236,"volume":"0.00000040","buyTxId":"41709ad4824a21c4a9a1ea0bc621410374809216","sellTxId":"6112071aafaa8005c2f5a3d39060b24dc5a53374"}
{"index": {"_index":"sim","_id":"3290112"}}
	{"id":3290112,"type":"sell","buyer":"d-pend","seller":"mango-juice","symbol":"SIM","quantity":"839.004","price":"0.00039700","timestamp":1651029198,"volume":"0.33308459","buyTxId":"41709ad4824a21c4a9a1ea0bc621410374809216","sellTxId":"d7f852691eaeeda1efb6f94edbae8d4629f4ba36"}
{"index": {"_index":"sim","_id":"3290225"}}
	{"id":3290225,"type":"sell","buyer":"sbi-tokens","seller":"badpclag","symbol":"SIM","quantity":"0.030","price":"0.00039800","timestamp":1651030437,"volume":"0.00001194","buyTxId":"0abadaaec5f25209851144c62d30c04be9886f7c","sellTxId":"2b4b54104e9f5e4c6c0af7ed9663899026360c61"}
{"index": {"_index":"sim","_id":"3290367"}}
	{"id":3290367,"type":"sell","buyer":"sbi-tokens","seller":"pixaroma","symbol":"SIM","quantity":"18466.970","price":"0.00039800","timestamp":1651032078,"volume":"7.34985406","buyTxId":"0abadaaec5f25209851144c62d30c04be9886f7c","sellTxId":"1bc7d782086077960dadb04d497be9a37630e4cd"}
{"index": {"_index":"sim","_id":"3290368"}}
	{"id":3290368,"type":"sell","buyer":"d-pend","seller":"pixaroma","symbol":"SIM","quantity":"72876.935","price":"0.00039700","timestamp":1651032078,"volume":"28.93214319","buyTxId":"41709ad4824a21c4a9a1ea0bc621410374809216","sellTxId":"1bc7d782086077960dadb04d497be9a37630e4cd"}
{"index": {"_index":"sim","_id":"3290369"}}
	{"id":3290369,"type":"sell","buyer":"d-pend","seller":"pixaroma","symbol":"SIM","quantity":"26377.727","price":"0.00039600","timestamp":1651032078,"volume":"10.44557989","buyTxId":"5a485e4e4c5962e5988fa2d44e36231168ba95ad","sellTxId":"1bc7d782086077960dadb04d497be9a37630e4cd"}
{"index": {"_index":"sim","_id":"3290370"}}
	{"id":3290370,"type":"sell","buyer":"assassyn","seller":"pixaroma","symbol":"SIM","quantity":"100.000","price":"0.00039600","timestamp":1651032078,"volume":"0.03960000","buyTxId":"626005e0d6876f490b1a812f53d70b122979ff5c","sellTxId":"1bc7d782086077960dadb04d497be9a37630e4cd"}
{"index": {"_index":"sim","_id":"3290391"}}
	{"id":3290391,"type":"sell","buyer":"d-pend","seller":"sbi-tokens","symbol":"SIM","quantity":"36442.182","price":"0.00039400","timestamp":1651032555,"volume":"14.35821971","buyTxId":"13fdcc9d137b0593256b2e4199e06e954d81541f","sellTxId":"c5d6fd3710d05d235a40f9687b4676a1e178594b"}
{"index": {"_index":"sim","_id":"3290562"}}
	{"id":3290562,"type":"sell","buyer":"d-pend","seller":"yintercept","symbol":"SIM","quantity":"5.466","price":"0.00039400","timestamp":1651035090,"volume":"0.00215360","buyTxId":"13fdcc9d137b0593256b2e4199e06e954d81541f","sellTxId":"ffe8781b3d7dafde9ae7287ab0969f7d53a25abf"}
{"index": {"_index":"sim","_id":"3290592"}}
	{"id":3290592,"type":"sell","buyer":"d-pend","seller":"theshaki","symbol":"SIM","quantity":"41.639","price":"0.00039400","timestamp":1651035420,"volume":"0.01640577","buyTxId":"13fdcc9d137b0593256b2e4199e06e954d81541f","sellTxId":"f6232ab69f13b12bb0201a83612cafc8ca7ab99a"}
{"index": {"_index":"sim","_id":"3290596"}}
	{"id":3290596,"type":"buy","buyer":"catotune","seller":"nftmart.fees","symbol":"SIM","quantity":"9.000","price":"0.00039483","timestamp":1651035459,"volume":"0.00355347","buyTxId":"649d03c68db8deed72aa4bdd6141d4c59c3a2777","sellTxId":"42c29d8531c45457fa68e9e393320b875e89692d-0"}
{"index": {"_index":"sim","_id":"3290637"}}
	{"id":3290637,"type":"buy","buyer":"catotune","seller":"pixaroma","symbol":"SIM","quantity":"12558.116","price":"0.00039484","timestamp":1651036161,"volume":"4.95844652","buyTxId":"d6399486e83ad0989ac86107b3f567c90ee151fc","sellTxId":"1bc7d782086077960dadb04d497be9a37630e4cd"}
{"index": {"_index":"sim","_id":"3290829"}}
	{"id":3290829,"type":"sell","buyer":"d-pend","seller":"steemmillionaire","symbol":"SIM","quantity":"195.000","price":"0.00039400","timestamp":1651039668,"volume":"0.07683000","buyTxId":"13fdcc9d137b0593256b2e4199e06e954d81541f","sellTxId":"917691efe3296fcd1066a168d05b4a5b43431a49"}
{"index": {"_index":"sim","_id":"3290851"}}
	{"id":3290851,"type":"sell","buyer":"d-pend","seller":"nrg","symbol":"SIM","quantity":"8772.626","price":"0.00039400","timestamp":1651040067,"volume":"3.45641464","buyTxId":"13fdcc9d137b0593256b2e4199e06e954d81541f","sellTxId":"26bbcef587195eed59d71bb1d2b1f7a49c7dcc2e-1"}
{"index": {"_index":"sim","_id":"3290994"}}
	{"id":3290994,"type":"sell","buyer":"d-pend","seller":"itharagaian","symbol":"SIM","quantity":"8.000","price":"0.00039400","timestamp":1651041747,"volume":"0.00315200","buyTxId":"13fdcc9d137b0593256b2e4199e06e954d81541f","sellTxId":"ceeda90d4506199271fccc0121f80189669a12e3"}
{"index": {"_index":"sim","_id":"3291103"}}
	{"id":3291103,"type":"sell","buyer":"d-pend","seller":"axeman","symbol":"SIM","quantity":"509.040","price":"0.00039400","timestamp":1651042875,"volume":"0.20056176","buyTxId":"13fdcc9d137b0593256b2e4199e06e954d81541f","sellTxId":"c38aace48390b46e4359c4fd1d9022f406f5bd6c"}
{"index": {"_index":"sim","_id":"3291121"}}
	{"id":3291121,"type":"sell","buyer":"d-pend","seller":"thatcryptodave","symbol":"SIM","quantity":"50.888","price":"0.00039400","timestamp":1651043112,"volume":"0.02004987","buyTxId":"13fdcc9d137b0593256b2e4199e06e954d81541f","sellTxId":"038fdeef3a1dd1bbad6cea15655c64d284a50e61"}
{"index": {"_index":"sim","_id":"3291173"}}
	{"id":3291173,"type":"sell","buyer":"d-pend","seller":"uwelang","symbol":"SIM","quantity":"6247.260","price":"0.00039400","timestamp":1651043583,"volume":"2.46142044","buyTxId":"13fdcc9d137b0593256b2e4199e06e954d81541f","sellTxId":"3c64343e287a117eff4e9493250bc6464b338328"}
{"index": {"_index":"sim","_id":"3291195"}}
	{"id":3291195,"type":"sell","buyer":"d-pend","seller":"dswap","symbol":"SIM","quantity":"0.784","price":"0.00039400","timestamp":1651043937,"volume":"0.00030890","buyTxId":"13fdcc9d137b0593256b2e4199e06e954d81541f","sellTxId":"f36461d43e1b5398144b8d735a8e1a3b081f3f5b"}
{"index": {"_index":"sim","_id":"3291566"}}
	{"id":3291566,"type":"buy","buyer":"psychopumpkin","seller":"nftmart.fees","symbol":"SIM","quantity":"90.000","price":"0.00039483","timestamp":1651048605,"volume":"0.03553470","buyTxId":"f93ce88fe647dfcf4393faf3f78661711ad8a396","sellTxId":"f6fe669841027351532ae266c5f064ae6ea47d47-0"}
{"index": {"_index":"sim","_id":"3291611"}}
	{"id":3291611,"type":"sell","buyer":"d-pend","seller":"monsterjamgold","symbol":"SIM","quantity":"1264.619","price":"0.00039400","timestamp":1651048989,"volume":"0.49825989","buyTxId":"13fdcc9d137b0593256b2e4199e06e954d81541f","sellTxId":"33d734d75638faba84f83d632f308455d42830b0"}
{"index": {"_index":"sim","_id":"3291698"}}
	{"id":3291698,"type":"sell","buyer":"d-pend","seller":"dswap","symbol":"SIM","quantity":"16.588","price":"0.00039400","timestamp":1651050474,"volume":"0.00653567","buyTxId":"13fdcc9d137b0593256b2e4199e06e954d81541f","sellTxId":"b5fc0c41ae891002db3dc29587c6fa27c12dd53a"}
{"index": {"_index":"sim","_id":"3292239"}}
	{"id":3292239,"type":"buy","buyer":"dadspardan","seller":"nftmart.fees","symbol":"SIM","quantity":"83.000","price":"0.00039483","timestamp":1651055949,"volume":"0.03277089","buyTxId":"bd58a73424a8f0ff4c6bb4c4a8d3b54b9c848391","sellTxId":"07d16d5c57109999197b903d86cf3b1db82799d0-0"}
{"index": {"_index":"sim","_id":"3292240"}}
	{"id":3292240,"type":"buy","buyer":"dadspardan","seller":"pixaroma","symbol":"SIM","quantity":"14917.000","price":"0.00039484","timestamp":1651055949,"volume":"5.88982828","buyTxId":"bd58a73424a8f0ff4c6bb4c4a8d3b54b9c848391","sellTxId":"1bc7d782086077960dadb04d497be9a37630e4cd"}
{"index": {"_index":"sim","_id":"3292573"}}
	{"id":3292573,"type":"sell","buyer":"d-pend","seller":"news-today","symbol":"SIM","quantity":"7596.000","price":"0.00039400","timestamp":1651060191,"volume":"2.99282400","buyTxId":"13fdcc9d137b0593256b2e4199e06e954d81541f","sellTxId":"f0dc753ea0f7bbcb5777a6f3198734548b745cf2"}
{"index": {"_index":"sim","_id":"3292671"}}
	{"id":3292671,"type":"sell","buyer":"d-pend","seller":"onealfa","symbol":"SIM","quantity":"18703","price":"0.00039400","timestamp":1651061700,"volume":"7.36898200","buyTxId":"13fdcc9d137b0593256b2e4199e06e954d81541f","sellTxId":"4d2c245462230a99aaa71acf0d188897bc359d81"}
{"index": {"_index":"sim","_id":"3292730"}}
	{"id":3292730,"type":"sell","buyer":"d-pend","seller":"beco132","symbol":"SIM","quantity":"5102.000","price":"0.00039400","timestamp":1651062537,"volume":"2.01018800","buyTxId":"13fdcc9d137b0593256b2e4199e06e954d81541f","sellTxId":"a4c12861963eea3a4c6915fafed19bb68c187273"}
{"index": {"_index":"sim","_id":"3292896"}}
	{"id":3292896,"type":"buy","buyer":"maryjane.main","seller":"nftmart.fees","symbol":"SIM","quantity":"72.000","price":"0.00039482","timestamp":1651064736,"volume":"0.02842704","buyTxId":"c493260c9bac5d5fe450dc688fc33f2da5313354","sellTxId":"7a71aafe79503ae65403d3b3187b4c37e66d1abd-0"}
{"index": {"_index":"sim","_id":"3292905"}}
	{"id":3292905,"type":"buy","buyer":"maryjane.main","seller":"electru","symbol":"SIM","quantity":"4792.840","price":"0.00039483","timestamp":1651064826,"volume":"1.89235702","buyTxId":"4e584aac39196e3d8bbc51f2982f13091571126a","sellTxId":"0269a14580be1b5086ca6e195f22301626611dfb"}
{"index": {"_index":"sim","_id":"3292906"}}
	{"id":3292906,"type":"buy","buyer":"maryjane.main","seller":"pixaroma","symbol":"SIM","quantity":"3969.369","price":"0.00039484","timestamp":1651064826,"volume":"1.56726566","buyTxId":"4e584aac39196e3d8bbc51f2982f13091571126a","sellTxId":"1bc7d782086077960dadb04d497be9a37630e4cd"}
{"index": {"_index":"sim","_id":"3292980"}}
	{"id":3292980,"type":"sell","buyer":"d-pend","seller":"nftmart.fees","symbol":"SIM","quantity":"424.800","price":"0.00039400","timestamp":1651066032,"volume":"0.16737120","buyTxId":"13fdcc9d137b0593256b2e4199e06e954d81541f","sellTxId":"12e6dedf44d930efe4c0ca689820115d2c768953"}
{"index": {"_index":"sim","_id":"3293157"}}
	{"id":3293157,"type":"sell","buyer":"d-pend","seller":"steem82868","symbol":"SIM","quantity":"0.001","price":"0.00039400","timestamp":1651067976,"volume":"0.00000039","buyTxId":"13fdcc9d137b0593256b2e4199e06e954d81541f","sellTxId":"e814b39812edfe9a4fcd77737686fc3474d3df37"}
{"index": {"_index":"sim","_id":"3293266"}}
	{"id":3293266,"type":"sell","buyer":"d-pend","seller":"bearbear613","symbol":"SIM","quantity":"660.000","price":"0.00039400","timestamp":1651069644,"volume":"0.26004000","buyTxId":"13fdcc9d137b0593256b2e4199e06e954d81541f","sellTxId":"7ef2144efc79ef1ba7e64f76ee0270537f817bb0"}
{"index": {"_index":"sim","_id":"3293492"}}
	{"id":3293492,"type":"sell","buyer":"d-pend","seller":"rarej","symbol":"SIM","quantity":"3093.847","price":"0.00039400","timestamp":1651071192,"volume":"1.21897572","buyTxId":"13fdcc9d137b0593256b2e4199e06e954d81541f","sellTxId":"b1704f8f9a828a2afdad657a1250d1a23c52bcb9"}
{"index": {"_index":"sim","_id":"3293693"}}
	{"id":3293693,"type":"sell","buyer":"d-pend","seller":"bradfordtennyson","symbol":"SIM","quantity":"973.148","price":"0.00039400","timestamp":1651073478,"volume":"0.38342031","buyTxId":"13fdcc9d137b0593256b2e4199e06e954d81541f","sellTxId":"d2afa8d44b100a9e772261200a47aeb2a0db5f2a"}
{"index": {"_index":"sim","_id":"3293785"}}
	{"id":3293785,"type":"sell","buyer":"d-pend","seller":"emsonic","symbol":"SIM","quantity":"2469","price":"0.00039400","timestamp":1651074159,"volume":"0.97278600","buyTxId":"13fdcc9d137b0593256b2e4199e06e954d81541f","sellTxId":"ac240372261352f63185072a351277e7bb4265b1"}
{"index": {"_index":"sim","_id":"3293960"}}
	{"id":3293960,"type":"sell","buyer":"d-pend","seller":"nftmart.fees","symbol":"SIM","quantity":"55.000","price":"0.00039400","timestamp":1651075974,"volume":"0.02167000","buyTxId":"13fdcc9d137b0593256b2e4199e06e954d81541f","sellTxId":"dda3412ee236b264ff9ca2b295d9ed1f7bdac8dc"}
{"index": {"_index":"sim","_id":"3294074"}}
	{"id":3294074,"type":"sell","buyer":"d-pend","seller":"tdctunes","symbol":"SIM","quantity":"36.069","price":"0.00039400","timestamp":1651077054,"volume":"0.01421119","buyTxId":"13fdcc9d137b0593256b2e4199e06e954d81541f","sellTxId":"f7366feac3e40c831b0224a00ff5f8a78ff48249"}
{"index": {"_index":"sim","_id":"3294075"}}
	{"id":3294075,"type":"sell","buyer":"assassyn","seller":"tdctunes","symbol":"SIM","quantity":"377.000","price":"0.00039400","timestamp":1651077054,"volume":"0.14853800","buyTxId":"0a187f6031f6b9d2dd58c72105c1f03f99fc0c7e","sellTxId":"f7366feac3e40c831b0224a00ff5f8a78ff48249"}
{"index": {"_index":"sim","_id":"3294076"}}
	{"id":3294076,"type":"sell","buyer":"d-pend","seller":"tdctunes","symbol":"SIM","quantity":"1911.107","price":"0.00039300","timestamp":1651077054,"volume":"0.75106505","buyTxId":"5bf9f829dc9dd0f55f7d6bfcef02bc33939918ca","sellTxId":"f7366feac3e40c831b0224a00ff5f8a78ff48249"}
{"index": {"_index":"sim","_id":"3294085"}}
	{"id":3294085,"type":"buy","buyer":"maryjane.main","seller":"nftmart.fees","symbol":"SIM","quantity":"1.000","price":"0.00039483","timestamp":1651077105,"volume":"0.00039483","buyTxId":"7a17c1c2295970df33811c307f331a73895346aa","sellTxId":"9f153840bf309b4bc42ade979079bd87ae2ab3b8-0"}
{"index": {"_index":"sim","_id":"3294086"}}
	{"id":3294086,"type":"buy","buyer":"maryjane.main","seller":"pixaroma","symbol":"SIM","quantity":"285.316","price":"0.00039484","timestamp":1651077105,"volume":"0.11265417","buyTxId":"7a17c1c2295970df33811c307f331a73895346aa","sellTxId":"1bc7d782086077960dadb04d497be9a37630e4cd"}
{"index": {"_index":"sim","_id":"3294123"}}
	{"id":3294123,"type":"sell","buyer":"d-pend","seller":"saulos","symbol":"SIM","quantity":"407.333","price":"0.00039300","timestamp":1651077438,"volume":"0.16008187","buyTxId":"5bf9f829dc9dd0f55f7d6bfcef02bc33939918ca","sellTxId":"372283bbdf3474fbcb70b608962fc15efdea684c"}
{"index": {"_index":"sim","_id":"3294947"}}
	{"id":3294947,"type":"sell","buyer":"d-pend","seller":"deepresearch","symbol":"SIM","quantity":"43000.000","price":"0.00039300","timestamp":1651083690,"volume":"16.89900000","buyTxId":"5bf9f829dc9dd0f55f7d6bfcef02bc33939918ca","sellTxId":"7f3a01b845ad5176550a603c72e3eef488fb4c7f"}
{"index": {"_index":"sim","_id":"3295129"}}
	{"id":3295129,"type":"sell","buyer":"d-pend","seller":"taitux","symbol":"SIM","quantity":"79.000","price":"0.00039300","timestamp":1651085337,"volume":"0.03104700","buyTxId":"5bf9f829dc9dd0f55f7d6bfcef02bc33939918ca","sellTxId":"7070ebeaa27569d8fc35214068934ab0c654e85b"}
{"index": {"_index":"sim","_id":"3295254"}}
	{"id":3295254,"type":"sell","buyer":"d-pend","seller":"florian-glechner","symbol":"SIM","quantity":"24.009","price":"0.00039300","timestamp":1651086333,"volume":"0.00943554","buyTxId":"5bf9f829dc9dd0f55f7d6bfcef02bc33939918ca","sellTxId":"0993ef7534efe752a4dab2053727666a65aa4dcd"}
{"index": {"_index":"sim","_id":"3295286"}}
	{"id":3295286,"type":"sell","buyer":"d-pend","seller":"leizerstark","symbol":"SIM","quantity":"126.000","price":"0.00039300","timestamp":1651086657,"volume":"0.04951800","buyTxId":"5bf9f829dc9dd0f55f7d6bfcef02bc33939918ca","sellTxId":"b25f1ba0ddd3e383e711fb68be7e213e86fad81a"}
{"index": {"_index":"sim","_id":"3295362"}}
	{"id":3295362,"type":"sell","buyer":"d-pend","seller":"whitelightxpress","symbol":"SIM","quantity":"0.629","price":"0.00039300","timestamp":1651087380,"volume":"0.00024720","buyTxId":"5bf9f829dc9dd0f55f7d6bfcef02bc33939918ca","sellTxId":"9abcf5c7ea6297eabdd8b0e35257e957c5221be0"}
{"index": {"_index":"sim","_id":"3295429"}}
	{"id":3295429,"type":"sell","buyer":"d-pend","seller":"sanjie","symbol":"SIM","quantity":"4524.990","price":"0.00039300","timestamp":1651088019,"volume":"1.77832107","buyTxId":"5bf9f829dc9dd0f55f7d6bfcef02bc33939918ca","sellTxId":"195410614097e1f1b072865ad9d4dc5f84704154"}
{"index": {"_index":"sim","_id":"3295550"}}
	{"id":3295550,"type":"sell","buyer":"d-pend","seller":"razam","symbol":"SIM","quantity":"69.240","price":"0.00039300","timestamp":1651089114,"volume":"0.02721132","buyTxId":"5bf9f829dc9dd0f55f7d6bfcef02bc33939918ca","sellTxId":"02dcbd3c358af566eeccf7643e1353f4f9fa1fde"}
{"index": {"_index":"sim","_id":"3295556"}}
	{"id":3295556,"type":"buy","buyer":"maryjane.main","seller":"jelly-cz","symbol":"SIM","quantity":"20964.940","price":"0.00039333","timestamp":1651089162,"volume":"8.24613985","buyTxId":"c0676ee5349a17033b6c0674ce472068050118b8","sellTxId":"MM-P-16896070-63885594-3-29-0"}
{"index": {"_index":"sim","_id":"3295652"}}
	{"id":3295652,"type":"sell","buyer":"d-pend","seller":"zakludick","symbol":"SIM","quantity":"2.870","price":"0.00039300","timestamp":1651090209,"volume":"0.00112791","buyTxId":"5bf9f829dc9dd0f55f7d6bfcef02bc33939918ca","sellTxId":"5b43e12b5ac9f4a21da316f69a7907bdb7a8b5d9"}
{"index": {"_index":"sim","_id":"3295669"}}
	{"id":3295669,"type":"sell","buyer":"d-pend","seller":"loganhate","symbol":"SIM","quantity":"106.000","price":"0.00039300","timestamp":1651090416,"volume":"0.04165800","buyTxId":"5bf9f829dc9dd0f55f7d6bfcef02bc33939918ca","sellTxId":"c72a78e3ef8aa5c454dd04153e86f76a856ffd5d"}
{"index": {"_index":"sim","_id":"3295680"}}
	{"id":3295680,"type":"sell","buyer":"d-pend","seller":"medaymane","symbol":"SIM","quantity":"732.000","price":"0.00039300","timestamp":1651090596,"volume":"0.28767600","buyTxId":"5bf9f829dc9dd0f55f7d6bfcef02bc33939918ca","sellTxId":"b0f3c636836fecc71c6cb0164af623f31af13e06"}
{"index": {"_index":"sim","_id":"3295692"}}
	{"id":3295692,"type":"sell","buyer":"d-pend","seller":"medaymane","symbol":"SIM","quantity":"729.000","price":"0.00039300","timestamp":1651090710,"volume":"0.28649700","buyTxId":"5bf9f829dc9dd0f55f7d6bfcef02bc33939918ca","sellTxId":"5f9ce9d8b1059d66b89c727198bbf7e6d68db2d3"}
{"index": {"_index":"sim","_id":"3295738"}}
	{"id":3295738,"type":"sell","buyer":"d-pend","seller":"kaeserotor","symbol":"SIM","quantity":"6220.000","price":"0.00039300","timestamp":1651091007,"volume":"2.44446000","buyTxId":"5bf9f829dc9dd0f55f7d6bfcef02bc33939918ca","sellTxId":"8714c4ed1883becd9802e6a0103e32ac0aa7d40e"}
{"index": {"_index":"sim","_id":"3296069"}}
	{"id":3296069,"type":"sell","buyer":"d-pend","seller":"crypto-dz","symbol":"SIM","quantity":"50.000","price":"0.00039300","timestamp":1651094520,"volume":"0.01965000","buyTxId":"5bf9f829dc9dd0f55f7d6bfcef02bc33939918ca","sellTxId":"bccb337395f5ab662a25ada82dd787bfd887f9a2"}
{"index": {"_index":"sim","_id":"3296079"}}
	{"id":3296079,"type":"buy","buyer":"manniman","seller":"nftmart.fees","symbol":"SIM","quantity":"164.000","price":"0.00039332","timestamp":1651094592,"volume":"0.06450448","buyTxId":"e35e8498d6c24747356b0429905086fa026b05af","sellTxId":"f972dd2e11b1d7589a3c70bdb8f85dd3369ec58e-0"}
{"index": {"_index":"sim","_id":"3296080"}}
	{"id":3296080,"type":"buy","buyer":"manniman","seller":"jelly-cz","symbol":"SIM","quantity":"29494.947","price":"0.00039333","timestamp":1651094592,"volume":"11.60124750","buyTxId":"e35e8498d6c24747356b0429905086fa026b05af","sellTxId":"MM-P-16896070-63885594-3-29-0"}
{"index": {"_index":"sim","_id":"3296164"}}
	{"id":3296164,"type":"sell","buyer":"d-pend","seller":"jrcornel","symbol":"SIM","quantity":"23906.000","price":"0.00039300","timestamp":1651096041,"volume":"9.39505800","buyTxId":"5bf9f829dc9dd0f55f7d6bfcef02bc33939918ca","sellTxId":"4a635387419522ec0a59e6d943b52c1723fa5dfb"}
{"index": {"_index":"sim","_id":"3296173"}}
	{"id":3296173,"type":"sell","buyer":"d-pend","seller":"bitcoinflood","symbol":"SIM","quantity":"590.393","price":"0.00039300","timestamp":1651096215,"volume":"0.23202445","buyTxId":"5bf9f829dc9dd0f55f7d6bfcef02bc33939918ca","sellTxId":"7f70ae6bc537de489661b38f862fa6eb48e1fc8d"}
{"index": {"_index":"sim","_id":"3296199"}}
	{"id":3296199,"type":"sell","buyer":"d-pend","seller":"he-index","symbol":"SIM","quantity":"25.960","price":"0.00039300","timestamp":1651096989,"volume":"0.01020228","buyTxId":"5bf9f829dc9dd0f55f7d6bfcef02bc33939918ca","sellTxId":"216b2ad3dcbd47295b1932cacc453183b9a04a21"}
{"index": {"_index":"sim","_id":"3296284"}}
	{"id":3296284,"type":"sell","buyer":"d-pend","seller":"elevator09","symbol":"SIM","quantity":"6271.062","price":"0.00039300","timestamp":1651098258,"volume":"2.46452737","buyTxId":"5bf9f829dc9dd0f55f7d6bfcef02bc33939918ca","sellTxId":"f3d4ae75f3df890b2a7ac4a106cb4d69dcfe959b"}
{"index": {"_index":"sim","_id":"3296649"}}
	{"id":3296649,"type":"sell","buyer":"d-pend","seller":"dswap","symbol":"SIM","quantity":"0.174","price":"0.00039300","timestamp":1651100625,"volume":"0.00006838","buyTxId":"5bf9f829dc9dd0f55f7d6bfcef02bc33939918ca","sellTxId":"267d5cf725b2025490ab9adc06e80af84b43c702"}
{"index": {"_index":"sim","_id":"3297006"}}
	{"id":3297006,"type":"sell","buyer":"d-pend","seller":"andy4475","symbol":"SIM","quantity":"123.571","price":"0.00039300","timestamp":1651105266,"volume":"0.04856340","buyTxId":"5bf9f829dc9dd0f55f7d6bfcef02bc33939918ca","sellTxId":"763fe8d7cdaf1088ee4296ad1f7737f8747a2efe"}
{"index": {"_index":"sim","_id":"3297318"}}
	{"id":3297318,"type":"buy","buyer":"d-pend","seller":"nftmart.fees","symbol":"SIM","quantity":"142.000","price":"0.00039332","timestamp":1651107699,"volume":"0.05585144","buyTxId":"d79ce3325928e4441350cdb5ef13d3fb151746c7","sellTxId":"4857680796fdecc4137907fe6c9db3226ad65e5d-0"}
{"index": {"_index":"sim","_id":"3297319"}}
	{"id":3297319,"type":"buy","buyer":"d-pend","seller":"jelly-cz","symbol":"SIM","quantity":"75424.113","price":"0.00039333","timestamp":1651107699,"volume":"29.66656637","buyTxId":"d79ce3325928e4441350cdb5ef13d3fb151746c7","sellTxId":"MM-P-16896070-63885594-3-29-0"}
{"index": {"_index":"sim","_id":"3297320"}}
	{"id":3297320,"type":"buy","buyer":"d-pend","seller":"pixaroma","symbol":"SIM","quantity":"152475.967","price":"0.00039484","timestamp":1651107699,"volume":"60.20361081","buyTxId":"d79ce3325928e4441350cdb5ef13d3fb151746c7","sellTxId":"1bc7d782086077960dadb04d497be9a37630e4cd"}
{"index": {"_index":"sim","_id":"3297474"}}
	{"id":3297474,"type":"sell","buyer":"d-pend","seller":"dswap","symbol":"SIM","quantity":"1000","price":"0.00039500","timestamp":1651109667,"volume":"0.39500000","buyTxId":"d79ce3325928e4441350cdb5ef13d3fb151746c7","sellTxId":"a5e46b17c3b83e6d22e46508654a6347b3b87183"}
{"index": {"_index":"sim","_id":"3297574"}}
	{"id":3297574,"type":"sell","buyer":"d-pend","seller":"nftmart.fees","symbol":"SIM","quantity":"832.450","price":"0.00039500","timestamp":1651110879,"volume":"0.32881775","buyTxId":"d79ce3325928e4441350cdb5ef13d3fb151746c7","sellTxId":"0971765e227975d4a6cc7519e4be15256b68972a"}
{"index": {"_index":"sim","_id":"3297600"}}
	{"id":3297600,"type":"sell","buyer":"d-pend","seller":"jesmel26nala","symbol":"SIM","quantity":"1000.000","price":"0.00039500","timestamp":1651111233,"volume":"0.39500000","buyTxId":"d79ce3325928e4441350cdb5ef13d3fb151746c7","sellTxId":"a724ebddc59a45115dc777dc31c23d07ba255aa0"}
{"index": {"_index":"sim","_id":"3297653"}}
	{"id":3297653,"type":"buy","buyer":"libert","seller":"nftmart.fees","symbol":"SIM","quantity":"108.000","price":"0.00039630","timestamp":1651111944,"volume":"0.04280040","buyTxId":"aa04aeef10244c9e581980d4a32f2737e4f85e42","sellTxId":"07df55393cc5b0d89d806acced90bef434839a8f-0"}
{"index": {"_index":"sim","_id":"3297654"}}
	{"id":3297654,"type":"buy","buyer":"libert","seller":"jelly-cz","symbol":"SIM","quantity":"11448.323","price":"0.00039632","timestamp":1651111944,"volume":"4.53719960","buyTxId":"aa04aeef10244c9e581980d4a32f2737e4f85e42","sellTxId":"MM-P-16904851-63894377-3-29-0"}
