{"index": {"_index":"sim","_id":"1223902"}}
	{"id":1223902,"type":"sell","buyer":"enginemaker","seller":"barrenwolfsbane","symbol":"SIM","quantity":"227.000","price":"0.00105013","timestamp":1626405057,"volume":"0.23837951","buyTxId":"MM-P-8695348-55675623-3-2-0","sellTxId":"163d3c855ca3f93b0e1594ae12cacb8ce3c48e6b"}
{"index": {"_index":"sim","_id":"1223903"}}
	{"id":1223903,"type":"sell","buyer":"enginemaker","seller":"schlees","symbol":"SIM","quantity":"1542.000","price":"0.00105013","timestamp":1626405084,"volume":"1.61930046","buyTxId":"MM-P-8695348-55675623-3-2-0","sellTxId":"26ed302ee9986d6100994d5400be2cfcdad5d84f"}
{"index": {"_index":"sim","_id":"1223925"}}
	{"id":1223925,"type":"sell","buyer":"enginemaker","seller":"brofi-market","symbol":"SIM","quantity":"71.050","price":"0.00105013","timestamp":1626405504,"volume":"0.07461174","buyTxId":"MM-P-8695348-55675623-3-2-0","sellTxId":"48bb5fe206b1aa98fc476f72a9271dcda76b2672"}
{"index": {"_index":"sim","_id":"1223976"}}
	{"id":1223976,"type":"sell","buyer":"enginemaker","seller":"theshaki","symbol":"SIM","quantity":"48.115","price":"0.00105013","timestamp":1626407238,"volume":"0.05052700","buyTxId":"MM-P-8695348-55675623-3-2-0","sellTxId":"bba91f3d97b291b7384e96662282b6e016cf56f1"}
{"index": {"_index":"sim","_id":"1224018"}}
	{"id":1224018,"type":"sell","buyer":"enginemaker","seller":"thatcryptodave","symbol":"SIM","quantity":"764.000","price":"0.00105013","timestamp":1626408681,"volume":"0.80229932","buyTxId":"MM-P-8695348-55675623-3-2-0","sellTxId":"9cdfb9a45d57829d44a411d19fff3e9a51b68ed0"}
{"index": {"_index":"sim","_id":"1224019"}}
	{"id":1224019,"type":"sell","buyer":"enginemaker","seller":"thatcryptodave","symbol":"SIM","quantity":"764.000","price":"0.00105013","timestamp":1626408681,"volume":"0.80229932","buyTxId":"MM-P-8695348-55675623-3-2-0","sellTxId":"c6976fac2497ff6953dff8879d5a82f526924665"}
{"index": {"_index":"sim","_id":"1224022"}}
	{"id":1224022,"type":"sell","buyer":"enginemaker","seller":"thatcryptodave","symbol":"SIM","quantity":"236.002","price":"0.00105013","timestamp":1626408747,"volume":"0.24783278","buyTxId":"MM-P-8695348-55675623-3-2-0","sellTxId":"740af9f71cb531d03998a5439ea2b071851c7420"}
{"index": {"_index":"sim","_id":"1224054"}}
	{"id":1224054,"type":"sell","buyer":"enginemaker","seller":"ambarvegas","symbol":"SIM","quantity":"3001.120","price":"0.00105013","timestamp":1626409467,"volume":"3.15156615","buyTxId":"MM-P-8695348-55675623-3-2-0","sellTxId":"f3d5459e5e928c428584fbe9b80e11554772f8af"}
{"index": {"_index":"sim","_id":"1224131"}}
	{"id":1224131,"type":"sell","buyer":"enginemaker","seller":"muenchen","symbol":"SIM","quantity":"2758.380","price":"0.00105013","timestamp":1626411243,"volume":"2.89665759","buyTxId":"MM-P-8695348-55675623-3-2-0","sellTxId":"e4bf07ad38e5465f3a14882e97272b00fb6f1374"}
{"index": {"_index":"sim","_id":"1224165"}}
	{"id":1224165,"type":"sell","buyer":"enginemaker","seller":"muenchen","symbol":"SIM","quantity":"9945.620","price":"0.00105013","timestamp":1626411669,"volume":"10.44419393","buyTxId":"MM-P-8703183-55683495-3-2-0","sellTxId":"2c549ad812dea8da6f93bb4924857fcaf96e23b1"}
{"index": {"_index":"sim","_id":"1224166"}}
	{"id":1224166,"type":"sell","buyer":"enginemaker","seller":"steemstreems","symbol":"SIM","quantity":"1239.017","price":"0.00105013","timestamp":1626411675,"volume":"1.30112892","buyTxId":"MM-P-8703183-55683495-3-2-0","sellTxId":"78c14ea258c86ff7b036008afbf48afea52a8fc7"}
{"index": {"_index":"sim","_id":"1224208"}}
	{"id":1224208,"type":"sell","buyer":"enginemaker","seller":"atomcollector","symbol":"SIM","quantity":"2640.014","price":"0.00105013","timestamp":1626413160,"volume":"2.77235790","buyTxId":"MM-P-8703183-55683495-3-2-0","sellTxId":"2881446eab9ca8619a53c9ed42e26ad9556e6a75"}
{"index": {"_index":"sim","_id":"1224212"}}
	{"id":1224212,"type":"sell","buyer":"enginemaker","seller":"justinparke","symbol":"SIM","quantity":"9981.925","price":"0.00105013","timestamp":1626413499,"volume":"10.48231890","buyTxId":"MM-P-8703183-55683495-3-2-0","sellTxId":"b05234080a3d23ea4edc55875f0c294224e4f42a"}
{"index": {"_index":"sim","_id":"1224213"}}
	{"id":1224213,"type":"sell","buyer":"petertag","seller":"justinparke","symbol":"SIM","quantity":"2418.000","price":"0.00104499","timestamp":1626413499,"volume":"2.52678582","buyTxId":"72eaf5747c863dd61230707e91cc847dc6129c1f","sellTxId":"b05234080a3d23ea4edc55875f0c294224e4f42a"}
{"index": {"_index":"sim","_id":"1224214"}}
	{"id":1224214,"type":"sell","buyer":"jelly13","seller":"justinparke","symbol":"SIM","quantity":"8188.510","price":"0.00104014","timestamp":1626413499,"volume":"8.51719679","buyTxId":"dfe319995ddc3e9e7a78389e3fed2c178e3447c4","sellTxId":"b05234080a3d23ea4edc55875f0c294224e4f42a"}
{"index": {"_index":"sim","_id":"1224223"}}
	{"id":1224223,"type":"sell","buyer":"jelly13","seller":"dhedge-drips","symbol":"SIM","quantity":"9.167","price":"0.00104014","timestamp":1626413766,"volume":"0.00953496","buyTxId":"dfe319995ddc3e9e7a78389e3fed2c178e3447c4","sellTxId":"f2b97e60c4bd431b8c311923fd609431ba34d766"}
{"index": {"_index":"sim","_id":"1224237"}}
	{"id":1224237,"type":"sell","buyer":"enginemaker","seller":"thatcryptodave","symbol":"SIM","quantity":"517.819","price":"0.00105013","timestamp":1626413874,"volume":"0.54377727","buyTxId":"MM-P-8703981-55684294-3-2-0","sellTxId":"84a5a81856721bfbd85ab7b88294b162b445e4fe"}
{"index": {"_index":"sim","_id":"1224248"}}
	{"id":1224248,"type":"sell","buyer":"enginemaker","seller":"thesimguru","symbol":"SIM","quantity":"1587.600","price":"0.00105013","timestamp":1626414006,"volume":"1.66718639","buyTxId":"MM-P-8703981-55684294-3-2-0","sellTxId":"1f74e7c44a287ce0d5835c226ec4a6a4c6401b9f"}
{"index": {"_index":"sim","_id":"1224267"}}
	{"id":1224267,"type":"sell","buyer":"enginemaker","seller":"imperij4427","symbol":"SIM","quantity":"18111.000","price":"0.00105013","timestamp":1626414255,"volume":"19.01890443","buyTxId":"MM-P-8703981-55684294-3-2-0","sellTxId":"363c1789bcb9a162f2a7dccf138df38581cd516b"}
{"index": {"_index":"sim","_id":"1224273"}}
	{"id":1224273,"type":"sell","buyer":"enginemaker","seller":"megalithic","symbol":"SIM","quantity":"3590.157","price":"0.00105013","timestamp":1626414453,"volume":"3.77013157","buyTxId":"MM-P-8703981-55684294-3-2-0","sellTxId":"d685e782bd6552c7be95b43b0c425158084fdcae"}
{"index": {"_index":"sim","_id":"1224274"}}
	{"id":1224274,"type":"sell","buyer":"jelly13","seller":"megalithic","symbol":"SIM","quantity":"14620.843","price":"0.00104014","timestamp":1626414453,"volume":"15.20772364","buyTxId":"dfe319995ddc3e9e7a78389e3fed2c178e3447c4","sellTxId":"d685e782bd6552c7be95b43b0c425158084fdcae"}
{"index": {"_index":"sim","_id":"1224285"}}
	{"id":1224285,"type":"buy","buyer":"toni.curation","seller":"nftmart.fees","symbol":"SIM","quantity":"118.999","price":"0.00105084","timestamp":1626414618,"volume":"0.12504891","buyTxId":"027a46d3b402af4767d71194fe64fea68891e346-0","sellTxId":"577c0ae259e7a4f0702afb5e845d47b6db39fd50-0"}
{"index": {"_index":"sim","_id":"1224301"}}
	{"id":1224301,"type":"buy","buyer":"toni.curation","seller":"nftmart.fees","symbol":"SIM","quantity":"106.999","price":"0.00105083","timestamp":1626415587,"volume":"0.11243776","buyTxId":"38bf24d2998f0322b6d2cab47b15fbf60f5d1ec0-0","sellTxId":"4800342e6731c74bf4ab40f64960c2d5c338a2c4-0"}
{"index": {"_index":"sim","_id":"1224311"}}
	{"id":1224311,"type":"sell","buyer":"enginemaker","seller":"finguru","symbol":"SIM","quantity":"475.541","price":"0.00105013","timestamp":1626415896,"volume":"0.49937987","buyTxId":"MM-P-8704281-55684594-3-2-0","sellTxId":"74b064ca56a832ba47d889e856ae79a2622d9c47"}
{"index": {"_index":"sim","_id":"1224326"}}
	{"id":1224326,"type":"buy","buyer":"zelensky","seller":"nftmart.fees","symbol":"SIM","quantity":"0.001","price":"0.00105083","timestamp":1626416481,"volume":"0.00000105","buyTxId":"a7bccecc6174b3139c3f7c275701f55e36405068","sellTxId":"4800342e6731c74bf4ab40f64960c2d5c338a2c4-0"}
{"index": {"_index":"sim","_id":"1224327"}}
	{"id":1224327,"type":"buy","buyer":"zelensky","seller":"dhedge-drips","symbol":"SIM","quantity":"9.167","price":"0.00105085","timestamp":1626416481,"volume":"0.00963314","buyTxId":"a7bccecc6174b3139c3f7c275701f55e36405068","sellTxId":"82fcfc43523b7656c73862e85759aaa5dc74fc78"}
{"index": {"_index":"sim","_id":"1224328"}}
	{"id":1224328,"type":"buy","buyer":"zelensky","seller":"brofi-market","symbol":"SIM","quantity":"71.050","price":"0.00105092","timestamp":1626416481,"volume":"0.07466787","buyTxId":"a7bccecc6174b3139c3f7c275701f55e36405068","sellTxId":"0220e7ff7740723841e2256c62bab713c7bafbf3"}
{"index": {"_index":"sim","_id":"1224329"}}
	{"id":1224329,"type":"buy","buyer":"zelensky","seller":"enginemaker","symbol":"SIM","quantity":"100.361","price":"0.00108845","timestamp":1626416481,"volume":"0.10923793","buyTxId":"a7bccecc6174b3139c3f7c275701f55e36405068","sellTxId":"MM-P-8695940-55676219-3-2-0"}
{"index": {"_index":"sim","_id":"1224369"}}
	{"id":1224369,"type":"buy","buyer":"enforcer48","seller":"nftmart.fees","symbol":"SIM","quantity":"93.000","price":"0.00107999","timestamp":1626417777,"volume":"0.10043907","buyTxId":"063065045ee6e0420c39260e2c45c9343acd4be5","sellTxId":"1b1a18be19f32c880f039f82957c278e5b727497-0"}
{"index": {"_index":"sim","_id":"1224370"}}
	{"id":1224370,"type":"buy","buyer":"enforcer48","seller":"joshh71390","symbol":"SIM","quantity":"380.000","price":"0.00108000","timestamp":1626417777,"volume":"0.41040000","buyTxId":"063065045ee6e0420c39260e2c45c9343acd4be5","sellTxId":"8d93da31c817e38f15771f59a88eb807e1dcd028"}
{"index": {"_index":"sim","_id":"1224371"}}
	{"id":1224371,"type":"buy","buyer":"enforcer48","seller":"enginemaker","symbol":"SIM","quantity":"1364.265","price":"0.00108845","timestamp":1626417777,"volume":"1.48493424","buyTxId":"063065045ee6e0420c39260e2c45c9343acd4be5","sellTxId":"MM-P-8695940-55676219-3-2-0"}
{"index": {"_index":"sim","_id":"1224372"}}
	{"id":1224372,"type":"buy","buyer":"enforcer48","seller":"freebornsociety","symbol":"SIM","quantity":"7362.735","price":"0.00109815","timestamp":1626417777,"volume":"8.08538744","buyTxId":"063065045ee6e0420c39260e2c45c9343acd4be5","sellTxId":"MM-P-8696182-55676463-3-4-1"}
{"index": {"_index":"sim","_id":"1224483"}}
	{"id":1224483,"type":"buy","buyer":"chunchun123","seller":"freebornsociety","symbol":"SIM","quantity":"6000.000","price":"0.00111945","timestamp":1626422400,"volume":"6.71670000","buyTxId":"4993d0c6ac1275a29690d3cb79e1fe47b9a83883","sellTxId":"MM-P-8706611-55686933-3-4-1"}
{"index": {"_index":"sim","_id":"1224528"}}
	{"id":1224528,"type":"buy","buyer":"lrekt01","seller":"freebornsociety","symbol":"SIM","quantity":"84.000","price":"0.00110889","timestamp":1626424158,"volume":"0.09314676","buyTxId":"cae9be37c1229c823aba8eabc8aed17af32fe331","sellTxId":"MM-P-8707408-55687732-3-4-1"}
{"index": {"_index":"sim","_id":"1224566"}}
	{"id":1224566,"type":"sell","buyer":"enginemaker","seller":"slobberchops","symbol":"SIM","quantity":"1444.140","price":"0.00105013","timestamp":1626426066,"volume":"1.51653474","buyTxId":"MM-P-8704281-55684594-3-2-0","sellTxId":"44e5807f765e8a69f8349b016d51a09908222355"}
{"index": {"_index":"sim","_id":"1224568"}}
	{"id":1224568,"type":"sell","buyer":"enginemaker","seller":"entraide.rewards","symbol":"SIM","quantity":"0.050","price":"0.00105013","timestamp":1626426075,"volume":"0.00005251","buyTxId":"MM-P-8704281-55684594-3-2-0","sellTxId":"d15da1121f1987cf1ac48ba999230dbaf3a09e31"}
{"index": {"_index":"sim","_id":"1224606"}}
	{"id":1224606,"type":"sell","buyer":"enginemaker","seller":"goldcoin","symbol":"SIM","quantity":"59.455","price":"0.00105013","timestamp":1626426972,"volume":"0.06243548","buyTxId":"MM-P-8704281-55684594-3-2-0","sellTxId":"f0c79f3689866fde1100fa98d5c7eb826483cd34"}
{"index": {"_index":"sim","_id":"1224683"}}
	{"id":1224683,"type":"sell","buyer":"heyantomei","seller":"anosys","symbol":"SIM","quantity":"42.026","price":"0.00108000","timestamp":1626430014,"volume":"0.04538808","buyTxId":"5a849d92dc7847258fe45ac9a8ebc2d856079a8e","sellTxId":"581a5c56ed8c2bb9dded9481d8ee9f5658baf553"}
{"index": {"_index":"sim","_id":"1224731"}}
	{"id":1224731,"type":"sell","buyer":"heyantomei","seller":"libertycrypto27","symbol":"SIM","quantity":"3400.897","price":"0.00108000","timestamp":1626431910,"volume":"3.67296876","buyTxId":"5a849d92dc7847258fe45ac9a8ebc2d856079a8e","sellTxId":"0afac782ac0838be470b9e48f464c4c185a1f68f"}
{"index": {"_index":"sim","_id":"1224732"}}
	{"id":1224732,"type":"buy","buyer":"konvik","seller":"libertycrypto27","symbol":"SIM","quantity":"6375.103","price":"0.00108000","timestamp":1626431913,"volume":"6.88511124","buyTxId":"3803fd77dff96a5ecdad45fe33e9eba99033f41f-0","sellTxId":"0afac782ac0838be470b9e48f464c4c185a1f68f"}
{"index": {"_index":"sim","_id":"1224809"}}
	{"id":1224809,"type":"sell","buyer":"enginemaker","seller":"theguruasia","symbol":"SIM","quantity":"292.744","price":"0.00105013","timestamp":1626434454,"volume":"0.30741926","buyTxId":"MM-P-8704281-55684594-3-2-0","sellTxId":"43a14fecb9fd7e228924c5c44b995ffef0fb5278"}
{"index": {"_index":"sim","_id":"1224813"}}
	{"id":1224813,"type":"buy","buyer":"lrekt01","seller":"nftmart.fees","symbol":"SIM","quantity":"75.000","price":"0.00108607","timestamp":1626434961,"volume":"0.08145525","buyTxId":"f9bb96d4fa36ffc63314cce3c9ed090fe09bbd57","sellTxId":"a1232fbec5f77a5c2dc401041bf145082a4e7770-0"}
{"index": {"_index":"sim","_id":"1224814"}}
	{"id":1224814,"type":"buy","buyer":"lrekt01","seller":"medaymane","symbol":"SIM","quantity":"900.000","price":"0.00108613","timestamp":1626435018,"volume":"0.97751700","buyTxId":"db3b59eda44d39b4db9094592d36c71e61c4be83","sellTxId":"6ed15891cc9140359ed4f89a1d0fd75550c8dd8a"}
{"index": {"_index":"sim","_id":"1224845"}}
	{"id":1224845,"type":"sell","buyer":"enginemaker","seller":"hiveupme","symbol":"SIM","quantity":"51.000","price":"0.00105013","timestamp":1626436644,"volume":"0.05355663","buyTxId":"MM-P-8704281-55684594-3-2-0","sellTxId":"23c5b4026e3b3f00256020bf6c699f19a1ac4f05"}
{"index": {"_index":"sim","_id":"1224847"}}
	{"id":1224847,"type":"sell","buyer":"enginemaker","seller":"blue.rabbit","symbol":"SIM","quantity":"21483.646","price":"0.00105013","timestamp":1626436674,"volume":"22.56062117","buyTxId":"MM-P-8704281-55684594-3-2-0","sellTxId":"2e4830a0881f78cfa740e9dfe8d706f2ed3bf255"}
{"index": {"_index":"sim","_id":"1224848"}}
	{"id":1224848,"type":"buy","buyer":"konvik","seller":"blue.rabbit","symbol":"SIM","quantity":"6761.404","price":"0.00105000","timestamp":1626436677,"volume":"7.09947420","buyTxId":"399c548324b5f710279b8df18261e56649e64b36-0","sellTxId":"2e4830a0881f78cfa740e9dfe8d706f2ed3bf255"}
{"index": {"_index":"sim","_id":"1224874"}}
	{"id":1224874,"type":"sell","buyer":"toni.curation","seller":"andy4475","symbol":"SIM","quantity":"35.680","price":"0.00105000","timestamp":1626437751,"volume":"0.03746400","buyTxId":"b7c2dbac4ecf49478faf53ffca83377716ea28e3-0","sellTxId":"be72c069dab9646251093a1afe600b7397b531b1"}
{"index": {"_index":"sim","_id":"1224964"}}
	{"id":1224964,"type":"sell","buyer":"toni.curation","seller":"darmst5339","symbol":"SIM","quantity":"3.867","price":"0.00105000","timestamp":1626440259,"volume":"0.00406035","buyTxId":"b7c2dbac4ecf49478faf53ffca83377716ea28e3-0","sellTxId":"05eee312b655e2f6e8b8afc1fe3f0a70c3fcb6d2"}
{"index": {"_index":"sim","_id":"1225020"}}
	{"id":1225020,"type":"sell","buyer":"toni.curation","seller":"lightcaptured","symbol":"SIM","quantity":"2102.637","price":"0.00105000","timestamp":1626441849,"volume":"2.20776885","buyTxId":"b7c2dbac4ecf49478faf53ffca83377716ea28e3-0","sellTxId":"3988113c6e3100f193026359f4fa5ca83e5e203d"}
{"index": {"_index":"sim","_id":"1225055"}}
	{"id":1225055,"type":"sell","buyer":"toni.curation","seller":"holoferncro","symbol":"SIM","quantity":"4076.002","price":"0.00105000","timestamp":1626443229,"volume":"4.27980210","buyTxId":"b7c2dbac4ecf49478faf53ffca83377716ea28e3-0","sellTxId":"ae836e4de92361d762e8e531c5f3289c2922613f"}
{"index": {"_index":"sim","_id":"1225274"}}
	{"id":1225274,"type":"sell","buyer":"freebornsociety","seller":"whatamidoing","symbol":"SIM","quantity":"42594.825","price":"0.00104104","timestamp":1626448836,"volume":"44.34291662","buyTxId":"MM-P-8708094-55688430-3-4-0","sellTxId":"4080563e786600028bfc4d8ed4aec827d50730a7"}
{"index": {"_index":"sim","_id":"1225288"}}
	{"id":1225288,"type":"buy","buyer":"konvik","seller":"nftmart.fees","symbol":"SIM","quantity":"166.000","price":"0.00107996","timestamp":1626449247,"volume":"0.17927336","buyTxId":"1f49a210e275f6f202dce1191a141b2107423cfb-0","sellTxId":"d470f6d98d32e81f1ea30736e91503507772042f-0"}
{"index": {"_index":"sim","_id":"1225289"}}
	{"id":1225289,"type":"buy","buyer":"konvik","seller":"half-fast","symbol":"SIM","quantity":"21.131","price":"0.00108000","timestamp":1626449247,"volume":"0.02282148","buyTxId":"1f49a210e275f6f202dce1191a141b2107423cfb-0","sellTxId":"aa74e4bf56bb373d1864d23c09add09fb718d304"}
{"index": {"_index":"sim","_id":"1225290"}}
	{"id":1225290,"type":"buy","buyer":"konvik","seller":"medaymane","symbol":"SIM","quantity":"792.000","price":"0.00108613","timestamp":1626449247,"volume":"0.86021496","buyTxId":"1f49a210e275f6f202dce1191a141b2107423cfb-0","sellTxId":"6ed15891cc9140359ed4f89a1d0fd75550c8dd8a"}
{"index": {"_index":"sim","_id":"1225291"}}
	{"id":1225291,"type":"buy","buyer":"konvik","seller":"desyfit","symbol":"SIM","quantity":"99021.868","price":"0.00108877","timestamp":1626449247,"volume":"107.81203922","buyTxId":"1f49a210e275f6f202dce1191a141b2107423cfb-0","sellTxId":"681d679681cca0e7c51e36fb90263d8965ff75ab"}
{"index": {"_index":"sim","_id":"1225302"}}
	{"id":1225302,"type":"buy","buyer":"konvik","seller":"desyfit","symbol":"SIM","quantity":"978.132","price":"0.00108877","timestamp":1626449814,"volume":"1.06496078","buyTxId":"30aff6f77cec4f31fe52b7926f603f235ddcd48c-0","sellTxId":"681d679681cca0e7c51e36fb90263d8965ff75ab"}
{"index": {"_index":"sim","_id":"1225303"}}
	{"id":1225303,"type":"buy","buyer":"konvik","seller":"enginemaker","symbol":"SIM","quantity":"62008.435","price":"0.00108878","timestamp":1626449814,"volume":"67.51354386","buyTxId":"30aff6f77cec4f31fe52b7926f603f235ddcd48c-0","sellTxId":"MM-P-8707856-55688187-3-2-0"}
{"index": {"_index":"sim","_id":"1225385"}}
	{"id":1225385,"type":"sell","buyer":"enginemaker","seller":"bearbear613","symbol":"SIM","quantity":"15172.065","price":"0.00105013","timestamp":1626450978,"volume":"15.93264062","buyTxId":"MM-P-8716005-55696367-3-2-0","sellTxId":"8d36dfc89447026adad5693c1ee73b7f2802d8b9"}
{"index": {"_index":"sim","_id":"1225411"}}
	{"id":1225411,"type":"sell","buyer":"enginemaker","seller":"aliveprojects","symbol":"SIM","quantity":"0.014","price":"0.00105013","timestamp":1626451596,"volume":"0.00001470","buyTxId":"MM-P-8716005-55696367-3-2-0","sellTxId":"b395d35e5529d71e8450a93cba22abe8bbe4b3a1"}
{"index": {"_index":"sim","_id":"1225421"}}
	{"id":1225421,"type":"sell","buyer":"enginemaker","seller":"solarpowers","symbol":"SIM","quantity":"8634.497","price":"0.00105013","timestamp":1626451680,"volume":"9.06734433","buyTxId":"MM-P-8716005-55696367-3-2-0","sellTxId":"51ad294eb6906686d7316251d7c775481996600e"}
{"index": {"_index":"sim","_id":"1225422"}}
	{"id":1225422,"type":"sell","buyer":"gerber","seller":"solarpowers","symbol":"SIM","quantity":"8759.503","price":"0.00104200","timestamp":1626451680,"volume":"9.12740213","buyTxId":"5bb3d0538c580fde7a4fabcb6313eeab1a76d975","sellTxId":"51ad294eb6906686d7316251d7c775481996600e"}
{"index": {"_index":"sim","_id":"1225424"}}
	{"id":1225424,"type":"buy","buyer":"ow-my-balls","seller":"nftmart.fees","symbol":"SIM","quantity":"166.000","price":"0.00107999","timestamp":1626451701,"volume":"0.17927834","buyTxId":"944bb4b9db530edc3d376511745719a642d912cd","sellTxId":"3d4b5f3a6cdc0278a5de37c67d5d484e47522e2d-0"}
{"index": {"_index":"sim","_id":"1225425"}}
	{"id":1225425,"type":"buy","buyer":"ow-my-balls","seller":"elevator09","symbol":"SIM","quantity":"2920.000","price":"0.00108000","timestamp":1626451725,"volume":"3.15360000","buyTxId":"e0c95ed364c7da150b2745d5bccce6b9b77adaa2","sellTxId":"8d16c708eff4acceb5682cfff372494967d52ac1"}
{"index": {"_index":"sim","_id":"1225442"}}
	{"id":1225442,"type":"buy","buyer":"ow-my-balls","seller":"enginemaker","symbol":"SIM","quantity":"977.503","price":"0.00108878","timestamp":1626452166,"volume":"1.06428572","buyTxId":"6ee54a72cd3b70e421085b83581731f485257ab0","sellTxId":"MM-P-8707856-55688187-3-2-0"}
{"index": {"_index":"sim","_id":"1225445"}}
	{"id":1225445,"type":"buy","buyer":"ow-my-balls","seller":"enginemaker","symbol":"SIM","quantity":"8000.000","price":"0.00108828","timestamp":1626452358,"volume":"8.70624000","buyTxId":"8753e34bc5a1d9f5a1381101646199b1315e9b40","sellTxId":"MM-P-8716703-55697066-3-2-0"}
{"index": {"_index":"sim","_id":"1225452"}}
	{"id":1225452,"type":"buy","buyer":"ow-my-balls","seller":"enginemaker","symbol":"SIM","quantity":"334.000","price":"0.00108828","timestamp":1626452394,"volume":"0.36348552","buyTxId":"8326951d188d1a4a7d07c6a3a0e74fb89e670c3d","sellTxId":"MM-P-8716703-55697066-3-2-0"}
{"index": {"_index":"sim","_id":"1225511"}}
	{"id":1225511,"type":"sell","buyer":"solovey6o2","seller":"martusamak","symbol":"SIM","quantity":"4596.451","price":"0.00105014","timestamp":1626453777,"volume":"4.82691705","buyTxId":"3eec5055f472b652f0730b260b91046d5704d3a3","sellTxId":"9b4da001d3cc22e721d752e173aa5370c0410630"}
{"index": {"_index":"sim","_id":"1225512"}}
	{"id":1225512,"type":"sell","buyer":"solovey6o2","seller":"steemmillionaire","symbol":"SIM","quantity":"100.000","price":"0.00105014","timestamp":1626453870,"volume":"0.10501400","buyTxId":"3eec5055f472b652f0730b260b91046d5704d3a3","sellTxId":"d126330d844e02c8a33342585468dc9a46a07751"}
{"index": {"_index":"sim","_id":"1225572"}}
	{"id":1225572,"type":"buy","buyer":"juanmiguelsalas","seller":"nftmart.fees","symbol":"SIM","quantity":"126.000","price":"0.00108826","timestamp":1626454455,"volume":"0.13712076","buyTxId":"2cbb281c336e27a620c2b81bff5c8b01e4016bb7","sellTxId":"64fe788f3e59466406bfb1c316950d38524dc7ab-0"}
{"index": {"_index":"sim","_id":"1225573"}}
	{"id":1225573,"type":"buy","buyer":"juanmiguelsalas","seller":"solovey6o2","symbol":"SIM","quantity":"1137.000","price":"0.00108827","timestamp":1626454455,"volume":"1.23736299","buyTxId":"2cbb281c336e27a620c2b81bff5c8b01e4016bb7","sellTxId":"34955ebcecdd00cb89165c3671369259183d2f3d"}
{"index": {"_index":"sim","_id":"1225590"}}
	{"id":1225590,"type":"sell","buyer":"half-fast","seller":"manoldonchev","symbol":"SIM","quantity":"21.113","price":"0.00105050","timestamp":1626455244,"volume":"0.02217921","buyTxId":"9d2de4da7dae850c18f3532a8272f26c2a1ceb81","sellTxId":"a1b3a7e361f6886441e23e78c46cf428262e15bc"}
{"index": {"_index":"sim","_id":"1225591"}}
	{"id":1225591,"type":"sell","buyer":"solovey6o2","seller":"manoldonchev","symbol":"SIM","quantity":"39978.887","price":"0.00105014","timestamp":1626455244,"volume":"41.98342839","buyTxId":"3eec5055f472b652f0730b260b91046d5704d3a3","sellTxId":"a1b3a7e361f6886441e23e78c46cf428262e15bc"}
{"index": {"_index":"sim","_id":"1225624"}}
	{"id":1225624,"type":"buy","buyer":"gerber","seller":"dcityfund","symbol":"SIM","quantity":"1262.343","price":"0.00108800","timestamp":1626456228,"volume":"1.37342918","buyTxId":"8b08993ea15fd185b482f479c4cace3f6f27d606","sellTxId":"f116177644a2aa078c560c0a3d2f1b2fd651f235"}
{"index": {"_index":"sim","_id":"1225625"}}
	{"id":1225625,"type":"buy","buyer":"gerber","seller":"nftmart.fees","symbol":"SIM","quantity":"129.000","price":"0.00108826","timestamp":1626456228,"volume":"0.14038554","buyTxId":"8b08993ea15fd185b482f479c4cace3f6f27d606","sellTxId":"bac2056e365143c985b6230a6c38c8bb699d6e8d-0"}
{"index": {"_index":"sim","_id":"1225626"}}
	{"id":1225626,"type":"buy","buyer":"gerber","seller":"solovey6o2","symbol":"SIM","quantity":"3459.452","price":"0.00108827","timestamp":1626456228,"volume":"3.76481783","buyTxId":"8b08993ea15fd185b482f479c4cace3f6f27d606","sellTxId":"34955ebcecdd00cb89165c3671369259183d2f3d"}
{"index": {"_index":"sim","_id":"1225627"}}
	{"id":1225627,"type":"buy","buyer":"gerber","seller":"solovey6o2","symbol":"SIM","quantity":"40078.887","price":"0.00108827","timestamp":1626456228,"volume":"43.61665036","buyTxId":"8b08993ea15fd185b482f479c4cace3f6f27d606","sellTxId":"4f27eefa9d2cb3890b075e835b4b69ccc4bf78b5"}
{"index": {"_index":"sim","_id":"1225628"}}
	{"id":1225628,"type":"buy","buyer":"gerber","seller":"enginemaker","symbol":"SIM","quantity":"38803.611","price":"0.00108828","timestamp":1626456228,"volume":"42.22919378","buyTxId":"8b08993ea15fd185b482f479c4cace3f6f27d606","sellTxId":"MM-P-8716703-55697066-3-2-0"}
{"index": {"_index":"sim","_id":"1225629"}}
	{"id":1225629,"type":"buy","buyer":"gerber","seller":"freebornsociety","symbol":"SIM","quantity":"8082.765","price":"0.00109808","timestamp":1626456228,"volume":"8.87552331","buyTxId":"8b08993ea15fd185b482f479c4cace3f6f27d606","sellTxId":"MM-P-8716846-55697209-3-4-0"}
{"index": {"_index":"sim","_id":"1225664"}}
	{"id":1225664,"type":"sell","buyer":"dcityfund","seller":"epilatero","symbol":"SIM","quantity":"704","price":"0.00105400","timestamp":1626457365,"volume":"0.74201600","buyTxId":"2850a9a4edb1714714e3ba5f7ca86b5e85958c39","sellTxId":"d1dac1efe496818815ce01dd1c97151d098a4978"}
{"index": {"_index":"sim","_id":"1225777"}}
	{"id":1225777,"type":"sell","buyer":"dcityfund","seller":"monsterjamgold","symbol":"SIM","quantity":"1265.000","price":"0.00105400","timestamp":1626459519,"volume":"1.33331000","buyTxId":"2850a9a4edb1714714e3ba5f7ca86b5e85958c39","sellTxId":"0272934eba1512bacc2a88eccc5ecfa8f12645be"}
{"index": {"_index":"sim","_id":"1225804"}}
	{"id":1225804,"type":"sell","buyer":"dcityfund","seller":"pele23","symbol":"SIM","quantity":"0.231","price":"0.00105400","timestamp":1626460983,"volume":"0.00024347","buyTxId":"2850a9a4edb1714714e3ba5f7ca86b5e85958c39","sellTxId":"7e2896b238000baece4617ab3f3e58637deeead5"}
{"index": {"_index":"sim","_id":"1225808"}}
	{"id":1225808,"type":"sell","buyer":"dcityfund","seller":"monsterjamgold","symbol":"SIM","quantity":"950.000","price":"0.00105400","timestamp":1626461079,"volume":"1.00130000","buyTxId":"2850a9a4edb1714714e3ba5f7ca86b5e85958c39","sellTxId":"48de73551530588eb29005cb1b8f32b9c0b912fc"}
{"index": {"_index":"sim","_id":"1225812"}}
	{"id":1225812,"type":"sell","buyer":"dcityfund","seller":"dhedge-drips","symbol":"SIM","quantity":"0.005","price":"0.00105400","timestamp":1626461118,"volume":"0.00000527","buyTxId":"2850a9a4edb1714714e3ba5f7ca86b5e85958c39","sellTxId":"0564f36683482fb95a233bf6f7ee3f06a6c33293"}
{"index": {"_index":"sim","_id":"1225833"}}
	{"id":1225833,"type":"sell","buyer":"dcityfund","seller":"jrcornel","symbol":"SIM","quantity":"808.899","price":"0.00105400","timestamp":1626461247,"volume":"0.85257955","buyTxId":"2850a9a4edb1714714e3ba5f7ca86b5e85958c39","sellTxId":"df8fee92793b79e784f2c908151e799a4a244d81"}
{"index": {"_index":"sim","_id":"1225834"}}
	{"id":1225834,"type":"sell","buyer":"solovey6o2","seller":"jrcornel","symbol":"SIM","quantity":"17628.306","price":"0.00105251","timestamp":1626461247,"volume":"18.55396835","buyTxId":"8b55e62cfa0501d2500b258017b6eff44852430e","sellTxId":"df8fee92793b79e784f2c908151e799a4a244d81"}
{"index": {"_index":"sim","_id":"1225835"}}
	{"id":1225835,"type":"sell","buyer":"solovey6o2","seller":"jrcornel","symbol":"SIM","quantity":"16836.867","price":"0.00105251","timestamp":1626461247,"volume":"17.72097089","buyTxId":"dc593a689ffc918482b505072427294d4f254882","sellTxId":"df8fee92793b79e784f2c908151e799a4a244d81"}
{"index": {"_index":"sim","_id":"1225836"}}
	{"id":1225836,"type":"sell","buyer":"solovey6o2","seller":"jrcornel","symbol":"SIM","quantity":"16932.327","price":"0.00105251","timestamp":1626461247,"volume":"17.82144349","buyTxId":"c0746dadf1e10c11c6ecc4b2fd92d07842e34202","sellTxId":"df8fee92793b79e784f2c908151e799a4a244d81"}
{"index": {"_index":"sim","_id":"1225837"}}
	{"id":1225837,"type":"sell","buyer":"solovey6o2","seller":"jrcornel","symbol":"SIM","quantity":"8534.390","price":"0.00105251","timestamp":1626461247,"volume":"8.98253082","buyTxId":"883f2a1952cf6b555043372d2ca796cc16082768","sellTxId":"df8fee92793b79e784f2c908151e799a4a244d81"}
{"index": {"_index":"sim","_id":"1225838"}}
	{"id":1225838,"type":"sell","buyer":"joshh71390","seller":"jrcornel","symbol":"SIM","quantity":"2442.211","price":"0.00105250","timestamp":1626461247,"volume":"2.57042708","buyTxId":"df18b6dfeb61f4cb5e5b1cbe7c06b2bb6ff6c008","sellTxId":"df8fee92793b79e784f2c908151e799a4a244d81"}
{"index": {"_index":"sim","_id":"1225872"}}
	{"id":1225872,"type":"sell","buyer":"joshh71390","seller":"bwar-gg","symbol":"SIM","quantity":"868.000","price":"0.00105250","timestamp":1626462801,"volume":"0.91357000","buyTxId":"df18b6dfeb61f4cb5e5b1cbe7c06b2bb6ff6c008","sellTxId":"b59e077f13c67c5c20e46b09618bfe49e9ff9eab"}
{"index": {"_index":"sim","_id":"1225879"}}
	{"id":1225879,"type":"sell","buyer":"joshh71390","seller":"automaton","symbol":"SIM","quantity":"2400.000","price":"0.00105250","timestamp":1626463071,"volume":"2.52600000","buyTxId":"df18b6dfeb61f4cb5e5b1cbe7c06b2bb6ff6c008","sellTxId":"68b456a0d8331f6b81e2512d049a38cc96e7ac65"}
{"index": {"_index":"sim","_id":"1225892"}}
	{"id":1225892,"type":"sell","buyer":"joshh71390","seller":"ayhamyou","symbol":"SIM","quantity":"9289.789","price":"0.00105250","timestamp":1626464037,"volume":"9.77750292","buyTxId":"df18b6dfeb61f4cb5e5b1cbe7c06b2bb6ff6c008","sellTxId":"4c29594baa2e863be70ec1d507c8b11c79075d49"}
{"index": {"_index":"sim","_id":"1225893"}}
	{"id":1225893,"type":"buy","buyer":"toni.curation","seller":"ayhamyou","symbol":"SIM","quantity":"1070.209","price":"0.00105250","timestamp":1626464043,"volume":"1.12639497","buyTxId":"7d0172248b4212e6175d6160ddcb09e2259ac2a7-0","sellTxId":"4c29594baa2e863be70ec1d507c8b11c79075d49"}
{"index": {"_index":"sim","_id":"1225904"}}
	{"id":1225904,"type":"sell","buyer":"enginemaker","seller":"worldfinances","symbol":"SIM","quantity":"813.496","price":"0.00105013","timestamp":1626464817,"volume":"0.85427655","buyTxId":"MM-P-8716603-55696966-3-2-0","sellTxId":"318041ec831435c282d9efe364aef3d34ff9e981"}
{"index": {"_index":"sim","_id":"1225943"}}
	{"id":1225943,"type":"buy","buyer":"lrekt01","seller":"nftmart.fees","symbol":"SIM","quantity":"116.900","price":"0.00108806","timestamp":1626466506,"volume":"0.12719421","buyTxId":"8c17d6e86ad13b4d827adbbfe7098651a6b932bf","sellTxId":"318f3ecf711942ba1af116b1187f4758a723b58d-0"}
{"index": {"_index":"sim","_id":"1226032"}}
	{"id":1226032,"type":"sell","buyer":"enginemaker","seller":"holoferncro","symbol":"SIM","quantity":"5866.000","price":"0.00105013","timestamp":1626468399,"volume":"6.16006258","buyTxId":"MM-P-8716603-55696966-3-2-0","sellTxId":"8b1c8224df3daa232aa3a5fe49c634f5ce4135d8"}
{"index": {"_index":"sim","_id":"1226074"}}
	{"id":1226074,"type":"sell","buyer":"enginemaker","seller":"grandjury","symbol":"SIM","quantity":"35.000","price":"0.00105013","timestamp":1626468879,"volume":"0.03675455","buyTxId":"MM-P-8716603-55696966-3-2-0","sellTxId":"cefdc668ad421add6af8b6b15cb293a4ccf598af"}
{"index": {"_index":"sim","_id":"1226075"}}
	{"id":1226075,"type":"sell","buyer":"enginemaker","seller":"deathwing","symbol":"SIM","quantity":"884","price":"0.00105013","timestamp":1626468906,"volume":"0.92831492","buyTxId":"MM-P-8716603-55696966-3-2-0","sellTxId":"05c9fe8542b25ba13e4bf1583da39852eb031f57-0"}
{"index": {"_index":"sim","_id":"1226081"}}
	{"id":1226081,"type":"buy","buyer":"konvik","seller":"joshh71390","symbol":"SIM","quantity":"15000.000","price":"0.00108000","timestamp":1626468918,"volume":"16.20000000","buyTxId":"5aff4aa0a840b500ab13c455479fd12d37e61a83-0","sellTxId":"e3f43d6c12053b0652ed935c3aeeca2847f8428b"}
{"index": {"_index":"sim","_id":"1226090"}}
	{"id":1226090,"type":"sell","buyer":"konvik","seller":"epilatero","symbol":"SIM","quantity":"0.149","price":"0.00108000","timestamp":1626469014,"volume":"0.00016092","buyTxId":"5aff4aa0a840b500ab13c455479fd12d37e61a83-0","sellTxId":"0f1b1cbababd7aa251d2ead52960f8cc94ee2415"}
{"index": {"_index":"sim","_id":"1226091"}}
	{"id":1226091,"type":"sell","buyer":"enginemaker","seller":"epilatero","symbol":"SIM","quantity":"972.851","price":"0.00105013","timestamp":1626469014,"volume":"1.02162002","buyTxId":"MM-P-8716603-55696966-3-2-0","sellTxId":"0f1b1cbababd7aa251d2ead52960f8cc94ee2415"}
{"index": {"_index":"sim","_id":"1226105"}}
	{"id":1226105,"type":"sell","buyer":"petertag","seller":"bwar","symbol":"SIM","quantity":"545.000","price":"0.00105014","timestamp":1626469461,"volume":"0.57232630","buyTxId":"476c99c33cd900deab3e2e4c812c55fda93714cc","sellTxId":"89d8a939c9879fc561732a71359eb29f42dc8940"}
{"index": {"_index":"sim","_id":"1226106"}}
	{"id":1226106,"type":"sell","buyer":"enginemaker","seller":"bwar","symbol":"SIM","quantity":"15235.229","price":"0.00105013","timestamp":1626469461,"volume":"15.99897103","buyTxId":"MM-P-8716603-55696966-3-2-0","sellTxId":"89d8a939c9879fc561732a71359eb29f42dc8940"}
{"index": {"_index":"sim","_id":"1226107"}}
	{"id":1226107,"type":"sell","buyer":"gerber","seller":"bwar","symbol":"SIM","quantity":"20689.013","price":"0.00104200","timestamp":1626469461,"volume":"21.55795154","buyTxId":"5bb3d0538c580fde7a4fabcb6313eeab1a76d975","sellTxId":"89d8a939c9879fc561732a71359eb29f42dc8940"}
{"index": {"_index":"sim","_id":"1226108"}}
	{"id":1226108,"type":"sell","buyer":"jelly13","seller":"bwar","symbol":"SIM","quantity":"125368.022","price":"0.00104014","timestamp":1626469461,"volume":"130.40029440","buyTxId":"dfe319995ddc3e9e7a78389e3fed2c178e3447c4","sellTxId":"89d8a939c9879fc561732a71359eb29f42dc8940"}
{"index": {"_index":"sim","_id":"1226109"}}
	{"id":1226109,"type":"sell","buyer":"aggroed","seller":"bwar","symbol":"SIM","quantity":"583862.185","price":"0.00104013","timestamp":1626469461,"volume":"607.29257448","buyTxId":"48a220ea42d3bae5c013e98f874220a7381060b8","sellTxId":"89d8a939c9879fc561732a71359eb29f42dc8940"}
{"index": {"_index":"sim","_id":"1226158"}}
	{"id":1226158,"type":"sell","buyer":"enginemaker","seller":"manoldonchev","symbol":"SIM","quantity":"20000.000","price":"0.00105013","timestamp":1626470487,"volume":"21.00260000","buyTxId":"MM-P-8722462-55702847-3-2-0","sellTxId":"912b75b58f02edabe136bee1f7c5481bcd428f00"}
{"index": {"_index":"sim","_id":"1226193"}}
	{"id":1226193,"type":"buy","buyer":"morzex","seller":"nftmart.fees","symbol":"SIM","quantity":"90.000","price":"0.00108802","timestamp":1626471465,"volume":"0.09792180","buyTxId":"42baab3a4ccc37a652bfc702859dd7831ce0276d","sellTxId":"73d25850d25a62b30d4f938cb3811e29c69b120c-0"}
{"index": {"_index":"sim","_id":"1226194"}}
	{"id":1226194,"type":"sell","buyer":"morzex","seller":"steem-hodler","symbol":"SIM","quantity":"1310.000","price":"0.00108802","timestamp":1626471477,"volume":"1.42530620","buyTxId":"42baab3a4ccc37a652bfc702859dd7831ce0276d","sellTxId":"8559fbc6e18d0bb872ae080e19283e909c17f9d9"}
{"index": {"_index":"sim","_id":"1226195"}}
	{"id":1226195,"type":"sell","buyer":"enginemaker","seller":"steem-hodler","symbol":"SIM","quantity":"3806.576","price":"0.00105013","timestamp":1626471477,"volume":"3.99739965","buyTxId":"MM-P-8722462-55702847-3-2-0","sellTxId":"8559fbc6e18d0bb872ae080e19283e909c17f9d9"}
{"index": {"_index":"sim","_id":"1226196"}}
	{"id":1226196,"type":"sell","buyer":"aggroed","seller":"steem-hodler","symbol":"SIM","quantity":"40283.424","price":"0.00104013","timestamp":1626471477,"volume":"41.89999781","buyTxId":"48a220ea42d3bae5c013e98f874220a7381060b8","sellTxId":"8559fbc6e18d0bb872ae080e19283e909c17f9d9"}
{"index": {"_index":"sim","_id":"1226199"}}
	{"id":1226199,"type":"buy","buyer":"morzex","seller":"enginemaker","symbol":"SIM","quantity":"300.000","price":"0.00108807","timestamp":1626471537,"volume":"0.32642100","buyTxId":"50a375ca02fd474abaf95c5fd841dc45602e2beb","sellTxId":"MM-P-8720971-55701349-3-2-0"}
{"index": {"_index":"sim","_id":"1226204"}}
	{"id":1226204,"type":"sell","buyer":"enginemaker","seller":"hjchilb","symbol":"SIM","quantity":"3.518","price":"0.00105013","timestamp":1626471741,"volume":"0.00369436","buyTxId":"MM-P-8723158-55703545-3-2-0","sellTxId":"4e814c330aa2b0b827cf96586a7230583fcdd836"}
{"index": {"_index":"sim","_id":"1226276"}}
	{"id":1226276,"type":"sell","buyer":"mmrx","seller":"balte","symbol":"SIM","quantity":"9704.384","price":"0.00105201","timestamp":1626473559,"volume":"10.20910901","buyTxId":"MM-P-8723356-55703744-3-40-0","sellTxId":"51a288322c8c7ae623fee935b1b84dbfacb98b7b"}
{"index": {"_index":"sim","_id":"1226277"}}
	{"id":1226277,"type":"sell","buyer":"joshh71390","seller":"balte","symbol":"SIM","quantity":"5495.882","price":"0.00105200","timestamp":1626473559,"volume":"5.78166786","buyTxId":"d9fc9e7e3d7576ecbea9d692bf8c1b82d3be6ac1","sellTxId":"51a288322c8c7ae623fee935b1b84dbfacb98b7b"}
{"index": {"_index":"sim","_id":"1226278"}}
	{"id":1226278,"type":"sell","buyer":"enginemaker","seller":"balte","symbol":"SIM","quantity":"11799.734","price":"0.00105013","timestamp":1626473559,"volume":"12.39125467","buyTxId":"MM-P-8723158-55703545-3-2-0","sellTxId":"51a288322c8c7ae623fee935b1b84dbfacb98b7b"}
{"index": {"_index":"sim","_id":"1226280"}}
	{"id":1226280,"type":"sell","buyer":"enginemaker","seller":"tomas250292","symbol":"SIM","quantity":"5525.000","price":"0.00105013","timestamp":1626473661,"volume":"5.80196825","buyTxId":"MM-P-8723158-55703545-3-2-0","sellTxId":"7963c52aa0091214de45ae6edc6205b972e683e3"}
{"index": {"_index":"sim","_id":"1226284"}}
	{"id":1226284,"type":"sell","buyer":"enginemaker","seller":"ericburgoyne","symbol":"SIM","quantity":"175.448","price":"0.00105013","timestamp":1626473799,"volume":"0.18424321","buyTxId":"MM-P-8723158-55703545-3-2-0","sellTxId":"d2cd0826e9e52071a6132a94eb8713b986ae2f70"}
{"index": {"_index":"sim","_id":"1226330"}}
	{"id":1226330,"type":"sell","buyer":"enginemaker","seller":"trentonlundy1","symbol":"SIM","quantity":"0.131","price":"0.00105013","timestamp":1626475167,"volume":"0.00013757","buyTxId":"MM-P-8723158-55703545-3-2-0","sellTxId":"6aa601b8d89cec0d5d7b1f53a7ee60d1b57f3186"}
{"index": {"_index":"sim","_id":"1226360"}}
	{"id":1226360,"type":"buy","buyer":"barrenwolfsbane","seller":"solovey6o2","symbol":"SIM","quantity":"100.892","price":"0.00108789","timestamp":1626475863,"volume":"0.10975940","buyTxId":"f81e24184544ca414177db4cc3ce68718da0ea9e","sellTxId":"302d13674609deab32000fbea0c8093a831b6ea6"}
{"index": {"_index":"sim","_id":"1226370"}}
	{"id":1226370,"type":"sell","buyer":"enginemaker","seller":"thegoliath","symbol":"SIM","quantity":"4465.605","price":"0.00105013","timestamp":1626476115,"volume":"4.68946578","buyTxId":"MM-P-8723158-55703545-3-2-0","sellTxId":"4813175f4237124fe20566938da891f1e09e6459"}
{"index": {"_index":"sim","_id":"1226397"}}
	{"id":1226397,"type":"sell","buyer":"enginemaker","seller":"quantumg","symbol":"SIM","quantity":"522.000","price":"0.00105013","timestamp":1626477267,"volume":"0.54816786","buyTxId":"MM-P-8723158-55703545-3-2-0","sellTxId":"f47d5f25a09dece2dcc34a18c2f88a0b48c18dde"}
{"index": {"_index":"sim","_id":"1226436"}}
	{"id":1226436,"type":"sell","buyer":"enginemaker","seller":"willsaldeno","symbol":"SIM","quantity":"1315.140","price":"0.00105013","timestamp":1626478623,"volume":"1.38106796","buyTxId":"MM-P-8723158-55703545-3-2-0","sellTxId":"fe691e07a980df2c081c3904b446351e1db87518"}
{"index": {"_index":"sim","_id":"1226437"}}
	{"id":1226437,"type":"buy","buyer":"toni.curation","seller":"willsaldeno","symbol":"SIM","quantity":"1438.859","price":"0.00105000","timestamp":1626478629,"volume":"1.51080195","buyTxId":"7b1d012e49379334b8ed7724159c3b5c62234b95-0","sellTxId":"fe691e07a980df2c081c3904b446351e1db87518"}
{"index": {"_index":"sim","_id":"1226438"}}
	{"id":1226438,"type":"buy","buyer":"konvik","seller":"willsaldeno","symbol":"SIM","quantity":"0.001","price":"0.00105000","timestamp":1626478632,"volume":"0.00000105","buyTxId":"4cd9c4f67ca38c9c18b40932e5a6839cba297799-0","sellTxId":"fe691e07a980df2c081c3904b446351e1db87518"}
{"index": {"_index":"sim","_id":"1226439"}}
	{"id":1226439,"type":"buy","buyer":"konvik","seller":"solovey6o2","symbol":"SIM","quantity":"45604.129","price":"0.00107998","timestamp":1626478632,"volume":"49.25154724","buyTxId":"4cd9c4f67ca38c9c18b40932e5a6839cba297799-0","sellTxId":"549ae6070153c2d55fcbde69bbf462bc824f3cac"}
{"index": {"_index":"sim","_id":"1226591"}}
	{"id":1226591,"type":"sell","buyer":"solovey6o2","seller":"dhedge-drips","symbol":"SIM","quantity":"3.721","price":"0.00104014","timestamp":1626482730,"volume":"0.00387036","buyTxId":"8595950fe572deb15da314239fd8ce8cdc55fa76","sellTxId":"e278a1248676e29aaf2eae98995245e8b4485c64"}
{"index": {"_index":"sim","_id":"1226637"}}
	{"id":1226637,"type":"buy","buyer":"konvik","seller":"stever82","symbol":"SIM","quantity":"10000.000","price":"0.00107000","timestamp":1626483528,"volume":"10.70000000","buyTxId":"e1c7b58df76bfc212ccf84a8c7922b99d3a6edb2-0","sellTxId":"c8318d1d7b0182d59f4bac2d5b7fcf5c6ddb10df"}
{"index": {"_index":"sim","_id":"1226680"}}
	{"id":1226680,"type":"sell","buyer":"solovey6o2","seller":"daveks","symbol":"SIM","quantity":"10979.000","price":"0.00104014","timestamp":1626484977,"volume":"11.41969706","buyTxId":"8595950fe572deb15da314239fd8ce8cdc55fa76","sellTxId":"977b5f37c8e748861009f31fa1fb31fd9f0a46f8"}
{"index": {"_index":"sim","_id":"1226682"}}
	{"id":1226682,"type":"sell","buyer":"solovey6o2","seller":"threejay","symbol":"SIM","quantity":"1461.000","price":"0.00104014","timestamp":1626485010,"volume":"1.51964454","buyTxId":"8595950fe572deb15da314239fd8ce8cdc55fa76","sellTxId":"0cfb4f28e257ad26cc39c46d5639d4c5ffd8d72c"}
{"index": {"_index":"sim","_id":"1226718"}}
	{"id":1226718,"type":"sell","buyer":"solovey6o2","seller":"threesteps","symbol":"SIM","quantity":"3357.645","price":"0.00104014","timestamp":1626486054,"volume":"3.49242087","buyTxId":"8595950fe572deb15da314239fd8ce8cdc55fa76","sellTxId":"bdaf907b8e283fe5f33555f677c32b1124db1e3f"}
{"index": {"_index":"sim","_id":"1226794"}}
	{"id":1226794,"type":"sell","buyer":"solovey6o2","seller":"japanguide","symbol":"SIM","quantity":"3281.040","price":"0.00104014","timestamp":1626487542,"volume":"3.41274095","buyTxId":"8595950fe572deb15da314239fd8ce8cdc55fa76","sellTxId":"ebd4c08fdeb43e97b4ce220dced912c84731b732"}
{"index": {"_index":"sim","_id":"1226796"}}
	{"id":1226796,"type":"buy","buyer":"wizzitywillican","seller":"solovey6o2","symbol":"SIM","quantity":"14.416","price":"0.00107933","timestamp":1626487575,"volume":"0.01555962","buyTxId":"c52573c7d194d5e05667450752dc067606ef4ec8","sellTxId":"45a94b22dc0beb6e3a7a6052c0c5d8f8b9e5c11c"}
{"index": {"_index":"sim","_id":"1226797"}}
	{"id":1226797,"type":"buy","buyer":"finris","seller":"mmrx","symbol":"SIM","quantity":"400.000","price":"0.00107931","timestamp":1626487629,"volume":"0.43172400","buyTxId":"64d12e935a2e6fccecf63b942e7836da57ad27bf","sellTxId":"MM-P-8728429-55708836-3-40-0"}
{"index": {"_index":"sim","_id":"1226858"}}
	{"id":1226858,"type":"buy","buyer":"gerber","seller":"mmrx","symbol":"SIM","quantity":"9304.384","price":"0.00107899","timestamp":1626489162,"volume":"10.03933729","buyTxId":"eb8bd97f33f243faac87e9a4226660d31b097b9c","sellTxId":"MM-P-8728927-55709335-3-40-0"}
{"index": {"_index":"sim","_id":"1226859"}}
	{"id":1226859,"type":"buy","buyer":"gerber","seller":"dcityfund","symbol":"SIM","quantity":"1118.827","price":"0.00107900","timestamp":1626489162,"volume":"1.20721433","buyTxId":"eb8bd97f33f243faac87e9a4226660d31b097b9c","sellTxId":"576cd9b5a14a66fc26962beaa60f2ae581260f61"}
{"index": {"_index":"sim","_id":"1226860"}}
	{"id":1226860,"type":"buy","buyer":"gerber","seller":"nftmart.fees","symbol":"SIM","quantity":"89.000","price":"0.00107923","timestamp":1626489162,"volume":"0.09605147","buyTxId":"eb8bd97f33f243faac87e9a4226660d31b097b9c","sellTxId":"3c9837804db48646d40989f322b94babec4d33eb-0"}
{"index": {"_index":"sim","_id":"1226861"}}
	{"id":1226861,"type":"buy","buyer":"gerber","seller":"dhedge-drips","symbol":"SIM","quantity":"3.721","price":"0.00107969","timestamp":1626489162,"volume":"0.00401753","buyTxId":"eb8bd97f33f243faac87e9a4226660d31b097b9c","sellTxId":"f2bd6918c3013481ecf4253eeec770f08ec426ae"}
{"index": {"_index":"sim","_id":"1226862"}}
	{"id":1226862,"type":"buy","buyer":"gerber","seller":"joshh71390","symbol":"SIM","quantity":"5495.882","price":"0.00108000","timestamp":1626489162,"volume":"5.93555256","buyTxId":"eb8bd97f33f243faac87e9a4226660d31b097b9c","sellTxId":"76e1507c5a11e3ae909a790f10daf4ac068b375e"}
{"index": {"_index":"sim","_id":"1226863"}}
	{"id":1226863,"type":"buy","buyer":"gerber","seller":"enginemaker","symbol":"SIM","quantity":"513.496","price":"0.00108807","timestamp":1626489162,"volume":"0.55871959","buyTxId":"eb8bd97f33f243faac87e9a4226660d31b097b9c","sellTxId":"MM-P-8720971-55701349-3-2-0"}
{"index": {"_index":"sim","_id":"1226864"}}
	{"id":1226864,"type":"buy","buyer":"gerber","seller":"mapac","symbol":"SIM","quantity":"555.000","price":"0.00109000","timestamp":1626489162,"volume":"0.60495000","buyTxId":"eb8bd97f33f243faac87e9a4226660d31b097b9c","sellTxId":"e3efc56af85eb36bb38c60ce92f1be2312fed459"}
{"index": {"_index":"sim","_id":"1226865"}}
	{"id":1226865,"type":"buy","buyer":"gerber","seller":"dhedge-drips","symbol":"SIM","quantity":"0.005","price":"0.00109000","timestamp":1626489162,"volume":"0.00000545","buyTxId":"eb8bd97f33f243faac87e9a4226660d31b097b9c","sellTxId":"817cc8eb8f04ccb88ad837a1c40ed944bdb759ef"}
{"index": {"_index":"sim","_id":"1226866"}}
	{"id":1226866,"type":"buy","buyer":"gerber","seller":"onecent","symbol":"SIM","quantity":"345.000","price":"0.00109000","timestamp":1626489162,"volume":"0.37605000","buyTxId":"eb8bd97f33f243faac87e9a4226660d31b097b9c","sellTxId":"b5cf95c2d10dfa28b619edf9ffed8c841ffef04a"}
{"index": {"_index":"sim","_id":"1226867"}}
	{"id":1226867,"type":"buy","buyer":"gerber","seller":"accelerator","symbol":"SIM","quantity":"333.000","price":"0.00109000","timestamp":1626489162,"volume":"0.36297000","buyTxId":"eb8bd97f33f243faac87e9a4226660d31b097b9c","sellTxId":"50d56b7a9509cd198910ccdda24103197267bc94"}
{"index": {"_index":"sim","_id":"1226868"}}
	{"id":1226868,"type":"buy","buyer":"gerber","seller":"half-fast","symbol":"SIM","quantity":"21.113","price":"0.00109500","timestamp":1626489162,"volume":"0.02311874","buyTxId":"eb8bd97f33f243faac87e9a4226660d31b097b9c","sellTxId":"d29d669b0d18da66d04702d8a4899fc0fa5e7dc5"}
{"index": {"_index":"sim","_id":"1226869"}}
	{"id":1226869,"type":"buy","buyer":"gerber","seller":"dcityfund","symbol":"SIM","quantity":"1253.621","price":"0.00109800","timestamp":1626489162,"volume":"1.37647586","buyTxId":"eb8bd97f33f243faac87e9a4226660d31b097b9c","sellTxId":"533d22b7141c44abb407e83ed3fcfa2ad532f74a"}
{"index": {"_index":"sim","_id":"1226870"}}
	{"id":1226870,"type":"buy","buyer":"gerber","seller":"dcityfund","symbol":"SIM","quantity":"1231.757","price":"0.00109800","timestamp":1626489162,"volume":"1.35246919","buyTxId":"eb8bd97f33f243faac87e9a4226660d31b097b9c","sellTxId":"efff22ba94983e7c02169c37a4983d7ec1d125d9"}
{"index": {"_index":"sim","_id":"1226871"}}
	{"id":1226871,"type":"buy","buyer":"gerber","seller":"dcityfund","symbol":"SIM","quantity":"1210.247","price":"0.00109800","timestamp":1626489162,"volume":"1.32885121","buyTxId":"eb8bd97f33f243faac87e9a4226660d31b097b9c","sellTxId":"917bd3b43da8d6c6716931c50da525f24b886cdc"}
{"index": {"_index":"sim","_id":"1226872"}}
	{"id":1226872,"type":"buy","buyer":"gerber","seller":"freebornsociety","symbol":"SIM","quantity":"91917.235","price":"0.00109808","timestamp":1626489162,"volume":"100.93247741","buyTxId":"eb8bd97f33f243faac87e9a4226660d31b097b9c","sellTxId":"MM-P-8716846-55697209-3-4-0"}
{"index": {"_index":"sim","_id":"1226873"}}
	{"id":1226873,"type":"buy","buyer":"gerber","seller":"mapac","symbol":"SIM","quantity":"555.000","price":"0.00110000","timestamp":1626489162,"volume":"0.61050000","buyTxId":"eb8bd97f33f243faac87e9a4226660d31b097b9c","sellTxId":"da242981dee6125481be14c30eeadabdf6bf7a08"}
{"index": {"_index":"sim","_id":"1226874"}}
	{"id":1226874,"type":"buy","buyer":"gerber","seller":"shaktidas2020","symbol":"SIM","quantity":"22512.278","price":"0.00111900","timestamp":1626489162,"volume":"25.19123937","buyTxId":"eb8bd97f33f243faac87e9a4226660d31b097b9c","sellTxId":"1b0f52b06ba89879a2773b0a7272fa1cc611b264"}
{"index": {"_index":"sim","_id":"1226879"}}
	{"id":1226879,"type":"sell","buyer":"dcityfund","seller":"valor2s","symbol":"SIM","quantity":"37.000","price":"0.00104200","timestamp":1626489285,"volume":"0.03855400","buyTxId":"679b0f6e9f89f8634d447644f0d6c99700278316","sellTxId":"2ad715b7019e1021e5b86c01213d032ffe553a11"}
{"index": {"_index":"sim","_id":"1226885"}}
	{"id":1226885,"type":"sell","buyer":"dcityfund","seller":"morzex","symbol":"SIM","quantity":"263.206","price":"0.00105100","timestamp":1626489495,"volume":"0.27662951","buyTxId":"09b2c03a4e2bd4da4a8c11b7b11d77c9cb8fa130","sellTxId":"1159f2c47d6866dbcaeb67241bc3c138503a7718"}
