{"index": {"_index":"sim","_id":"2283204"}}
	{"id":2283204,"type":"sell","buyer":"jelly-cz","seller":"magnacarta","symbol":"SIM","quantity":"9.412","price":"0.00060002","timestamp":1639538367,"volume":"0.00564739","buyTxId":"MM-P-13055576-60042431-3-29-0","sellTxId":"6d2528ae87a740793df8d53ad293975251e1eaea"}
{"index": {"_index":"sim","_id":"2283551"}}
	{"id":2283551,"type":"sell","buyer":"pi-trader","seller":"eforucom","symbol":"SIM","quantity":"0.010","price":"0.00060007","timestamp":1639541280,"volume":"0.00000600","buyTxId":"5e065e786819b7a95161bb7f74ce46a895d4d52c-3","sellTxId":"71bc2eaa64973d69f98ff1a57e5f4fd8adef6bc7"}
{"index": {"_index":"sim","_id":"2283618"}}
	{"id":2283618,"type":"sell","buyer":"pi-trader","seller":"votebetting","symbol":"SIM","quantity":"174.147","price":"0.00060011","timestamp":1639541988,"volume":"0.10450736","buyTxId":"3bb2441e9f1806185f65f059e946f5330429b739-3","sellTxId":"01976916f278c96d2101bcad7ff3470cfad34e77"}
{"index": {"_index":"sim","_id":"2283997"}}
	{"id":2283997,"type":"sell","buyer":"pi-trader","seller":"razam","symbol":"SIM","quantity":"6.000","price":"0.00060039","timestamp":1639546041,"volume":"0.00360234","buyTxId":"1dfc359a59accf993ad3a7807fb34a76e25d6070-3","sellTxId":"830a567ceb2e2a18c8959446bc2002a4aeb1a99d"}
{"index": {"_index":"sim","_id":"2284203"}}
	{"id":2284203,"type":"sell","buyer":"pi-trader","seller":"sn0n","symbol":"SIM","quantity":"446.000","price":"0.00060059","timestamp":1639547745,"volume":"0.26786314","buyTxId":"e78c5fa19eb4fd64c96d87c28d9b9364e49e0919-5","sellTxId":"106c7507414242f40583b704c77e21af07afd4b3"}
{"index": {"_index":"sim","_id":"2284230"}}
	{"id":2284230,"type":"sell","buyer":"pi-trader","seller":"imperij4427","symbol":"SIM","quantity":"35370.000","price":"0.00060061","timestamp":1639548039,"volume":"21.24357570","buyTxId":"aaadfae0e82e66dc5c6b6c1e05d0d89f3bb86b12-5","sellTxId":"d0ebe6fdb50d6584cbfa033f4d48609945a157b7"}
{"index": {"_index":"sim","_id":"2284977"}}
	{"id":2284977,"type":"buy","buyer":"lxsxl","seller":"jelly-cz","symbol":"SIM","quantity":"1.000","price":"0.00069996","timestamp":1639553502,"volume":"0.00069996","buyTxId":"fdac89a5ae04068158689a6a5e74287d5497c22b","sellTxId":"MM-P-13057375-60044230-3-29-0"}
{"index": {"_index":"sim","_id":"2284978"}}
	{"id":2284978,"type":"sell","buyer":"lxsxl","seller":"svirus","symbol":"SIM","quantity":"3292.860","price":"0.00069996","timestamp":1639553505,"volume":"2.30487029","buyTxId":"fdac89a5ae04068158689a6a5e74287d5497c22b","sellTxId":"3c568a79d611cba6ba0dca8b7523543d1b0f9df9-1"}
{"index": {"_index":"sim","_id":"2285001"}}
	{"id":2285001,"type":"sell","buyer":"lxsxl","seller":"jelly-cz","symbol":"SIM","quantity":"0.008","price":"0.00069996","timestamp":1639553709,"volume":"0.00000560","buyTxId":"fdac89a5ae04068158689a6a5e74287d5497c22b","sellTxId":"MM-P-13065964-60052820-3-29-1"}
{"index": {"_index":"sim","_id":"2285011"}}
	{"id":2285011,"type":"buy","buyer":"lxsxl","seller":"jelly-cz","symbol":"SIM","quantity":"0.992","price":"0.00069996","timestamp":1639553850,"volume":"0.00069436","buyTxId":"87fae2c233467bc2d43959f1230cb89c074408ab","sellTxId":"MM-P-13065964-60052820-3-29-1"}
{"index": {"_index":"sim","_id":"2285012"}}
	{"id":2285012,"type":"sell","buyer":"lxsxl","seller":"nathanpieters","symbol":"SIM","quantity":"79.000","price":"0.00069996","timestamp":1639553850,"volume":"0.05529684","buyTxId":"87fae2c233467bc2d43959f1230cb89c074408ab","sellTxId":"a6d669f64a5e1175b38aa8b4c97d6475fb72aa62"}
{"index": {"_index":"sim","_id":"2285013"}}
	{"id":2285013,"type":"sell","buyer":"lxsxl","seller":"svirus","symbol":"SIM","quantity":"49920.008","price":"0.00069996","timestamp":1639553853,"volume":"34.94200880","buyTxId":"87fae2c233467bc2d43959f1230cb89c074408ab","sellTxId":"9a5b03b3f459d46f902d839a2f29458071defaae-1"}
{"index": {"_index":"sim","_id":"2285110"}}
	{"id":2285110,"type":"sell","buyer":"pi-trader","seller":"thatcryptodave","symbol":"SIM","quantity":"972.907","price":"0.00060107","timestamp":1639554711,"volume":"0.58478521","buyTxId":"24fc3050bb5695e5ba88363a5e046765f8d88bfb-3","sellTxId":"e12772de9468f40efeeec61cec6d7a27841931f7"}
{"index": {"_index":"sim","_id":"2285311"}}
	{"id":2285311,"type":"sell","buyer":"pi-trader","seller":"gwilberiol","symbol":"SIM","quantity":"56.276","price":"0.00060115","timestamp":1639556064,"volume":"0.03383032","buyTxId":"c59ad4efdcfa5828501945613bbd65885f46f35c-3","sellTxId":"fc6844747d2a2ae98433286b41241c123cf5c021"}
{"index": {"_index":"sim","_id":"2285413"}}
	{"id":2285413,"type":"sell","buyer":"pi-trader","seller":"monsterjamgold","symbol":"SIM","quantity":"1707.504","price":"0.00060121","timestamp":1639556907,"volume":"1.02656848","buyTxId":"9eedbe704c80184bacbc906f4a791c5d2755c973-3","sellTxId":"d884ccc5f18c6f665dc3b4502238e461640bde69"}
{"index": {"_index":"sim","_id":"2285427"}}
	{"id":2285427,"type":"sell","buyer":"pi-trader","seller":"dswap","symbol":"SIM","quantity":"6.84","price":"0.00060123","timestamp":1639557027,"volume":"0.00411241","buyTxId":"1c5374140de2f5b3589532c656162c9e18fb0724-5","sellTxId":"70a0ae2e5a70d146ef487011a353d5dc5949335e"}
{"index": {"_index":"sim","_id":"2285620"}}
	{"id":2285620,"type":"sell","buyer":"pi-trader","seller":"eforucom","symbol":"SIM","quantity":"0.001","price":"0.00060135","timestamp":1639558950,"volume":"0.00000060","buyTxId":"00dd5b8a992e19bae438f066c6f17e2c31a64338-3","sellTxId":"964f37bd563c41b6852e2c98c7ff1499755021e3"}
{"index": {"_index":"sim","_id":"2285745"}}
	{"id":2285745,"type":"sell","buyer":"pi-trader","seller":"anosys","symbol":"SIM","quantity":"30.020","price":"0.00060143","timestamp":1639560165,"volume":"0.01805493","buyTxId":"03b8d4984982920e66bb72eb3ecd0d4dddf62033-3","sellTxId":"60b8d26fb8d59214459407ce5363099f97c5d634"}
{"index": {"_index":"sim","_id":"2286022"}}
	{"id":2286022,"type":"sell","buyer":"pi-trader","seller":"piotr42","symbol":"SIM","quantity":"565.000","price":"0.00060161","timestamp":1639562994,"volume":"0.33990965","buyTxId":"196ce5828f088f6ece4fd80e7a94ef3d2f74bec6-7","sellTxId":"a1f1ec10af1ba5b2cfb0bae14beca8e1dbddb68d"}
{"index": {"_index":"sim","_id":"2286058"}}
	{"id":2286058,"type":"sell","buyer":"pi-trader","seller":"digital-fortress","symbol":"SIM","quantity":"2.935","price":"0.00060163","timestamp":1639563300,"volume":"0.00176578","buyTxId":"b6520a4f516e149913b05e38b1bbc698af215560-5","sellTxId":"ea5fcdf88db58c3eb3b78545222eb1f6af4be68b"}
{"index": {"_index":"sim","_id":"2286059"}}
	{"id":2286059,"type":"sell","buyer":"pi-trader","seller":"chronocrypto","symbol":"SIM","quantity":"61566.146","price":"0.00060163","timestamp":1639563306,"volume":"37.04004042","buyTxId":"b6520a4f516e149913b05e38b1bbc698af215560-5","sellTxId":"c2af7d4bdaf4e28e565b4cd2fc3d71bb465272ec"}
{"index": {"_index":"sim","_id":"2286155"}}
	{"id":2286155,"type":"sell","buyer":"pi-trader","seller":"successforall","symbol":"SIM","quantity":"500.000","price":"0.00060169","timestamp":1639564143,"volume":"0.30084500","buyTxId":"6fb880c23894f6436462a119a326333b29aa62d6-5","sellTxId":"c70a7ec9877b9b53be2b67c832b2303420068657"}
{"index": {"_index":"sim","_id":"2286222"}}
	{"id":2286222,"type":"sell","buyer":"pi-trader","seller":"travelgirl","symbol":"SIM","quantity":"7240.000","price":"0.00060175","timestamp":1639565076,"volume":"4.35667000","buyTxId":"42b258b3a67da2c6b4f38e344d35697cc7d15c8c-5","sellTxId":"4201b0c0b1288bd4d3b7aa89476eb8d5522795ab"}
{"index": {"_index":"sim","_id":"2286244"}}
	{"id":2286244,"type":"sell","buyer":"pi-trader","seller":"successforall","symbol":"SIM","quantity":"500.000","price":"0.00060177","timestamp":1639565376,"volume":"0.30088500","buyTxId":"7f2c454c9a5ef08738422a3e3363da65c17f8248-3","sellTxId":"2a65f01676283f0f2948bf54209771c3512bea54"}
{"index": {"_index":"sim","_id":"2286308"}}
	{"id":2286308,"type":"sell","buyer":"pi-trader","seller":"chesatochi","symbol":"SIM","quantity":"28.032","price":"0.00060183","timestamp":1639566180,"volume":"0.01687050","buyTxId":"365cd61f42ec45150c45a97c0efad93f6df6f35c-5","sellTxId":"ca8dc045e95c9e7b405b980f98c80a0393821554"}
{"index": {"_index":"sim","_id":"2286332"}}
	{"id":2286332,"type":"sell","buyer":"pi-trader","seller":"rarej","symbol":"SIM","quantity":"1959.732","price":"0.00060185","timestamp":1639566543,"volume":"1.17946470","buyTxId":"90142fc84579dc7f7153af07d662c8a12c8449a5-3","sellTxId":"fdc3491744a182471acf963753c9bd5c81d2c80f"}
{"index": {"_index":"sim","_id":"2286466"}}
	{"id":2286466,"type":"buy","buyer":"stickupboys","seller":"jelly-cz","symbol":"SIM","quantity":"1.000","price":"0.00067998","timestamp":1639567935,"volume":"0.00067998","buyTxId":"750c00a27b4feefe1a89d0eb033f62a5d88d9df1","sellTxId":"MM-P-13067963-60054819-3-29-1"}
{"index": {"_index":"sim","_id":"2286467"}}
	{"id":2286467,"type":"buy","buyer":"stickupboys","seller":"pi-trader","symbol":"SIM","quantity":"3470.000","price":"0.00067999","timestamp":1639567935,"volume":"2.35956530","buyTxId":"750c00a27b4feefe1a89d0eb033f62a5d88d9df1","sellTxId":"cf1c80578a2c1930838f432707a677fbb0caa1ac-1"}
{"index": {"_index":"sim","_id":"2286611"}}
	{"id":2286611,"type":"sell","buyer":"pi-trader","seller":"thegoliath","symbol":"SIM","quantity":"11042.601","price":"0.00060503","timestamp":1639569540,"volume":"6.68110488","buyTxId":"eecdb406aea9eb1d34c323f8a858d5918f0cf45c-3","sellTxId":"4167e18270fc4bb28303e2ea0ee5389b3679217d"}
{"index": {"_index":"sim","_id":"2286748"}}
	{"id":2286748,"type":"sell","buyer":"pi-trader","seller":"brofi-market","symbol":"SIM","quantity":"0.006","price":"0.00060509","timestamp":1639570455,"volume":"0.00000363","buyTxId":"74da38ace2e759a5563c72bdfa0760651efeadf0-1","sellTxId":"55b7ba4f99231243a2dcbbb5f0527f46a16ed591"}
{"index": {"_index":"sim","_id":"2286789"}}
	{"id":2286789,"type":"sell","buyer":"pi-trader","seller":"damla","symbol":"SIM","quantity":"0.003","price":"0.00060513","timestamp":1639570887,"volume":"0.00000182","buyTxId":"054a691728b5f5edff4a3cc55558747053991488-1","sellTxId":"5ba1a1d890940ea96f8485c850d410728e342133"}
{"index": {"_index":"sim","_id":"2286795"}}
	{"id":2286795,"type":"sell","buyer":"pi-trader","seller":"damla","symbol":"SIM","quantity":"0.652","price":"0.00060513","timestamp":1639570947,"volume":"0.00039454","buyTxId":"f1df542bc0a66eecec146f99542fea2c350fb9ee-1","sellTxId":"596fd6cbf5e35171efc7d242a524d2b43099e661"}
{"index": {"_index":"sim","_id":"2286950"}}
	{"id":2286950,"type":"buy","buyer":"evernoticethat","seller":"jelly-cz","symbol":"SIM","quantity":"1.000","price":"0.00067998","timestamp":1639572237,"volume":"0.00067998","buyTxId":"a1a97dee22ef5eb376ed26d1936c52d2dd102020","sellTxId":"MM-P-13070756-60057615-3-29-1"}
{"index": {"_index":"sim","_id":"2286951"}}
	{"id":2286951,"type":"buy","buyer":"evernoticethat","seller":"brofi-market","symbol":"SIM","quantity":"0.006","price":"0.00067998","timestamp":1639572237,"volume":"0.00000408","buyTxId":"a1a97dee22ef5eb376ed26d1936c52d2dd102020","sellTxId":"3a8ebbe4206343475d9ac36892c471ee291cfc63"}
{"index": {"_index":"sim","_id":"2286952"}}
	{"id":2286952,"type":"sell","buyer":"evernoticethat","seller":"svirus","symbol":"SIM","quantity":"14710.090","price":"0.00067998","timestamp":1639572240,"volume":"10.00256700","buyTxId":"a1a97dee22ef5eb376ed26d1936c52d2dd102020","sellTxId":"303b4e99f450d39fe97000ca697d8bb6456347ad-1"}
{"index": {"_index":"sim","_id":"2286953"}}
	{"id":2286953,"type":"sell","buyer":"evernoticethat","seller":"konvik","symbol":"SIM","quantity":"0.004","price":"0.00067998","timestamp":1639572240,"volume":"0.00000272","buyTxId":"a1a97dee22ef5eb376ed26d1936c52d2dd102020","sellTxId":"cb6ede15581e82d51d2703dbf8d3dce7d66296ec-1"}
{"index": {"_index":"sim","_id":"2287406"}}
	{"id":2287406,"type":"sell","buyer":"pi-trader","seller":"tonytrillions","symbol":"SIM","quantity":"0.024","price":"0.00060537","timestamp":1639574709,"volume":"0.00001453","buyTxId":"a55e5abfe9602c6722732355071ea537563bd534-1","sellTxId":"30096c66d5a4b3bde6e40e8a1739b7dd007d98b4"}
{"index": {"_index":"sim","_id":"2287420"}}
	{"id":2287420,"type":"sell","buyer":"pi-trader","seller":"andy4475","symbol":"SIM","quantity":"76.047","price":"0.00060539","timestamp":1639574787,"volume":"0.04603809","buyTxId":"33cdf6b534cf91c50ce762be950cf6c2bc8ef2a5-1","sellTxId":"1278ef22a534b40fbd4d1d48734dc316f16ddc6b"}
{"index": {"_index":"sim","_id":"2287675"}}
	{"id":2287675,"type":"sell","buyer":"pi-trader","seller":"steem-hodler","symbol":"SIM","quantity":"26520.000","price":"0.00060553","timestamp":1639576860,"volume":"16.05865560","buyTxId":"3064b490b5751af03be28117dcc13adaef314c5c-4","sellTxId":"c865d296a8fb3d728bad78d4586f1a94ecfa5ec8"}
{"index": {"_index":"sim","_id":"2287693"}}
	{"id":2287693,"type":"buy","buyer":"theclasser1","seller":"jelly-cz","symbol":"SIM","quantity":"1.000","price":"0.00067996","timestamp":1639577079,"volume":"0.00067996","buyTxId":"b0b724c310e7f6c60a90e7c8b8eb44ebba94322b","sellTxId":"MM-P-13072153-60059012-3-29-1"}
{"index": {"_index":"sim","_id":"2287694"}}
	{"id":2287694,"type":"sell","buyer":"theclasser1","seller":"jelly-cz","symbol":"SIM","quantity":"1.000","price":"0.00067996","timestamp":1639577112,"volume":"0.00067996","buyTxId":"b0b724c310e7f6c60a90e7c8b8eb44ebba94322b","sellTxId":"MM-P-13073751-60060610-3-29-0"}
{"index": {"_index":"sim","_id":"2287717"}}
	{"id":2287717,"type":"sell","buyer":"theclasser1","seller":"jelly-cz","symbol":"SIM","quantity":"1.000","price":"0.00067996","timestamp":1639577412,"volume":"0.00067996","buyTxId":"b0b724c310e7f6c60a90e7c8b8eb44ebba94322b","sellTxId":"MM-P-13073851-60060710-3-29-0"}
{"index": {"_index":"sim","_id":"2287751"}}
	{"id":2287751,"type":"sell","buyer":"theclasser1","seller":"jelly-cz","symbol":"SIM","quantity":"1.000","price":"0.00067996","timestamp":1639577712,"volume":"0.00067996","buyTxId":"b0b724c310e7f6c60a90e7c8b8eb44ebba94322b","sellTxId":"MM-P-13073951-60060810-3-29-0"}
{"index": {"_index":"sim","_id":"2287785"}}
	{"id":2287785,"type":"sell","buyer":"theclasser1","seller":"jelly-cz","symbol":"SIM","quantity":"1.000","price":"0.00067996","timestamp":1639578012,"volume":"0.00067996","buyTxId":"b0b724c310e7f6c60a90e7c8b8eb44ebba94322b","sellTxId":"MM-P-13074051-60060910-3-29-0"}
{"index": {"_index":"sim","_id":"2287836"}}
	{"id":2287836,"type":"sell","buyer":"theclasser1","seller":"jelly-cz","symbol":"SIM","quantity":"1.000","price":"0.00067996","timestamp":1639578312,"volume":"0.00067996","buyTxId":"b0b724c310e7f6c60a90e7c8b8eb44ebba94322b","sellTxId":"MM-P-13074150-60061009-3-29-0"}
{"index": {"_index":"sim","_id":"2287864"}}
	{"id":2287864,"type":"sell","buyer":"theclasser1","seller":"jelly-cz","symbol":"SIM","quantity":"1.000","price":"0.00067996","timestamp":1639578612,"volume":"0.00067996","buyTxId":"b0b724c310e7f6c60a90e7c8b8eb44ebba94322b","sellTxId":"MM-P-13074250-60061109-3-29-0"}
{"index": {"_index":"sim","_id":"2287907"}}
	{"id":2287907,"type":"sell","buyer":"theclasser1","seller":"jelly-cz","symbol":"SIM","quantity":"1.000","price":"0.00067996","timestamp":1639578912,"volume":"0.00067996","buyTxId":"b0b724c310e7f6c60a90e7c8b8eb44ebba94322b","sellTxId":"MM-P-13074350-60061209-3-29-0"}
{"index": {"_index":"sim","_id":"2287954"}}
	{"id":2287954,"type":"sell","buyer":"theclasser1","seller":"jelly-cz","symbol":"SIM","quantity":"1.000","price":"0.00067996","timestamp":1639579212,"volume":"0.00067996","buyTxId":"b0b724c310e7f6c60a90e7c8b8eb44ebba94322b","sellTxId":"MM-P-13074450-60061309-3-29-0"}
{"index": {"_index":"sim","_id":"2287975"}}
	{"id":2287975,"type":"sell","buyer":"theclasser1","seller":"konvik","symbol":"SIM","quantity":"178.240","price":"0.00067996","timestamp":1639579347,"volume":"0.12119607","buyTxId":"b0b724c310e7f6c60a90e7c8b8eb44ebba94322b","sellTxId":"3c5209bedaa91d260732b3e0bdb9b53e7837ca69-1"}
{"index": {"_index":"sim","_id":"2287976"}}
	{"id":2287976,"type":"sell","buyer":"boycharliefamily","seller":"konvik","symbol":"SIM","quantity":"19018.970","price":"0.00065000","timestamp":1639579347,"volume":"12.36233050","buyTxId":"d8c520af168c233c59ebea265b8c241f82298348","sellTxId":"3c5209bedaa91d260732b3e0bdb9b53e7837ca69-1"}
{"index": {"_index":"sim","_id":"2288039"}}
	{"id":2288039,"type":"sell","buyer":"boycharliefamily","seller":"nervi","symbol":"SIM","quantity":"10.809","price":"0.00065000","timestamp":1639579824,"volume":"0.00702585","buyTxId":"d8c520af168c233c59ebea265b8c241f82298348","sellTxId":"04995f3582c5d0202e931ee3fe16121ee0b030bb"}
{"index": {"_index":"sim","_id":"2288530"}}
	{"id":2288530,"type":"buy","buyer":"dswap","seller":"jelly-cz","symbol":"SIM","quantity":"1.000","price":"0.00067996","timestamp":1639583409,"volume":"0.00067996","buyTxId":"47581b582a13e43409babb9fba813008b3f082b8","sellTxId":"MM-P-13074549-60061408-3-29-1"}
{"index": {"_index":"sim","_id":"2288531"}}
	{"id":2288531,"type":"buy","buyer":"dswap","seller":"pi-trader","symbol":"SIM","quantity":"46.913","price":"0.00067997","timestamp":1639583409,"volume":"0.03190004","buyTxId":"47581b582a13e43409babb9fba813008b3f082b8","sellTxId":"8c0db2de07a1fff18ea4ccc96a0ebef1ccdb8715-1"}
{"index": {"_index":"sim","_id":"2288602"}}
	{"id":2288602,"type":"sell","buyer":"lepriko","seller":"cmplxty","symbol":"SIM","quantity":"234.125","price":"0.00061000","timestamp":1639583736,"volume":"0.14281625","buyTxId":"0e0895a600dc6a99194b13830cb3e26d81ee4f27","sellTxId":"ceb7aac0f08318b487f36fd1df8f7b84e70179a0"}
{"index": {"_index":"sim","_id":"2288615"}}
	{"id":2288615,"type":"buy","buyer":"dkid14","seller":"jelly-cz","symbol":"SIM","quantity":"1.000","price":"0.00067996","timestamp":1639583820,"volume":"0.00067996","buyTxId":"112103659bae045e6e966b2a0f7e54b9639d8890","sellTxId":"MM-P-13075846-60062706-3-29-0"}
{"index": {"_index":"sim","_id":"2288616"}}
	{"id":2288616,"type":"sell","buyer":"dkid14","seller":"svirus","symbol":"SIM","quantity":"28851.350","price":"0.00067996","timestamp":1639583823,"volume":"19.61776395","buyTxId":"112103659bae045e6e966b2a0f7e54b9639d8890","sellTxId":"df4b9c0966c8410b287517fbc7455cc6ba1f774f-1"}
{"index": {"_index":"sim","_id":"2288618"}}
	{"id":2288618,"type":"sell","buyer":"dkid14","seller":"konvik","symbol":"SIM","quantity":"0.003","price":"0.00067996","timestamp":1639583823,"volume":"0.00000204","buyTxId":"112103659bae045e6e966b2a0f7e54b9639d8890","sellTxId":"ea62679aa22b371a67ba4cc2cac4b0d5a28945be-1"}
{"index": {"_index":"sim","_id":"2288688"}}
	{"id":2288688,"type":"sell","buyer":"lepriko","seller":"brofi-market","symbol":"SIM","quantity":"0.001","price":"0.00061000","timestamp":1639584738,"volume":"0.00000061","buyTxId":"0e0895a600dc6a99194b13830cb3e26d81ee4f27","sellTxId":"ef7960bd7d30ec9672d5b7f7553807c43fc4fc10"}
{"index": {"_index":"sim","_id":"2288730"}}
	{"id":2288730,"type":"sell","buyer":"lepriko","seller":"florian-glechner","symbol":"SIM","quantity":"24.000","price":"0.00061000","timestamp":1639585104,"volume":"0.01464000","buyTxId":"0e0895a600dc6a99194b13830cb3e26d81ee4f27","sellTxId":"5314611e76a370f663c6cb1f9f5b20892e5a166b"}
{"index": {"_index":"sim","_id":"2288797"}}
	{"id":2288797,"type":"sell","buyer":"lepriko","seller":"themightyvolcano","symbol":"SIM","quantity":"14313.874","price":"0.00061000","timestamp":1639585932,"volume":"8.73146314","buyTxId":"0e0895a600dc6a99194b13830cb3e26d81ee4f27","sellTxId":"1b44ac2317d45385a47902e7a241ecb1606c3d99"}
{"index": {"_index":"sim","_id":"2288798"}}
	{"id":2288798,"type":"sell","buyer":"jelly-cz","seller":"themightyvolcano","symbol":"SIM","quantity":"59445.178","price":"0.00060560","timestamp":1639585932,"volume":"35.99999980","buyTxId":"MM-P-13074849-60061708-3-29-0","sellTxId":"1b44ac2317d45385a47902e7a241ecb1606c3d99"}
{"index": {"_index":"sim","_id":"2288799"}}
	{"id":2288799,"type":"sell","buyer":"pokerarema","seller":"themightyvolcano","symbol":"SIM","quantity":"25899.000","price":"0.00060001","timestamp":1639585932,"volume":"15.53965899","buyTxId":"5a6478e7906acb746f92f2857a1757f08548c89b","sellTxId":"1b44ac2317d45385a47902e7a241ecb1606c3d99"}
{"index": {"_index":"sim","_id":"2288800"}}
	{"id":2288800,"type":"sell","buyer":"pimpstudio","seller":"themightyvolcano","symbol":"SIM","quantity":"60242.948","price":"0.00060000","timestamp":1639585932,"volume":"36.14576880","buyTxId":"0272e3ef188bfed4ccc3dfb94ebea18f3d4eddf9","sellTxId":"1b44ac2317d45385a47902e7a241ecb1606c3d99"}
{"index": {"_index":"sim","_id":"2289007"}}
	{"id":2289007,"type":"sell","buyer":"pi-trader","seller":"bosmob","symbol":"SIM","quantity":"5658.166","price":"0.00060011","timestamp":1639587486,"volume":"3.39552200","buyTxId":"192abeb272a8572b25a86b253a614d05872e848a-3","sellTxId":"dd357bd51b36cbd2f47826854b6a7afa01f2d768"}
{"index": {"_index":"sim","_id":"2289055"}}
	{"id":2289055,"type":"sell","buyer":"pi-trader","seller":"cryptounicorn420","symbol":"SIM","quantity":"1100.000","price":"0.00060514","timestamp":1639587903,"volume":"0.66565400","buyTxId":"dbca027c1fa24559af8e2ee972e408679b795c6a-3","sellTxId":"616c4f1777684f62ad8b0e41a60586d66001aa10"}
{"index": {"_index":"sim","_id":"2289136"}}
	{"id":2289136,"type":"sell","buyer":"pi-trader","seller":"lisamgentile1961","symbol":"SIM","quantity":"50.198","price":"0.00060518","timestamp":1639588335,"volume":"0.03037883","buyTxId":"33aa4962918872b2b085a37cebc0d02132c6e422-4","sellTxId":"8f12edfccc85cca261b8e5843dd734d46c531a08"}
{"index": {"_index":"sim","_id":"2289192"}}
	{"id":2289192,"type":"sell","buyer":"pi-trader","seller":"eforucom","symbol":"SIM","quantity":"0.038","price":"0.00060520","timestamp":1639588797,"volume":"0.00002300","buyTxId":"582406c2dcc21577ac42378bf67e77c3a94293e4-1","sellTxId":"a0b01c23474e239fa37653cacd3251be6df1a361"}
{"index": {"_index":"sim","_id":"2289200"}}
	{"id":2289200,"type":"sell","buyer":"pi-trader","seller":"eforucom","symbol":"SIM","quantity":"0.001","price":"0.00060522","timestamp":1639588851,"volume":"0.00000061","buyTxId":"7b63f08a4457c51b1707b1992ae8f3c83e5fafc2-2","sellTxId":"b7976f3769181aadd11d2f1a64ff2849370dc469"}
{"index": {"_index":"sim","_id":"2289370"}}
	{"id":2289370,"type":"buy","buyer":"deanlogic","seller":"jelly-cz","symbol":"SIM","quantity":"1.000","price":"0.00067998","timestamp":1639590486,"volume":"0.00067998","buyTxId":"9da32fb7ec986d48cdca8226a6f922172fe2040c","sellTxId":"MM-P-13076046-60062906-3-29-0"}
{"index": {"_index":"sim","_id":"2289371"}}
	{"id":2289371,"type":"buy","buyer":"deanlogic","seller":"brofi-market","symbol":"SIM","quantity":"0.001","price":"0.00067998","timestamp":1639590486,"volume":"0.00000068","buyTxId":"9da32fb7ec986d48cdca8226a6f922172fe2040c","sellTxId":"dddc7d95562b6f664e3e5e05f7e99a8d1f40e0fe"}
{"index": {"_index":"sim","_id":"2289372"}}
	{"id":2289372,"type":"sell","buyer":"deanlogic","seller":"svirus","symbol":"SIM","quantity":"5498.990","price":"0.00067998","timestamp":1639590489,"volume":"3.73920322","buyTxId":"9da32fb7ec986d48cdca8226a6f922172fe2040c","sellTxId":"fa1a37f5e32a1a18d4472cc2aab1e9d2bf3b8438-1"}
{"index": {"_index":"sim","_id":"2289373"}}
	{"id":2289373,"type":"sell","buyer":"deanlogic","seller":"konvik","symbol":"SIM","quantity":"0.009","price":"0.00067998","timestamp":1639590489,"volume":"0.00000612","buyTxId":"9da32fb7ec986d48cdca8226a6f922172fe2040c","sellTxId":"543c4024185d682afc8a312d08f648105ed26b75-1"}
{"index": {"_index":"sim","_id":"2289404"}}
	{"id":2289404,"type":"sell","buyer":"pi-trader","seller":"valor2s","symbol":"SIM","quantity":"27.000","price":"0.00060534","timestamp":1639590702,"volume":"0.01634418","buyTxId":"72b0b97616ffa6bba5bb03dac2f308bf460985c8-1","sellTxId":"0263e8beb6317edb5e1fc894af41333a2ab9dc45"}
{"index": {"_index":"sim","_id":"2289409"}}
	{"id":2289409,"type":"sell","buyer":"pi-trader","seller":"aliveprojects","symbol":"SIM","quantity":"74.186","price":"0.00060534","timestamp":1639590726,"volume":"0.04490775","buyTxId":"d83e84809bac40f849abd9c4aaf13e297d649276-2","sellTxId":"e8d561accb95a02c541f9d63d0f959021243f2f1"}
{"index": {"_index":"sim","_id":"2289426"}}
	{"id":2289426,"type":"buy","buyer":"deanlogic","seller":"jelly-cz","symbol":"SIM","quantity":"1.000","price":"0.00067998","timestamp":1639590906,"volume":"0.00067998","buyTxId":"72bb51485102e089eaec8360662ac557c8448a13","sellTxId":"MM-P-13078238-60065098-3-29-1"}
{"index": {"_index":"sim","_id":"2289427"}}
	{"id":2289427,"type":"buy","buyer":"deanlogic","seller":"pi-trader","symbol":"SIM","quantity":"2999.000","price":"0.00067999","timestamp":1639590906,"volume":"2.03929001","buyTxId":"72bb51485102e089eaec8360662ac557c8448a13","sellTxId":"784b504f77f0ddc9a6156c9d41bb32d445c952e2-6"}
{"index": {"_index":"sim","_id":"2289518"}}
	{"id":2289518,"type":"sell","buyer":"pi-trader","seller":"jlmu1706","symbol":"SIM","quantity":"39.900","price":"0.00060540","timestamp":1639591593,"volume":"0.02415546","buyTxId":"82e404c2588053ffdb1b03f5f0f6225c3764df62-1","sellTxId":"825267af2537c8574721c846b562f78f2af12d0e"}
{"index": {"_index":"sim","_id":"2289889"}}
	{"id":2289889,"type":"buy","buyer":"jjprac","seller":"pi-trader","symbol":"SIM","quantity":"3000.000","price":"0.00062999","timestamp":1639594902,"volume":"1.88997000","buyTxId":"96b64f8cb092bd22c592d4fc7117191b3de16a94","sellTxId":"a21360af2bc2c727e6d1deac0103ae440337ccae-7"}
{"index": {"_index":"sim","_id":"2290022"}}
	{"id":2290022,"type":"sell","buyer":"pi-trader","seller":"darth-azrael","symbol":"SIM","quantity":"7.936","price":"0.00060572","timestamp":1639596369,"volume":"0.00480699","buyTxId":"1811bfa574ba5ee5d034b8238c67bb6e5712f60f-2","sellTxId":"31d9f7b6b9dee66e305dff0dca2ce544357979b9"}
{"index": {"_index":"sim","_id":"2290163"}}
	{"id":2290163,"type":"sell","buyer":"pi-trader","seller":"piotr42","symbol":"SIM","quantity":"583.000","price":"0.00060578","timestamp":1639597344,"volume":"0.35316974","buyTxId":"a699c1a6c2f04af7ee9276664961edd7452c5945-1","sellTxId":"5effdee0e9e1910e8f48d64277600acb4310d3ac"}
{"index": {"_index":"sim","_id":"2290166"}}
	{"id":2290166,"type":"sell","buyer":"pi-trader","seller":"monsterjamgold","symbol":"SIM","quantity":"1560.502","price":"0.00060578","timestamp":1639597371,"volume":"0.94532090","buyTxId":"2f2a68ddccd5290dc45db0bbc6e0c178c996bbe5-3","sellTxId":"59250ef94d96d08b4be4cd3d45cf175765f1affc"}
{"index": {"_index":"sim","_id":"2290280"}}
	{"id":2290280,"type":"sell","buyer":"pi-trader","seller":"steem-hodler","symbol":"SIM","quantity":"42910.000","price":"0.00060588","timestamp":1639598478,"volume":"25.99831080","buyTxId":"8dcc2c3fc26c288b614cefd4ed969ae895251227-1","sellTxId":"bdb1cb0fb1229b96d8e5f2b9cc0f38ba06a6d231"}
{"index": {"_index":"sim","_id":"2290914"}}
	{"id":2290914,"type":"sell","buyer":"jelly-cz","seller":"epilatero","symbol":"SIM","quantity":"2051","price":"0.00060607","timestamp":1639602255,"volume":"1.24304957","buyTxId":"MM-P-13081723-60068586-3-29-0","sellTxId":"f1fb7e140a0bedb4bfa90b8ad9b7375193f8298a"}
{"index": {"_index":"sim","_id":"2291115"}}
	{"id":2291115,"type":"sell","buyer":"jelly-cz","seller":"rarej","symbol":"SIM","quantity":"1759.299","price":"0.00060607","timestamp":1639603368,"volume":"1.06625834","buyTxId":"MM-P-13081723-60068586-3-29-0","sellTxId":"8f73cde4302b39301ed6fa085acdd07ce41bd7f9"}
{"index": {"_index":"sim","_id":"2291170"}}
	{"id":2291170,"type":"sell","buyer":"jelly-cz","seller":"flaxz","symbol":"SIM","quantity":"8.506","price":"0.00060607","timestamp":1639603878,"volume":"0.00515523","buyTxId":"MM-P-13081723-60068586-3-29-0","sellTxId":"061eda78f1216e44991f1dde7c9ffd428c87ca39"}
{"index": {"_index":"sim","_id":"2291371"}}
	{"id":2291371,"type":"sell","buyer":"jelly-cz","seller":"bashadow","symbol":"SIM","quantity":"27.091","price":"0.00060607","timestamp":1639605561,"volume":"0.01641904","buyTxId":"MM-P-13081723-60068586-3-29-0","sellTxId":"774577623d4703b6a80d9cab62858814d6cddd2c"}
{"index": {"_index":"sim","_id":"2291562"}}
	{"id":2291562,"type":"sell","buyer":"jelly-cz","seller":"he-index","symbol":"SIM","quantity":"228.236","price":"0.00060607","timestamp":1639607526,"volume":"0.13832699","buyTxId":"MM-P-13081723-60068586-3-29-0","sellTxId":"a3cd16ce3a0beb521b0ede41d2b4d8fce721ef27"}
{"index": {"_index":"sim","_id":"2291632"}}
	{"id":2291632,"type":"sell","buyer":"jelly-cz","seller":"egistar","symbol":"SIM","quantity":"1409","price":"0.00060607","timestamp":1639608354,"volume":"0.85395263","buyTxId":"MM-P-13081723-60068586-3-29-0","sellTxId":"5c1655dfe2dee9b840afbdc0615d0a34d9189b6f"}
{"index": {"_index":"sim","_id":"2291856"}}
	{"id":2291856,"type":"sell","buyer":"jelly-cz","seller":"balte","symbol":"SIM","quantity":"11000.000","price":"0.00060607","timestamp":1639610673,"volume":"6.66677000","buyTxId":"MM-P-13081723-60068586-3-29-0","sellTxId":"75a4b3e55c05fd9162b90e9271f64a19ef287d23"}
{"index": {"_index":"sim","_id":"2292042"}}
	{"id":2292042,"type":"buy","buyer":"stickupboys","seller":"kobusu","symbol":"SIM","quantity":"1773.000","price":"0.00061000","timestamp":1639612713,"volume":"1.08153000","buyTxId":"7f662b49fe44ff9839a69edba10b146e06187eb3","sellTxId":"e369dadb22a7bf8cbfefd6aa19f7365765d57d15"}
{"index": {"_index":"sim","_id":"2292138"}}
	{"id":2292138,"type":"sell","buyer":"jelly-cz","seller":"brofi-market","symbol":"SIM","quantity":"0.002","price":"0.00060607","timestamp":1639613688,"volume":"0.00000121","buyTxId":"MM-P-13081723-60068586-3-29-0","sellTxId":"2842d6bbe23166fbe43d71fc88a1979fc3e7ac11"}
{"index": {"_index":"sim","_id":"2292184"}}
	{"id":2292184,"type":"sell","buyer":"jelly-cz","seller":"casilokodesing","symbol":"SIM","quantity":"498.000","price":"0.00060607","timestamp":1639614153,"volume":"0.30182286","buyTxId":"MM-P-13081723-60068586-3-29-0","sellTxId":"565460c9c9611d9d823b2570535a7eefcb59401a"}
{"index": {"_index":"sim","_id":"2292523"}}
	{"id":2292523,"type":"buy","buyer":"rexikhan","seller":"kobusu","symbol":"SIM","quantity":"1000.000","price":"0.00061000","timestamp":1639616985,"volume":"0.61000000","buyTxId":"8758e6217b2f3538b3e2b4dfa14ee23f84e61632","sellTxId":"e369dadb22a7bf8cbfefd6aa19f7365765d57d15"}
{"index": {"_index":"sim","_id":"2292961"}}
	{"id":2292961,"type":"sell","buyer":"jelly-cz","seller":"andy4475","symbol":"SIM","quantity":"31.809","price":"0.00060607","timestamp":1639621026,"volume":"0.01927848","buyTxId":"MM-P-13081723-60068586-3-29-0","sellTxId":"7d6ae408ad079d889e46c0cabb3ed071addea784"}
{"index": {"_index":"sim","_id":"2293037"}}
	{"id":2293037,"type":"buy","buyer":"stickupboys","seller":"kobusu","symbol":"SIM","quantity":"8770.000","price":"0.00061000","timestamp":1639621818,"volume":"5.34970000","buyTxId":"8596d585656c053bcd3391eaf1da5ee2d054bc14","sellTxId":"e369dadb22a7bf8cbfefd6aa19f7365765d57d15"}
{"index": {"_index":"sim","_id":"2293061"}}
	{"id":2293061,"type":"buy","buyer":"orionspeakgaming","seller":"kobusu","symbol":"SIM","quantity":"6200.000","price":"0.00061000","timestamp":1639622016,"volume":"3.78200000","buyTxId":"9520a1bc4f4e9809cac0ac90d9a7088ebbce1566","sellTxId":"e369dadb22a7bf8cbfefd6aa19f7365765d57d15"}
{"index": {"_index":"sim","_id":"2293197"}}
	{"id":2293197,"type":"sell","buyer":"jelly-cz","seller":"hirohurl","symbol":"SIM","quantity":"40.872","price":"0.00060607","timestamp":1639623255,"volume":"0.02477129","buyTxId":"MM-P-13081723-60068586-3-29-0","sellTxId":"fbe73ea8dc00b6d66c3767510d0f7ed70ec8f13c"}
{"index": {"_index":"sim","_id":"2293238"}}
	{"id":2293238,"type":"sell","buyer":"jelly-cz","seller":"taitux","symbol":"SIM","quantity":"21081.150","price":"0.00060607","timestamp":1639623591,"volume":"12.77665258","buyTxId":"MM-P-13081723-60068586-3-29-0","sellTxId":"453aaf99b4b226d52e36cb58d1ee8db0ea6fc26f"}
