{"jsonrpc":"2.0","id":1,"result":[{"_id":4776383,"type":"sell","buyer":"master-lamps","seller":"dustindivitto","symbol":"SIM","quantity":"4369.526","price":"0.00034734","timestamp":1668400518,"volume":"1.51771116","buyTxId":"22ce8233a09d3bb25263c338a5016418b9c4281c","sellTxId":"55ff79806f233d1909e8a2c6249de5d00b53c8e2"},{"_id":4776384,"type":"sell","buyer":"princekappa","seller":"dustindivitto","symbol":"SIM","quantity":"10000.000","price":"0.00034732","timestamp":1668400518,"volume":"3.47320000","buyTxId":"e95a503d6d0edd92d8535e599559d0d8c8a0c82f","sellTxId":"55ff79806f233d1909e8a2c6249de5d00b53c8e2"},{"_id":4776385,"type":"sell","buyer":"princekappa","seller":"dustindivitto","symbol":"SIM","quantity":"8997.474","price":"0.00034731","timestamp":1668400518,"volume":"3.12491269","buyTxId":"1e467965a2996539d3386f319af7acefed983498","sellTxId":"55ff79806f233d1909e8a2c6249de5d00b53c8e2"},{"_id":4776394,"type":"buy","buyer":"tommyl33","seller":"nftmart.fees","symbol":"SIM","quantity":"25.000","price":"0.00035696","timestamp":1668400554,"volume":"0.00892400","buyTxId":"c16e042cf76ddf46996171036bc9d36e7a27f5aa","sellTxId":"ed3d2b26214ea4dab6dc5de8fef3da514fd6874c-0"},{"_id":4776395,"type":"buy","buyer":"tommyl33","seller":"blightxp","symbol":"SIM","quantity":"4800.000","price":"0.00035700","timestamp":1668400554,"volume":"1.71360000","buyTxId":"c16e042cf76ddf46996171036bc9d36e7a27f5aa","sellTxId":"6888b418fe72e0dae5f817841ffb97252d60016a"},{"_id":4776396,"type":"buy","buyer":"tommyl33","seller":"jelly-cz","symbol":"SIM","quantity":"25175.000","price":"0.00035709","timestamp":1668400554,"volume":"8.98974075","buyTxId":"c16e042cf76ddf46996171036bc9d36e7a27f5aa","sellTxId":"MM-P-22640152-69637307-3-31-0"},{"_id":4776624,"type":"sell","buyer":"princekappa","seller":"tydynrain","symbol":"SIM","quantity":"1.698","price":"0.00034731","timestamp":1668403683,"volume":"0.00058973","buyTxId":"1e467965a2996539d3386f319af7acefed983498","sellTxId":"5bd7bc18ad2315ca753edf7d698d18c40cbc9d0b"},{"_id":4776653,"type":"buy","buyer":"xenotype","seller":"nftmart.fees","symbol":"SIM","quantity":"97.000","price":"0.00035706","timestamp":1668404166,"volume":"0.03463482","buyTxId":"83098d46033a77f42c9af7f077ca12402e5f02fe","sellTxId":"0db6112e9127d319a7ea8c62a09a46ebb6847665-0"},{"_id":4776654,"type":"buy","buyer":"xenotype","seller":"jelly-cz","symbol":"SIM","quantity":"16303.000","price":"0.00035709","timestamp":1668404166,"volume":"5.82163827","buyTxId":"83098d46033a77f42c9af7f077ca12402e5f02fe","sellTxId":"MM-P-22640152-69637307-3-31-0"},{"_id":4776767,"type":"buy","buyer":"alwaysbaked","seller":"nftmart.fees","symbol":"SIM","quantity":"96.000","price":"0.00035708","timestamp":1668405726,"volume":"0.03427968","buyTxId":"c2290a9653da6569169500ac3d8618066907cf78","sellTxId":"c95fc67c70be1ad2d3696fda809d241ca16897d8-0"},{"_id":4776768,"type":"buy","buyer":"alwaysbaked","seller":"jelly-cz","symbol":"SIM","quantity":"3855.933","price":"0.00035709","timestamp":1668405726,"volume":"1.37691511","buyTxId":"c2290a9653da6569169500ac3d8618066907cf78","sellTxId":"MM-P-22640152-69637307-3-31-0"},{"_id":4776769,"type":"buy","buyer":"alwaysbaked","seller":"gamsam.pop","symbol":"SIM","quantity":"2648.067","price":"0.00036940","timestamp":1668405726,"volume":"0.97819595","buyTxId":"c2290a9653da6569169500ac3d8618066907cf78","sellTxId":"ee7cb4dab9493bcc1f2264cc9d23c2a5b5ae1f93"},{"_id":4777238,"type":"buy","buyer":"evernoticethat","seller":"nftmart.fees","symbol":"SIM","quantity":"74.000","price":"0.00035708","timestamp":1668410523,"volume":"0.02642392","buyTxId":"1f80059710f1f9e61bbcfdd1631205b4696829a4","sellTxId":"537d8980c6d9db9ed25c5ac7c0d1f25e928f12a4-0"},{"_id":4777239,"type":"buy","buyer":"evernoticethat","seller":"god0","symbol":"SIM","quantity":"373.501","price":"0.00035708","timestamp":1668410523,"volume":"0.13336974","buyTxId":"1f80059710f1f9e61bbcfdd1631205b4696829a4","sellTxId":"83b35cbe26a7782a04233c2491920a77831a02c2"},{"_id":4777240,"type":"buy","buyer":"evernoticethat","seller":"jelly-cz","symbol":"SIM","quantity":"0.974","price":"0.00035709","timestamp":1668410523,"volume":"0.00034781","buyTxId":"1f80059710f1f9e61bbcfdd1631205b4696829a4","sellTxId":"MM-P-22650642-69647799-3-31-0"},{"_id":4777422,"type":"sell","buyer":"lookplz","seller":"elevator09","symbol":"SIM","quantity":"2038.000","price":"0.00034800","timestamp":1668412308,"volume":"0.70922400","buyTxId":"5e7ad3f8d4c5c41d35030631fd6ac6e9deb8a9fd","sellTxId":"9fb47100d53a784cbcf9a9f37a47833832d9b7dc"},{"_id":4777470,"type":"buy","buyer":"oople","seller":"nftmart.fees","symbol":"SIM","quantity":"65.000","price":"0.00035707","timestamp":1668412764,"volume":"0.02320955","buyTxId":"f846d396c29880603501b4045f8da931602e3790","sellTxId":"3197a4ed68416c17ff7bb417840281733b32ad21-0"},{"_id":4777471,"type":"buy","buyer":"oople","seller":"jelly-cz","symbol":"SIM","quantity":"2273.026","price":"0.00035709","timestamp":1668412764,"volume":"0.81167485","buyTxId":"f846d396c29880603501b4045f8da931602e3790","sellTxId":"MM-P-22650642-69647799-3-31-0"},{"_id":4777500,"type":"sell","buyer":"oople","seller":"god0","symbol":"SIM","quantity":"2261.222","price":"0.00035708","timestamp":1668412890,"volume":"0.80743715","buyTxId":"04502d5e41a727f3ee4c3c9a0fad65662e7d3895","sellTxId":"4cf498db5a78c82837eeb90b9b89a63e0bcb05db"},{"_id":4777519,"type":"sell","buyer":"oople","seller":"nftmart.fees","symbol":"SIM","quantity":"5.894","price":"0.00035708","timestamp":1668413079,"volume":"0.00210463","buyTxId":"04502d5e41a727f3ee4c3c9a0fad65662e7d3895","sellTxId":"90b34d2bc596d843da943fc9c67d607fd653aa89-0"},{"_id":4777529,"type":"buy","buyer":"oople","seller":"nftmart.fees","symbol":"SIM","quantity":"77.106","price":"0.00035708","timestamp":1668413166,"volume":"0.02753301","buyTxId":"eddc7bb4859f82d1b747a2c5c4bcdc49f20a44c7","sellTxId":"90b34d2bc596d843da943fc9c67d607fd653aa89-0"},{"_id":4777530,"type":"buy","buyer":"oople","seller":"jelly-cz","symbol":"SIM","quantity":"1987.894","price":"0.00035709","timestamp":1668413166,"volume":"0.70985707","buyTxId":"eddc7bb4859f82d1b747a2c5c4bcdc49f20a44c7","sellTxId":"MM-P-22650642-69647799-3-31-0"},{"_id":4777614,"type":"buy","buyer":"kungfukid","seller":"nftmart.fees","symbol":"SIM","quantity":"76.000","price":"0.00035708","timestamp":1668414585,"volume":"0.02713808","buyTxId":"9727057c722734927b2d231bd786b8445881ee4b","sellTxId":"100dcd674fe32957e5b6ed00519d752f9dbbf414-0"},{"_id":4778559,"type":"sell","buyer":"lookplz","seller":"dswap","symbol":"SIM","quantity":"99.839","price":"0.00034800","timestamp":1668424074,"volume":"0.03474397","buyTxId":"5e7ad3f8d4c5c41d35030631fd6ac6e9deb8a9fd","sellTxId":"7c32d49cc9d343a801c8911b0248c21e82c2cef5"},{"_id":4778764,"type":"sell","buyer":"lookplz","seller":"dswap","symbol":"SIM","quantity":"13862.161","price":"0.00034800","timestamp":1668426657,"volume":"4.82403203","buyTxId":"5e7ad3f8d4c5c41d35030631fd6ac6e9deb8a9fd","sellTxId":"317e6b436c3c6b571cfc97bdfb773d564968c028"},{"_id":4778765,"type":"sell","buyer":"princekappa","seller":"dswap","symbol":"SIM","quantity":"757.008","price":"0.00034731","timestamp":1668426657,"volume":"0.26291645","buyTxId":"1e467965a2996539d3386f319af7acefed983498","sellTxId":"317e6b436c3c6b571cfc97bdfb773d564968c028"},{"_id":4778766,"type":"sell","buyer":"ana-maria","seller":"dswap","symbol":"SIM","quantity":"12400.000","price":"0.00034730","timestamp":1668426657,"volume":"4.30652000","buyTxId":"9aa154ffaa37f9c2c20cedaf15aff1afe0b6ae42","sellTxId":"317e6b436c3c6b571cfc97bdfb773d564968c028"},{"_id":4778767,"type":"sell","buyer":"drakienrising","seller":"dswap","symbol":"SIM","quantity":"3385.000","price":"0.00034730","timestamp":1668426657,"volume":"1.17561050","buyTxId":"57dbc62f9ba1aa78e4754a2ef09d72de20f87a52","sellTxId":"317e6b436c3c6b571cfc97bdfb773d564968c028"},{"_id":4778768,"type":"sell","buyer":"vocup","seller":"dswap","symbol":"SIM","quantity":"14000.000","price":"0.00034729","timestamp":1668426657,"volume":"4.86206000","buyTxId":"ec0e0652d0b3000f5aae7b9cd46267b07247e3bb","sellTxId":"317e6b436c3c6b571cfc97bdfb773d564968c028"},{"_id":4778769,"type":"sell","buyer":"vocup","seller":"dswap","symbol":"SIM","quantity":"15000.000","price":"0.00034724","timestamp":1668426657,"volume":"5.20860000","buyTxId":"e1ddf53a783c368597d530b16878b28cf4c2a71f","sellTxId":"317e6b436c3c6b571cfc97bdfb773d564968c028"},{"_id":4778770,"type":"sell","buyer":"superlab","seller":"dswap","symbol":"SIM","quantity":"843927.985","price":"0.00034700","timestamp":1668426657,"volume":"292.84301080","buyTxId":"3b5c47342972df4f0ad787ba410b632892f6c69f","sellTxId":"317e6b436c3c6b571cfc97bdfb773d564968c028"},{"_id":4778771,"type":"sell","buyer":"frugal-fun","seller":"dswap","symbol":"SIM","quantity":"3974.607","price":"0.00034604","timestamp":1668426657,"volume":"1.37537301","buyTxId":"21f752b7bffcc9d1318e54762e583b3934b184bf","sellTxId":"317e6b436c3c6b571cfc97bdfb773d564968c028"},{"_id":4778772,"type":"sell","buyer":"all.coin.hive","seller":"dswap","symbol":"SIM","quantity":"47547.118","price":"0.00034504","timestamp":1668426657,"volume":"16.40565759","buyTxId":"c2d869759bbc727bd6979eb5dec5b8ea328a6bf9-0","sellTxId":"317e6b436c3c6b571cfc97bdfb773d564968c028"},{"_id":4778773,"type":"sell","buyer":"superlab","seller":"dswap","symbol":"SIM","quantity":"84849.663","price":"0.00034500","timestamp":1668426657,"volume":"29.27313374","buyTxId":"189f1bfbbaba39b1843b6dbaf085c057ccc50a7e","sellTxId":"317e6b436c3c6b571cfc97bdfb773d564968c028"},{"_id":4778792,"type":"buy","buyer":"god0","seller":"rarej","symbol":"SIM","quantity":"1406.329","price":"0.00034801","timestamp":1668426786,"volume":"0.48941656","buyTxId":"3c8c56f42e67614f1c3485e274645e0ec3973bf7-0","sellTxId":"ecb21de0d584fdf997a7c59b560b315257425a32"},{"_id":4779013,"type":"sell","buyer":"mcbot","seller":"dswap","symbol":"SIM","quantity":"52.378","price":"0.00034505","timestamp":1668429231,"volume":"0.01807303","buyTxId":"7ba3273fb4623aa24d0c380451ac34e721cdc965-1","sellTxId":"9ffb280a17fbae191d09f01c3144e3e27c20f5b9"},{"_id":4779395,"type":"sell","buyer":"mcbot","seller":"poliwalt10","symbol":"SIM","quantity":"1191.000","price":"0.00034505","timestamp":1668433077,"volume":"0.41095455","buyTxId":"81d436ec80e34a13767ed4001a0fb6e3813b77d6-1","sellTxId":"c0f4e65a0e23f7b999f4f2a22d4948faeeeb50c3"},{"_id":4779638,"type":"sell","buyer":"god0","seller":"elevator09","symbol":"SIM","quantity":"2818.794","price":"0.00034506","timestamp":1668435144,"volume":"0.97265306","buyTxId":"89cc1f01e0c002b261106c61489623f5291b03e7-0","sellTxId":"0babf68e6770a344d2e7284f1251f1b7488186dd"},{"_id":4779762,"type":"sell","buyer":"mcbot","seller":"lifeskills-tv","symbol":"SIM","quantity":"328.002","price":"0.00034505","timestamp":1668435954,"volume":"0.11317709","buyTxId":"8d9f9255b7bd5ec09652647917f513f37ce258b8-1","sellTxId":"f79bba788a84b85960b660ee1c212d2b70b49222"},{"_id":4779925,"type":"sell","buyer":"mcbot","seller":"bitcoinflood","symbol":"SIM","quantity":"2754.675","price":"0.00034506","timestamp":1668436947,"volume":"0.95052816","buyTxId":"3a4db5769a5aef9497b49f9a185fc8aef95e70eb-1","sellTxId":"8e5beed1a9231831dd74554f5004922f9a84830f"},{"_id":4780217,"type":"sell","buyer":"mcbot","seller":"bearbear613","symbol":"SIM","quantity":"500.000","price":"0.00034506","timestamp":1668439089,"volume":"0.17253000","buyTxId":"d10aba472aba558b4e32aa88ecfe1e2249385ff6-1","sellTxId":"8317512de031ec4e29326b53fe90851575ecff0d"},{"_id":4780220,"type":"sell","buyer":"god0","seller":"rambo21","symbol":"SIM","quantity":"500.000","price":"0.00034507","timestamp":1668439128,"volume":"0.17253500","buyTxId":"0d494eef324ff4bdbcad51e1f945360d74cc23c7-0","sellTxId":"9e9feb5d64f4a1e3b93e5d419b521005daa209d6"},{"_id":4780221,"type":"sell","buyer":"god0","seller":"rambo21","symbol":"SIM","quantity":"500.000","price":"0.00034507","timestamp":1668439128,"volume":"0.17253500","buyTxId":"8d3ac2ba725b1ca915acb33f156de854f53a6d65-0","sellTxId":"9e9feb5d64f4a1e3b93e5d419b521005daa209d6"},{"_id":4780222,"type":"sell","buyer":"mcbot","seller":"rambo21","symbol":"SIM","quantity":"662.570","price":"0.00034506","timestamp":1668439128,"volume":"0.22862640","buyTxId":"d10aba472aba558b4e32aa88ecfe1e2249385ff6-1","sellTxId":"9e9feb5d64f4a1e3b93e5d419b521005daa209d6"},{"_id":4780348,"type":"sell","buyer":"mcbot","seller":"valor2s","symbol":"SIM","quantity":"48.219","price":"0.00034506","timestamp":1668440331,"volume":"0.01663845","buyTxId":"9292de8f60cf88586ccab02269e00cf110465275-1","sellTxId":"d2c7b0bc345c254ffe339f0a35824ae695f242a1"},{"_id":4780437,"type":"buy","buyer":"discohedge","seller":"nftmart.fees","symbol":"SIM","quantity":"58.000","price":"0.00035542","timestamp":1668441366,"volume":"0.02061436","buyTxId":"4f0d705db3d2f40faee65aaa53250f88e3ff34da","sellTxId":"26d51b313fd04de2e9e99fa3750374e67279bbbe-0"},{"_id":4780438,"type":"buy","buyer":"discohedge","seller":"jelly-cz","symbol":"SIM","quantity":"42034.747","price":"0.00035554","timestamp":1668441366,"volume":"14.94503395","buyTxId":"4f0d705db3d2f40faee65aaa53250f88e3ff34da","sellTxId":"MM-P-22656831-69653989-3-31-0"},{"_id":4780446,"type":"buy","buyer":"discohedge","seller":"jelly-cz","symbol":"SIM","quantity":"6304.253","price":"0.00035554","timestamp":1668441414,"volume":"2.24141411","buyTxId":"c7b139ad8a012f20561df8f6d0c968ce11607687","sellTxId":"MM-P-22656831-69653989-3-31-0"},{"_id":4780447,"type":"buy","buyer":"discohedge","seller":"gamsam.pop","symbol":"SIM","quantity":"8539.933","price":"0.00036940","timestamp":1668441414,"volume":"3.15465125","buyTxId":"c7b139ad8a012f20561df8f6d0c968ce11607687","sellTxId":"ee7cb4dab9493bcc1f2264cc9d23c2a5b5ae1f93"},{"_id":4780448,"type":"buy","buyer":"discohedge","seller":"all.coin.hive","symbol":"SIM","quantity":"16053.112","price":"0.00036945","timestamp":1668441414,"volume":"5.93082223","buyTxId":"c7b139ad8a012f20561df8f6d0c968ce11607687","sellTxId":"2bb165a80e6da948a545c50bfaa9a6be5b7148da-4"},{"_id":4780455,"type":"sell","buyer":"mcbot","seller":"lisamgentile1961","symbol":"SIM","quantity":"27.172","price":"0.00034506","timestamp":1668441516,"volume":"0.00937597","buyTxId":"f13952091e2c1f3c9a0b8981121cdca947f2c058-1","sellTxId":"f583d0cd04bb3107ed078f37441cde924efba6ef"},{"_id":4780865,"type":"buy","buyer":"assassyn","seller":"nftmart.fees","symbol":"SIM","quantity":"51.000","price":"0.00035553","timestamp":1668444561,"volume":"0.01813203","buyTxId":"4b96920ce5087c0e49185a204127e1b213b557f6","sellTxId":"bad951978aa3ace6e3d171e6164dbdeb0fcad67e-0"},{"_id":4780869,"type":"buy","buyer":"assassyn","seller":"jelly-cz","symbol":"SIM","quantity":"5286.867","price":"0.00035554","timestamp":1668444588,"volume":"1.87969269","buyTxId":"6af279e711f1e199c5b32c24b532cb1f4a4145fb","sellTxId":"MM-P-22662426-69659585-3-31-0"},{"_id":4782353,"type":"buy","buyer":"pompeylad","seller":"nftmart.fees","symbol":"SIM","quantity":"46.000","price":"0.00035546","timestamp":1668454455,"volume":"0.01635116","buyTxId":"a6b4888d272676184bc8efd96aabc38382f3028c","sellTxId":"8a7d6d61566e15f4af311cfb5b10b6b8c656435d-0"},{"_id":4782354,"type":"buy","buyer":"pompeylad","seller":"god0","symbol":"SIM","quantity":"42894.364","price":"0.00035553","timestamp":1668454455,"volume":"15.25023323","buyTxId":"a6b4888d272676184bc8efd96aabc38382f3028c","sellTxId":"a0360daf7dabbb39064e0281ce2d278502cfb64c"},{"_id":4782355,"type":"buy","buyer":"pompeylad","seller":"jelly-cz","symbol":"SIM","quantity":"111.769","price":"0.00035554","timestamp":1668454455,"volume":"0.03973835","buyTxId":"a6b4888d272676184bc8efd96aabc38382f3028c","sellTxId":"MM-P-22662426-69659585-3-31-0"},{"_id":4782360,"type":"buy","buyer":"pompeylad","seller":"jelly-cz","symbol":"SIM","quantity":"42940.364","price":"0.00035554","timestamp":1668454515,"volume":"15.26701702","buyTxId":"5ffcae0cfbb2fec8cfd8dc35e5d400020fd9c0b0","sellTxId":"MM-P-22662426-69659585-3-31-0"},{"_id":4782504,"type":"buy","buyer":"pompeylad","seller":"nftmart.fees","symbol":"SIM","quantity":"46.000","price":"0.00036109","timestamp":1668455571,"volume":"0.01661014","buyTxId":"d82e934bc1f655b76259a38bf6932271ba10ad5b","sellTxId":"52eca51e5d107d73908296c2943b10e4e05d2457-0"},{"_id":4782505,"type":"buy","buyer":"pompeylad","seller":"master-lamps","symbol":"SIM","quantity":"6672.180","price":"0.00036110","timestamp":1668455571,"volume":"2.40932420","buyTxId":"d82e934bc1f655b76259a38bf6932271ba10ad5b","sellTxId":"302236474ce237ed0694c2614bfd09e7a55d85f2"},{"_id":4782506,"type":"buy","buyer":"pompeylad","seller":"konvik","symbol":"SIM","quantity":"8448.379","price":"0.00036110","timestamp":1668455571,"volume":"3.05070966","buyTxId":"d82e934bc1f655b76259a38bf6932271ba10ad5b","sellTxId":"013b434d7c31a646321eb564ef042521b22f5d24-1"},{"_id":4782507,"type":"sell","buyer":"pompeylad","seller":"god0","symbol":"SIM","quantity":"8.373","price":"0.00036110","timestamp":1668455571,"volume":"0.00302349","buyTxId":"d82e934bc1f655b76259a38bf6932271ba10ad5b","sellTxId":"4015ab3c9161bcf4d49d6d689bdd6ce0403f2d2e"},{"_id":4782757,"type":"sell","buyer":"mcbot","seller":"archon-drips","symbol":"SIM","quantity":"28.354","price":"0.00034515","timestamp":1668457518,"volume":"0.00978638","buyTxId":"3a9eda7c2e7479d52b752a38c65435113e71f69b-1","sellTxId":"f0b31c7f3185efdc71537ff53054657e87c28c0d"},{"_id":4782855,"type":"buy","buyer":"assassyn","seller":"all.coin.hive","symbol":"SIM","quantity":"499.000","price":"0.00036662","timestamp":1668458544,"volume":"0.18294338","buyTxId":"7fd5623ae89e11ebe05aa26b96ac805567f39956","sellTxId":"f6cfe28a0229cbdb446b2d32b9c33d4adf014429-3"},{"_id":4782993,"type":"sell","buyer":"all.coin.hive","seller":"bitcoinflood","symbol":"SIM","quantity":"1576.000","price":"0.00034604","timestamp":1668459522,"volume":"0.54535904","buyTxId":"6cd8ebe87b9772375f1e27f07aaef96a7dbb04a4-0","sellTxId":"f78bc531cb3fcd31ddc7f166e6c424524ce27836"},{"_id":4783091,"type":"sell","buyer":"all.coin.hive","seller":"bitcoinflood","symbol":"SIM","quantity":"602.000","price":"0.00034604","timestamp":1668460254,"volume":"0.20831608","buyTxId":"6cd8ebe87b9772375f1e27f07aaef96a7dbb04a4-0","sellTxId":"df1d7ad8ef9bfc0ea84c13d37a85d0c7d340dcd4"},{"_id":4783180,"type":"buy","buyer":"maryjane.main","seller":"jelly-cz","symbol":"SIM","quantity":"48339.000","price":"0.00035581","timestamp":1668460833,"volume":"17.19949959","buyTxId":"52555453d056f49c14b07f533e08403f3e620346","sellTxId":"MM-P-22667918-69665077-3-31-0"},{"_id":4783349,"type":"buy","buyer":"olf-summoner","seller":"nftmart.fees","symbol":"SIM","quantity":"35.000","price":"0.00035887","timestamp":1668462345,"volume":"0.01256045","buyTxId":"21a19db5c801fc50fdeccef7b61cac48c0a57a8e","sellTxId":"ed5060265e0d3ad9639df56b858d729f6fb33166-0"},{"_id":4783350,"type":"buy","buyer":"olf-summoner","seller":"god0","symbol":"SIM","quantity":"1871.894","price":"0.00035887","timestamp":1668462345,"volume":"0.67176660","buyTxId":"21a19db5c801fc50fdeccef7b61cac48c0a57a8e","sellTxId":"e4b01b2fd848efcb51d515e8f4d8095f267be8f5"},{"_id":4783351,"type":"buy","buyer":"olf-summoner","seller":"axeman","symbol":"SIM","quantity":"4.880","price":"0.00035888","timestamp":1668462345,"volume":"0.00175133","buyTxId":"21a19db5c801fc50fdeccef7b61cac48c0a57a8e","sellTxId":"856c271b0fb68a7e6f0493b5da57cb77f65379e1"},{"_id":4783357,"type":"sell","buyer":"all.coin.hive","seller":"elevator09","symbol":"SIM","quantity":"3385.000","price":"0.00034605","timestamp":1668462390,"volume":"1.17137925","buyTxId":"48b33eefb4d61c1d937868028a180fa0dd57a83b-0","sellTxId":"3ec08bfba99ca4c45ba6a089481cd381c624e87e"},{"_id":4783449,"type":"sell","buyer":"all.coin.hive","seller":"taitux","symbol":"SIM","quantity":"2557.000","price":"0.00034605","timestamp":1668463314,"volume":"0.88484985","buyTxId":"48b33eefb4d61c1d937868028a180fa0dd57a83b-0","sellTxId":"ab8bc04aa427f6ce9b3e156178ef95399238622f"},{"_id":4783487,"type":"sell","buyer":"all.coin.hive","seller":"valor2s","symbol":"SIM","quantity":"60.000","price":"0.00034605","timestamp":1668463587,"volume":"0.02076300","buyTxId":"48b33eefb4d61c1d937868028a180fa0dd57a83b-0","sellTxId":"19380460aa138e72de17346a5904182a97135db5"},{"_id":4783614,"type":"buy","buyer":"bambukah","seller":"nftmart.fees","symbol":"SIM","quantity":"48.000","price":"0.00035887","timestamp":1668464637,"volume":"0.01722576","buyTxId":"950e20ccaa127303cb5d9d0b454eded4e6f5ed29","sellTxId":"17c0770b86f5bcf6e5565c3483dc993508800094-0"},{"_id":4783615,"type":"buy","buyer":"bambukah","seller":"axeman","symbol":"SIM","quantity":"852.000","price":"0.00035888","timestamp":1668464637,"volume":"0.30576576","buyTxId":"950e20ccaa127303cb5d9d0b454eded4e6f5ed29","sellTxId":"856c271b0fb68a7e6f0493b5da57cb77f65379e1"},{"_id":4783637,"type":"sell","buyer":"all.coin.hive","seller":"archon-drips","symbol":"SIM","quantity":"0.001","price":"0.00034605","timestamp":1668464784,"volume":"0.00000035","buyTxId":"48b33eefb4d61c1d937868028a180fa0dd57a83b-0","sellTxId":"0cda8dba57afa772c0353cf23faeb5a3c053a968"},{"_id":4783690,"type":"buy","buyer":"olf-summoner","seller":"nftmart.fees","symbol":"SIM","quantity":"42.000","price":"0.00035887","timestamp":1668465093,"volume":"0.01507254","buyTxId":"5ed732a0274aba2cce596c770e2098d7a4fdce8c","sellTxId":"5706e26bcdc0b1d2d49690bd300e3f3dc467c20a-0"},{"_id":4783692,"type":"buy","buyer":"olf-summoner","seller":"axeman","symbol":"SIM","quantity":"2458.120","price":"0.00035888","timestamp":1668465126,"volume":"0.88217011","buyTxId":"6e8d2a789aad37386c1d4f905b422d1ad7b9bb26","sellTxId":"856c271b0fb68a7e6f0493b5da57cb77f65379e1"},{"_id":4783700,"type":"buy","buyer":"olf-summoner","seller":"god0","symbol":"SIM","quantity":"94.283","price":"0.00035887","timestamp":1668465198,"volume":"0.03383534","buyTxId":"6c15c291dc8be2b4339d36666b3d2692ef15f292","sellTxId":"0ae836ed36d108e6791df0beb278ecaa7bd982d4"},{"_id":4783705,"type":"buy","buyer":"bambukah","seller":"jelly-cz","symbol":"SIM","quantity":"3500.000","price":"0.00036356","timestamp":1668465255,"volume":"1.27246000","buyTxId":"10bb3db10426f494bf4a1c128126aaf25fac9a7e","sellTxId":"MM-P-22669518-69666677-3-31-0"},{"_id":4783832,"type":"sell","buyer":"all.coin.hive","seller":"rarej","symbol":"SIM","quantity":"1417.448","price":"0.00034605","timestamp":1668466629,"volume":"0.49050788","buyTxId":"48b33eefb4d61c1d937868028a180fa0dd57a83b-0","sellTxId":"c18f8d3632a4ddfb8415f75818a6e5cdddba4cb1"},{"_id":4783864,"type":"buy","buyer":"mcbot","seller":"he-index","symbol":"SIM","quantity":"182.343","price":"0.00034605","timestamp":1668466965,"volume":"0.0631","buyTxId":"4af4216258b3a24de33550790b5b4efcc62e9790","sellTxId":"091c376b0382fc34a7267257c33430710c13257a"},{"_id":4783916,"type":"buy","buyer":"mcbot","seller":"nftmart.fees","symbol":"SIM","quantity":"46.000","price":"0.00034604","timestamp":1668467172,"volume":"0.01591784","buyTxId":"c1ceebe3629331ccfafec27a9aacd4c226c7264e","sellTxId":"35451063a0a1a2a59f8044c7d74f16cb7ab43cd8-0"},{"_id":4783917,"type":"buy","buyer":"mcbot","seller":"he-index","symbol":"SIM","quantity":"0.191","price":"0.00034605","timestamp":1668467172,"volume":"0.00006610","buyTxId":"c1ceebe3629331ccfafec27a9aacd4c226c7264e","sellTxId":"091c376b0382fc34a7267257c33430710c13257a"},{"_id":4783918,"type":"buy","buyer":"mcbot","seller":"jelly-cz","symbol":"SIM","quantity":"0.045","price":"0.00035581","timestamp":1668467172,"volume":"0.00001606","buyTxId":"c1ceebe3629331ccfafec27a9aacd4c226c7264e","sellTxId":"MM-P-22670018-69667177-3-31-0"},{"_id":4784070,"type":"sell","buyer":"lookplz","seller":"forsakensushi","symbol":"SIM","quantity":"41389.277","price":"0.00034600","timestamp":1668468702,"volume":"14.32068984","buyTxId":"63c13db7b3e7854ab0122c30fc74c20fec2ad0c4","sellTxId":"f0083bad227c2e9c5a830774c0419b28629af34e"},{"_id":4784103,"type":"sell","buyer":"god0","seller":"travelgirl","symbol":"SIM","quantity":"1819.000","price":"0.00034601","timestamp":1668469110,"volume":"0.62939219","buyTxId":"a8d4e2f5161cb58399a1488d44525ac35c1b92a9-0","sellTxId":"5f3e88666d41dbbdc6353084b5fa4f6d11545d31"},{"_id":4784258,"type":"sell","buyer":"lookplz","seller":"bearbear613","symbol":"SIM","quantity":"454.000","price":"0.00034600","timestamp":1668470817,"volume":"0.15708400","buyTxId":"63c13db7b3e7854ab0122c30fc74c20fec2ad0c4","sellTxId":"037a47b9567871de7b8087ba22dc822f6c6d07fa"},{"_id":4784361,"type":"sell","buyer":"lookplz","seller":"poliwalt10","symbol":"SIM","quantity":"10226.723","price":"0.00034600","timestamp":1668471855,"volume":"3.53844616","buyTxId":"63c13db7b3e7854ab0122c30fc74c20fec2ad0c4","sellTxId":"11661dd22b5b05d7df5baddee345ed6477af9bc2"},{"_id":4784377,"type":"sell","buyer":"master-lamps","seller":"poliwalt10","symbol":"SIM","quantity":"6981.929","price":"0.00034508","timestamp":1668471981,"volume":"2.40932406","buyTxId":"8f6f68d33f43a05f843fc9028ec404a07c60ab72","sellTxId":"637ad2c7827361f9414c3c031713799c3f557d56"},{"_id":4784383,"type":"sell","buyer":"god0","seller":"poliwalt10","symbol":"SIM","quantity":"6981.929","price":"0.00034509","timestamp":1668471999,"volume":"2.40939388","buyTxId":"22e485edba0c1a3f634bad9e358a1630df96d837-0","sellTxId":"b4384a4d7a709d2dbfabb2ad8a48684b860d9ea7"},{"_id":4784384,"type":"sell","buyer":"god0","seller":"poliwalt10","symbol":"SIM","quantity":"6981.929","price":"0.00034509","timestamp":1668471999,"volume":"2.40939388","buyTxId":"99d67d852126443b76dbf89a5f5fe367a95386e5-0","sellTxId":"b4384a4d7a709d2dbfabb2ad8a48684b860d9ea7"},{"_id":4784408,"type":"sell","buyer":"superlab","seller":"poliwalt10","symbol":"SIM","quantity":"46808.840","price":"0.00034500","timestamp":1668472113,"volume":"16.14904980","buyTxId":"189f1bfbbaba39b1843b6dbaf085c057ccc50a7e","sellTxId":"a16a838d86e1d3397bf57dbc2d45135f6c33d70e"},{"_id":4784436,"type":"sell","buyer":"mcbot","seller":"poliwalt10","symbol":"SIM","quantity":"20000.000","price":"0.00034501","timestamp":1668472296,"volume":"6.90020000","buyTxId":"f16e8323c1089d75f79bd350f1c65cfa8082952e","sellTxId":"fc8dbbd4c979d9cf4202ef61f29bdec1050d7403"},{"_id":4784467,"type":"buy","buyer":"konvik","seller":"poliwalt10","symbol":"SIM","quantity":"20000.000","price":"0.00034503","timestamp":1668472488,"volume":"6.90060000","buyTxId":"ef15929350ee0fc4391f02c07e1e1bb0d50737d8-0","sellTxId":"e33ee673f459f530c8f652b651cf18bd60fa27bf"},{"_id":4784480,"type":"sell","buyer":"mcbot","seller":"poliwalt10","symbol":"SIM","quantity":"19247.795","price":"0.00034505","timestamp":1668472521,"volume":"6.64145166","buyTxId":"34abc23fa938770f787fba0bb49f6dc0490ad59d-1","sellTxId":"03e208d317c857a1891a6f5731be7be4725d53d4"},{"_id":4784487,"type":"sell","buyer":"god0","seller":"poliwalt10","symbol":"SIM","quantity":"19247.795","price":"0.00034506","timestamp":1668472572,"volume":"6.64164414","buyTxId":"92bfea08b0c943cbfec54ae6d6adece53b9770af-0","sellTxId":"3a1adbb8165977df6ea5c89973c63e071d55ca95"},{"_id":4784488,"type":"sell","buyer":"god0","seller":"poliwalt10","symbol":"SIM","quantity":"19247.795","price":"0.00034506","timestamp":1668472572,"volume":"6.64164414","buyTxId":"8e8bff6b114a69f257042e09809deea1fa9ee041-0","sellTxId":"3a1adbb8165977df6ea5c89973c63e071d55ca95"},{"_id":4784506,"type":"sell","buyer":"mcbot","seller":"poliwalt10","symbol":"SIM","quantity":"20000.000","price":"0.00034501","timestamp":1668472716,"volume":"6.90020000","buyTxId":"f82639bbb0723522efc0b820bb98a0d8bd941364-1","sellTxId":"ede5d2743d0624b19f14bc9016f90b94dc8cf3f6"},{"_id":4784521,"type":"sell","buyer":"mcbot","seller":"poliwalt10","symbol":"SIM","quantity":"20000.000","price":"0.00034503","timestamp":1668472812,"volume":"6.90060000","buyTxId":"3b3be221a27d3f47ef143e0680b5f5db0481c321","sellTxId":"ef90d896ad25bf0990c7158a87fc14ac016f260a"},{"_id":4784540,"type":"sell","buyer":"mcbot","seller":"poliwalt10","symbol":"SIM","quantity":"5912.205","price":"0.00034501","timestamp":1668472950,"volume":"2.03976985","buyTxId":"a4de211cd9f697d9d7e4680c0a44de17327e6904","sellTxId":"e8c82db4b45f8dd638afcdd5bc47b335ad7d17af"},{"_id":4784551,"type":"sell","buyer":"mcbot","seller":"poliwalt10","symbol":"SIM","quantity":"20000.000","price":"0.00034501","timestamp":1668473199,"volume":"6.90020000","buyTxId":"f62e498e500113ac9e4f15bd0c258844d49abbd9-1","sellTxId":"a25713bcada3a69f479a1f18b03eedea7763cb76"},{"_id":4784558,"type":"sell","buyer":"mcbot","seller":"poliwalt10","symbol":"SIM","quantity":"20000.000","price":"0.00034503","timestamp":1668473286,"volume":"6.90060000","buyTxId":"0913d8e038d6703a9a3d71f326f2af71c883757a","sellTxId":"6dcedffdba54245b03c781f3e760464edf0edf1c"},{"_id":4784565,"type":"sell","buyer":"god0","seller":"poliwalt10","symbol":"SIM","quantity":"20000.000","price":"0.00034504","timestamp":1668473331,"volume":"6.90080000","buyTxId":"a2b04c2c3ca4a0f49c090c8a0fdcd62b5b5adae5-0","sellTxId":"eb9b12d01895d1b02ad4299e8e450bb8bf1b5c1d"},{"_id":4784566,"type":"sell","buyer":"god0","seller":"poliwalt10","symbol":"SIM","quantity":"20000.000","price":"0.00034504","timestamp":1668473331,"volume":"6.90080000","buyTxId":"e5c0291cd18662dcda1f9e98d138333e8ddec42a-0","sellTxId":"eb9b12d01895d1b02ad4299e8e450bb8bf1b5c1d"},{"_id":4784571,"type":"sell","buyer":"god0","seller":"poliwalt10","symbol":"SIM","quantity":"40000.000","price":"0.00034505","timestamp":1668473388,"volume":"13.80200000","buyTxId":"10246333532a58cfd74c9ed1319c80b9c529e995-0","sellTxId":"d265633fedab6528f000b743a0a9647eebf17701"},{"_id":4784572,"type":"sell","buyer":"god0","seller":"poliwalt10","symbol":"SIM","quantity":"40000.000","price":"0.00034505","timestamp":1668473388,"volume":"13.80200000","buyTxId":"2b9e8540141da31c55dac8d08bf4e95e69553b9b-0","sellTxId":"d265633fedab6528f000b743a0a9647eebf17701"},{"_id":4784576,"type":"sell","buyer":"god0","seller":"poliwalt10","symbol":"SIM","quantity":"80000.000","price":"0.00034506","timestamp":1668473409,"volume":"27.60480000","buyTxId":"9f44e685233fc4d4e0cd767b862ce578a171df4e-0","sellTxId":"fd2d11c97dc851213eceb7411afa1e74794982e8"},{"_id":4784577,"type":"sell","buyer":"god0","seller":"poliwalt10","symbol":"SIM","quantity":"80000.000","price":"0.00034506","timestamp":1668473409,"volume":"27.60480000","buyTxId":"fb952ae2167399df8899127eb6e7a3d9dda13fbf-0","sellTxId":"fd2d11c97dc851213eceb7411afa1e74794982e8"},{"_id":4784583,"type":"sell","buyer":"god0","seller":"poliwalt10","symbol":"SIM","quantity":"138498.500","price":"0.00034507","timestamp":1668473439,"volume":"47.79167740","buyTxId":"bb1ed6b1d1e59de40d44d45df81afb1c66ac2d5b-0","sellTxId":"8249b950bbd6aefa730cb6332ae36905624bccfe"},{"_id":4784686,"type":"sell","buyer":"superlab","seller":"badpupper","symbol":"SIM","quantity":"40948.000","price":"0.00034500","timestamp":1668474366,"volume":"14.12706000","buyTxId":"189f1bfbbaba39b1843b6dbaf085c057ccc50a7e","sellTxId":"a36c275d93268d7df5c478985fd9f1952336b8f3"},{"_id":4784727,"type":"sell","buyer":"maryjane.main","seller":"lisamgentile1961","symbol":"SIM","quantity":"29.493","price":"0.00034800","timestamp":1668474846,"volume":"0.01026356","buyTxId":"0a1e21f51f9494dda9c220e141e72b07c1b13377","sellTxId":"e48db91187003e13cac8d3f7df256794d300fada"},{"_id":4784978,"type":"buy","buyer":"maryjane.main","seller":"nftmart.fees","symbol":"SIM","quantity":"42.000","price":"0.00035419","timestamp":1668477129,"volume":"0.01487598","buyTxId":"b100e87982a2350fd2a9b2ec7f1ed6a0c2cd1d71","sellTxId":"f156827162c0aa90e467f83d3f61c82431ac4f7b-0"},{"_id":4784979,"type":"buy","buyer":"maryjane.main","seller":"jelly-cz","symbol":"SIM","quantity":"48297.000","price":"0.00035426","timestamp":1668477129,"volume":"17.10969522","buyTxId":"b100e87982a2350fd2a9b2ec7f1ed6a0c2cd1d71","sellTxId":"MM-P-22670816-69667975-3-31-0"},{"_id":4785201,"type":"sell","buyer":"all.coin.hive","seller":"lifeskills-tv","symbol":"SIM","quantity":"165.000","price":"0.00034839","timestamp":1668479484,"volume":"0.05748435","buyTxId":"6cf0542a0a8888704788278dcf57458bec4a64f9-0","sellTxId":"9cd9140044bebb8ce7b28425d3a204886616ad6f"},{"_id":4785258,"type":"buy","buyer":"methus","seller":"nftmart.fees","symbol":"SIM","quantity":"49.000","price":"0.00035424","timestamp":1668480204,"volume":"0.01735776","buyTxId":"50b944c114957f0faa1118ee8a7006c75a5c50c8","sellTxId":"5c2bb6dfcb486b4dd789e49a1e94978a7af89d24-0"},{"_id":4785265,"type":"buy","buyer":"methus","seller":"jelly-cz","symbol":"SIM","quantity":"42.000","price":"0.00035426","timestamp":1668480237,"volume":"0.01487892","buyTxId":"94f3305c4e2b62c3085b1ae4a94cba396df158da","sellTxId":"MM-P-22670816-69667975-3-31-0"},{"_id":4785425,"type":"buy","buyer":"badpupper","seller":"nftmart.fees","symbol":"SIM","quantity":"42.000","price":"0.00037128","timestamp":1668481644,"volume":"0.01559376","buyTxId":"0734c4c18d4fd4657110ee1a07f725a1280f910d","sellTxId":"d9e2537e99163927a4a9be58f93664ae8195ad03-0"},{"_id":4785426,"type":"buy","buyer":"badpupper","seller":"konvik","symbol":"SIM","quantity":"46037.415","price":"0.00037128","timestamp":1668481644,"volume":"17.09277144","buyTxId":"0734c4c18d4fd4657110ee1a07f725a1280f910d","sellTxId":"fb31bca0b2f1544928e71a99937c4fcd34419b19-1"},{"_id":4785427,"type":"sell","buyer":"badpupper","seller":"god0","symbol":"SIM","quantity":"45.666","price":"0.00037128","timestamp":1668481644,"volume":"0.01695487","buyTxId":"0734c4c18d4fd4657110ee1a07f725a1280f910d","sellTxId":"c979021d0e5520d98b3e7fcca7878453228ef515"},{"_id":4785499,"type":"sell","buyer":"all.coin.hive","seller":"thisisawesome","symbol":"SIM","quantity":"14.348","price":"0.00034844","timestamp":1668482253,"volume":"0.00499942","buyTxId":"9ca84b4db56cfb63301d0341dfebdd8d27cbc426-0","sellTxId":"1d33aa2491d35feda116d10902f8c2bcee3f5715"},{"_id":4785652,"type":"sell","buyer":"maryjane.main","seller":"nftmart.fees","symbol":"SIM","quantity":"1100.585","price":"0.00035300","timestamp":1668483960,"volume":"0.38850651","buyTxId":"84ddb47d333903bdaebb2da22a093080359e721e","sellTxId":"64c6df1ad113e2fd56fce4eca0d15d67fa10a3c9"},{"_id":4785688,"type":"sell","buyer":"maryjane.main","seller":"tydynrain","symbol":"SIM","quantity":"2.594","price":"0.00035300","timestamp":1668484317,"volume":"0.00091568","buyTxId":"84ddb47d333903bdaebb2da22a093080359e721e","sellTxId":"eed4659c36c5014cc22cf42980a8c370bb9c7ca4"}]}