{"index": {"_index":"sim","_id":"2434868"}}
	{"id":2434868,"type":"buy","buyer":"cryptobandito01","seller":"pi-trader","symbol":"SIM","quantity":"789.000","price":"0.00063999","timestamp":1641008805,"volume":"0.50495211","buyTxId":"1497f4f6e74cb57d673f117cafc2f31a0fc91cde","sellTxId":"efd2cff3ce97bdd4c3717b790bfbaf267e25f363-4"}
{"index": {"_index":"sim","_id":"2434946"}}
	{"id":2434946,"type":"sell","buyer":"pi-trader","seller":"brofi-market","symbol":"SIM","quantity":"0.001","price":"0.00060802","timestamp":1641010311,"volume":"0.00000061","buyTxId":"6cdac1aecabee8344cd9213ebd817ad0ba8e188d-1","sellTxId":"bb59d2010a103be2aa14f408c8d58af4bdaf743c"}
{"index": {"_index":"sim","_id":"2435042"}}
	{"id":2435042,"type":"sell","buyer":"pi-trader","seller":"kasaisoul","symbol":"SIM","quantity":"380.000","price":"0.00060802","timestamp":1641012060,"volume":"0.23104760","buyTxId":"2a72ae1bb023ff9af52870f20af08afb1c38732a-1","sellTxId":"724ee482daac155e62a128bfc45a6010d39fd1c7"}
{"index": {"_index":"sim","_id":"2435203"}}
	{"id":2435203,"type":"sell","buyer":"pi-trader","seller":"nftmart.fees","symbol":"SIM","quantity":"535.893","price":"0.00060802","timestamp":1641015357,"volume":"0.32583366","buyTxId":"dfcec5592c33df235f9d2c5c389d7be844fbc460-3","sellTxId":"5fb57b4f619e41c75a7938e193a1201f5e1e09d8"}
{"index": {"_index":"sim","_id":"2435279"}}
	{"id":2435279,"type":"sell","buyer":"pi-trader","seller":"tonytrillions","symbol":"SIM","quantity":"0.021","price":"0.00060802","timestamp":1641016701,"volume":"0.00001277","buyTxId":"b265912a4e23d818665e662487a13f8c5ed1455b-3","sellTxId":"c78ebb82f9cf7bb37257d45f68e71ab5b3527736"}
{"index": {"_index":"sim","_id":"2435478"}}
	{"id":2435478,"type":"buy","buyer":"dkid14","seller":"pi-trader","symbol":"SIM","quantity":"11700.257","price":"0.00063999","timestamp":1641018447,"volume":"7.48804748","buyTxId":"e3f2c8507ef24a579d4cbf4407b685e9e6d5d975","sellTxId":"e97185bf4c7a5a4d57fdf9b10b3fbd0632619b44-4"}
{"index": {"_index":"sim","_id":"2435605"}}
	{"id":2435605,"type":"sell","buyer":"pi-trader","seller":"thatcryptodave","symbol":"SIM","quantity":"593.416","price":"0.00060802","timestamp":1641019890,"volume":"0.36080880","buyTxId":"42df6551adf62a818965e8a7ced215a28f9fe3c2-1","sellTxId":"6effb8fe9d7fa084220a3d74e046d55bacd41130"}
{"index": {"_index":"sim","_id":"2435759"}}
	{"id":2435759,"type":"buy","buyer":"alphamz","seller":"pi-trader","symbol":"SIM","quantity":"200.000","price":"0.00063998","timestamp":1641021780,"volume":"0.12799600","buyTxId":"18dc8346e3322ae55cc5a037833fe9d1a7f3b7ed","sellTxId":"076ad79809e2469e7f9c8015b044e9c990b5794c-4"}
{"index": {"_index":"sim","_id":"2435809"}}
	{"id":2435809,"type":"sell","buyer":"pi-trader","seller":"tynew240","symbol":"SIM","quantity":"1591.000","price":"0.00060802","timestamp":1641022125,"volume":"0.96735982","buyTxId":"01e3ef1af759f6b24cba9837c89ba5463aaff136-3","sellTxId":"8fb37411fe629d4ca2f485f028e507bb1f3c72d7"}
{"index": {"_index":"sim","_id":"2436266"}}
	{"id":2436266,"type":"sell","buyer":"pi-trader","seller":"mikemoi","symbol":"SIM","quantity":"89705.130","price":"0.00060802","timestamp":1641027723,"volume":"54.54251314","buyTxId":"4546d39440286f63cabe6f5d84dcc4cef5c6f52c-3","sellTxId":"630a604db853751d496aae59a3773b3024351b57"}
{"index": {"_index":"sim","_id":"2436441"}}
	{"id":2436441,"type":"buy","buyer":"svirus","seller":"rahul.stan","symbol":"SIM","quantity":"14786.000","price":"0.00061000","timestamp":1641029703,"volume":"9.01946000","buyTxId":"e5aa8c655fbe9e6436391ae2b05826fbd5114439-0","sellTxId":"3986ed3838e3be65aff720a02068f86cb89cf8a6"}
{"index": {"_index":"sim","_id":"2436445"}}
	{"id":2436445,"type":"buy","buyer":"svirus","seller":"themarkymark","symbol":"SIM","quantity":"100000.000","price":"0.00061000","timestamp":1641029748,"volume":"61.00000000","buyTxId":"61b17faa0759bded0712cdd7c6927dbf19327d88-0","sellTxId":"46f1ba420904221b42bc3f35e2c96933cf096f7b"}
{"index": {"_index":"sim","_id":"2436451"}}
	{"id":2436451,"type":"buy","buyer":"svirus","seller":"themarkymark","symbol":"SIM","quantity":"100000.000","price":"0.00061000","timestamp":1641029781,"volume":"61.00000000","buyTxId":"7e87cd6df37c8891be58f42d51e6acd993f45e27-0","sellTxId":"673defe3ffad1e81918ca02a588d0c04c626c743"}
{"index": {"_index":"sim","_id":"2436453"}}
	{"id":2436453,"type":"buy","buyer":"svirus","seller":"themarkymark","symbol":"SIM","quantity":"7743.670","price":"0.00061000","timestamp":1641029805,"volume":"4.72363870","buyTxId":"28efd30b273670c534b4cecbaecdc48f74945012-0","sellTxId":"2488405b68129ce139f6d4e6e8519e15743fa390"}
{"index": {"_index":"sim","_id":"2436454"}}
	{"id":2436454,"type":"buy","buyer":"konvik","seller":"themarkymark","symbol":"SIM","quantity":"92256.330","price":"0.00061000","timestamp":1641029805,"volume":"56.27636130","buyTxId":"501709a044786be9a3d8d8cafebbdc158764f489-0","sellTxId":"2488405b68129ce139f6d4e6e8519e15743fa390"}
{"index": {"_index":"sim","_id":"2436510"}}
	{"id":2436510,"type":"buy","buyer":"intellihandling","seller":"themarkymark","symbol":"SIM","quantity":"100000.000","price":"0.00061000","timestamp":1641030579,"volume":"61.00000000","buyTxId":"3438d486fc7ec6fbba5e598bed5af916ddee4a16","sellTxId":"487b1fe94ee8fcb67ed314382e15b929ca0f171e"}
{"index": {"_index":"sim","_id":"2436792"}}
	{"id":2436792,"type":"sell","buyer":"jelly-cz","seller":"anosys","symbol":"SIM","quantity":"97.025","price":"0.00060800","timestamp":1641033849,"volume":"0.05899120","buyTxId":"MM-P-13533251-60520263-3-29-0","sellTxId":"f752d0efcbcd131d07c1ee0a9b02717b336fa6b0"}
{"index": {"_index":"sim","_id":"2436822"}}
	{"id":2436822,"type":"sell","buyer":"jelly-cz","seller":"cryptixmlonwax","symbol":"SIM","quantity":"35639.568","price":"0.00060800","timestamp":1641034182,"volume":"21.66885734","buyTxId":"MM-P-13533251-60520263-3-29-0","sellTxId":"feafa8f9d4f3da92418741f028f7f0e3f74d436c"}
{"index": {"_index":"sim","_id":"2436917"}}
	{"id":2436917,"type":"sell","buyer":"jelly-cz","seller":"cryptonumbers","symbol":"SIM","quantity":"6600.000","price":"0.00060800","timestamp":1641036000,"volume":"4.01280000","buyTxId":"MM-P-13533251-60520263-3-29-0","sellTxId":"d0691433dae7de5232121200108cf707dcc4ae26"}
{"index": {"_index":"sim","_id":"2437009"}}
	{"id":2437009,"type":"sell","buyer":"jelly-cz","seller":"gamsam","symbol":"SIM","quantity":"10671.950","price":"0.00060800","timestamp":1641036846,"volume":"6.48854560","buyTxId":"MM-P-13533251-60520263-3-29-0","sellTxId":"33ffb9aa640955811ca83667736652dae1122691"}
{"index": {"_index":"sim","_id":"2437010"}}
	{"id":2437010,"type":"sell","buyer":"lestrange","seller":"gamsam","symbol":"SIM","quantity":"24730.050","price":"0.00059951","timestamp":1641036846,"volume":"14.82591228","buyTxId":"e9335e5de8a178b42c5683f59c72991b38e31e2d","sellTxId":"33ffb9aa640955811ca83667736652dae1122691"}
{"index": {"_index":"sim","_id":"2437040"}}
	{"id":2437040,"type":"sell","buyer":"pi-trader","seller":"pompeylad","symbol":"SIM","quantity":"1312.340","price":"0.00060004","timestamp":1641037032,"volume":"0.78745649","buyTxId":"7dc7ed9d2b402fa50a1f7442f925226b279cc865-1","sellTxId":"64023fb9ea7904f96aaf80de7167e55a65713a89"}
{"index": {"_index":"sim","_id":"2437159"}}
	{"id":2437159,"type":"sell","buyer":"pi-trader","seller":"chesatochi","symbol":"SIM","quantity":"18.030","price":"0.00060316","timestamp":1641038874,"volume":"0.01087497","buyTxId":"dce40dd6d9c24f64734afbac146fb416692b6484-1","sellTxId":"8880c1a4688dff5cae34749ea2e53a2675716255"}
{"index": {"_index":"sim","_id":"2437176"}}
	{"id":2437176,"type":"sell","buyer":"pi-trader","seller":"brofi-market","symbol":"SIM","quantity":"0.005","price":"0.00060316","timestamp":1641039015,"volume":"0.00000302","buyTxId":"da33199a755e5d79e8e64aa3fbbf209832978948-1","sellTxId":"43fa54fd6cc783882b7228aea2de83879562d451"}
{"index": {"_index":"sim","_id":"2437354"}}
	{"id":2437354,"type":"buy","buyer":"intellihandling","seller":"minerthreat","symbol":"SIM","quantity":"2165.000","price":"0.00061000","timestamp":1641040950,"volume":"1.32065000","buyTxId":"75461799cd38d2c9442df5f156c472af16566148","sellTxId":"e43eb0e2ac149122199705a9e5b7ab6027d5294b"}
{"index": {"_index":"sim","_id":"2437355"}}
	{"id":2437355,"type":"buy","buyer":"intellihandling","seller":"brofi-market","symbol":"SIM","quantity":"0.005","price":"0.00061000","timestamp":1641040950,"volume":"0.00000305","buyTxId":"75461799cd38d2c9442df5f156c472af16566148","sellTxId":"c87401209c71b49fccb6f7ffdabf5f1534f299a6"}
{"index": {"_index":"sim","_id":"2437356"}}
	{"id":2437356,"type":"buy","buyer":"intellihandling","seller":"alberimsi","symbol":"SIM","quantity":"2648.000","price":"0.00061900","timestamp":1641040950,"volume":"1.63911200","buyTxId":"75461799cd38d2c9442df5f156c472af16566148","sellTxId":"0e69642aab71d29128c7a42811d0c79b2b20bc90"}
{"index": {"_index":"sim","_id":"2437357"}}
	{"id":2437357,"type":"buy","buyer":"intellihandling","seller":"loro68","symbol":"SIM","quantity":"4179.000","price":"0.00062000","timestamp":1641040950,"volume":"2.59098000","buyTxId":"75461799cd38d2c9442df5f156c472af16566148","sellTxId":"4c1e56dd51980b80a58a7c8ef2dcff03a22b8278"}
{"index": {"_index":"sim","_id":"2437459"}}
	{"id":2437459,"type":"sell","buyer":"intellihandling","seller":"captaincryptic","symbol":"SIM","quantity":"1007.995","price":"0.00062000","timestamp":1641042705,"volume":"0.62495690","buyTxId":"75461799cd38d2c9442df5f156c472af16566148","sellTxId":"65d589b48398a4424fea7fbe00db44e69a9a1ff7"}
{"index": {"_index":"sim","_id":"2437473"}}
	{"id":2437473,"type":"sell","buyer":"jelly-cz","seller":"captaincryptic","symbol":"SIM","quantity":"1427.035","price":"0.00060523","timestamp":1641042843,"volume":"0.86368439","buyTxId":"MM-P-13559982-60546997-3-29-0","sellTxId":"df5cdf7bb31020e56dfe6e393861e735670c55ae"}
{"index": {"_index":"sim","_id":"2437505"}}
	{"id":2437505,"type":"buy","buyer":"mushanov","seller":"pi-trader","symbol":"SIM","quantity":"10000.000","price":"0.00063979","timestamp":1641043191,"volume":"6.39790000","buyTxId":"f213ff644b5f825547293eb6c35a7c9895a415dc","sellTxId":"f6c84420290f48726769fc0f30db56643ac3d4a8-1"}
{"index": {"_index":"sim","_id":"2437579"}}
	{"id":2437579,"type":"buy","buyer":"princekham","seller":"pi-trader","symbol":"SIM","quantity":"1150.000","price":"0.00063979","timestamp":1641044139,"volume":"0.73575850","buyTxId":"a017077f7c8df40bde33578c01b90d07133c9022","sellTxId":"8b192f9233b43f31f399a1f37a26cc9e67ad1199-2"}
{"index": {"_index":"sim","_id":"2437771"}}
	{"id":2437771,"type":"buy","buyer":"baconface","seller":"pi-trader","symbol":"SIM","quantity":"10.756","price":"0.00063399","timestamp":1641045528,"volume":"0.00681920","buyTxId":"8a040106f1c2a32658e696315841d5353ac020a1","sellTxId":"492734f39f21b1bef2efe16dae7a15aa7897b765-6"}
{"index": {"_index":"sim","_id":"2437869"}}
	{"id":2437869,"type":"buy","buyer":"shmoogleosukami","seller":"pi-trader","symbol":"SIM","quantity":"719.992","price":"0.00063399","timestamp":1641045900,"volume":"0.45646802","buyTxId":"b39ebd5cbe122b09e568b1f6a87c7fb68202c76e","sellTxId":"35f78afb1791cdc4eac8a32fc478e8efcedeba5f-2"}
{"index": {"_index":"sim","_id":"2437911"}}
	{"id":2437911,"type":"buy","buyer":"shmoogleosukami","seller":"pi-trader","symbol":"SIM","quantity":"2205.608","price":"0.00063399","timestamp":1641046116,"volume":"1.3983337","buyTxId":"19e8a3eff9cd1bcf3d31e752b2d6b11e1b3b1527","sellTxId":"7522fcd122153fd0051f3c2b7059764c9ac410fc-4"}
{"index": {"_index":"sim","_id":"2437953"}}
	{"id":2437953,"type":"sell","buyer":"pi-trader","seller":"dalz","symbol":"SIM","quantity":"9422","price":"0.00060784","timestamp":1641046548,"volume":"5.72706848","buyTxId":"e99cf73417308ed4b5a7521f07b39896e03b7230-3","sellTxId":"9f6440694d754ab63aad327b8af6acaaeebfa547"}
{"index": {"_index":"sim","_id":"2437979"}}
	{"id":2437979,"type":"buy","buyer":"svirus","seller":"themarkymark","symbol":"SIM","quantity":"100000.000","price":"0.00061000","timestamp":1641047040,"volume":"61.00000000","buyTxId":"de1fa65a9eb16f5dc8078b523b89ca78c9fe36e1-0","sellTxId":"9fcbb590e985501d0015cb8d94bb26b72e5d2568"}
{"index": {"_index":"sim","_id":"2437981"}}
	{"id":2437981,"type":"buy","buyer":"svirus","seller":"themarkymark","symbol":"SIM","quantity":"21783.820","price":"0.00061000","timestamp":1641047067,"volume":"13.28813020","buyTxId":"6cce5ca0fd7fb68a106331c389ada2dbd194909b-0","sellTxId":"b445dba0d035585a9ec6cf5d2df33720baa300b9"}
{"index": {"_index":"sim","_id":"2437982"}}
	{"id":2437982,"type":"buy","buyer":"konvik","seller":"themarkymark","symbol":"SIM","quantity":"152777.627","price":"0.00061000","timestamp":1641047067,"volume":"93.19435247","buyTxId":"deea68c8652557bea8ca9df7c9b1b6ed4decd448-0","sellTxId":"b445dba0d035585a9ec6cf5d2df33720baa300b9"}
{"index": {"_index":"sim","_id":"2438040"}}
	{"id":2438040,"type":"sell","buyer":"jelly-cz","seller":"kasaisoul","symbol":"SIM","quantity":"846.450","price":"0.00060800","timestamp":1641047832,"volume":"0.51464160","buyTxId":"MM-P-13562172-60549187-3-29-0","sellTxId":"b9211a0c75b8196844ae6ece8682a5f8f83788ac"}
{"index": {"_index":"sim","_id":"2438110"}}
	{"id":2438110,"type":"sell","buyer":"jelly-cz","seller":"kasaisoul","symbol":"SIM","quantity":"194.750","price":"0.00060800","timestamp":1641048486,"volume":"0.11840800","buyTxId":"MM-P-13562172-60549187-3-29-0","sellTxId":"c4be8a20e3676eb2a57e7f7b3a9cb1e99d31622d"}
{"index": {"_index":"sim","_id":"2438179"}}
	{"id":2438179,"type":"sell","buyer":"jelly-cz","seller":"shanibeer","symbol":"SIM","quantity":"383.490","price":"0.00060800","timestamp":1641049209,"volume":"0.23316192","buyTxId":"MM-P-13562172-60549187-3-29-0","sellTxId":"31d2ffbcb940482901be3c1ae9fe69a4fe6084ff"}
{"index": {"_index":"sim","_id":"2438309"}}
	{"id":2438309,"type":"sell","buyer":"jelly-cz","seller":"monsterjamgold","symbol":"SIM","quantity":"1704.975","price":"0.00060800","timestamp":1641050499,"volume":"1.03662480","buyTxId":"MM-P-13562172-60549187-3-29-0","sellTxId":"ad9163247d81419643671dee77799477c0dbda4a"}
{"index": {"_index":"sim","_id":"2438588"}}
	{"id":2438588,"type":"sell","buyer":"jelly-cz","seller":"brofi-market","symbol":"SIM","quantity":"0.001","price":"0.00060211","timestamp":1641053496,"volume":"0.00000060","buyTxId":"MM-P-13564464-60551482-3-29-0","sellTxId":"fc3a6cf3dba9fc23a342f004c545436862c2d748"}
{"index": {"_index":"sim","_id":"2438655"}}
	{"id":2438655,"type":"sell","buyer":"pi-trader","seller":"bitcoinflood","symbol":"SIM","quantity":"2241.633","price":"0.00060316","timestamp":1641054321,"volume":"1.35206336","buyTxId":"6c8ef5d8cb49c435c8ad5958385d2aea7dfc92ed-3","sellTxId":"8728c898d7236a9da4d90adff1bf60a0630aa8a5"}
{"index": {"_index":"sim","_id":"2438673"}}
	{"id":2438673,"type":"sell","buyer":"pi-trader","seller":"thahodler","symbol":"SIM","quantity":"3698.000","price":"0.00060368","timestamp":1641054567,"volume":"2.23240864","buyTxId":"5edc33338f425c341a7a403751bd3bdff21ba914-3","sellTxId":"cdfb9ce3dafb15eb611d7cc0fea48658147d1d45"}
{"index": {"_index":"sim","_id":"2438757"}}
	{"id":2438757,"type":"sell","buyer":"jelly-cz","seller":"atomcollector","symbol":"SIM","quantity":"3334.000","price":"0.00060419","timestamp":1641055227,"volume":"2.01436946","buyTxId":"MM-P-13564863-60551881-3-29-0","sellTxId":"854d25340962ff16361c10bf03a4c20580cad9ff"}
{"index": {"_index":"sim","_id":"2438929"}}
	{"id":2438929,"type":"sell","buyer":"jelly-cz","seller":"nrg","symbol":"SIM","quantity":"4400.000","price":"0.00060419","timestamp":1641056580,"volume":"2.65843600","buyTxId":"MM-P-13564863-60551881-3-29-0","sellTxId":"5674ff0c54d3f2e8628335921930b6cd636a1f87-2"}
{"index": {"_index":"sim","_id":"2439036"}}
	{"id":2439036,"type":"sell","buyer":"jelly-cz","seller":"lifeskills-tv","symbol":"SIM","quantity":"2087.226","price":"0.00060419","timestamp":1641057303,"volume":"1.26108108","buyTxId":"MM-P-13564863-60551881-3-29-0","sellTxId":"6b485f1bd1d13b64619e10b9eb29bc51248d31f5"}
{"index": {"_index":"sim","_id":"2439276"}}
	{"id":2439276,"type":"sell","buyer":"jelly-cz","seller":"marfonso","symbol":"SIM","quantity":"355.712","price":"0.00060419","timestamp":1641059184,"volume":"0.21491763","buyTxId":"MM-P-13564863-60551881-3-29-0","sellTxId":"6360a77139da0f4554885d3aebcda84c25ea452d"}
{"index": {"_index":"sim","_id":"2439363"}}
	{"id":2439363,"type":"sell","buyer":"jelly-cz","seller":"brickbybrick","symbol":"SIM","quantity":"25365.000","price":"0.00060419","timestamp":1641060141,"volume":"15.32527935","buyTxId":"MM-P-13564863-60551881-3-29-0","sellTxId":"e8f5c0798a2c7ea56c55a2245c82641b45e6f0e1"}
{"index": {"_index":"sim","_id":"2439557"}}
	{"id":2439557,"type":"sell","buyer":"pi-trader","seller":"quekery","symbol":"SIM","quantity":"2000.000","price":"0.00059952","timestamp":1641062127,"volume":"1.19904000","buyTxId":"92eb9a9471add38175b9b9441a987585eb2b4ebf","sellTxId":"8b52bed2aa9e6547852602a9da73a8a21671d070"}
{"index": {"_index":"sim","_id":"2439618"}}
	{"id":2439618,"type":"sell","buyer":"pi-trader","seller":"iamalivechalleng","symbol":"SIM","quantity":"3.005","price":"0.00059952","timestamp":1641062799,"volume":"0.00180156","buyTxId":"4c043a127f0ae024c067599e256ea69e3df9e64f-3","sellTxId":"20665a38290e6fc2b5401322612642a5dfdccaab"}
{"index": {"_index":"sim","_id":"2439687"}}
	{"id":2439687,"type":"sell","buyer":"pi-trader","seller":"mfblack","symbol":"SIM","quantity":"20367.176","price":"0.00060001","timestamp":1641063120,"volume":"12.22050927","buyTxId":"5a10d2c2d4aad1585d46ccfd04a6f068f03f8899-1","sellTxId":"b79f780b941b52c0bd6110ee47de09267bcde057"}
{"index": {"_index":"sim","_id":"2439824"}}
	{"id":2439824,"type":"sell","buyer":"princekham","seller":"aliveprojects","symbol":"SIM","quantity":"26.013","price":"0.00060000","timestamp":1641064113,"volume":"0.01560780","buyTxId":"28e8c87be682f516e786a594d626744781d8e61c","sellTxId":"291f004ffc416d5ffcd5ca059cf9b64bc7bb4a3b"}
{"index": {"_index":"sim","_id":"2439867"}}
	{"id":2439867,"type":"buy","buyer":"dkid14","seller":"pi-trader","symbol":"SIM","quantity":"11875.589","price":"0.00061999","timestamp":1641064539,"volume":"7.36274642","buyTxId":"89d0655caec57831f6a8d495e7d8d089da8067e9","sellTxId":"6343fa0dc57b2cc661326bdfd515766d6906f6bb-2"}
{"index": {"_index":"sim","_id":"2440299"}}
	{"id":2440299,"type":"buy","buyer":"he-index","seller":"pi-trader","symbol":"SIM","quantity":"577.429","price":"0.00061998","timestamp":1641068193,"volume":"0.35799443","buyTxId":"69bb8d6de4ae34beaf50185f8eab32568a789025","sellTxId":"0fdeba6b5b1f937b63b87e256b58d661d938989b-6"}
{"index": {"_index":"sim","_id":"2440369"}}
	{"id":2440369,"type":"sell","buyer":"pi-trader","seller":"vincentnijman","symbol":"SIM","quantity":"4404.676","price":"0.00060003","timestamp":1641068850,"volume":"2.64293774","buyTxId":"35fc2e6b4406ccc9d94603b755ad733c850d6a74-6","sellTxId":"916072e4246aa9f5e50e0fc3207c7bc364d6aec8"}
{"index": {"_index":"sim","_id":"2440403"}}
	{"id":2440403,"type":"buy","buyer":"dkid14","seller":"pi-trader","symbol":"SIM","quantity":"50000.000","price":"0.00061998","timestamp":1641069186,"volume":"30.99900000","buyTxId":"b274d57cf74e627c070c822a8b8cc5947392a7cf","sellTxId":"2e51cf6dd5587ab9410b226682c8c75db30f247a-4"}
{"index": {"_index":"sim","_id":"2440404"}}
	{"id":2440404,"type":"buy","buyer":"dkid14","seller":"brofi-market","symbol":"SIM","quantity":"0.001","price":"0.00061999","timestamp":1641069186,"volume":"0.00000062","buyTxId":"b274d57cf74e627c070c822a8b8cc5947392a7cf","sellTxId":"8f39656f998bf90068af0722634dab5754a3d854"}
{"index": {"_index":"sim","_id":"2440405"}}
	{"id":2440405,"type":"buy","buyer":"dkid14","seller":"alberimsi","symbol":"SIM","quantity":"2755.000","price":"0.00062000","timestamp":1641069186,"volume":"1.70810000","buyTxId":"b274d57cf74e627c070c822a8b8cc5947392a7cf","sellTxId":"c3cd29b958e0c88b65f63d0bc466f60f422e1ff1"}
{"index": {"_index":"sim","_id":"2440406"}}
	{"id":2440406,"type":"sell","buyer":"dkid14","seller":"konvik","symbol":"SIM","quantity":"73246.581","price":"0.00062000","timestamp":1641069189,"volume":"45.41288022","buyTxId":"b274d57cf74e627c070c822a8b8cc5947392a7cf","sellTxId":"9bc48dc41728350f3f9bea7fa9ed992bedcec853-1"}
{"index": {"_index":"sim","_id":"2440422"}}
	{"id":2440422,"type":"buy","buyer":"dkid14","seller":"pi-trader","symbol":"SIM","quantity":"19196.546","price":"0.00063399","timestamp":1641069348,"volume":"12.17041820","buyTxId":"08a53af320998caa23b8396701b8e43a52b63d7d","sellTxId":"7f1e25c5a7ddca9e22e23dc48169bd9d5fc7dee5-3"}
{"index": {"_index":"sim","_id":"2440424"}}
	{"id":2440424,"type":"sell","buyer":"dkid14","seller":"solarpowers","symbol":"SIM","quantity":"70.975","price":"0.00062000","timestamp":1641069423,"volume":"0.04400450","buyTxId":"b274d57cf74e627c070c822a8b8cc5947392a7cf","sellTxId":"88e4e71b9b3bbcef3b244963fce8c66382d4ffc2"}
{"index": {"_index":"sim","_id":"2440425"}}
	{"id":2440425,"type":"sell","buyer":"pi-trader","seller":"solarpowers","symbol":"SIM","quantity":"15038.025","price":"0.00060001","timestamp":1641069423,"volume":"9.02296538","buyTxId":"bd7b4acfc47f3b881cd6c918ab40221651f8b4da-5","sellTxId":"88e4e71b9b3bbcef3b244963fce8c66382d4ffc2"}
{"index": {"_index":"sim","_id":"2440471"}}
	{"id":2440471,"type":"sell","buyer":"pi-trader","seller":"dswap","symbol":"SIM","quantity":"5854.000","price":"0.00060001","timestamp":1641069942,"volume":"3.51245854","buyTxId":"40f2bdf6ff12b7672b30e34031ccd866a12f1dd1-5","sellTxId":"a86d133997ca0ac48f618ae44eefd829332f5e25"}
{"index": {"_index":"sim","_id":"2440489"}}
	{"id":2440489,"type":"sell","buyer":"pi-trader","seller":"balte","symbol":"SIM","quantity":"14000.000","price":"0.00060001","timestamp":1641070140,"volume":"8.40014000","buyTxId":"98823cdb00bb63601178fec33ff0fe140ac4ebf5-5","sellTxId":"885bbc2fc4964d5b7c80675914feeb03839a7471"}
{"index": {"_index":"sim","_id":"2440568"}}
	{"id":2440568,"type":"sell","buyer":"pi-trader","seller":"kasaisoul","symbol":"SIM","quantity":"584.260","price":"0.00060001","timestamp":1641070968,"volume":"0.35056184","buyTxId":"d440bbeb70e8d42a06947f96106ca3141ea12b3b-4","sellTxId":"5d77cdc1a4f2d476d5bee8c86400dd36ada9e7e4"}
{"index": {"_index":"sim","_id":"2440756"}}
	{"id":2440756,"type":"sell","buyer":"pi-trader","seller":"anosys","symbol":"SIM","quantity":"34.007","price":"0.00060001","timestamp":1641073296,"volume":"0.02040454","buyTxId":"6e828ad5f1fecac7843afc75da819bcfbe8f5c30-3","sellTxId":"3cad6a62a0b70a5f59e9229458380a82c788f41f"}
{"index": {"_index":"sim","_id":"2440777"}}
	{"id":2440777,"type":"sell","buyer":"pi-trader","seller":"themarkymark","symbol":"SIM","quantity":"100000.000","price":"0.00060001","timestamp":1641073539,"volume":"60.00100000","buyTxId":"60cf7024fdac1d276a1236d573eacd8981594b76-3","sellTxId":"b4cd86b2619e6629f30a3ddb23a94bdd9c8aaaad"}
{"index": {"_index":"sim","_id":"2440792"}}
	{"id":2440792,"type":"sell","buyer":"pi-trader","seller":"themarkymark","symbol":"SIM","quantity":"100000.000","price":"0.00060001","timestamp":1641073572,"volume":"60.00100000","buyTxId":"f431b1c32f5a9902605c298672f8de93386e1746-2","sellTxId":"9a049098d6a34bb3cce54c32717135e1e45a9933"}
{"index": {"_index":"sim","_id":"2440804"}}
	{"id":2440804,"type":"sell","buyer":"pi-trader","seller":"themarkymark","symbol":"SIM","quantity":"100000.000","price":"0.00060001","timestamp":1641073596,"volume":"60.00100000","buyTxId":"9b4d4c95e62f8535af94bfecf1627a05a129db1c-4","sellTxId":"07bfda3b2e2634dae847eb5e573561f8e17d2537"}
{"index": {"_index":"sim","_id":"2440814"}}
	{"id":2440814,"type":"sell","buyer":"princekham","seller":"themarkymark","symbol":"SIM","quantity":"99713.987","price":"0.00060000","timestamp":1641073617,"volume":"59.82839220","buyTxId":"28e8c87be682f516e786a594d626744781d8e61c","sellTxId":"1b2def09e44305615d141ee75f2ffc8c547793a1"}
{"index": {"_index":"sim","_id":"2440816"}}
	{"id":2440816,"type":"buy","buyer":"pi-trader","seller":"themarkymark","symbol":"SIM","quantity":"286.013","price":"0.00060000","timestamp":1641073617,"volume":"0.17160780","buyTxId":"74cbe26cf96324c88bee6f94c7cb088ddc64be71-2","sellTxId":"1b2def09e44305615d141ee75f2ffc8c547793a1"}
{"index": {"_index":"sim","_id":"2440817"}}
	{"id":2440817,"type":"sell","buyer":"pi-trader","seller":"themarkymark","symbol":"SIM","quantity":"99713.987","price":"0.00060001","timestamp":1641073638,"volume":"59.82938934","buyTxId":"74cbe26cf96324c88bee6f94c7cb088ddc64be71-2","sellTxId":"242d9d8606687498046b3707a93e938ce3308b94"}
{"index": {"_index":"sim","_id":"2440825"}}
	{"id":2440825,"type":"buy","buyer":"konvik","seller":"themarkymark","symbol":"SIM","quantity":"286.013","price":"0.00060000","timestamp":1641073701,"volume":"0.17160780","buyTxId":"44d7e3431642a75b438c959e8e4f0713d3518033-0","sellTxId":"242d9d8606687498046b3707a93e938ce3308b94"}
{"index": {"_index":"sim","_id":"2440826"}}
	{"id":2440826,"type":"buy","buyer":"konvik","seller":"themarkymark","symbol":"SIM","quantity":"291506.363","price":"0.00060000","timestamp":1641073701,"volume":"174.90381780","buyTxId":"44d7e3431642a75b438c959e8e4f0713d3518033-0","sellTxId":"16da362ed32d95628657ea7ef2f090a40b31520b"}
{"index": {"_index":"sim","_id":"2440899"}}
	{"id":2440899,"type":"sell","buyer":"lestrange","seller":"medaymane","symbol":"SIM","quantity":"2524.000","price":"0.00059951","timestamp":1641074547,"volume":"1.51316324","buyTxId":"e9335e5de8a178b42c5683f59c72991b38e31e2d","sellTxId":"87b0c7c7a52a52835f418e0cc192f646b423e548"}
{"index": {"_index":"sim","_id":"2441199"}}
	{"id":2441199,"type":"buy","buyer":"bambukah","seller":"themarkymark","symbol":"SIM","quantity":"1000.000","price":"0.00060000","timestamp":1641077913,"volume":"0.60000000","buyTxId":"5a6b8b6920f57014fa5707c9bf62c4508d51c5ec","sellTxId":"16da362ed32d95628657ea7ef2f090a40b31520b"}
{"index": {"_index":"sim","_id":"2441284"}}
	{"id":2441284,"type":"sell","buyer":"lestrange","seller":"vintherinvest","symbol":"SIM","quantity":"1707.029","price":"0.00059951","timestamp":1641078783,"volume":"1.02338096","buyTxId":"e9335e5de8a178b42c5683f59c72991b38e31e2d","sellTxId":"92cd6d63455ad75ae2a48ca43cd8d0d793b3f381"}
{"index": {"_index":"sim","_id":"2441307"}}
	{"id":2441307,"type":"sell","buyer":"lestrange","seller":"brofundholdings","symbol":"SIM","quantity":"307038.921","price":"0.00059951","timestamp":1641079086,"volume":"184.07290352","buyTxId":"e9335e5de8a178b42c5683f59c72991b38e31e2d","sellTxId":"c000632467f84f61e12105def266bf52ecab1ca4"}
{"index": {"_index":"sim","_id":"2441308"}}
	{"id":2441308,"type":"sell","buyer":"enginemaker","seller":"brofundholdings","symbol":"SIM","quantity":"32411.076","price":"0.00059101","timestamp":1641079086,"volume":"19.15527003","buyTxId":"MM-P-13456652-60443633-3-2-0","sellTxId":"c000632467f84f61e12105def266bf52ecab1ca4"}
{"index": {"_index":"sim","_id":"2441327"}}
	{"id":2441327,"type":"sell","buyer":"pi-trader","seller":"bearbear613","symbol":"SIM","quantity":"3877.005","price":"0.00059102","timestamp":1641079335,"volume":"2.29138750","buyTxId":"e6e86b6bd2039ce72111a1201de232a85451f5c9-2","sellTxId":"acce6d4f33510f8ca1a99d5d5fe7bf2a11ef1004"}
{"index": {"_index":"sim","_id":"2441336"}}
	{"id":2441336,"type":"buy","buyer":"dkid14","seller":"themarkymark","symbol":"SIM","quantity":"15500.562","price":"0.00060000","timestamp":1641079458,"volume":"9.30033720","buyTxId":"3ebf05599ab57ba685fbc61beff57b09014ee778","sellTxId":"16da362ed32d95628657ea7ef2f090a40b31520b"}
{"index": {"_index":"sim","_id":"2441475"}}
	{"id":2441475,"type":"sell","buyer":"pi-trader","seller":"kasaisoul","symbol":"SIM","quantity":"3448.567","price":"0.00059102","timestamp":1641081048,"volume":"2.03817207","buyTxId":"957be1c542194e2fac86708d275343a68137b8d7-3","sellTxId":"b48392cafa0aeda02a648ac82d908ca2ab521c51"}
{"index": {"_index":"sim","_id":"2441495"}}
	{"id":2441495,"type":"sell","buyer":"pi-trader","seller":"ericburgoyne","symbol":"SIM","quantity":"32.846","price":"0.00059102","timestamp":1641081288,"volume":"0.01941264","buyTxId":"e757024c77cd82226743493a1c78974110cb4e20-3","sellTxId":"811867ec389718bcf9694893640f990a00430d47"}
{"index": {"_index":"sim","_id":"2441545"}}
	{"id":2441545,"type":"buy","buyer":"recording-box","seller":"elianaicgomes","symbol":"SIM","quantity":"2078.394","price":"0.00060000","timestamp":1641081702,"volume":"1.24703640","buyTxId":"115feae1001238f2269a6f846e565ba7c4320d39","sellTxId":"4d8f4a43a10db17846bef9a6a55329dc6f4feae0"}
{"index": {"_index":"sim","_id":"2441546"}}
	{"id":2441546,"type":"buy","buyer":"recording-box","seller":"enginemaker","symbol":"SIM","quantity":"32411.076","price":"0.00063000","timestamp":1641081702,"volume":"20.41897788","buyTxId":"115feae1001238f2269a6f846e565ba7c4320d39","sellTxId":"MM-P-13573839-60560859-3-2-0"}
{"index": {"_index":"sim","_id":"2441547"}}
	{"id":2441547,"type":"buy","buyer":"recording-box","seller":"augustbrown","symbol":"SIM","quantity":"30.000","price":"0.00063399","timestamp":1641081702,"volume":"0.01901970","buyTxId":"115feae1001238f2269a6f846e565ba7c4320d39","sellTxId":"778af78c3e47409ec5e8fc0f7e9d16e9f7dd6108"}
{"index": {"_index":"sim","_id":"2441548"}}
	{"id":2441548,"type":"buy","buyer":"recording-box","seller":"mpath","symbol":"SIM","quantity":"555.000","price":"0.00063400","timestamp":1641081702,"volume":"0.35187000","buyTxId":"115feae1001238f2269a6f846e565ba7c4320d39","sellTxId":"1cb30903ce75d7f8f6d97277cc42a2dd7d3cfd81"}
{"index": {"_index":"sim","_id":"2441549"}}
	{"id":2441549,"type":"buy","buyer":"recording-box","seller":"onealfa","symbol":"SIM","quantity":"5303.000","price":"0.00063980","timestamp":1641081702,"volume":"3.39285940","buyTxId":"115feae1001238f2269a6f846e565ba7c4320d39","sellTxId":"be8eff872f0b649cd409a3239a6048f4f52cf521"}
{"index": {"_index":"sim","_id":"2441550"}}
	{"id":2441550,"type":"buy","buyer":"recording-box","seller":"brofi-market","symbol":"SIM","quantity":"0.001","price":"0.00063999","timestamp":1641081702,"volume":"0.00000064","buyTxId":"115feae1001238f2269a6f846e565ba7c4320d39","sellTxId":"9f2cba928818c6fb2d0d72fa5298300132ee4109"}
{"index": {"_index":"sim","_id":"2441551"}}
	{"id":2441551,"type":"buy","buyer":"recording-box","seller":"desyfit","symbol":"SIM","quantity":"24622.529","price":"0.00064000","timestamp":1641081702,"volume":"15.75841856","buyTxId":"115feae1001238f2269a6f846e565ba7c4320d39","sellTxId":"d7b0cca9a8fac8efda8683fc2f805f98f0d1f31d"}
{"index": {"_index":"sim","_id":"2441597"}}
	{"id":2441597,"type":"sell","buyer":"pi-trader","seller":"kasaisoul","symbol":"SIM","quantity":"389.500","price":"0.00059102","timestamp":1641082284,"volume":"0.23020229","buyTxId":"fa1114f1a2315bef683c02b303734a9c93e9d3cb-2","sellTxId":"e0b965bf97d6d02f05fdfa19789d80b3d34cdd84"}
{"index": {"_index":"sim","_id":"2441612"}}
	{"id":2441612,"type":"sell","buyer":"pi-trader","seller":"brofi-market","symbol":"SIM","quantity":"0.002","price":"0.00059102","timestamp":1641082365,"volume":"0.00000118","buyTxId":"7c8a97a749d99cba7418d04db979b51f95e3932e-7","sellTxId":"8255c62651977419c51cdc96d112e252be3ec00f"}
{"index": {"_index":"sim","_id":"2441659"}}
	{"id":2441659,"type":"sell","buyer":"pi-trader","seller":"desyfit","symbol":"SIM","quantity":"100000.000","price":"0.00059102","timestamp":1641082539,"volume":"59.10200000","buyTxId":"5dfb404ef3952866537da841fb15ba97e7bd7a8a-2","sellTxId":"7258f8864274e5bd2fc4979204ed68a474f6df89"}
{"index": {"_index":"sim","_id":"2441706"}}
	{"id":2441706,"type":"sell","buyer":"enginemaker","seller":"bitcoinflood","symbol":"SIM","quantity":"2428.025","price":"0.00059101","timestamp":1641083127,"volume":"1.43498706","buyTxId":"MM-P-13456652-60443633-3-2-0","sellTxId":"7192323f93964ccc8e2c4cb7f6a76b9888ffffc1"}
{"index": {"_index":"sim","_id":"2441726"}}
	{"id":2441726,"type":"buy","buyer":"dkid14","seller":"pi-trader","symbol":"SIM","quantity":"824.224","price":"0.00061998","timestamp":1641083340,"volume":"0.51100240","buyTxId":"f2ea402eabb792bcdf47773b272d11dc2be62151","sellTxId":"27dfe1d2b6b12d4912384ef1bb100c51b3375a85-8"}
{"index": {"_index":"sim","_id":"2441828"}}
	{"id":2441828,"type":"sell","buyer":"enginemaker","seller":"thatcryptodave","symbol":"SIM","quantity":"1101.945","price":"0.00059101","timestamp":1641084696,"volume":"0.65126051","buyTxId":"MM-P-13456652-60443633-3-2-0","sellTxId":"426fbfcbe83a145955c0f71f69f3c009ff95e4c6"}
{"index": {"_index":"sim","_id":"2441949"}}
	{"id":2441949,"type":"sell","buyer":"enginemaker","seller":"kevinnag58","symbol":"SIM","quantity":"2000","price":"0.00059101","timestamp":1641086709,"volume":"1.18202000","buyTxId":"MM-P-13456652-60443633-3-2-0","sellTxId":"12b9cd6bbc677cf8048535d6307f525f468c2c90"}
{"index": {"_index":"sim","_id":"2441993"}}
	{"id":2441993,"type":"sell","buyer":"enginemaker","seller":"papacrusher","symbol":"SIM","quantity":"81.998","price":"0.00059101","timestamp":1641087327,"volume":"0.04846164","buyTxId":"MM-P-13456652-60443633-3-2-0","sellTxId":"d781caee8c373827dedbf9aca05bb1d9d14f8855"}
{"index": {"_index":"sim","_id":"2442080"}}
	{"id":2442080,"type":"sell","buyer":"enginemaker","seller":"andy4475","symbol":"SIM","quantity":"53.965","price":"0.00059101","timestamp":1641088365,"volume":"0.03189385","buyTxId":"MM-P-13456652-60443633-3-2-0","sellTxId":"1b90a46d13edab940800cfbee405a74b15889683"}
{"index": {"_index":"sim","_id":"2442349"}}
	{"id":2442349,"type":"sell","buyer":"enginemaker","seller":"kennysgaminglife","symbol":"SIM","quantity":"1.131","price":"0.00059101","timestamp":1641091980,"volume":"0.00066843","buyTxId":"MM-P-13456652-60443633-3-2-0","sellTxId":"badaed0438645f447f5043bda10d5c52a6113ff7"}
{"index": {"_index":"sim","_id":"2442474"}}
	{"id":2442474,"type":"sell","buyer":"enginemaker","seller":"topdollar001","symbol":"SIM","quantity":"1560","price":"0.00059101","timestamp":1641093954,"volume":"0.92197560","buyTxId":"MM-P-13456652-60443633-3-2-0","sellTxId":"5a474062044a0f9b3232323e62197546fca8d2df"}
{"index": {"_index":"sim","_id":"2442567"}}
	{"id":2442567,"type":"sell","buyer":"enginemaker","seller":"enjar","symbol":"SIM","quantity":"506.000","price":"0.00059101","timestamp":1641095115,"volume":"0.29905106","buyTxId":"MM-P-13456652-60443633-3-2-0","sellTxId":"64c8aedba34cd0d36dc3a12874deca5aac38a0c0"}
