{"index": {"_index":"sim","_id":"1179786"}}
	{"id":1179786,"type":"sell","buyer":"jelly-cz","seller":"goldcoin","symbol":"SIM","quantity":"37.623","price":"0.00097002","timestamp":1624935075,"volume":"0.03649506","buyTxId":"MM-P-8214189-55192716-3-25-0","sellTxId":"ea6da37a88a93629d83453c79f9c9da395bd154a"}
{"index": {"_index":"sim","_id":"1179799"}}
	{"id":1179799,"type":"sell","buyer":"jelly-cz","seller":"eldudu","symbol":"SIM","quantity":"3","price":"0.00097002","timestamp":1624935924,"volume":"0.00291006","buyTxId":"MM-P-8214189-55192716-3-25-0","sellTxId":"396e31e0896fef9b10dd64d79729731694a02d3a"}
{"index": {"_index":"sim","_id":"1179801"}}
	{"id":1179801,"type":"sell","buyer":"jelly-cz","seller":"travelgirl","symbol":"SIM","quantity":"15833.005","price":"0.00097002","timestamp":1624936575,"volume":"15.35833151","buyTxId":"MM-P-8214189-55192716-3-25-0","sellTxId":"5cca3fe30278d3e9cdbb52b514194ef1191757cb"}
{"index": {"_index":"sim","_id":"1179844"}}
	{"id":1179844,"type":"sell","buyer":"jelly-cz","seller":"lionsuit","symbol":"SIM","quantity":"4.297","price":"0.00097014","timestamp":1624938660,"volume":"0.00416869","buyTxId":"MM-P-8215985-55194516-3-25-0","sellTxId":"4c20e7b988d68557c823b409beddc89f58078a83"}
{"index": {"_index":"sim","_id":"1179876"}}
	{"id":1179876,"type":"sell","buyer":"jelly-cz","seller":"steemwija","symbol":"SIM","quantity":"283.450","price":"0.00097014","timestamp":1624939857,"volume":"0.27498618","buyTxId":"MM-P-8215985-55194516-3-25-0","sellTxId":"b5b10f0ec95c2547ec5244a5f87ab04e428da7e9"}
{"index": {"_index":"sim","_id":"1179946"}}
	{"id":1179946,"type":"sell","buyer":"jelly-cz","seller":"joebabana","symbol":"SIM","quantity":"3000.000","price":"0.00097014","timestamp":1624941684,"volume":"2.91042000","buyTxId":"MM-P-8215985-55194516-3-25-0","sellTxId":"2f0a060e09a248b1d2d7142c9d0e996253dada64"}
{"index": {"_index":"sim","_id":"1179947"}}
	{"id":1179947,"type":"sell","buyer":"jelly-cz","seller":"razam","symbol":"SIM","quantity":"4.000","price":"0.00097014","timestamp":1624941822,"volume":"0.00388056","buyTxId":"MM-P-8215985-55194516-3-25-0","sellTxId":"e73ae75eed59996b3552e123b379289454ab2cf9"}
{"index": {"_index":"sim","_id":"1179966"}}
	{"id":1179966,"type":"sell","buyer":"jelly-cz","seller":"steemwija","symbol":"SIM","quantity":"96.386","price":"0.00097014","timestamp":1624942257,"volume":"0.09350791","buyTxId":"MM-P-8215985-55194516-3-25-0","sellTxId":"a7b0f6c8d9352db954d595e66991bd5cbe0dc0a9"}
{"index": {"_index":"sim","_id":"1179969"}}
	{"id":1179969,"type":"sell","buyer":"jelly-cz","seller":"theguruasia","symbol":"SIM","quantity":"282.727","price":"0.00097014","timestamp":1624942374,"volume":"0.27428477","buyTxId":"MM-P-8215985-55194516-3-25-0","sellTxId":"665ef63d60a0cf9443c08d1280d24f63211330e8"}
{"index": {"_index":"sim","_id":"1179998"}}
	{"id":1179998,"type":"sell","buyer":"jelly-cz","seller":"guruvaj","symbol":"SIM","quantity":"1197.049","price":"0.00097014","timestamp":1624943535,"volume":"1.16130512","buyTxId":"MM-P-8215985-55194516-3-25-0","sellTxId":"2b65693ae7412c13aea3b201733e6f694e8c9d43"}
{"index": {"_index":"sim","_id":"1180020"}}
	{"id":1180020,"type":"sell","buyer":"jelly-cz","seller":"theshaki","symbol":"SIM","quantity":"54.195","price":"0.00097014","timestamp":1624944111,"volume":"0.05257674","buyTxId":"MM-P-8215985-55194516-3-25-0","sellTxId":"c47bf7e3c3e88924aed46f671d1eb17be6d36f6e"}
{"index": {"_index":"sim","_id":"1180034"}}
	{"id":1180034,"type":"sell","buyer":"jelly-cz","seller":"onealfa","symbol":"SIM","quantity":"32118","price":"0.00097014","timestamp":1624944222,"volume":"31.15895652","buyTxId":"MM-P-8215985-55194516-3-25-0","sellTxId":"8bbdf3410d7fa302706ccf40ee0306176e186740"}
{"index": {"_index":"sim","_id":"1180057"}}
	{"id":1180057,"type":"sell","buyer":"jelly-cz","seller":"hive.miner","symbol":"SIM","quantity":"218.979","price":"0.00097014","timestamp":1624944747,"volume":"0.21244029","buyTxId":"MM-P-8215985-55194516-3-25-0","sellTxId":"94e615bb94dc145689ecdc07f85cdbbe4fbe99de"}
{"index": {"_index":"sim","_id":"1180077"}}
	{"id":1180077,"type":"sell","buyer":"jelly-cz","seller":"rishi556","symbol":"SIM","quantity":"40.000","price":"0.00097014","timestamp":1624945017,"volume":"0.03880560","buyTxId":"MM-P-8215985-55194516-3-25-0","sellTxId":"0f95ef8f498abfbf5943dfc451cb96c3433f42f4"}
{"index": {"_index":"sim","_id":"1180081"}}
	{"id":1180081,"type":"sell","buyer":"jelly-cz","seller":"rishi556","symbol":"SIM","quantity":"20.000","price":"0.00097014","timestamp":1624945125,"volume":"0.01940280","buyTxId":"MM-P-8215985-55194516-3-25-0","sellTxId":"8e8aba9333b8f3b29e7e382b4a6670f22589c786"}
{"index": {"_index":"sim","_id":"1180103"}}
	{"id":1180103,"type":"sell","buyer":"jelly-cz","seller":"brofi-market","symbol":"SIM","quantity":"0.001","price":"0.00097014","timestamp":1624945284,"volume":"0.00000097","buyTxId":"MM-P-8215985-55194516-3-25-0","sellTxId":"a65b17ceee0a765a6a177c5dc6cdf77d2bf41cf3"}
{"index": {"_index":"sim","_id":"1180161"}}
	{"id":1180161,"type":"sell","buyer":"jelly-cz","seller":"nftmart.fees","symbol":"SIM","quantity":"2570.179","price":"0.00097014","timestamp":1624945578,"volume":"2.49343346","buyTxId":"MM-P-8215985-55194516-3-25-0","sellTxId":"22755ccb08a086d2c3be4c2339d930fb5f8bdc51"}
{"index": {"_index":"sim","_id":"1180215"}}
	{"id":1180215,"type":"sell","buyer":"jelly-cz","seller":"juanvegetarian","symbol":"SIM","quantity":"354.000","price":"0.00097026","timestamp":1624946235,"volume":"0.34347204","buyTxId":"MM-P-8218865-55197413-3-25-0","sellTxId":"e0893b95c052c0ebbb06dfa37cec501bb711c222"}
{"index": {"_index":"sim","_id":"1180221"}}
	{"id":1180221,"type":"buy","buyer":"rishi556","seller":"solovey6o2","symbol":"SIM","quantity":"739.005","price":"0.00098931","timestamp":1624946376,"volume":"0.73110504","buyTxId":"d45a560eeaefa33b0b6fa5f06a03a052cec3eee6","sellTxId":"c8bae3c2d71a00f139fb7f1b8ea7c414ffe5490d"}
{"index": {"_index":"sim","_id":"1180228"}}
	{"id":1180228,"type":"buy","buyer":"rishi556","seller":"solovey6o2","symbol":"SIM","quantity":"700.000","price":"0.00098931","timestamp":1624946448,"volume":"0.69251700","buyTxId":"1a3f299d21d21371773dd80cfe297d02e72e8c93","sellTxId":"c8bae3c2d71a00f139fb7f1b8ea7c414ffe5490d"}
{"index": {"_index":"sim","_id":"1180230"}}
	{"id":1180230,"type":"buy","buyer":"rishi556","seller":"solovey6o2","symbol":"SIM","quantity":"714.000","price":"0.00098931","timestamp":1624946484,"volume":"0.70636734","buyTxId":"da650f4af1b410db33c149d9f86e877f53a806b6","sellTxId":"c8bae3c2d71a00f139fb7f1b8ea7c414ffe5490d"}
{"index": {"_index":"sim","_id":"1180233"}}
	{"id":1180233,"type":"buy","buyer":"rishi556","seller":"freebornsociety","symbol":"SIM","quantity":"441.312","price":"0.00098921","timestamp":1624946514,"volume":"0.43655024","buyTxId":"1e4cf7ff7f117737743d9edd28f5e237ba1633b3","sellTxId":"MM-P-8218997-55197545-3-4-1"}
{"index": {"_index":"sim","_id":"1180236"}}
	{"id":1180236,"type":"buy","buyer":"rishi556","seller":"freebornsociety","symbol":"SIM","quantity":"137.000","price":"0.00098921","timestamp":1624946652,"volume":"0.13552177","buyTxId":"f5d57b3a60904756868623441fab0c2a7da23acd","sellTxId":"MM-P-8218997-55197545-3-4-1"}
{"index": {"_index":"sim","_id":"1180240"}}
	{"id":1180240,"type":"sell","buyer":"jelly-cz","seller":"trumpman","symbol":"SIM","quantity":"1178.309","price":"0.00097026","timestamp":1624946778,"volume":"1.14326609","buyTxId":"MM-P-8218865-55197413-3-25-0","sellTxId":"fc411462062a1ef73d2bea8a8fe6d68c6d5bed45"}
{"index": {"_index":"sim","_id":"1180259"}}
	{"id":1180259,"type":"sell","buyer":"jelly-cz","seller":"forykw","symbol":"SIM","quantity":"29512.460","price":"0.00097026","timestamp":1624947678,"volume":"28.63475944","buyTxId":"MM-P-8218865-55197413-3-25-0","sellTxId":"392137900b1b0cdce70407bc81c2453c07dfcc55"}
{"index": {"_index":"sim","_id":"1180363"}}
	{"id":1180363,"type":"sell","buyer":"jelly-cz","seller":"anosys","symbol":"SIM","quantity":"19.009","price":"0.00097026","timestamp":1624952577,"volume":"0.01844367","buyTxId":"MM-P-8218865-55197413-3-25-0","sellTxId":"0e72b836718cbd3ec469305b4a4a17430b302da1"}
{"index": {"_index":"sim","_id":"1180393"}}
	{"id":1180393,"type":"sell","buyer":"jelly-cz","seller":"sk1920","symbol":"SIM","quantity":"19.543","price":"0.00097026","timestamp":1624953177,"volume":"0.01896179","buyTxId":"MM-P-8218865-55197413-3-25-0","sellTxId":"1fae44e52833974e660d51e998509557e969955c"}
{"index": {"_index":"sim","_id":"1180424"}}
	{"id":1180424,"type":"sell","buyer":"jelly-cz","seller":"pele23","symbol":"SIM","quantity":"0.113","price":"0.00097026","timestamp":1624954572,"volume":"0.00010964","buyTxId":"MM-P-8218865-55197413-3-25-0","sellTxId":"6f6487eb190d0bb341010622342a881523201ab8"}
{"index": {"_index":"sim","_id":"1180500"}}
	{"id":1180500,"type":"sell","buyer":"jelly-cz","seller":"mfblack","symbol":"SIM","quantity":"24351.107","price":"0.00097026","timestamp":1624956999,"volume":"23.62690508","buyTxId":"MM-P-8218865-55197413-3-25-0","sellTxId":"ea3499eb36808f964a09360f0964ad33ebe22cbe"}
{"index": {"_index":"sim","_id":"1180573"}}
	{"id":1180573,"type":"buy","buyer":"ayhamyou","seller":"freebornsociety","symbol":"SIM","quantity":"5835.903","price":"0.00098472","timestamp":1624959159,"volume":"5.74673040","buyTxId":"e8a10dd061fd3dd2ce9c72bc35c46f8ca2984088","sellTxId":"MM-P-8223157-55201740-3-4-0"}
{"index": {"_index":"sim","_id":"1180581"}}
	{"id":1180581,"type":"sell","buyer":"d-pend","seller":"konvik","symbol":"SIM","quantity":"73450.298","price":"0.00098000","timestamp":1624959420,"volume":"71.98129204","buyTxId":"1d273a1d0dadaa9e5da62045830df5f9cae8ce70","sellTxId":"ceaedecce5204ae556ab617a4a65f26bd7b1fadd-1"}
{"index": {"_index":"sim","_id":"1180608"}}
	{"id":1180608,"type":"sell","buyer":"d-pend","seller":"sebaseek","symbol":"SIM","quantity":"26549.702","price":"0.00098000","timestamp":1624960860,"volume":"26.01870796","buyTxId":"1d273a1d0dadaa9e5da62045830df5f9cae8ce70","sellTxId":"3ca2ee813a0700204dde20179b2e9265e9a2ae46"}
{"index": {"_index":"sim","_id":"1180609"}}
	{"id":1180609,"type":"sell","buyer":"jelly-cz","seller":"sebaseek","symbol":"SIM","quantity":"34652.298","price":"0.00097026","timestamp":1624960860,"volume":"33.62173866","buyTxId":"MM-P-8218865-55197413-3-25-0","sellTxId":"3ca2ee813a0700204dde20179b2e9265e9a2ae46"}
{"index": {"_index":"sim","_id":"1180613"}}
	{"id":1180613,"type":"sell","buyer":"jelly-cz","seller":"ayhamyou","symbol":"SIM","quantity":"1641.151","price":"0.00097026","timestamp":1624961034,"volume":"1.59234317","buyTxId":"MM-P-8218865-55197413-3-25-0","sellTxId":"9b8e140e3dce09394a48565aaa65f45fe3f7bf98"}
{"index": {"_index":"sim","_id":"1180614"}}
	{"id":1180614,"type":"buy","buyer":"konvik","seller":"ayhamyou","symbol":"SIM","quantity":"12866.752","price":"0.00097026","timestamp":1624961037,"volume":"12.48409480","buyTxId":"23e13effb31533db182ff0f44fc76cce6ec3d3a2-0","sellTxId":"9b8e140e3dce09394a48565aaa65f45fe3f7bf98"}
{"index": {"_index":"sim","_id":"1180665"}}
	{"id":1180665,"type":"sell","buyer":"jelly-cz","seller":"andy4475","symbol":"SIM","quantity":"39.903","price":"0.00097002","timestamp":1624963242,"volume":"0.03870671","buyTxId":"MM-P-8223819-55202405-3-25-0","sellTxId":"83bfd06323fd5a3c7664074a6fc712c00cf7f56d"}
{"index": {"_index":"sim","_id":"1180716"}}
	{"id":1180716,"type":"buy","buyer":"cryptoaeneas","seller":"nftmart.fees","symbol":"SIM","quantity":"70.000","price":"0.00098477","timestamp":1624965906,"volume":"0.06893390","buyTxId":"e8e2538c4af53af12b9b69a430fa90c2de956961","sellTxId":"dca79c6b36d341fdb3e0b048764681a095ce257c-0"}
{"index": {"_index":"sim","_id":"1180717"}}
	{"id":1180717,"type":"buy","buyer":"cryptoaeneas","seller":"freebornsociety","symbol":"SIM","quantity":"3580.082","price":"0.00098792","timestamp":1624965906,"volume":"3.53683461","buyTxId":"e8e2538c4af53af12b9b69a430fa90c2de956961","sellTxId":"MM-P-8225316-55203910-3-4-0"}
{"index": {"_index":"sim","_id":"1180718"}}
	{"id":1180718,"type":"buy","buyer":"cryptoaeneas","seller":"freebornsociety","symbol":"SIM","quantity":"130.081","price":"0.00098792","timestamp":1624965939,"volume":"0.12850962","buyTxId":"9317caf0a093454e0957b23954381e32aa78453e","sellTxId":"MM-P-8225316-55203910-3-4-0"}
{"index": {"_index":"sim","_id":"1180779"}}
	{"id":1180779,"type":"sell","buyer":"jelly-cz","seller":"muenchen","symbol":"SIM","quantity":"10913.000","price":"0.00097002","timestamp":1624969044,"volume":"10.58582826","buyTxId":"MM-P-8223819-55202405-3-25-0","sellTxId":"9472d73a35287cf55ff45dad79da6ca5b6f001ac"}
{"index": {"_index":"sim","_id":"1180849"}}
	{"id":1180849,"type":"buy","buyer":"rencohada","seller":"freebornsociety","symbol":"SIM","quantity":"175.000","price":"0.00097980","timestamp":1624971516,"volume":"0.17146500","buyTxId":"384738ecba47cadb53cff04b4affb15a97b433b3","sellTxId":"MM-P-8227102-55205702-3-4-0"}
{"index": {"_index":"sim","_id":"1180859"}}
	{"id":1180859,"type":"sell","buyer":"jelly-cz","seller":"tonytrillions","symbol":"SIM","quantity":"0.027","price":"0.00097002","timestamp":1624972095,"volume":"0.00002619","buyTxId":"MM-P-8223819-55202405-3-25-0","sellTxId":"5cc4ab4c2dd20997fd20a9c959b57f5f626c7619"}
{"index": {"_index":"sim","_id":"1180867"}}
	{"id":1180867,"type":"sell","buyer":"jelly-cz","seller":"taitux","symbol":"SIM","quantity":"2188.000","price":"0.00097002","timestamp":1624972167,"volume":"2.12240376","buyTxId":"MM-P-8223819-55202405-3-25-0","sellTxId":"9d7c2f3eb9bf2150d0eadf09baae662697ed7b50"}
{"index": {"_index":"sim","_id":"1180910"}}
	{"id":1180910,"type":"sell","buyer":"mmrx","seller":"maini","symbol":"SIM","quantity":"4247.830","price":"0.00097003","timestamp":1624973235,"volume":"4.12052253","buyTxId":"MM-P-8227752-55206354-3-14-0","sellTxId":"255ce2abdf03bdd68485de056c2978cab1e91c97"}
{"index": {"_index":"sim","_id":"1180911"}}
	{"id":1180911,"type":"buy","buyer":"konvik","seller":"maini","symbol":"SIM","quantity":"11382.430","price":"0.00097003","timestamp":1624973238,"volume":"11.04129857","buyTxId":"a636a0852e9f081a85d27f6b731a81112a61a15f-0","sellTxId":"255ce2abdf03bdd68485de056c2978cab1e91c97"}
{"index": {"_index":"sim","_id":"1180913"}}
	{"id":1180913,"type":"buy","buyer":"vcelier","seller":"freebornsociety","symbol":"SIM","quantity":"847.207","price":"0.00097969","timestamp":1624973280,"volume":"0.83000023","buyTxId":"8585c6dc2c15557b6dca2e16c57bb7c5f2aac79d","sellTxId":"MM-P-8227499-55206101-3-4-0"}
{"index": {"_index":"sim","_id":"1180931"}}
	{"id":1180931,"type":"buy","buyer":"emergehealthier","seller":"mmrx","symbol":"SIM","quantity":"1200.000","price":"0.00097956","timestamp":1624973694,"volume":"1.17547200","buyTxId":"06ea56ea6c9adf3fb046281f1c4d40ded09caf1f","sellTxId":"MM-P-8227951-55206553-3-14-0"}
{"index": {"_index":"sim","_id":"1180943"}}
	{"id":1180943,"type":"buy","buyer":"d-pend","seller":"freebornsociety","symbol":"SIM","quantity":"35000.000","price":"0.00097935","timestamp":1624974183,"volume":"34.27725000","buyTxId":"18a31d09164b03465847428249642ec61e67e575","sellTxId":"MM-P-8228095-55206698-3-4-0"}
{"index": {"_index":"sim","_id":"1180944"}}
	{"id":1180944,"type":"buy","buyer":"d-pend","seller":"mmrx","symbol":"SIM","quantity":"3047.830","price":"0.00097945","timestamp":1624974183,"volume":"2.98519709","buyTxId":"18a31d09164b03465847428249642ec61e67e575","sellTxId":"MM-P-8228050-55206653-3-14-0"}
{"index": {"_index":"sim","_id":"1180945"}}
	{"id":1180945,"type":"buy","buyer":"d-pend","seller":"nftmart.fees","symbol":"SIM","quantity":"61.000","price":"0.00097967","timestamp":1624974183,"volume":"0.05975987","buyTxId":"18a31d09164b03465847428249642ec61e67e575","sellTxId":"83a050c9a3527dcea5a257ee3499c9f064b066aa-0"}
{"index": {"_index":"sim","_id":"1180946"}}
	{"id":1180946,"type":"buy","buyer":"d-pend","seller":"medaymane","symbol":"SIM","quantity":"1435.000","price":"0.00098002","timestamp":1624974183,"volume":"1.40632870","buyTxId":"18a31d09164b03465847428249642ec61e67e575","sellTxId":"31d679a8f8a6b57bde6a039b3099419de6b731a1"}
{"index": {"_index":"sim","_id":"1180947"}}
	{"id":1180947,"type":"buy","buyer":"d-pend","seller":"brofi-market","symbol":"SIM","quantity":"0.001","price":"0.00098976","timestamp":1624974183,"volume":"0.00000099","buyTxId":"18a31d09164b03465847428249642ec61e67e575","sellTxId":"d8c3fa253a986b64e71df784a42c7a554023f55a"}
{"index": {"_index":"sim","_id":"1180948"}}
	{"id":1180948,"type":"buy","buyer":"d-pend","seller":"solovey6o2","symbol":"SIM","quantity":"65363.192","price":"0.00098999","timestamp":1624974183,"volume":"64.70890645","buyTxId":"18a31d09164b03465847428249642ec61e67e575","sellTxId":"75d105cbf8f89adddc13bf84ddf0353e167ef565"}
{"index": {"_index":"sim","_id":"1180949"}}
	{"id":1180949,"type":"buy","buyer":"d-pend","seller":"dera123","symbol":"SIM","quantity":"14326.920","price":"0.00099000","timestamp":1624974183,"volume":"14.18365080","buyTxId":"18a31d09164b03465847428249642ec61e67e575","sellTxId":"f5aad535dbe741c8ca4b47eee646d73dbee99b73"}
{"index": {"_index":"sim","_id":"1180950"}}
	{"id":1180950,"type":"buy","buyer":"d-pend","seller":"bitt.nerd","symbol":"SIM","quantity":"1000.000","price":"0.00099000","timestamp":1624974183,"volume":"0.99000000","buyTxId":"18a31d09164b03465847428249642ec61e67e575","sellTxId":"c2427409b81a33ab7d097a0c570518af1287bf09"}
{"index": {"_index":"sim","_id":"1180951"}}
	{"id":1180951,"type":"buy","buyer":"d-pend","seller":"rachaeldwatson","symbol":"SIM","quantity":"2.467","price":"0.00099890","timestamp":1624974183,"volume":"0.00246429","buyTxId":"18a31d09164b03465847428249642ec61e67e575","sellTxId":"fd6abf4e0c192837924f8e45ee09fffeb0088e2a"}
{"index": {"_index":"sim","_id":"1180952"}}
	{"id":1180952,"type":"buy","buyer":"d-pend","seller":"lacking","symbol":"SIM","quantity":"100000.000","price":"0.00100000","timestamp":1624974183,"volume":"100.00000000","buyTxId":"18a31d09164b03465847428249642ec61e67e575","sellTxId":"cca8f134168dc7930c3e828fc2c73ecf351e8223"}
{"index": {"_index":"sim","_id":"1180953"}}
	{"id":1180953,"type":"buy","buyer":"d-pend","seller":"eshr92","symbol":"SIM","quantity":"604.000","price":"0.00101000","timestamp":1624974183,"volume":"0.61004000","buyTxId":"18a31d09164b03465847428249642ec61e67e575","sellTxId":"0cce7d5bae24bd78fec6964ef838bad5e91a1807"}
{"index": {"_index":"sim","_id":"1180954"}}
	{"id":1180954,"type":"buy","buyer":"d-pend","seller":"rishi556","symbol":"SIM","quantity":"20.000","price":"0.00101000","timestamp":1624974183,"volume":"0.02020000","buyTxId":"18a31d09164b03465847428249642ec61e67e575","sellTxId":"77c6eac94382417f9a6abdfecffc0b04db3d1480"}
{"index": {"_index":"sim","_id":"1180955"}}
	{"id":1180955,"type":"sell","buyer":"d-pend","seller":"konvik","symbol":"SIM","quantity":"79061.235","price":"0.00101000","timestamp":1624974186,"volume":"79.85184735","buyTxId":"18a31d09164b03465847428249642ec61e67e575","sellTxId":"1b8724d18de059cd07537ba4c547764c3d46a690-1"}
{"index": {"_index":"sim","_id":"1181055"}}
	{"id":1181055,"type":"sell","buyer":"mmrx","seller":"konvik","symbol":"SIM","quantity":"39140.124","price":"0.00101001","timestamp":1624977297,"volume":"39.53191664","buyTxId":"MM-P-8229150-55207753-3-14-0","sellTxId":"879819fa4fa279235c6204bb5c652bdccb866ceb-1"}
{"index": {"_index":"sim","_id":"1181129"}}
	{"id":1181129,"type":"sell","buyer":"mmrx","seller":"justinparke","symbol":"SIM","quantity":"38.789","price":"0.00101001","timestamp":1624981368,"volume":"0.03917728","buyTxId":"MM-P-8229150-55207753-3-14-0","sellTxId":"b5a4197711ec3c4427aabe784f0d2d2fcad17057"}
{"index": {"_index":"sim","_id":"1181132"}}
	{"id":1181132,"type":"sell","buyer":"d-pend","seller":"justinparke","symbol":"SIM","quantity":"78.355","price":"0.00101000","timestamp":1624981449,"volume":"0.07913855","buyTxId":"18a31d09164b03465847428249642ec61e67e575","sellTxId":"2dff424218852db2d1f991542d46bd0d9e07c647"}
{"index": {"_index":"sim","_id":"1181138"}}
	{"id":1181138,"type":"sell","buyer":"dcityfund","seller":"justinparke","symbol":"SIM","quantity":"20798.345","price":"0.00098400","timestamp":1624981491,"volume":"20.46557148","buyTxId":"43a6f6cb7172a6165f57d2a455b958be21fb9027","sellTxId":"ae3f76f6c63b6d035e9f961cf103b4b3db2fee37"}
{"index": {"_index":"sim","_id":"1181139"}}
	{"id":1181139,"type":"sell","buyer":"dcityfund","seller":"justinparke","symbol":"SIM","quantity":"1062.151","price":"0.00098300","timestamp":1624981491,"volume":"1.04409443","buyTxId":"5f183678fa30f7b1adf0c321a56e6d6ba3731656","sellTxId":"ae3f76f6c63b6d035e9f961cf103b4b3db2fee37"}
{"index": {"_index":"sim","_id":"1181269"}}
	{"id":1181269,"type":"buy","buyer":"russia-btc","seller":"freebornsociety","symbol":"SIM","quantity":"35000.000","price":"0.00100876","timestamp":1624984728,"volume":"35.30660000","buyTxId":"8f9f1acbe78d0b3a49d146b990b506fcdc4e54de","sellTxId":"MM-P-8231586-55210192-3-4-0"}
{"index": {"_index":"sim","_id":"1181277"}}
	{"id":1181277,"type":"buy","buyer":"russia-btc","seller":"thahodler","symbol":"SIM","quantity":"19712.772","price":"0.00100000","timestamp":1624984980,"volume":"19.71277200","buyTxId":"3082f289a5bfb8cfb13886a048ef92d7e9559c04","sellTxId":"7b3f303d2bdfad310f3e3b11c12cccf3afc95b3b"}
{"index": {"_index":"sim","_id":"1181278"}}
	{"id":1181278,"type":"buy","buyer":"russia-btc","seller":"freebornsociety","symbol":"SIM","quantity":"26128.379","price":"0.00100876","timestamp":1624985028,"volume":"26.35726360","buyTxId":"2be6ebac8ff4cb5f0d91b7a9053d1f49af60427b","sellTxId":"MM-P-8231686-55210292-3-4-0"}
{"index": {"_index":"sim","_id":"1181282"}}
	{"id":1181282,"type":"buy","buyer":"whitelightxpress","seller":"mmrx","symbol":"SIM","quantity":"21.810","price":"0.00100886","timestamp":1624985181,"volume":"0.02200324","buyTxId":"6e8a3ca0800a7bc0f81c8140e8e31f7e8ffbbf89","sellTxId":"MM-P-8231541-55210147-3-14-0"}
{"index": {"_index":"sim","_id":"1181300"}}
	{"id":1181300,"type":"buy","buyer":"russia-btc","seller":"mmrx","symbol":"SIM","quantity":"39157.103","price":"0.00100884","timestamp":1624985997,"volume":"39.50325179","buyTxId":"93eac79140f6f2ae6b33fd405a14e480b17d881f","sellTxId":"MM-P-8231941-55210547-3-14-0"}
{"index": {"_index":"sim","_id":"1181365"}}
	{"id":1181365,"type":"buy","buyer":"holoferncro","seller":"nftmart.fees","symbol":"SIM","quantity":"66.000","price":"0.00100883","timestamp":1624987926,"volume":"0.06658278","buyTxId":"5629a6e76b082e3d1ebbc6d5b1513b762fe20778","sellTxId":"318503d5a4edfba7a34efe7f982ab62158ea5148-0"}
{"index": {"_index":"sim","_id":"1181366"}}
	{"id":1181366,"type":"buy","buyer":"holoferncro","seller":"justinparke","symbol":"SIM","quantity":"38.789","price":"0.00101000","timestamp":1624987926,"volume":"0.03917689","buyTxId":"5629a6e76b082e3d1ebbc6d5b1513b762fe20778","sellTxId":"2dff424218852db2d1f991542d46bd0d9e07c647"}
{"index": {"_index":"sim","_id":"1181367"}}
	{"id":1181367,"type":"buy","buyer":"holoferncro","seller":"dcityfund","symbol":"SIM","quantity":"4168.287","price":"0.00101000","timestamp":1624987926,"volume":"4.20996987","buyTxId":"5629a6e76b082e3d1ebbc6d5b1513b762fe20778","sellTxId":"88710c4290d3cd10515d2092e42c3f7fa0ae74b4"}
{"index": {"_index":"sim","_id":"1181368"}}
	{"id":1181368,"type":"buy","buyer":"holoferncro","seller":"dcityfund","symbol":"SIM","quantity":"4110.520","price":"0.00101000","timestamp":1624987926,"volume":"4.15162520","buyTxId":"5629a6e76b082e3d1ebbc6d5b1513b762fe20778","sellTxId":"9fc0c5de3b77a7ac622bd6cec84f58e890d08dd9"}
{"index": {"_index":"sim","_id":"1181369"}}
	{"id":1181369,"type":"buy","buyer":"holoferncro","seller":"dcityfund","symbol":"SIM","quantity":"3136.404","price":"0.00101000","timestamp":1624987926,"volume":"3.16776804","buyTxId":"5629a6e76b082e3d1ebbc6d5b1513b762fe20778","sellTxId":"c8701e56dc0d987497bbcba1489d3eeba9762efb"}
{"index": {"_index":"sim","_id":"1181382"}}
	{"id":1181382,"type":"sell","buyer":"d-pend","seller":"konvik","symbol":"SIM","quantity":"27666.756","price":"0.00100000","timestamp":1624988550,"volume":"27.66675600","buyTxId":"cfafb1dd4fe0c4149c70c5d12f4eb297efd91749","sellTxId":"1ef8f376f403f5626ca11ba1661d8d674795b843-1"}
{"index": {"_index":"sim","_id":"1181422"}}
	{"id":1181422,"type":"sell","buyer":"solovey6o2","seller":"videobooster","symbol":"SIM","quantity":"56196.799","price":"0.00100014","timestamp":1624990281,"volume":"56.20466655","buyTxId":"cef86f0b107e57c89147c772486c39a28d1abfa9","sellTxId":"7173c08d2e4fe9101669d8d9428cfb7bdf2d3f28"}
{"index": {"_index":"sim","_id":"1181423"}}
	{"id":1181423,"type":"sell","buyer":"mmrx","seller":"videobooster","symbol":"SIM","quantity":"12845.102","price":"0.00100013","timestamp":1624990281,"volume":"12.84677186","buyTxId":"MM-P-8233433-55212043-3-14-0","sellTxId":"7173c08d2e4fe9101669d8d9428cfb7bdf2d3f28"}
{"index": {"_index":"sim","_id":"1181424"}}
	{"id":1181424,"type":"sell","buyer":"freebornsociety","seller":"videobooster","symbol":"SIM","quantity":"12367.152","price":"0.00100011","timestamp":1624990281,"volume":"12.36851239","buyTxId":"MM-P-8233378-55211988-3-4-0","sellTxId":"7173c08d2e4fe9101669d8d9428cfb7bdf2d3f28"}
{"index": {"_index":"sim","_id":"1181425"}}
	{"id":1181425,"type":"sell","buyer":"d-pend","seller":"videobooster","symbol":"SIM","quantity":"18590.947","price":"0.00100000","timestamp":1624990281,"volume":"18.59094700","buyTxId":"cfafb1dd4fe0c4149c70c5d12f4eb297efd91749","sellTxId":"7173c08d2e4fe9101669d8d9428cfb7bdf2d3f28"}
{"index": {"_index":"sim","_id":"1181462"}}
	{"id":1181462,"type":"sell","buyer":"mmrx","seller":"nftmart.fees","symbol":"SIM","quantity":"451.400","price":"0.00100001","timestamp":1624991148,"volume":"0.45140451","buyTxId":"MM-P-8233733-55212343-3-14-0","sellTxId":"52a664ec06b63b75b9ff98ee3221db0b27ac5fd9"}
{"index": {"_index":"sim","_id":"1181475"}}
	{"id":1181475,"type":"sell","buyer":"freebornsociety","seller":"fantasycrypto","symbol":"SIM","quantity":"17241.000","price":"0.00100011","timestamp":1624991406,"volume":"17.24289651","buyTxId":"MM-P-8233778-55212388-3-4-0","sellTxId":"377a9504d6a7d42c7d7ac360a60604eee259061e"}
{"index": {"_index":"sim","_id":"1181506"}}
	{"id":1181506,"type":"sell","buyer":"d-pend","seller":"atomcollector","symbol":"SIM","quantity":"5114.032","price":"0.00100000","timestamp":1624992363,"volume":"5.11403200","buyTxId":"cfafb1dd4fe0c4149c70c5d12f4eb297efd91749","sellTxId":"ce445282cc15d4a05c4badab61582f337ae6329d"}
{"index": {"_index":"sim","_id":"1181553"}}
	{"id":1181553,"type":"buy","buyer":"vcelier","seller":"mmrx","symbol":"SIM","quantity":"2404.465","price":"0.00100853","timestamp":1624994100,"volume":"2.42497509","buyTxId":"58d0ed923626cc15b286f85730adbcf4d70dbc60","sellTxId":"MM-P-8234728-55213340-3-14-1"}
{"index": {"_index":"sim","_id":"1181554"}}
	{"id":1181554,"type":"buy","buyer":"vcelier","seller":"mmrx","symbol":"SIM","quantity":"0.024","price":"0.00100853","timestamp":1624994136,"volume":"0.00002420","buyTxId":"229ae66f325b9e5e0e95d38116bc24fca4994826","sellTxId":"MM-P-8234728-55213340-3-14-1"}
{"index": {"_index":"sim","_id":"1181587"}}
	{"id":1181587,"type":"sell","buyer":"mmrx","seller":"mary.janikowski","symbol":"SIM","quantity":"4000.000","price":"0.00100012","timestamp":1624995093,"volume":"4.00048000","buyTxId":"MM-P-8234728-55213340-3-14-0","sellTxId":"a3925c47e93792c6556a8303093f589a3bc3f9b0"}
{"index": {"_index":"sim","_id":"1181589"}}
	{"id":1181589,"type":"sell","buyer":"mmrx","seller":"balte","symbol":"SIM","quantity":"18822.000","price":"0.00100012","timestamp":1624995177,"volume":"18.82425864","buyTxId":"MM-P-8234728-55213340-3-14-0","sellTxId":"11699ce60ee468064c58ee26cbe1caabb0f1f541"}
{"index": {"_index":"sim","_id":"1181597"}}
	{"id":1181597,"type":"sell","buyer":"mmrx","seller":"adamdabeast","symbol":"SIM","quantity":"2664.249","price":"0.00100012","timestamp":1624995378,"volume":"2.66456871","buyTxId":"MM-P-8234728-55213340-3-14-0","sellTxId":"a90f9af9ca945e19b58ae51a063e8883651b8392"}
{"index": {"_index":"sim","_id":"1181598"}}
	{"id":1181598,"type":"buy","buyer":"gerber","seller":"adamdabeast","symbol":"SIM","quantity":"7140.321","price":"0.00100012","timestamp":1624995489,"volume":"7.14117784","buyTxId":"f6a0f2619d06f85d263c7734c5414099276eacb4","sellTxId":"a90f9af9ca945e19b58ae51a063e8883651b8392"}
{"index": {"_index":"sim","_id":"1181599"}}
	{"id":1181599,"type":"buy","buyer":"gerber","seller":"freebornsociety","symbol":"SIM","quantity":"29608.152","price":"0.00100790","timestamp":1624995489,"volume":"29.84205640","buyTxId":"f6a0f2619d06f85d263c7734c5414099276eacb4","sellTxId":"MM-P-8235172-55213785-3-4-1"}
{"index": {"_index":"sim","_id":"1181600"}}
	{"id":1181600,"type":"buy","buyer":"gerber","seller":"dcityfund","symbol":"SIM","quantity":"3403.835","price":"0.00100800","timestamp":1624995489,"volume":"3.43106568","buyTxId":"f6a0f2619d06f85d263c7734c5414099276eacb4","sellTxId":"9354893f7f2fcf8e696b7850ccf4c72ca9835771"}
{"index": {"_index":"sim","_id":"1181601"}}
	{"id":1181601,"type":"buy","buyer":"gerber","seller":"mmrx","symbol":"SIM","quantity":"33714.013","price":"0.00100808","timestamp":1624995489,"volume":"33.98642223","buyTxId":"f6a0f2619d06f85d263c7734c5414099276eacb4","sellTxId":"MM-P-8235127-55213740-3-14-0"}
{"index": {"_index":"sim","_id":"1181602"}}
	{"id":1181602,"type":"buy","buyer":"gerber","seller":"nftmart.fees","symbol":"SIM","quantity":"39.000","price":"0.00100819","timestamp":1624995489,"volume":"0.03931941","buyTxId":"f6a0f2619d06f85d263c7734c5414099276eacb4","sellTxId":"348feb97d53ec3d43a41ac0a2ac927f89de69502-0"}
{"index": {"_index":"sim","_id":"1181603"}}
	{"id":1181603,"type":"buy","buyer":"gerber","seller":"dcityfund","symbol":"SIM","quantity":"915.833","price":"0.00101000","timestamp":1624995489,"volume":"0.92499133","buyTxId":"f6a0f2619d06f85d263c7734c5414099276eacb4","sellTxId":"c8701e56dc0d987497bbcba1489d3eeba9762efb"}
{"index": {"_index":"sim","_id":"1181604"}}
	{"id":1181604,"type":"buy","buyer":"gerber","seller":"mapac","symbol":"SIM","quantity":"222.000","price":"0.00101000","timestamp":1624995489,"volume":"0.22422000","buyTxId":"f6a0f2619d06f85d263c7734c5414099276eacb4","sellTxId":"94c9340bee867a746fc53cb4475856c6f48f4d29"}
{"index": {"_index":"sim","_id":"1181605"}}
	{"id":1181605,"type":"buy","buyer":"gerber","seller":"justinparke","symbol":"SIM","quantity":"78.355","price":"0.00101001","timestamp":1624995489,"volume":"0.07913933","buyTxId":"f6a0f2619d06f85d263c7734c5414099276eacb4","sellTxId":"b5a4197711ec3c4427aabe784f0d2d2fcad17057"}
{"index": {"_index":"sim","_id":"1181606"}}
	{"id":1181606,"type":"buy","buyer":"gerber","seller":"dcityfund","symbol":"SIM","quantity":"3742.565","price":"0.00101400","timestamp":1624995489,"volume":"3.79496091","buyTxId":"f6a0f2619d06f85d263c7734c5414099276eacb4","sellTxId":"cdd6ddb5649fc8819a0e8a61ad254ed3cdebe901"}
{"index": {"_index":"sim","_id":"1181607"}}
	{"id":1181607,"type":"buy","buyer":"gerber","seller":"mango-juice","symbol":"SIM","quantity":"3722.000","price":"0.00101490","timestamp":1624995489,"volume":"3.77745780","buyTxId":"f6a0f2619d06f85d263c7734c5414099276eacb4","sellTxId":"7879b10c6e70751716dfb4797d8c05f2d63ed262"}
{"index": {"_index":"sim","_id":"1181608"}}
	{"id":1181608,"type":"buy","buyer":"gerber","seller":"dcityfund","symbol":"SIM","quantity":"3890.652","price":"0.00101500","timestamp":1624995489,"volume":"3.94901178","buyTxId":"f6a0f2619d06f85d263c7734c5414099276eacb4","sellTxId":"6c961210c4a2c6115708f977f229bc65047e91ce"}
{"index": {"_index":"sim","_id":"1181609"}}
	{"id":1181609,"type":"buy","buyer":"gerber","seller":"dcityfund","symbol":"SIM","quantity":"3842.088","price":"0.00101500","timestamp":1624995489,"volume":"3.89971932","buyTxId":"f6a0f2619d06f85d263c7734c5414099276eacb4","sellTxId":"d9daa4649dab579b5c6cddbeea7b6b22f46a6d29"}
{"index": {"_index":"sim","_id":"1181610"}}
	{"id":1181610,"type":"buy","buyer":"gerber","seller":"dcityfund","symbol":"SIM","quantity":"3792.677","price":"0.00101500","timestamp":1624995489,"volume":"3.84956716","buyTxId":"f6a0f2619d06f85d263c7734c5414099276eacb4","sellTxId":"db1aef0a5d45d29f6985000662c4dab9a7d910bb"}
{"index": {"_index":"sim","_id":"1181611"}}
	{"id":1181611,"type":"buy","buyer":"gerber","seller":"brofi-market","symbol":"SIM","quantity":"85.309","price":"0.00102017","timestamp":1624995489,"volume":"0.08702968","buyTxId":"f6a0f2619d06f85d263c7734c5414099276eacb4","sellTxId":"db48ce780a0e6d0e3b74462943e12e28c9ee0b7a"}
{"index": {"_index":"sim","_id":"1181612"}}
	{"id":1181612,"type":"buy","buyer":"gerber","seller":"cryptofiloz","symbol":"SIM","quantity":"4340.000","price":"0.00102501","timestamp":1624995489,"volume":"4.44854340","buyTxId":"f6a0f2619d06f85d263c7734c5414099276eacb4","sellTxId":"5c4d10b66cc2535f9c9ad776a12560bf005f99db"}
{"index": {"_index":"sim","_id":"1181613"}}
	{"id":1181613,"type":"buy","buyer":"gerber","seller":"dcityfund","symbol":"SIM","quantity":"479.694","price":"0.00103000","timestamp":1624995489,"volume":"0.49408482","buyTxId":"f6a0f2619d06f85d263c7734c5414099276eacb4","sellTxId":"50c7bb0c71dccc9c64aa7c2e7ef09734af12bbfa"}
{"index": {"_index":"sim","_id":"1181614"}}
	{"id":1181614,"type":"buy","buyer":"gerber","seller":"mpath","symbol":"SIM","quantity":"333.000","price":"0.00103000","timestamp":1624995489,"volume":"0.34299000","buyTxId":"f6a0f2619d06f85d263c7734c5414099276eacb4","sellTxId":"3fe63b8abc5cd8b553c7a4596ddd2cb99c1ddbea"}
{"index": {"_index":"sim","_id":"1181615"}}
	{"id":1181615,"type":"buy","buyer":"gerber","seller":"solovey6o2","symbol":"SIM","quantity":"56196.798","price":"0.00103999","timestamp":1624995489,"volume":"58.44410795","buyTxId":"f6a0f2619d06f85d263c7734c5414099276eacb4","sellTxId":"f0c4db6d159828f0c37968eefcc554fb66debeac"}
{"index": {"_index":"sim","_id":"1181616"}}
	{"id":1181616,"type":"buy","buyer":"gerber","seller":"dcityfund","symbol":"SIM","quantity":"1758.096","price":"0.00104000","timestamp":1624995489,"volume":"1.82841984","buyTxId":"f6a0f2619d06f85d263c7734c5414099276eacb4","sellTxId":"a6dd6f9cdfe3a42d6d300827e77744fa6e350a46"}
{"index": {"_index":"sim","_id":"1181617"}}
	{"id":1181617,"type":"buy","buyer":"gerber","seller":"dcityfund","symbol":"SIM","quantity":"10174.855","price":"0.00104000","timestamp":1624995489,"volume":"10.58184920","buyTxId":"f6a0f2619d06f85d263c7734c5414099276eacb4","sellTxId":"c0a7cca56e5ca3cda98f3af53846dfe50e5c69c2"}
{"index": {"_index":"sim","_id":"1181618"}}
	{"id":1181618,"type":"buy","buyer":"gerber","seller":"dcityfund","symbol":"SIM","quantity":"10317.398","price":"0.00104000","timestamp":1624995489,"volume":"10.73009392","buyTxId":"f6a0f2619d06f85d263c7734c5414099276eacb4","sellTxId":"eda0dc0e5c3e6940ddeebc756d4dd9a9dc2c9fa3"}
{"index": {"_index":"sim","_id":"1181619"}}
	{"id":1181619,"type":"buy","buyer":"gerber","seller":"dcityfund","symbol":"SIM","quantity":"10193.591","price":"0.00104000","timestamp":1624995489,"volume":"10.60133464","buyTxId":"f6a0f2619d06f85d263c7734c5414099276eacb4","sellTxId":"b4955269537e649048ccebed47c8756f84bf90a4"}
{"index": {"_index":"sim","_id":"1181620"}}
	{"id":1181620,"type":"buy","buyer":"gerber","seller":"dcityfund","symbol":"SIM","quantity":"7213.882","price":"0.00104000","timestamp":1624995489,"volume":"7.50243736","buyTxId":"f6a0f2619d06f85d263c7734c5414099276eacb4","sellTxId":"4aab437d0643abeb15ca78e6bf35bf6409266ffe"}
{"index": {"_index":"sim","_id":"1181631"}}
	{"id":1181631,"type":"sell","buyer":"dcityfund","seller":"monsterjamgold","symbol":"SIM","quantity":"2001.075","price":"0.00100200","timestamp":1624995684,"volume":"2.00507715","buyTxId":"ae15e923a2c7e6fee75eedc52f995457deb3ecf4","sellTxId":"6555b020b09013b27228c48d90e1fba43a8d1c7c"}
{"index": {"_index":"sim","_id":"1181661"}}
	{"id":1181661,"type":"sell","buyer":"solovey6o2","seller":"johannesboldt","symbol":"SIM","quantity":"53804.926","price":"0.00100201","timestamp":1624996302,"volume":"53.91307390","buyTxId":"dceb35f1b7f1935fef2a6816d6d5c2919b85d43d","sellTxId":"2ff1ba28e2a06f28c19e84c8f172fbf0f96d4a22"}
{"index": {"_index":"sim","_id":"1181662"}}
	{"id":1181662,"type":"sell","buyer":"dcityfund","seller":"johannesboldt","symbol":"SIM","quantity":"17967.257","price":"0.00100200","timestamp":1624996302,"volume":"18.00319151","buyTxId":"ae15e923a2c7e6fee75eedc52f995457deb3ecf4","sellTxId":"2ff1ba28e2a06f28c19e84c8f172fbf0f96d4a22"}
{"index": {"_index":"sim","_id":"1181663"}}
	{"id":1181663,"type":"sell","buyer":"dcityfund","seller":"johannesboldt","symbol":"SIM","quantity":"20685.737","price":"0.00100100","timestamp":1624996302,"volume":"20.70642274","buyTxId":"9170e2456c656ddeb61b67c1ea89b5d415e9a900","sellTxId":"2ff1ba28e2a06f28c19e84c8f172fbf0f96d4a22"}
{"index": {"_index":"sim","_id":"1181664"}}
	{"id":1181664,"type":"sell","buyer":"d-pend","seller":"johannesboldt","symbol":"SIM","quantity":"7542.080","price":"0.00100000","timestamp":1624996302,"volume":"7.54208000","buyTxId":"cfafb1dd4fe0c4149c70c5d12f4eb297efd91749","sellTxId":"2ff1ba28e2a06f28c19e84c8f172fbf0f96d4a22"}
{"index": {"_index":"sim","_id":"1181744"}}
	{"id":1181744,"type":"sell","buyer":"d-pend","seller":"thepredator04","symbol":"SIM","quantity":"576.250","price":"0.00100000","timestamp":1624998882,"volume":"0.57625000","buyTxId":"cfafb1dd4fe0c4149c70c5d12f4eb297efd91749","sellTxId":"d9326b9b698d2b2b595af0118dd856034f2d5842"}
{"index": {"_index":"sim","_id":"1181773"}}
	{"id":1181773,"type":"sell","buyer":"mmrx","seller":"deathwing","symbol":"SIM","quantity":"567","price":"0.00100001","timestamp":1625000106,"volume":"0.56700567","buyTxId":"MM-P-8236716-55215335-3-14-0","sellTxId":"9183ba5590034fdc258499a0719d20ed6fe9df83-0"}
{"index": {"_index":"sim","_id":"1181813"}}
	{"id":1181813,"type":"sell","buyer":"freebornsociety","seller":"willsaldeno","symbol":"SIM","quantity":"2100.000","price":"0.00100055","timestamp":1625001453,"volume":"2.10115500","buyTxId":"MM-P-8237159-55215779-3-4-0","sellTxId":"5c7e3fc7229eb88591b9cc547167e69de2039cb5"}
{"index": {"_index":"sim","_id":"1181860"}}
	{"id":1181860,"type":"sell","buyer":"freebornsociety","seller":"loganhate","symbol":"SIM","quantity":"1544.000","price":"0.00100115","timestamp":1625002983,"volume":"1.54577560","buyTxId":"MM-P-8237651-55216277-3-4-0","sellTxId":"9dea6578621c2e38e10dcf556f505fe07a8542a7"}
{"index": {"_index":"sim","_id":"1181899"}}
	{"id":1181899,"type":"buy","buyer":"holoferncro","seller":"mmrx","symbol":"SIM","quantity":"3231.249","price":"0.00102889","timestamp":1625004294,"volume":"3.32459978","buyTxId":"46d459c8689a0dbfa71bda0bd47592030a909013","sellTxId":"MM-P-8238103-55216731-3-14-1"}
{"index": {"_index":"sim","_id":"1181900"}}
	{"id":1181900,"type":"buy","buyer":"holoferncro","seller":"freebornsociety","symbol":"SIM","quantity":"412.751","price":"0.00102890","timestamp":1625004294,"volume":"0.42467950","buyTxId":"46d459c8689a0dbfa71bda0bd47592030a909013","sellTxId":"MM-P-8238048-55216676-3-4-1"}
{"index": {"_index":"sim","_id":"1181902"}}
	{"id":1181902,"type":"buy","buyer":"holoferncro","seller":"freebornsociety","symbol":"SIM","quantity":"3231.249","price":"0.00102890","timestamp":1625004324,"volume":"3.32463210","buyTxId":"928956619a29c748652e78e2996a48f653ad6fa7","sellTxId":"MM-P-8238048-55216676-3-4-1"}
{"index": {"_index":"sim","_id":"1181905"}}
	{"id":1181905,"type":"buy","buyer":"holoferncro","seller":"nftmart.fees","symbol":"SIM","quantity":"59.000","price":"0.00102922","timestamp":1625004357,"volume":"0.06072398","buyTxId":"abc1902e58eb35ae7e26d2be3bc40ce74de83325","sellTxId":"3bb332c8c85fd03cbb3874e4681c95452c1261f7-0"}
{"index": {"_index":"sim","_id":"1181906"}}
	{"id":1181906,"type":"buy","buyer":"holoferncro","seller":"solovey6o2","symbol":"SIM","quantity":"1516.000","price":"0.00102999","timestamp":1625004357,"volume":"1.56146484","buyTxId":"abc1902e58eb35ae7e26d2be3bc40ce74de83325","sellTxId":"2895c16fd4a6b60ab9a7e45f10c651979c74e128"}
{"index": {"_index":"sim","_id":"1181917"}}
	{"id":1181917,"type":"sell","buyer":"freebornsociety","seller":"megalithic","symbol":"SIM","quantity":"16130.000","price":"0.00100193","timestamp":1625004738,"volume":"16.16113090","buyTxId":"MM-P-8238247-55216875-3-4-0","sellTxId":"f3a3ddb8d4ac93f715a775a89f7bf45c1c4d8d73"}
{"index": {"_index":"sim","_id":"1181918"}}
	{"id":1181918,"type":"sell","buyer":"freebornsociety","seller":"darmst5339","symbol":"SIM","quantity":"1.036","price":"0.00100193","timestamp":1625004750,"volume":"0.00103800","buyTxId":"MM-P-8238247-55216875-3-4-0","sellTxId":"a013a5e70b8b2b2058f604e7f77134ae11bf86e2"}
{"index": {"_index":"sim","_id":"1181919"}}
	{"id":1181919,"type":"buy","buyer":"mary.janikowski","seller":"nftmart.fees","symbol":"SIM","quantity":"51.000","price":"0.00102998","timestamp":1625004864,"volume":"0.05252898","buyTxId":"fdfdbdd42aedff57c900c94e7426fcbee2351654","sellTxId":"4f5e8688d82a099932bf87611f0c1e4e94ae3b4b-0"}
{"index": {"_index":"sim","_id":"1181920"}}
	{"id":1181920,"type":"buy","buyer":"mary.janikowski","seller":"solovey6o2","symbol":"SIM","quantity":"7131.000","price":"0.00102999","timestamp":1625004864,"volume":"7.34485869","buyTxId":"fdfdbdd42aedff57c900c94e7426fcbee2351654","sellTxId":"2895c16fd4a6b60ab9a7e45f10c651979c74e128"}
{"index": {"_index":"sim","_id":"1181969"}}
	{"id":1181969,"type":"buy","buyer":"haitch","seller":"solovey6o2","symbol":"SIM","quantity":"10000.000","price":"0.00102932","timestamp":1625006664,"volume":"10.29320000","buyTxId":"df1a95a639240dd1e6a130fa1caf6beb50c93149","sellTxId":"d425dcbedfe017c20b6ae4222d8422d5d9f55d86"}
{"index": {"_index":"sim","_id":"1181998"}}
	{"id":1181998,"type":"sell","buyer":"freebornsociety","seller":"eldudu","symbol":"SIM","quantity":"22","price":"0.00100309","timestamp":1625007870,"volume":"0.02206798","buyTxId":"MM-P-8239238-55217871-3-4-0","sellTxId":"53e2ab23c7a6b1b7a6e99cdc6de9919e76f4f1a8"}
{"index": {"_index":"sim","_id":"1182003"}}
	{"id":1182003,"type":"sell","buyer":"solovey6o2","seller":"steem-hodler","symbol":"SIM","quantity":"8085.950","price":"0.00100323","timestamp":1625008173,"volume":"8.11206762","buyTxId":"c4cafb5a0c3be5723e001a3e3f9a8d226b398dbb","sellTxId":"e039a565fc833bb9b3a173a8dbfeac3c002ff50f"}
{"index": {"_index":"sim","_id":"1182004"}}
	{"id":1182004,"type":"sell","buyer":"solovey6o2","seller":"steem-hodler","symbol":"SIM","quantity":"11034.774","price":"0.00100323","timestamp":1625008173,"volume":"11.07041632","buyTxId":"e236c5b74f19c616502ab5f022a54d2b2af5d3bb","sellTxId":"e039a565fc833bb9b3a173a8dbfeac3c002ff50f"}
{"index": {"_index":"sim","_id":"1182005"}}
	{"id":1182005,"type":"sell","buyer":"freebornsociety","seller":"steem-hodler","symbol":"SIM","quantity":"39871.613","price":"0.00100322","timestamp":1625008173,"volume":"39.99999959","buyTxId":"MM-P-8239336-55217971-3-4-0","sellTxId":"e039a565fc833bb9b3a173a8dbfeac3c002ff50f"}
{"index": {"_index":"sim","_id":"1182006"}}
	{"id":1182006,"type":"sell","buyer":"jelly-cz","seller":"steem-hodler","symbol":"SIM","quantity":"88724.068","price":"0.00100311","timestamp":1625008173,"volume":"88.99999985","buyTxId":"MM-P-8239303-55217938-3-25-0","sellTxId":"e039a565fc833bb9b3a173a8dbfeac3c002ff50f"}
{"index": {"_index":"sim","_id":"1182007"}}
	{"id":1182007,"type":"sell","buyer":"d-pend","seller":"steem-hodler","symbol":"SIM","quantity":"61283.595","price":"0.00100000","timestamp":1625008173,"volume":"61.28359500","buyTxId":"cfafb1dd4fe0c4149c70c5d12f4eb297efd91749","sellTxId":"e039a565fc833bb9b3a173a8dbfeac3c002ff50f"}
{"index": {"_index":"sim","_id":"1182123"}}
	{"id":1182123,"type":"sell","buyer":"jelly-cz","seller":"freevoluntarist","symbol":"SIM","quantity":"0.037","price":"0.00101038","timestamp":1625013357,"volume":"0.00003738","buyTxId":"MM-P-8241092-55219730-3-25-0","sellTxId":"44e2799686ed543b3a03cf9b98b1013b8553a443"}
{"index": {"_index":"sim","_id":"1182129"}}
	{"id":1182129,"type":"buy","buyer":"damus-nostra","seller":"nftmart.fees","symbol":"SIM","quantity":"39.000","price":"0.00102740","timestamp":1625013612,"volume":"0.04006860","buyTxId":"096d45d089a4eda8cdd44888055b40231aaa815f","sellTxId":"3b562519ca4a6f0724d9ee9d5528e93dde40f019-0"}
{"index": {"_index":"sim","_id":"1182130"}}
	{"id":1182130,"type":"sell","buyer":"damus-nostra","seller":"konvik","symbol":"SIM","quantity":"14511.279","price":"0.00102740","timestamp":1625013615,"volume":"14.90888804","buyTxId":"096d45d089a4eda8cdd44888055b40231aaa815f","sellTxId":"386539033dc56e0446419d4455ed787ba5896786-1"}
{"index": {"_index":"sim","_id":"1182137"}}
	{"id":1182137,"type":"sell","buyer":"damus-nostra","seller":"daveks","symbol":"SIM","quantity":"14.381","price":"0.00102740","timestamp":1625014503,"volume":"0.01477504","buyTxId":"096d45d089a4eda8cdd44888055b40231aaa815f","sellTxId":"cfc9111d1b0f61528c872a721914719cc5d2a77c"}
{"index": {"_index":"sim","_id":"1182140"}}
	{"id":1182140,"type":"buy","buyer":"freebornsociety","seller":"daveks","symbol":"SIM","quantity":"5660.000","price":"0.00101100","timestamp":1625014917,"volume":"5.72226000","buyTxId":"MM-P-8241618-55220258-3-4-0","sellTxId":"38bdfb143ea44fcdefe2cc786e266acbda70ca54"}
{"index": {"_index":"sim","_id":"1182183"}}
	{"id":1182183,"type":"sell","buyer":"freebornsociety","seller":"brofi-market","symbol":"SIM","quantity":"76.760","price":"0.00101180","timestamp":1625016822,"volume":"0.07766577","buyTxId":"MM-P-8242212-55220856-3-4-0","sellTxId":"cb3d370d33a196ed84fb134460199b6e600faf06"}
{"index": {"_index":"sim","_id":"1182195"}}
	{"id":1182195,"type":"sell","buyer":"jelly-cz","seller":"schlees","symbol":"SIM","quantity":"1006.000","price":"0.00101182","timestamp":1625016948,"volume":"1.01789092","buyTxId":"MM-P-8242277-55220922-3-25-0","sellTxId":"162866e37fa4bb6d0d69028974beb36956e21ed8"}
{"index": {"_index":"sim","_id":"1182196"}}
	{"id":1182196,"type":"sell","buyer":"jelly-cz","seller":"thesimguru","symbol":"SIM","quantity":"1355.400","price":"0.00101182","timestamp":1625016969,"volume":"1.37142083","buyTxId":"MM-P-8242277-55220922-3-25-0","sellTxId":"fea1088d02fc9d6392ba1326c5b79e775c1a5faa"}
{"index": {"_index":"sim","_id":"1182201"}}
	{"id":1182201,"type":"sell","buyer":"freebornsociety","seller":"winebank","symbol":"SIM","quantity":"1673.000","price":"0.00101192","timestamp":1625017071,"volume":"1.69294216","buyTxId":"MM-P-8242310-55220955-3-4-0","sellTxId":"3a0a16ae611c99ef36719d5c704dc0c28c076959"}
{"index": {"_index":"sim","_id":"1182206"}}
	{"id":1182206,"type":"sell","buyer":"jelly-cz","seller":"theguruasia","symbol":"SIM","quantity":"112.000","price":"0.00101194","timestamp":1625017224,"volume":"0.11333728","buyTxId":"MM-P-8242377-55221022-3-25-0","sellTxId":"d8e06e69712144b45ac66edc1beae94755a2c892"}
{"index": {"_index":"sim","_id":"1182209"}}
	{"id":1182209,"type":"sell","buyer":"jelly-cz","seller":"jywahaha","symbol":"SIM","quantity":"29526.000","price":"0.00101194","timestamp":1625017293,"volume":"29.87854044","buyTxId":"MM-P-8242377-55221022-3-25-0","sellTxId":"45fbad26dc90533935784de059325b37317388cf"}
{"index": {"_index":"sim","_id":"1182279"}}
	{"id":1182279,"type":"sell","buyer":"freebornsociety","seller":"mhuii","symbol":"SIM","quantity":"5264.770","price":"0.00101300","timestamp":1625019909,"volume":"5.33321201","buyTxId":"MM-P-8243197-55221852-3-4-0","sellTxId":"f18bd4c0e94d57e8b647c71b0375468f0b08caa8"}
{"index": {"_index":"sim","_id":"1182315"}}
	{"id":1182315,"type":"sell","buyer":"freebornsociety","seller":"he-index","symbol":"SIM","quantity":"405.427","price":"0.00101348","timestamp":1625020938,"volume":"0.41089216","buyTxId":"MM-P-8243596-55222251-3-4-0","sellTxId":"36ac4e9d06d348e89795ee01b64d7e31611e1567"}
{"index": {"_index":"sim","_id":"1182340"}}
	{"id":1182340,"type":"sell","buyer":"freebornsociety","seller":"ariefm","symbol":"SIM","quantity":"235.000","price":"0.00101360","timestamp":1625021283,"volume":"0.23819600","buyTxId":"MM-P-8243695-55222350-3-4-0","sellTxId":"2a79c1d6962b90e19f7f719cf5fcf7cc1c063608"}
