{"index": {"_index":"sim","_id":"3960427"}}
	{"id":3960427,"type":"sell","buyer":"pi-trader","seller":"nftmart.fees","symbol":"SIM","quantity":"100.200","price":"0.00041291","timestamp":1658454873,"volume":"0.04137358","buyTxId":"a27002e5e361b53aef7fc5e36ae009a0d30debf5-1","sellTxId":"a363ba5a64da68425046de52db11ff4e4b17e7dc"}
{"index": {"_index":"sim","_id":"3960527"}}
	{"id":3960527,"type":"buy","buyer":"cryptogillone","seller":"nftmart.fees","symbol":"SIM","quantity":"1.000","price":"0.00043198","timestamp":1658455758,"volume":"0.00043198","buyTxId":"9088cea75a04759bb5b9f4b57018fae01ecb4c30","sellTxId":"93e1e72f8b05e6900f19c241a7f1daed55a7b8df-0"}
{"index": {"_index":"sim","_id":"3960528"}}
	{"id":3960528,"type":"buy","buyer":"cryptogillone","seller":"pi-trader","symbol":"SIM","quantity":"482.710","price":"0.00043199","timestamp":1658455758,"volume":"0.20852623","buyTxId":"9088cea75a04759bb5b9f4b57018fae01ecb4c30","sellTxId":"7f6a44cbfe7925bc566f9defe6ee04c3d191797a-4"}
{"index": {"_index":"sim","_id":"3960913"}}
	{"id":3960913,"type":"sell","buyer":"pi-trader","seller":"poliwalt10","symbol":"SIM","quantity":"221.000","price":"0.00041312","timestamp":1658460984,"volume":"0.09129952","buyTxId":"91a5528baf49f83e61fa259898484064fd786395-1","sellTxId":"c2b55ba9ca9f48dc87d96d3216a2ba7201915d34"}
{"index": {"_index":"sim","_id":"3960996"}}
	{"id":3960996,"type":"buy","buyer":"dkid14","seller":"nftmart.fees","symbol":"SIM","quantity":"1.000","price":"0.00043198","timestamp":1658462643,"volume":"0.00043198","buyTxId":"bb4826a4d360f024b168e2e300886022f5d22dd9","sellTxId":"4f1419f2d4633cd089d325c78e539f60c2aa857a-0"}
{"index": {"_index":"sim","_id":"3960997"}}
	{"id":3960997,"type":"buy","buyer":"dkid14","seller":"pi-trader","symbol":"SIM","quantity":"8645.019","price":"0.00043199","timestamp":1658462643,"volume":"3.73456176","buyTxId":"bb4826a4d360f024b168e2e300886022f5d22dd9","sellTxId":"42ac13866b2d46e974f3ddbf1c87a04917964265-3"}
{"index": {"_index":"sim","_id":"3961689"}}
	{"id":3961689,"type":"sell","buyer":"pi-trader","seller":"sra1992","symbol":"SIM","quantity":"18288.030","price":"0.00041341","timestamp":1658471277,"volume":"7.56045448","buyTxId":"3bb8dde914fcce1258228b1ad797b93e1897d7e1-1","sellTxId":"2256a78adc8bddd0dd3b33369c7a584cb021c6e7"}
{"index": {"_index":"sim","_id":"3962898"}}
	{"id":3962898,"type":"sell","buyer":"pi-trader","seller":"theguruasia","symbol":"SIM","quantity":"1345.043","price":"0.00041361","timestamp":1658483340,"volume":"0.55632324","buyTxId":"740d991727c4e980aaf546c88c3c3698b66a0d90-1","sellTxId":"516a2a431b666d12707dd94bcccad499118b02a4"}
{"index": {"_index":"sim","_id":"3962989"}}
	{"id":3962989,"type":"buy","buyer":"sarguy43","seller":"nftmart.fees","symbol":"SIM","quantity":"1.000","price":"0.00043098","timestamp":1658484426,"volume":"0.00043098","buyTxId":"f6a63ca332a28b6c751a0e42a02c2147baccda85","sellTxId":"429e8dbfe7da3501fd1ea678e26daa1600788ae5-0"}
{"index": {"_index":"sim","_id":"3962990"}}
	{"id":3962990,"type":"buy","buyer":"sarguy43","seller":"pi-trader","symbol":"SIM","quantity":"10999.000","price":"0.00043099","timestamp":1658484426,"volume":"4.74045901","buyTxId":"f6a63ca332a28b6c751a0e42a02c2147baccda85","sellTxId":"c1917c554dd99524b5bf76497e7ad7eaf2ace330-8"}
{"index": {"_index":"sim","_id":"3963060"}}
	{"id":3963060,"type":"buy","buyer":"sarguy43","seller":"nftmart.fees","symbol":"SIM","quantity":"1.000","price":"0.00043098","timestamp":1658484987,"volume":"0.00043098","buyTxId":"7cefc705165500a41b7905d1977a9f3c003c2e3d","sellTxId":"f335a7822f99e28e3ebed6597439697e586e86f1-0"}
{"index": {"_index":"sim","_id":"3963061"}}
	{"id":3963061,"type":"buy","buyer":"sarguy43","seller":"pi-trader","symbol":"SIM","quantity":"9999.000","price":"0.00043099","timestamp":1658484987,"volume":"4.30946901","buyTxId":"7cefc705165500a41b7905d1977a9f3c003c2e3d","sellTxId":"da520c5fa0c3755bb41d223075149494f3673ddb-2"}
{"index": {"_index":"sim","_id":"3964304"}}
	{"id":3964304,"type":"sell","buyer":"pi-trader","seller":"rarej","symbol":"SIM","quantity":"1414.170","price":"0.00041391","timestamp":1658499171,"volume":"0.58533910","buyTxId":"5c7b78ccb5632e01e19bff15779b1be511c23e89-1","sellTxId":"92a860200fda2d25b33f7e00bee87cf93a379aff"}
{"index": {"_index":"sim","_id":"3964340"}}
	{"id":3964340,"type":"sell","buyer":"pi-trader","seller":"lifeskills-tv","symbol":"SIM","quantity":"430.000","price":"0.00041401","timestamp":1658499573,"volume":"0.17802430","buyTxId":"f05b2934828909e1dc61aad78198f7cd00b94fdd-4","sellTxId":"c97eba958992205671cc8237fb0ca10bc799f168"}
{"index": {"_index":"sim","_id":"3964396"}}
	{"id":3964396,"type":"sell","buyer":"pi-trader","seller":"rarej","symbol":"SIM","quantity":"769.500","price":"0.00041401","timestamp":1658500119,"volume":"0.31858070","buyTxId":"279aa5d69ccd9480ac9ac7b34feb25bb6bc97591-3","sellTxId":"fc7cc686dd6eb4ebcd43da81aefe757fb730f921"}
{"index": {"_index":"sim","_id":"3964505"}}
	{"id":3964505,"type":"buy","buyer":"soteyapanbot","seller":"nftmart.fees","symbol":"SIM","quantity":"1.000","price":"0.00043098","timestamp":1658500911,"volume":"0.00043098","buyTxId":"26c8dc784bd00851788f2ec5c6c21d1e4ee0bfb5","sellTxId":"6f193c0482f65ffbb08594676cdf28bbcfe685f6-0"}
{"index": {"_index":"sim","_id":"3964506"}}
	{"id":3964506,"type":"sell","buyer":"soteyapanbot","seller":"god0","symbol":"SIM","quantity":"15411.387","price":"0.00043098","timestamp":1658500911,"volume":"6.64199957","buyTxId":"26c8dc784bd00851788f2ec5c6c21d1e4ee0bfb5","sellTxId":"4315394f8c8a4092b8d4b1490a5111f2f6f18403-1"}
{"index": {"_index":"sim","_id":"3964507"}}
	{"id":3964507,"type":"sell","buyer":"soteyapanbot","seller":"svirus","symbol":"SIM","quantity":"1.613","price":"0.00043098","timestamp":1658500914,"volume":"0.00069517","buyTxId":"26c8dc784bd00851788f2ec5c6c21d1e4ee0bfb5","sellTxId":"658278a21f06cb4eeda9025efddfe89f8be710c1-1"}
{"index": {"_index":"sim","_id":"3964519"}}
	{"id":3964519,"type":"buy","buyer":"sarguy43","seller":"pi-trader","symbol":"SIM","quantity":"7000.000","price":"0.00043099","timestamp":1658501217,"volume":"3.01693000","buyTxId":"611b3f7a5553b8387f743e4454be176377d68ba6","sellTxId":"2c1df41cb2aef86524b686277c292c31c4d0d3a9-4"}
{"index": {"_index":"sim","_id":"3964626"}}
	{"id":3964626,"type":"buy","buyer":"maryjane.main","seller":"nftmart.fees","symbol":"SIM","quantity":"1.000","price":"0.00043098","timestamp":1658502762,"volume":"0.00043098","buyTxId":"03d49c0ee9dc62e476479d9aa5be12119f428fea","sellTxId":"e736c7eeb64809a0207d4219d1ef1c02d2195104-0"}
{"index": {"_index":"sim","_id":"3964627"}}
	{"id":3964627,"type":"buy","buyer":"maryjane.main","seller":"pi-trader","symbol":"SIM","quantity":"39999.000","price":"0.00043099","timestamp":1658502762,"volume":"17.23916901","buyTxId":"03d49c0ee9dc62e476479d9aa5be12119f428fea","sellTxId":"f36ebc99a5cdb35cf378b520a3fb069b2519739c-4"}
{"index": {"_index":"sim","_id":"3964651"}}
	{"id":3964651,"type":"sell","buyer":"pi-trader","seller":"darth-azrael","symbol":"SIM","quantity":"375.277","price":"0.00041401","timestamp":1658502861,"volume":"0.15536843","buyTxId":"c5fc57b2026a82f058f6ce8732267331bbe589ee-7","sellTxId":"522f062b221cc53a602ee4b5692b56edc413e266"}
{"index": {"_index":"sim","_id":"3964755"}}
	{"id":3964755,"type":"sell","buyer":"pi-trader","seller":"likeastone","symbol":"SIM","quantity":"3862.000","price":"0.00041411","timestamp":1658504208,"volume":"1.59929282","buyTxId":"a1f654f014240dc3cdf2a755234602cb697455b9-4","sellTxId":"54204c253c6e95deddfa126a05f57185d6f494f3"}
{"index": {"_index":"sim","_id":"3964763"}}
	{"id":3964763,"type":"sell","buyer":"pi-trader","seller":"liuke96player","symbol":"SIM","quantity":"248.000","price":"0.00041411","timestamp":1658504280,"volume":"0.10269928","buyTxId":"952e29ac8bde0caa06c98ddc6ad8b90d77bcb851-3","sellTxId":"d2227aeee1c77920c341e3df3be157e1355910d3"}
{"index": {"_index":"sim","_id":"3965061"}}
	{"id":3965061,"type":"sell","buyer":"pi-trader","seller":"boycharlieplays","symbol":"SIM","quantity":"4317.000","price":"0.00041413","timestamp":1658506518,"volume":"1.78779921","buyTxId":"76ef46cbcba3b1bc1a3b52fe85d33ce55f0b3c72-2","sellTxId":"6ce0897933f689f5b4c8a0bb339765c74e4664ba"}
{"index": {"_index":"sim","_id":"3965258"}}
	{"id":3965258,"type":"buy","buyer":"cryptogillone","seller":"nftmart.fees","symbol":"SIM","quantity":"1.000","price":"0.00043098","timestamp":1658508843,"volume":"0.00043098","buyTxId":"172ac8c8eae5413cf754c2f5b380230abd6201d5","sellTxId":"d673366a2d181c1cdde30b0303614f8ccc1b2dbc-0"}
{"index": {"_index":"sim","_id":"3965259"}}
	{"id":3965259,"type":"buy","buyer":"cryptogillone","seller":"pi-trader","symbol":"SIM","quantity":"524.470","price":"0.00043099","timestamp":1658508843,"volume":"0.22604142","buyTxId":"172ac8c8eae5413cf754c2f5b380230abd6201d5","sellTxId":"2d42e5d9ddb4e4b64a082d9b8f4d93a89b985f42-6"}
{"index": {"_index":"sim","_id":"3965581"}}
	{"id":3965581,"type":"sell","buyer":"pi-trader","seller":"automaton","symbol":"SIM","quantity":"4000.000","price":"0.00041413","timestamp":1658512644,"volume":"1.65652000","buyTxId":"c17b3f8f9e63b123145268ed8ad33122541a30cb-5","sellTxId":"8f5a02b116cfae32d85f2e3f2f1df1ab45e298d1"}
{"index": {"_index":"sim","_id":"3965840"}}
	{"id":3965840,"type":"sell","buyer":"pi-trader","seller":"dhedge-drips","symbol":"SIM","quantity":"13.999","price":"0.00041501","timestamp":1658515515,"volume":"0.00580972","buyTxId":"bc595039a86d24736e9a73e0fe2e20af7af87c26-3","sellTxId":"5f707d3c4f411ccb5a29efb3b244c8c455202715"}
{"index": {"_index":"sim","_id":"3965885"}}
	{"id":3965885,"type":"sell","buyer":"pi-trader","seller":"justinparke","symbol":"SIM","quantity":"9912.950","price":"0.00041501","timestamp":1658515950,"volume":"4.11397338","buyTxId":"448bed1d5623991037d23b00b8a01776f6f2624c-3","sellTxId":"a55dddc0008c2574350b9b3c4d29f5e69a180876"}
{"index": {"_index":"sim","_id":"3965946"}}
	{"id":3965946,"type":"sell","buyer":"pi-trader","seller":"kaeserotor","symbol":"SIM","quantity":"24650.000","price":"0.00041501","timestamp":1658516646,"volume":"10.22999650","buyTxId":"3c7ceb48d4867821ad814910631fc945b325100a-5","sellTxId":"404ccf475dd0c0a9f53d24bc362d4f89e64cdc9b"}
{"index": {"_index":"sim","_id":"3966100"}}
	{"id":3966100,"type":"sell","buyer":"pi-trader","seller":"lisamgentile1961","symbol":"SIM","quantity":"7.790","price":"0.00041501","timestamp":1658518248,"volume":"0.00323293","buyTxId":"ee360518ad4e4b7f8f7e790578713e9860eda8ef-3","sellTxId":"083d107418bdd265d7ef28ac1a4a37fa32039cfe"}
{"index": {"_index":"sim","_id":"3966116"}}
	{"id":3966116,"type":"buy","buyer":"maryjane.main","seller":"pi-trader","symbol":"SIM","quantity":"20000.000","price":"0.00042999","timestamp":1658518401,"volume":"8.59980000","buyTxId":"8a95d5ed482bb8652be8c3c35ebf959eef7ce9df","sellTxId":"1a97419c9e815620ef18582eb31bb8c8f5aee1bb-1"}
{"index": {"_index":"sim","_id":"3966124"}}
	{"id":3966124,"type":"buy","buyer":"cwow2","seller":"pi-trader","symbol":"SIM","quantity":"651.183","price":"0.00042998","timestamp":1658518452,"volume":"0.27999567","buyTxId":"eb0a46e63cdb1f928964dec4a33d25db3240e63c","sellTxId":"0d305de211e3a8c78f28de8ebd8c08a257b75c8b-6"}
{"index": {"_index":"sim","_id":"3966263"}}
	{"id":3966263,"type":"buy","buyer":"he-index","seller":"pi-trader","symbol":"SIM","quantity":"79.073","price":"0.00042998","timestamp":1658519190,"volume":"0.03399981","buyTxId":"468f515c6934ae2ba80a253d8514e80baa1ae577","sellTxId":"a54a50f1ec0eb712d620cbf1f554f77bd2194fd2-6"}
{"index": {"_index":"sim","_id":"3966271"}}
	{"id":3966271,"type":"buy","buyer":"ana-maria","seller":"pi-trader","symbol":"SIM","quantity":"358.000","price":"0.00042998","timestamp":1658519235,"volume":"0.15393284","buyTxId":"9daa98a11b5ce79dde83247040727bebdd92553a","sellTxId":"912bd8b8abfa1dfd67c57537154ee633942b00c3-6"}
{"index": {"_index":"sim","_id":"3966300"}}
	{"id":3966300,"type":"sell","buyer":"pi-trader","seller":"yintercept","symbol":"SIM","quantity":"2.280","price":"0.00041501","timestamp":1658519526,"volume":"0.00094622","buyTxId":"1b80428355180bf5e42118c486c2d53c3d184a61-1","sellTxId":"c6e4f42f3c57db9000645c9c6de62376837dc13e"}
{"index": {"_index":"sim","_id":"3966373"}}
	{"id":3966373,"type":"sell","buyer":"pi-trader","seller":"thranax","symbol":"SIM","quantity":"32.000","price":"0.00041501","timestamp":1658520288,"volume":"0.01328032","buyTxId":"d57b22cf9f3f4b470472ebf79785f385ca507b73-1","sellTxId":"9189810c6a5a32e66925253c89d5700f3d39e401"}
{"index": {"_index":"sim","_id":"3966405"}}
	{"id":3966405,"type":"sell","buyer":"pi-trader","seller":"bitcoinflood","symbol":"SIM","quantity":"577.283","price":"0.00041501","timestamp":1658520756,"volume":"0.23957822","buyTxId":"af2adaeafa93fd8ea5854d8450163702ad9e7181-3","sellTxId":"c2718a88e637a8b983147330f7296b4a9215d74a"}
{"index": {"_index":"sim","_id":"3966528"}}
	{"id":3966528,"type":"buy","buyer":"bambukah","seller":"nftmart.fees","symbol":"SIM","quantity":"346.000","price":"0.00042997","timestamp":1658522244,"volume":"0.14876962","buyTxId":"25296d30a33a2502880519f4dfa4ba18a2698985","sellTxId":"f0843313929220bef6311ef1df8cb234416957e7-0"}
{"index": {"_index":"sim","_id":"3966529"}}
	{"id":3966529,"type":"buy","buyer":"bambukah","seller":"pi-trader","symbol":"SIM","quantity":"1354.000","price":"0.00042998","timestamp":1658522244,"volume":"0.58219292","buyTxId":"25296d30a33a2502880519f4dfa4ba18a2698985","sellTxId":"0653b6ac6f14bfb9b9c1b194b2e8f25dcbfb9b22-4"}
{"index": {"_index":"sim","_id":"3966661"}}
	{"id":3966661,"type":"sell","buyer":"pi-trader","seller":"loganhate","symbol":"SIM","quantity":"99.000","price":"0.00041501","timestamp":1658524017,"volume":"0.04108599","buyTxId":"43702a557e8bef914b094334e14c83d32e3d53f3-3","sellTxId":"2819f0549c0d37ffd7300f59c22b1707c4b7b0a6"}
{"index": {"_index":"sim","_id":"3966705"}}
	{"id":3966705,"type":"buy","buyer":"zeruxanime","seller":"nftmart.fees","symbol":"SIM","quantity":"301.000","price":"0.00042997","timestamp":1658524377,"volume":"0.12942097","buyTxId":"179c109e1b882c7a0f377b69db57bac5882c0c01","sellTxId":"d27fcf8a1246febb124b1603632acea3191e95af-0"}
{"index": {"_index":"sim","_id":"3966706"}}
	{"id":3966706,"type":"buy","buyer":"zeruxanime","seller":"pi-trader","symbol":"SIM","quantity":"2432.245","price":"0.00042998","timestamp":1658524377,"volume":"1.04581671","buyTxId":"179c109e1b882c7a0f377b69db57bac5882c0c01","sellTxId":"7160c9e9404825b0a0c40a954055f2d97daee1be-2"}
{"index": {"_index":"sim","_id":"3966986"}}
	{"id":3966986,"type":"sell","buyer":"pi-trader","seller":"gamsam","symbol":"SIM","quantity":"28618","price":"0.00041501","timestamp":1658528277,"volume":"11.87675618","buyTxId":"72ef0fcb9eaec159cdf17c82713d7ce56669db1a-1","sellTxId":"a5812854f2b061a2c2ba1780f0090eb82ba335a2"}
{"index": {"_index":"sim","_id":"3967160"}}
	{"id":3967160,"type":"sell","buyer":"pi-trader","seller":"nftmart.fees","symbol":"SIM","quantity":"1754.200","price":"0.00041501","timestamp":1658531712,"volume":"0.72801054","buyTxId":"3c427f8b458129e52af9ac12cdfb61591fd6e443-3","sellTxId":"37c7baee0cd78676214804064da9332da279a782"}
{"index": {"_index":"sim","_id":"3967258"}}
	{"id":3967258,"type":"sell","buyer":"pi-trader","seller":"steem82868","symbol":"SIM","quantity":"0.010","price":"0.00041501","timestamp":1658532693,"volume":"0.00000415","buyTxId":"50d5af143b6daed0d610c54ac6c3445ff20e3ded-3","sellTxId":"f92ec5634082d872f010688b48f3d2e10885ba9e"}
{"index": {"_index":"sim","_id":"3967338"}}
	{"id":3967338,"type":"buy","buyer":"automaton","seller":"nftmart.fees","symbol":"SIM","quantity":"34.000","price":"0.00042997","timestamp":1658533695,"volume":"0.01461898","buyTxId":"13cf40128d05569234acbfe3ae38e5a492b5e256","sellTxId":"1b6b844db74b08087aaa6797651dcb714064db9e-0"}
{"index": {"_index":"sim","_id":"3967339"}}
	{"id":3967339,"type":"buy","buyer":"automaton","seller":"pi-trader","symbol":"SIM","quantity":"16966.000","price":"0.00042998","timestamp":1658533695,"volume":"7.29504068","buyTxId":"13cf40128d05569234acbfe3ae38e5a492b5e256","sellTxId":"3087bab973a4cc9293ebb2082f2ee1aabe32eb8d-5"}
{"index": {"_index":"sim","_id":"3967372"}}
	{"id":3967372,"type":"buy","buyer":"automaton","seller":"pi-trader","symbol":"SIM","quantity":"8000.000","price":"0.00042997","timestamp":1658534421,"volume":"3.43976000","buyTxId":"752ffd18e108a4ef4ac305b9bc950b82ff42fab1","sellTxId":"90e0a7b67aa225719f487606ea93fce7886bcd63-4"}
{"index": {"_index":"sim","_id":"3967522"}}
	{"id":3967522,"type":"sell","buyer":"pi-trader","seller":"dhedge-drips","symbol":"SIM","quantity":"0.001","price":"0.00041501","timestamp":1658537115,"volume":"0.00000042","buyTxId":"47f7f5a1ebf34c40815f64472bf26b9461494927-1","sellTxId":"e67e543a8bf61d5128c9c0e9f97503af98455f7a"}
{"index": {"_index":"sim","_id":"3967526"}}
	{"id":3967526,"type":"sell","buyer":"pi-trader","seller":"justinparke","symbol":"SIM","quantity":"1725.500","price":"0.00041501","timestamp":1658537160,"volume":"0.71609976","buyTxId":"15fca41f3fe4f7ccfe747322b67b574283792b2c-1","sellTxId":"fe6adae11ec2e7ac884028956f9bc12b4695c963"}
{"index": {"_index":"sim","_id":"3967592"}}
	{"id":3967592,"type":"buy","buyer":"cryptogillone","seller":"nftmart.fees","symbol":"SIM","quantity":"29.000","price":"0.00042995","timestamp":1658537907,"volume":"0.01246855","buyTxId":"9695561018384d74b00617def9b192dcf8226767","sellTxId":"76d63391bc89225e5058b0a135bf84b82790723b-0"}
{"index": {"_index":"sim","_id":"3967593"}}
	{"id":3967593,"type":"buy","buyer":"cryptogillone","seller":"dhedge-drips","symbol":"SIM","quantity":"0.001","price":"0.00042996","timestamp":1658537907,"volume":"0.00000043","buyTxId":"9695561018384d74b00617def9b192dcf8226767","sellTxId":"eb7cb8b153ebfe4b534d470f1518b2ee75f09449"}
{"index": {"_index":"sim","_id":"3967594"}}
	{"id":3967594,"type":"buy","buyer":"cryptogillone","seller":"pi-trader","symbol":"SIM","quantity":"317.913","price":"0.00042997","timestamp":1658537907,"volume":"0.13669316","buyTxId":"9695561018384d74b00617def9b192dcf8226767","sellTxId":"17de93b4cf5591c8e35807a3073d94947573f04d-6"}
{"index": {"_index":"sim","_id":"3967663"}}
	{"id":3967663,"type":"buy","buyer":"libert","seller":"nftmart.fees","symbol":"SIM","quantity":"25.000","price":"0.00042996","timestamp":1658539314,"volume":"0.01074900","buyTxId":"75f1ac676a63c1641e173bb248ef9070f6554251","sellTxId":"d2ab228b774304b12a61a4ceacb1e4bd392c0ce0-0"}
{"index": {"_index":"sim","_id":"3967664"}}
	{"id":3967664,"type":"buy","buyer":"libert","seller":"pi-trader","symbol":"SIM","quantity":"8766.311","price":"0.00042997","timestamp":1658539314,"volume":"3.76925100","buyTxId":"75f1ac676a63c1641e173bb248ef9070f6554251","sellTxId":"1b767e1961f8cc556ba0f0bb4005d40bebf672f5-10"}
{"index": {"_index":"sim","_id":"3967714"}}
	{"id":3967714,"type":"buy","buyer":"he-index","seller":"nftmart.fees","symbol":"SIM","quantity":"22.000","price":"0.00042996","timestamp":1658540187,"volume":"0.00945912","buyTxId":"af1eaad9166e3f4fa451c63bd05fd250c5b3c1a1","sellTxId":"01757fd4d9059574f0f9fa0b4135516ed7ac358d-0"}
{"index": {"_index":"sim","_id":"3967715"}}
	{"id":3967715,"type":"buy","buyer":"he-index","seller":"pi-trader","symbol":"SIM","quantity":"529.201","price":"0.00042997","timestamp":1658540187,"volume":"0.22754055","buyTxId":"af1eaad9166e3f4fa451c63bd05fd250c5b3c1a1","sellTxId":"1a83b27aeef99c70e32a73a76885795ef99bc8b4-4"}
