{"id":5427728,"type":"sell","buyer":"god0","seller":"ragnarokdel","symbol":"SIM","quantity":"2775.000","price":"0.00033311","timestamp":1675569348,"volume":"0.92438025","buyTxId":"d04ee2bc9747dc33ab4a17258b970f68cca04cc3-0","sellTxId":"fe5a7cdfd43870218677758372bb0b47bb340fea"}
{"id":5427962,"type":"buy","buyer":"thegoliath","seller":"nftmart.fees","symbol":"SIM","quantity":"9.000","price":"0.00036574","timestamp":1675573797,"volume":"0.00329166","buyTxId":"28468c7a18a06f1ece1de06ede644ea61c2d3882","sellTxId":"f611b7ad26c64c6b99cefead9518111c03ef50fb-0"}
{"id":5427963,"type":"buy","buyer":"thegoliath","seller":"onlydoge","symbol":"SIM","quantity":"85072.000","price":"0.00036575","timestamp":1675573797,"volume":"31.11508400","buyTxId":"28468c7a18a06f1ece1de06ede644ea61c2d3882","sellTxId":"277a4c0a386eb0a2bc611ba815ee3d186430f5bb"}
{"id":5427964,"type":"buy","buyer":"thegoliath","seller":"all.coin.hive","symbol":"SIM","quantity":"65019.074","price":"0.00036576","timestamp":1675573797,"volume":"23.78137651","buyTxId":"28468c7a18a06f1ece1de06ede644ea61c2d3882","sellTxId":"dbb4ff0d36006c4da31dedbc6e2eaf86b8d7ccfa-1"}
{"id":5427965,"type":"buy","buyer":"thegoliath","seller":"enginemaker","symbol":"SIM","quantity":"74404.762","price":"0.00036994","timestamp":1675573797,"volume":"27.52529765","buyTxId":"28468c7a18a06f1ece1de06ede644ea61c2d3882","sellTxId":"MM-P-25018069-72016121-3-2-0"}
{"id":5427966,"type":"buy","buyer":"thegoliath","seller":"newedi","symbol":"SIM","quantity":"536.396","price":"0.00037000","timestamp":1675573797,"volume":"0.19846652","buyTxId":"28468c7a18a06f1ece1de06ede644ea61c2d3882","sellTxId":"124d8b24b12baecf975b27cb46177a6b28db222e"}
{"id":5427967,"type":"buy","buyer":"thegoliath","seller":"diodao","symbol":"SIM","quantity":"0.001","price":"0.00037000","timestamp":1675573797,"volume":"0.00000037","buyTxId":"28468c7a18a06f1ece1de06ede644ea61c2d3882","sellTxId":"d0187bfbe40b47fc34931fea8725ff9583b13b6b"}
{"id":5427968,"type":"buy","buyer":"thegoliath","seller":"god0","symbol":"SIM","quantity":"9923.937","price":"0.00038003","timestamp":1675573797,"volume":"3.77139378","buyTxId":"28468c7a18a06f1ece1de06ede644ea61c2d3882","sellTxId":"6b0203dbd723c067b5d9b46100653290da09ee3d"}
{"id":5427969,"type":"buy","buyer":"thegoliath","seller":"myothuzar","symbol":"SIM","quantity":"34.830","price":"0.00038013","timestamp":1675573797,"volume":"0.01323993","buyTxId":"28468c7a18a06f1ece1de06ede644ea61c2d3882","sellTxId":"75ab5c998e9208a2f1e0d244ddcb1022bd798add"}
{"id":5428351,"type":"sell","buyer":"god0","seller":"thegoliath","symbol":"SIM","quantity":"115478.990","price":"0.00033310","timestamp":1675579788,"volume":"38.46605157","buyTxId":"f8c1c02b50c98934a5a2dfb6d6119e6bd1829706-0","sellTxId":"660e09af1046d355cb7735cf836572f81f12636e"}
{"id":5428519,"type":"buy","buyer":"assassyn","seller":"nftmart.fees","symbol":"SIM","quantity":"8.000","price":"0.00037499","timestamp":1675582965,"volume":"0.00299992","buyTxId":"74bdc06bbb64dd295e8dae13a14381ffcfc2f620","sellTxId":"01f20a16c1b127acb59720dae33ab596218d9f73-0"}
{"id":5428520,"type":"buy","buyer":"assassyn","seller":"steemshiro","symbol":"SIM","quantity":"1492.000","price":"0.00037500","timestamp":1675582965,"volume":"0.55950000","buyTxId":"74bdc06bbb64dd295e8dae13a14381ffcfc2f620","sellTxId":"17a16e95abd79a2605ed517b3021b236c7d547b7"}
{"id":5428617,"type":"sell","buyer":"god0","seller":"nightfalcon","symbol":"SIM","quantity":"3327.366","price":"0.00033313","timestamp":1675584624,"volume":"1.10844544","buyTxId":"82c69c3f3b4da4b16554f88eddca0a52223e2c12-0","sellTxId":"a2599d03ff7c950e98e793ddb4f00c1fba458898"}
{"id":5428795,"type":"sell","buyer":"god0","seller":"trumpman","symbol":"SIM","quantity":"1055.913","price":"0.00033313","timestamp":1675587345,"volume":"0.35175630","buyTxId":"ed1b512cde83320ae063313e020b1aac2a6f1dd6-0","sellTxId":"38b1bbc869960b85602c7cab4d5eb0da9480b92b"}
{"id":5428902,"type":"sell","buyer":"mcbot","seller":"mango-juice","symbol":"SIM","quantity":"151.002","price":"0.00033314","timestamp":1675588287,"volume":"0.05030481","buyTxId":"bb5e403f7f3f7248493afb6343aee62dce7c68e9-1","sellTxId":"09383d16b62fb18447bde5a2dfafbf0519ac294e"}
{"id":5428926,"type":"sell","buyer":"mcbot","seller":"hive-143869","symbol":"SIM","quantity":"0.033","price":"0.00033325","timestamp":1675588425,"volume":"0.00001100","buyTxId":"105c7a7c363c1ecea1dc471307f993ab18632ba0-1","sellTxId":"33215d62249e28302eb45c034e5b9dddacd668c7"}
{"id":5429106,"type":"sell","buyer":"mcbot","seller":"quotidien","symbol":"SIM","quantity":"0.001","price":"0.00033325","timestamp":1675590606,"volume":"0.00000033","buyTxId":"8f9ac8ed004f88f12ba28d455ca9214e333b9e09-1","sellTxId":"017d28dde2d709edaecf8ab2506847b410659c2b"}
{"id":5429134,"type":"sell","buyer":"mcbot","seller":"lithajacobs","symbol":"SIM","quantity":"0.003","price":"0.00033325","timestamp":1675591125,"volume":"0.00000100","buyTxId":"167ada760b5786b3117f281f1e27b25282db68fc-1","sellTxId":"2d49e721aa0b046450098016598e01b17c22904f"}
{"id":5429279,"type":"sell","buyer":"mcbot","seller":"itharagaian","symbol":"SIM","quantity":"0.044","price":"0.00033325","timestamp":1675592217,"volume":"0.00001466","buyTxId":"cc5c307b5d7d4c2eef7e7c148b46633c71c2241d-1","sellTxId":"c8259fd7b5a67598d5f571e63188171070fd43a1"}
{"id":5429474,"type":"sell","buyer":"mcbot","seller":"moretea","symbol":"SIM","quantity":"0.006","price":"0.00033305","timestamp":1675594302,"volume":"0.00000200","buyTxId":"3ca203113df6deae91603b8a4c827e6790083aa0-1","sellTxId":"2576a25c77fcd0d94531f3a494e288a0bf45a525-23"}
{"id":5430255,"type":"sell","buyer":"god0","seller":"valentin86","symbol":"SIM","quantity":"3200.000","price":"0.00033316","timestamp":1675605345,"volume":"1.06611200","buyTxId":"de6bb3ff3009a708f95a0464ef5a6e60ecb6f507-0","sellTxId":"3137818453ef97405a466e6518d67b211be71c9b"}
{"id":5430797,"type":"sell","buyer":"mcbot","seller":"the01crow","symbol":"SIM","quantity":"12606.500","price":"0.00033325","timestamp":1675612530,"volume":"4.20111613","buyTxId":"a3a02af5ef77f0233669c4967b4505594217a7eb-1","sellTxId":"53282e1eaf884c366dddeb1143bd321540637d07"}
{"id":5431057,"type":"sell","buyer":"mcbot","seller":"eturnerx","symbol":"SIM","quantity":"116.046","price":"0.00033350","timestamp":1675615761,"volume":"0.03870134","buyTxId":"971805b90244a34ba0f9e8f82bcbe1c9185e0e0e-1","sellTxId":"336fd1dec830829aad0674ac912a0d3ab15cbed8"}
{"id":5431201,"type":"buy","buyer":"automaton","seller":"nftmart.fees","symbol":"SIM","quantity":"7.000","price":"0.00037348","timestamp":1675617102,"volume":"0.00261436","buyTxId":"0c13251b9053ddb93c368b7f1dcf441e45dc0df5","sellTxId":"253c6dcbe1daf89dd68a60fd4322ec4e1e0e232f-0"}
{"id":5431202,"type":"buy","buyer":"automaton","seller":"jelly-cz","symbol":"SIM","quantity":"643.000","price":"0.00037349","timestamp":1675617102,"volume":"0.24015407","buyTxId":"0c13251b9053ddb93c368b7f1dcf441e45dc0df5","sellTxId":"MM-P-25042927-72040986-3-28-0"}
{"id":5431329,"type":"sell","buyer":"mcbot","seller":"truth2","symbol":"SIM","quantity":"42.127","price":"0.00033350","timestamp":1675618872,"volume":"0.01404935","buyTxId":"5e722125c0e29373f56451ae14bdda6b580244cc-1","sellTxId":"007312e0626d1e0f3469e507b0963510a7cdebb9"}
{"id":5431368,"type":"sell","buyer":"god0","seller":"nftmart.fees","symbol":"SIM","quantity":"42.127","price":"0.00033359","timestamp":1675619223,"volume":"0.01405315","buyTxId":"47616ca70f4a0e30efb92ed74e3d1b5ab79292af-0","sellTxId":"1c863908bc5e9c1533905c0cda658ae4db45e03e"}
{"id":5431369,"type":"sell","buyer":"god0","seller":"nftmart.fees","symbol":"SIM","quantity":"4.673","price":"0.00033359","timestamp":1675619223,"volume":"0.00155887","buyTxId":"b4d45dfd9b6c57bb9688ea0854d96af1f3f420d3-0","sellTxId":"1c863908bc5e9c1533905c0cda658ae4db45e03e"}
{"id":5431388,"type":"sell","buyer":"god0","seller":"thegoliath","symbol":"SIM","quantity":"46.800","price":"0.00033369","timestamp":1675619448,"volume":"0.01561669","buyTxId":"32451e41ad00fab4472d13da321f32432e33170e-0","sellTxId":"d2b07d2fe42981176c59aeba9731df82526dd88a"}
{"id":5431389,"type":"sell","buyer":"god0","seller":"thegoliath","symbol":"SIM","quantity":"46.800","price":"0.00033369","timestamp":1675619448,"volume":"0.01561669","buyTxId":"78b7212353c3bb3be58d74779941be5d5910e3b1-0","sellTxId":"d2b07d2fe42981176c59aeba9731df82526dd88a"}
{"id":5431390,"type":"sell","buyer":"god0","seller":"thegoliath","symbol":"SIM","quantity":"37.454","price":"0.00033359","timestamp":1675619448,"volume":"0.01249428","buyTxId":"b4d45dfd9b6c57bb9688ea0854d96af1f3f420d3-0","sellTxId":"d2b07d2fe42981176c59aeba9731df82526dd88a"}
{"id":5431391,"type":"sell","buyer":"god0","seller":"thegoliath","symbol":"SIM","quantity":"63891.346","price":"0.00033359","timestamp":1675619448,"volume":"21.31351411","buyTxId":"76eb0d2d51133472cec0f1fed150f8b0e03245d5-0","sellTxId":"d2b07d2fe42981176c59aeba9731df82526dd88a"}
{"id":5431507,"type":"buy","buyer":"edgerik","seller":"god0","symbol":"SIM","quantity":"996.502","price":"0.00037188","timestamp":1675620696,"volume":"0.37057916","buyTxId":"052f9d6388e93e3fdb51b760e7f56601257a75b9","sellTxId":"6d906c5828c7de4583eacc376f4afd8771de41e1-1"}
{"id":5431508,"type":"buy","buyer":"edgerik","seller":"jelly-cz","symbol":"SIM","quantity":"3.498","price":"0.00037198","timestamp":1675620696,"volume":"0.00130119","buyTxId":"052f9d6388e93e3fdb51b760e7f56601257a75b9","sellTxId":"MM-P-25051018-72049078-3-28-0"}
{"id":5431574,"type":"sell","buyer":"mcbot","seller":"archon-drips","symbol":"SIM","quantity":"12.297","price":"0.00033357","timestamp":1675621521,"volume":"0.00410191","buyTxId":"d063f873f1223467a061bac048cff9c7baa81b55-1","sellTxId":"415e3d50e7f89331be6643dd4213b7b6f9ed7fa5"}
{"id":5431777,"type":"buy","buyer":"elricmoonslayer","seller":"jelly-cz","symbol":"SIM","quantity":"2277.151","price":"0.00036349","timestamp":1675624155,"volume":"0.82772162","buyTxId":"6498ce1d0c034417b47462bca137a53dd099bc3d","sellTxId":"MM-P-25052314-72050375-3-28-0"}
{"id":5431879,"type":"buy","buyer":"elricmoonslayer","seller":"jelly-cz","symbol":"SIM","quantity":"1789.653","price":"0.00036349","timestamp":1675625565,"volume":"0.65052097","buyTxId":"93abf78ce196fedf6690d9448e2454f0f26d9a9a","sellTxId":"MM-P-25052314-72050375-3-28-0"}
{"id":5431934,"type":"buy","buyer":"elricmoonslayer","seller":"god0","symbol":"SIM","quantity":"891.095","price":"0.00036339","timestamp":1675625949,"volume":"0.32381501","buyTxId":"03988573585ca83140789414e68379ff2338f5ae","sellTxId":"260ec380a9359f6f49662d9c8d986a8db3406f64"}
{"id":5432073,"type":"buy","buyer":"elricmoonslayer","seller":"god0","symbol":"SIM","quantity":"881.763","price":"0.00036329","timestamp":1675628169,"volume":"0.32033568","buyTxId":"304e23df4fde9ccb925d78751166ee6d4eb9e32a","sellTxId":"13b7e1823682593ff7d39a1f7e9483ca65e918df"}
{"id":5432222,"type":"sell","buyer":"god0","seller":"ironshield","symbol":"SIM","quantity":"896.745","price":"0.00033381","timestamp":1675630155,"volume":"0.29934245","buyTxId":"18e06f25b90ec278fc8295d1be597ac780efd281-0","sellTxId":"d19b4c81bab6778e7a104a22ce89e9e57b0e3ff3"}
{"id":5432273,"type":"sell","buyer":"mcbot","seller":"bearbear613","symbol":"SIM","quantity":"412.000","price":"0.00033382","timestamp":1675630941,"volume":"0.13753384","buyTxId":"099c4096a89918c8c761c91a6fdb2a86a5ce11d4-1","sellTxId":"1edb274836081eb2b156d4d81674ecafa3215b48"}
{"id":5432392,"type":"buy","buyer":"dswap","seller":"god0","symbol":"SIM","quantity":"878.679","price":"0.00036319","timestamp":1675632138,"volume":"0.31912743","buyTxId":"3a30658b5085f96e70f1283c30744b690daef557","sellTxId":"63e1b1f0939ec1b29def9b04765f5818f94e6f19"}
{"id":5432393,"type":"buy","buyer":"dswap","seller":"jelly-cz","symbol":"SIM","quantity":"3936.747","price":"0.00036349","timestamp":1675632138,"volume":"1.43096851","buyTxId":"3a30658b5085f96e70f1283c30744b690daef557","sellTxId":"MM-P-25052314-72050375-3-28-0"}
{"id":5432460,"type":"buy","buyer":"dswap","seller":"jelly-cz","symbol":"SIM","quantity":"737.502","price":"0.00036349","timestamp":1675632858,"volume":"0.26807495","buyTxId":"24eeabcc5e17b6918231346923268d30a0870786","sellTxId":"MM-P-25052314-72050375-3-28-0"}
{"id":5432689,"type":"buy","buyer":"dswap","seller":"jelly-cz","symbol":"SIM","quantity":"2073.716","price":"0.00036349","timestamp":1675636062,"volume":"0.75377516","buyTxId":"3db87adcf1c3b6dcc538d0b09c03994b3280fdc4","sellTxId":"MM-P-25052314-72050375-3-28-0"}
{"id":5432734,"type":"buy","buyer":"dswap","seller":"god0","symbol":"SIM","quantity":"2067.032","price":"0.00036339","timestamp":1675636542,"volume":"0.75113876","buyTxId":"09f8e3ae03203f32355d530f7039d6b1924997c4","sellTxId":"78bf25be2be2f7ffcbac46dc8d859797c1e3720f"}
{"id":5432735,"type":"buy","buyer":"dswap","seller":"jelly-cz","symbol":"SIM","quantity":"684.643","price":"0.00036349","timestamp":1675636542,"volume":"0.24886124","buyTxId":"09f8e3ae03203f32355d530f7039d6b1924997c4","sellTxId":"MM-P-25052314-72050375-3-28-0"}
{"id":5432837,"type":"sell","buyer":"mcbot","seller":"hivecurious","symbol":"SIM","quantity":"0.004","price":"0.00033378","timestamp":1675637670,"volume":"0.00000134","buyTxId":"3acb81a6c768a29034625ebf648b1e98073461ee-1","sellTxId":"580a14229841914f5c88ce0cbab1c4fe998c3772"}
{"id":5432890,"type":"buy","buyer":"bokica80","seller":"jelly-cz","symbol":"SIM","quantity":"164.555","price":"0.00036349","timestamp":1675639110,"volume":"0.05981410","buyTxId":"e8bd303543121f08fc09cd1d3c7f033d24713284","sellTxId":"MM-P-25052314-72050375-3-28-0"}
{"id":5432918,"type":"buy","buyer":"darmst5339","seller":"jelly-cz","symbol":"SIM","quantity":"3556.000","price":"0.00036349","timestamp":1675639371,"volume":"1.29257044","buyTxId":"1f5491081589d846ddfd809855197b19703ae965","sellTxId":"MM-P-25052314-72050375-3-28-0"}
{"id":5432961,"type":"sell","buyer":"mcbot","seller":"stickupcash","symbol":"SIM","quantity":"2110.467","price":"0.00033385","timestamp":1675639803,"volume":"0.70457941","buyTxId":"294cd2c7d08f879e1420f25961ec33f5d30c492a-1","sellTxId":"3d77064c3796fb225d101e838d6fa74f3b9b7d80"}
{"id":5432984,"type":"sell","buyer":"mcbot","seller":"desro","symbol":"SIM","quantity":"819.277","price":"0.00033396","timestamp":1675639995,"volume":"0.27360575","buyTxId":"c4cc336b6f602f4e9eca6d2b93e8cf5947d8d1d6-1","sellTxId":"e9b1ef287e24de9572d8dfb8ff489e7b7575467e"}
{"id":5432992,"type":"sell","buyer":"god0","seller":"ausbitbank","symbol":"SIM","quantity":"13801.766","price":"0.00033417","timestamp":1675640052,"volume":"4.61213614","buyTxId":"8ddf83d7beba9528202797f4b1ae98f94e07f91a-0","sellTxId":"b85fc4c6a4a153432277cf619eb3603c2a698ff5"}
{"id":5433129,"type":"sell","buyer":"mcbot","seller":"themarkymark","symbol":"SIM","quantity":"35.648","price":"0.00033426","timestamp":1675641951,"volume":"0.01191570","buyTxId":"2d5f67464a2f08ea9a227157fafdccb0f989e4da-1","sellTxId":"73342f56b78f3dbb80895689ec25a22560e4f793"}
{"id":5433290,"type":"buy","buyer":"mirroredspork","seller":"nftmart.fees","symbol":"SIM","quantity":"3.000","price":"0.00036348","timestamp":1675643991,"volume":"0.00109044","buyTxId":"4fb580f183db0b7a47aa2043f59852b5439029e0","sellTxId":"078b5c879389863fb3db7f1fe243bb7413a37f61-0"}
{"id":5433291,"type":"buy","buyer":"mirroredspork","seller":"jelly-cz","symbol":"SIM","quantity":"1497.000","price":"0.00036349","timestamp":1675643991,"volume":"0.54414453","buyTxId":"4fb580f183db0b7a47aa2043f59852b5439029e0","sellTxId":"MM-P-25052314-72050375-3-28-0"}
{"id":5433452,"type":"sell","buyer":"mcbot","seller":"nftmart.fees","symbol":"SIM","quantity":"21.450","price":"0.00033425","timestamp":1675645884,"volume":"0.00716966","buyTxId":"18981c2e5144a8853e867d2505ef0409bb182666-1","sellTxId":"1786f2de16d963e48a86cf97da9261a57a2c10d7"}
{"id":5433511,"type":"sell","buyer":"mcbot","seller":"elevator09","symbol":"SIM","quantity":"4263.993","price":"0.00033425","timestamp":1675646853,"volume":"1.42523966","buyTxId":"267a27386d95f8aea4ce2a44cc13acf93f67e6f9-1","sellTxId":"5432b52a904ba39a9e9a42ec9e47f4be34fcedee"}
{"id":5433710,"type":"buy","buyer":"dswap","seller":"jelly-cz","symbol":"SIM","quantity":"24.825","price":"0.00036349","timestamp":1675648629,"volume":"0.00902375","buyTxId":"359370f02e5e5dfd30f25468d8b470535a5c95bf","sellTxId":"MM-P-25052314-72050375-3-28-0"}
{"id":5433947,"type":"sell","buyer":"mcbot","seller":"frugal-fun","symbol":"SIM","quantity":"20000.000","price":"0.00033442","timestamp":1675652394,"volume":"6.68840000","buyTxId":"7d2f1fac1a9bb30c48bca90d536e7472296bf403-1","sellTxId":"d8293d8eaed13270054f25b4e94cf29e66dd5ed0"}
{"id":5434009,"type":"sell","buyer":"mcbot","seller":"bitcoinflood","symbol":"SIM","quantity":"565.465","price":"0.00033453","timestamp":1675653276,"volume":"0.18916501","buyTxId":"5c1bf0cb92d07096d360f178698b386b2613f437","sellTxId":"f0447c79a66d84b07edb3f0d3cccd3c494fb3bb2"}