{"index": {"_index":"sim","_id":"2888868"}}
	{"id":2888868,"type":"sell","buyer":"pi-trader","seller":"theshaki","symbol":"SIM","quantity":"17.459","price":"0.00050311","timestamp":1646191770,"volume":"0.00878380","buyTxId":"8896033f754a985f39af9432fbf3fb4b3be86a72-3","sellTxId":"e5d0914e6e9839e95ffdba958f2d48b31affc57d"}
{"index": {"_index":"sim","_id":"2888986"}}
	{"id":2888986,"type":"buy","buyer":"svirus","seller":"luca-legend","symbol":"SIM","quantity":"30000.000","price":"0.00051000","timestamp":1646193978,"volume":"15.30000000","buyTxId":"9695be352dad769d7bbdf4e88630008f18e50ae9-0","sellTxId":"730d00cc73418cbab5428e88b942787d569712c9"}
{"index": {"_index":"sim","_id":"2889091"}}
	{"id":2889091,"type":"buy","buyer":"crypto-futurist","seller":"jelly-cz","symbol":"SIM","quantity":"0.505","price":"0.00052049","timestamp":1646195598,"volume":"0.00026285","buyTxId":"9554b9ff5bfe47b7894706dcbbbb4671e01863b9","sellTxId":"MM-P-15273128-62260855-3-29-0"}
{"index": {"_index":"sim","_id":"2889109"}}
	{"id":2889109,"type":"buy","buyer":"crypto-futurist","seller":"jelly-cz","symbol":"SIM","quantity":"3980.000","price":"0.00052049","timestamp":1646196063,"volume":"2.07155020","buyTxId":"5abf719f198dbfb7628488ac26153f3588430741","sellTxId":"MM-P-15273128-62260855-3-29-0"}
{"index": {"_index":"sim","_id":"2889116"}}
	{"id":2889116,"type":"buy","buyer":"otherbrandt","seller":"jelly-cz","symbol":"SIM","quantity":"69500.000","price":"0.00052049","timestamp":1646196312,"volume":"36.17405500","buyTxId":"08b9bce5a14ef27941aefaed28c444f0d6e149dd","sellTxId":"MM-P-15273128-62260855-3-29-0"}
{"index": {"_index":"sim","_id":"2889309"}}
	{"id":2889309,"type":"buy","buyer":"dkid14","seller":"jelly-cz","symbol":"SIM","quantity":"34100.000","price":"0.00051949","timestamp":1646198943,"volume":"17.71460900","buyTxId":"6b636a3cc8a427d4f386467a9d72c3a23c6c2353","sellTxId":"MM-P-15273924-62261652-3-29-0"}
{"index": {"_index":"sim","_id":"2889635"}}
	{"id":2889635,"type":"sell","buyer":"pi-trader","seller":"monsterbuster","symbol":"SIM","quantity":"7.918","price":"0.00050103","timestamp":1646202462,"volume":"0.00396716","buyTxId":"b4bfe29b2ab2c958b6bdd9422192fc11c95f5338-1","sellTxId":"bd9af6797eb623ae2af2c34aac206b9d251b2cc8"}
{"index": {"_index":"sim","_id":"2889844"}}
	{"id":2889844,"type":"sell","buyer":"pi-trader","seller":"vaporent","symbol":"SIM","quantity":"5760.800","price":"0.00050513","timestamp":1646205117,"volume":"2.90995290","buyTxId":"c778ce616b737cb156faceb584ca4ade356c0109-1","sellTxId":"155c560fcdcce5ab90abddd3cad33ed2b3f3fb89"}
{"index": {"_index":"sim","_id":"2889860"}}
	{"id":2889860,"type":"sell","buyer":"pi-trader","seller":"lifeskills-tv","symbol":"SIM","quantity":"168.685","price":"0.00050513","timestamp":1646205339,"volume":"0.08520785","buyTxId":"cb5303d00cf78b5e06235d2064dff101ebb0336a-4","sellTxId":"6a676bcbcd4d5a1c014d3b8c29be04fd217ca3b8"}
{"index": {"_index":"sim","_id":"2889975"}}
	{"id":2889975,"type":"buy","buyer":"dswap","seller":"jelly-cz","symbol":"SIM","quantity":"6929.873","price":"0.00051949","timestamp":1646206560,"volume":"3.6","buyTxId":"1ff9e161d85211042085b81f84f749eef25de431","sellTxId":"MM-P-15273924-62261652-3-29-0"}
{"index": {"_index":"sim","_id":"2890051"}}
	{"id":2890051,"type":"buy","buyer":"ana-maria","seller":"jelly-cz","symbol":"SIM","quantity":"380.000","price":"0.00051949","timestamp":1646207907,"volume":"0.19740620","buyTxId":"63a223747d53fd90baaa7a0640ecd9aaca878720","sellTxId":"MM-P-15273924-62261652-3-29-0"}
{"index": {"_index":"sim","_id":"2890088"}}
	{"id":2890088,"type":"buy","buyer":"hazmatic","seller":"jelly-cz","symbol":"SIM","quantity":"100.870","price":"0.00051949","timestamp":1646208321,"volume":"0.05240096","buyTxId":"514dbd17c76bb784b9aef7039ff0762920bcb6cf","sellTxId":"MM-P-15273924-62261652-3-29-0"}
{"index": {"_index":"sim","_id":"2890106"}}
	{"id":2890106,"type":"buy","buyer":"ana-maria","seller":"jelly-cz","symbol":"SIM","quantity":"9000.000","price":"0.00051949","timestamp":1646208504,"volume":"4.67541000","buyTxId":"7d794950aefb32f6ebb065e04cd3269aab1fb741","sellTxId":"MM-P-15273924-62261652-3-29-0"}
{"index": {"_index":"sim","_id":"2890145"}}
	{"id":2890145,"type":"buy","buyer":"ana-maria","seller":"jelly-cz","symbol":"SIM","quantity":"3300.000","price":"0.00051949","timestamp":1646208885,"volume":"1.71431700","buyTxId":"353aa441ad3e4f718579c9ba99cdbddf24b8232d","sellTxId":"MM-P-15273924-62261652-3-29-0"}
{"index": {"_index":"sim","_id":"2890161"}}
	{"id":2890161,"type":"buy","buyer":"ana-maria","seller":"jelly-cz","symbol":"SIM","quantity":"2000.000","price":"0.00051949","timestamp":1646209140,"volume":"1.03898000","buyTxId":"3d2bf19cf546e9e8b0819b182bc18dc4be50cba4","sellTxId":"MM-P-15273924-62261652-3-29-0"}
{"index": {"_index":"sim","_id":"2890185"}}
	{"id":2890185,"type":"buy","buyer":"konvik","seller":"synergie","symbol":"SIM","quantity":"0.050","price":"0.00051000","timestamp":1646209476,"volume":"0.00002550","buyTxId":"0b018448954bc9c84e6cb6369c71c0cfaf6e0974-0","sellTxId":"cd8ebedb17393cf814b5e7baa6f704cfbc2e37a3"}
{"index": {"_index":"sim","_id":"2890186"}}
	{"id":2890186,"type":"buy","buyer":"konvik","seller":"desyfit","symbol":"SIM","quantity":"100000.000","price":"0.00051000","timestamp":1646209476,"volume":"51.00000000","buyTxId":"0b018448954bc9c84e6cb6369c71c0cfaf6e0974-0","sellTxId":"23f11d2b039d9bf4cb5e93f58b4148a7e169fbcf"}
{"index": {"_index":"sim","_id":"2890299"}}
	{"id":2890299,"type":"buy","buyer":"karmaa13","seller":"jelly-cz","symbol":"SIM","quantity":"800.000","price":"0.00051949","timestamp":1646210652,"volume":"0.41559200","buyTxId":"53d0e905c5aee8caec69766316c55608fb78a945","sellTxId":"MM-P-15273924-62261652-3-29-0"}
{"index": {"_index":"sim","_id":"2890336"}}
	{"id":2890336,"type":"buy","buyer":"karmaa13","seller":"jelly-cz","symbol":"SIM","quantity":"2500.000","price":"0.00051949","timestamp":1646211387,"volume":"1.29872500","buyTxId":"b488b43db243822616d3bd4b39e914ae8734d249","sellTxId":"MM-P-15273924-62261652-3-29-0"}
{"index": {"_index":"sim","_id":"2890382"}}
	{"id":2890382,"type":"buy","buyer":"karmaa13","seller":"jelly-cz","symbol":"SIM","quantity":"2000.000","price":"0.00051949","timestamp":1646212104,"volume":"1.03898000","buyTxId":"1fda226348b55e40a26378e69bad5b74233d71de","sellTxId":"MM-P-15273924-62261652-3-29-0"}
{"index": {"_index":"sim","_id":"2890392"}}
	{"id":2890392,"type":"buy","buyer":"karmaa13","seller":"jelly-cz","symbol":"SIM","quantity":"1209.477","price":"0.00051949","timestamp":1646212365,"volume":"0.62831121","buyTxId":"1bf7db01bf4ddd9f775b7ac9bb57d8c0b216c3fc","sellTxId":"MM-P-15273924-62261652-3-29-0"}
{"index": {"_index":"sim","_id":"2890516"}}
	{"id":2890516,"type":"sell","buyer":"pi-trader","seller":"heikki1337","symbol":"SIM","quantity":"2443.465","price":"0.00051101","timestamp":1646214444,"volume":"1.24863505","buyTxId":"d55763cde1e5f8d3495c997f499ba16b7f58f1d3-1","sellTxId":"9ad9a12ab5f9233c5f9e59ea0ce2c2b7b1055bbc"}
{"index": {"_index":"sim","_id":"2890686"}}
	{"id":2890686,"type":"buy","buyer":"ana-maria","seller":"atomcollector","symbol":"SIM","quantity":"1000.000","price":"0.00051948","timestamp":1646216763,"volume":"0.51948000","buyTxId":"00b3c11cd507b6acaf638bceb601ada185df79b2","sellTxId":"daab0b0a71315549e9180ff94bf45bc3db898c6d"}
{"index": {"_index":"sim","_id":"2890703"}}
	{"id":2890703,"type":"sell","buyer":"ana-maria","seller":"theguruasia","symbol":"SIM","quantity":"790.985","price":"0.00051948","timestamp":1646217105,"volume":"0.41090089","buyTxId":"00b3c11cd507b6acaf638bceb601ada185df79b2","sellTxId":"41932c5ce2757658e4ac8902e83ffdf6334937a0"}
{"index": {"_index":"sim","_id":"2890850"}}
	{"id":2890850,"type":"sell","buyer":"ana-maria","seller":"luca-legend","symbol":"SIM","quantity":"1609.015","price":"0.00051948","timestamp":1646219184,"volume":"0.83585111","buyTxId":"00b3c11cd507b6acaf638bceb601ada185df79b2","sellTxId":"1a4260146df9c128a1f11eef0c7a2784a4df17ed"}
{"index": {"_index":"sim","_id":"2890851"}}
	{"id":2890851,"type":"sell","buyer":"atomcollector","seller":"luca-legend","symbol":"SIM","quantity":"1000.000","price":"0.00051200","timestamp":1646219184,"volume":"0.51200000","buyTxId":"3a87819460df54fc0bdc64ad484391367aac9a09","sellTxId":"1a4260146df9c128a1f11eef0c7a2784a4df17ed"}
{"index": {"_index":"sim","_id":"2890852"}}
	{"id":2890852,"type":"sell","buyer":"atomcollector","seller":"luca-legend","symbol":"SIM","quantity":"1000.000","price":"0.00051100","timestamp":1646219184,"volume":"0.51100000","buyTxId":"9ef3dfd10d63f6a52c399eca404977dbf382e09c","sellTxId":"1a4260146df9c128a1f11eef0c7a2784a4df17ed"}
{"index": {"_index":"sim","_id":"2890853"}}
	{"id":2890853,"type":"sell","buyer":"atomcollector","seller":"luca-legend","symbol":"SIM","quantity":"1000.000","price":"0.00051002","timestamp":1646219184,"volume":"0.51002000","buyTxId":"cd66e142335a91c387353f8df5208a77493308b6","sellTxId":"1a4260146df9c128a1f11eef0c7a2784a4df17ed"}
{"index": {"_index":"sim","_id":"2890854"}}
	{"id":2890854,"type":"sell","buyer":"nastyforce","seller":"luca-legend","symbol":"SIM","quantity":"850.000","price":"0.00051000","timestamp":1646219184,"volume":"0.43350000","buyTxId":"9073f5a290136dc4989ba6a382f1773cd31a5d22","sellTxId":"1a4260146df9c128a1f11eef0c7a2784a4df17ed"}
{"index": {"_index":"sim","_id":"2890855"}}
	{"id":2890855,"type":"buy","buyer":"konvik","seller":"luca-legend","symbol":"SIM","quantity":"57611.985","price":"0.00051000","timestamp":1646219187,"volume":"29.38211235","buyTxId":"e95cc2d1c30fed996447354b67c1499b771310a3-0","sellTxId":"1a4260146df9c128a1f11eef0c7a2784a4df17ed"}
{"index": {"_index":"sim","_id":"2891129"}}
	{"id":2891129,"type":"sell","buyer":"pi-trader","seller":"balte","symbol":"SIM","quantity":"25000.000","price":"0.00050513","timestamp":1646222214,"volume":"12.62825000","buyTxId":"acb6f74f48af730b6ae86f0d9d0441c9b2fb7a26-2","sellTxId":"0c57052212a0d02e29e130629a2371f400e0dfcf"}
{"index": {"_index":"sim","_id":"2891157"}}
	{"id":2891157,"type":"sell","buyer":"pi-trader","seller":"digital-fortress","symbol":"SIM","quantity":"1.374","price":"0.00050513","timestamp":1646222499,"volume":"0.00069405","buyTxId":"5a5b5c857f6a1f0cfcc8aab04a7e9864dc4e5040-3","sellTxId":"4dcb40bda1eb8e4cdb674039bbc9985bcf1dd90f"}
{"index": {"_index":"sim","_id":"2891229"}}
	{"id":2891229,"type":"sell","buyer":"pi-trader","seller":"brofi-market","symbol":"SIM","quantity":"0.004","price":"0.00050513","timestamp":1646223249,"volume":"0.00000202","buyTxId":"5de44b892bc58bf3fbb5850a5f9c1de756d566f2-1","sellTxId":"f13f882a90fd0e533e4589b77496bf7b3200e2e0"}
{"index": {"_index":"sim","_id":"2891317"}}
	{"id":2891317,"type":"buy","buyer":"dechuck","seller":"jelly-cz","symbol":"SIM","quantity":"2000.000","price":"0.00051898","timestamp":1646224230,"volume":"1.03796000","buyTxId":"44ff92d5d299ee93832f08969bee2281c53074e6","sellTxId":"MM-P-15282694-62270433-3-29-0"}
{"index": {"_index":"sim","_id":"2891335"}}
	{"id":2891335,"type":"buy","buyer":"svirus","seller":"steem-hodler","symbol":"SIM","quantity":"67000.000","price":"0.00051000","timestamp":1646224623,"volume":"34.17000000","buyTxId":"392c35a405d9f2524949a6e8bf4c8a6865f56033-0","sellTxId":"f1fe42d3064371b8c8fc7c666a06c94afc048f5e"}
{"index": {"_index":"sim","_id":"2891778"}}
	{"id":2891778,"type":"buy","buyer":"dadspardan","seller":"jelly-cz","symbol":"SIM","quantity":"9620.000","price":"0.00051898","timestamp":1646228460,"volume":"4.99258760","buyTxId":"2866722f893e6923a52a5ebc9b82ea40c5e5c879","sellTxId":"MM-P-15282694-62270433-3-29-0"}
{"index": {"_index":"sim","_id":"2891828"}}
	{"id":2891828,"type":"buy","buyer":"konvik","seller":"steem-hodler","symbol":"SIM","quantity":"39158.000","price":"0.00051000","timestamp":1646228961,"volume":"19.97058000","buyTxId":"830ee07573f4b66dcc6daabea0fd861776c46acb-0","sellTxId":"cbcb6720288de86900ab5e609d59e5ec18c69836"}
{"index": {"_index":"sim","_id":"2891924"}}
	{"id":2891924,"type":"sell","buyer":"pi-trader","seller":"pele23","symbol":"SIM","quantity":"0.010","price":"0.00050521","timestamp":1646230137,"volume":"0.00000505","buyTxId":"3712643a7b71e0ada364a288ba243b82e2de1629-1","sellTxId":"4e8840d4df13d59f13942b53bdca56c552aa5dcf"}
{"index": {"_index":"sim","_id":"2892038"}}
	{"id":2892038,"type":"buy","buyer":"bilpcoinbpc","seller":"jelly-cz","symbol":"SIM","quantity":"200.000","price":"0.00051898","timestamp":1646231010,"volume":"0.10379600","buyTxId":"0da7cdefe9a817f728acf61b7d9a28a0fd134ddb","sellTxId":"MM-P-15282694-62270433-3-29-0"}
{"index": {"_index":"sim","_id":"2892040"}}
	{"id":2892040,"type":"sell","buyer":"pi-trader","seller":"steevc","symbol":"SIM","quantity":"1000.000","price":"0.00050521","timestamp":1646231073,"volume":"0.50521000","buyTxId":"653efb694cf472d46a1f699e9907447489059d2d-2","sellTxId":"152abf8d80227ab68f186f2ff08a9bae09dede57"}
{"index": {"_index":"sim","_id":"2892305"}}
	{"id":2892305,"type":"sell","buyer":"pi-trader","seller":"kevinli","symbol":"SIM","quantity":"150000.000","price":"0.00050521","timestamp":1646233812,"volume":"75.78150000","buyTxId":"8ef4c4143459ea6bdd1aeef6177231d9dbf3829a-3","sellTxId":"2250ad72376f99e2cf76c40a199515659cb2a521"}
{"index": {"_index":"sim","_id":"2892306"}}
	{"id":2892306,"type":"sell","buyer":"atomcollector","seller":"kevinli","symbol":"SIM","quantity":"1000.000","price":"0.00050520","timestamp":1646233812,"volume":"0.50520000","buyTxId":"7619d69d358c32fa4d921b10ad4128acdbae5b1d","sellTxId":"2250ad72376f99e2cf76c40a199515659cb2a521"}
{"index": {"_index":"sim","_id":"2892307"}}
	{"id":2892307,"type":"sell","buyer":"atomcollector","seller":"kevinli","symbol":"SIM","quantity":"1000.000","price":"0.00050514","timestamp":1646233812,"volume":"0.50514000","buyTxId":"d0b9fdb37125cf51469feeab88006ec92d4cb1aa","sellTxId":"2250ad72376f99e2cf76c40a199515659cb2a521"}
{"index": {"_index":"sim","_id":"2892308"}}
	{"id":2892308,"type":"sell","buyer":"crypto-futurist","seller":"kevinli","symbol":"SIM","quantity":"48000.000","price":"0.00050512","timestamp":1646233812,"volume":"24.24576000","buyTxId":"71eb608c95017445494517ef615316a485a5362a","sellTxId":"2250ad72376f99e2cf76c40a199515659cb2a521"}
{"index": {"_index":"sim","_id":"2892363"}}
	{"id":2892363,"type":"buy","buyer":"svirus","seller":"luca-legend","symbol":"SIM","quantity":"77000.000","price":"0.00051000","timestamp":1646234472,"volume":"39.27000000","buyTxId":"4f62846d330e9a5f19d09a83d6d2d2fc6af646c8-0","sellTxId":"d97efe35c9712ae6fbc00b908608e33affc95a12"}
{"index": {"_index":"sim","_id":"2892726"}}
	{"id":2892726,"type":"sell","buyer":"pi-trader","seller":"monsterjamgold","symbol":"SIM","quantity":"846.715","price":"0.00050513","timestamp":1646238600,"volume":"0.42770115","buyTxId":"665575b497fbf1c3592f20181262869166ad7964-4","sellTxId":"c99c8fad659ebec56aeb698f4f26491d387de098"}
{"index": {"_index":"sim","_id":"2892801"}}
	{"id":2892801,"type":"sell","buyer":"pi-trader","seller":"thatcryptodave","symbol":"SIM","quantity":"259.625","price":"0.00050513","timestamp":1646239284,"volume":"0.13114438","buyTxId":"9ab577ae249f489a22eadd2537432d7da46e7553-5","sellTxId":"19fe4749601a88569865a66bc779dbbd4a39e557"}
{"index": {"_index":"sim","_id":"2892902"}}
	{"id":2892902,"type":"buy","buyer":"otherbrandt","seller":"jelly-cz","symbol":"SIM","quantity":"20000.000","price":"0.00051898","timestamp":1646240100,"volume":"10.37960000","buyTxId":"a22362cac1e5d510e3e1f48f0c477c402cb685bd","sellTxId":"MM-P-15282694-62270433-3-29-0"}
{"index": {"_index":"sim","_id":"2892923"}}
	{"id":2892923,"type":"buy","buyer":"otherbrandt","seller":"jelly-cz","symbol":"SIM","quantity":"14810.000","price":"0.00051898","timestamp":1646240484,"volume":"7.68609380","buyTxId":"7579c943a3ae57282cddd0eecf6dd0b3f3d9fc94","sellTxId":"MM-P-15282694-62270433-3-29-0"}
{"index": {"_index":"sim","_id":"2892984"}}
	{"id":2892984,"type":"buy","buyer":"daigorokoike","seller":"jelly-cz","symbol":"SIM","quantity":"24000.000","price":"0.00051898","timestamp":1646240988,"volume":"12.45552000","buyTxId":"617d30476e012ada1fcc3268e95617aa50cf16cc","sellTxId":"MM-P-15282694-62270433-3-29-0"}
{"index": {"_index":"sim","_id":"2893052"}}
	{"id":2893052,"type":"sell","buyer":"pi-trader","seller":"bearbear613","symbol":"SIM","quantity":"56.141","price":"0.00050513","timestamp":1646241498,"volume":"0.02835850","buyTxId":"85321e3074796623323399f73b1d71aedf064a74-3","sellTxId":"22989bf04348040bcb14685a1a9353cb579ccb5b"}
{"index": {"_index":"sim","_id":"2893075"}}
	{"id":2893075,"type":"sell","buyer":"pi-trader","seller":"daigorokoike","symbol":"SIM","quantity":"4800.000","price":"0.00050513","timestamp":1646241576,"volume":"2.42462400","buyTxId":"47440e7e2396b1529ae7b3aea653c996f801fb4e-4","sellTxId":"2d194e3e0657e72e1810e3ce4869d4e36d22412c"}
{"index": {"_index":"sim","_id":"2893084"}}
	{"id":2893084,"type":"buy","buyer":"dkid14","seller":"jelly-cz","symbol":"SIM","quantity":"42300.000","price":"0.00051898","timestamp":1646241663,"volume":"21.95285400","buyTxId":"6eedcfb592220de03007702d6c6be779f15d62a4","sellTxId":"MM-P-15282694-62270433-3-29-0"}
{"index": {"_index":"sim","_id":"2893371"}}
	{"id":2893371,"type":"sell","buyer":"pi-trader","seller":"jrcornel","symbol":"SIM","quantity":"14586.000","price":"0.00050513","timestamp":1646244783,"volume":"7.36782618","buyTxId":"765228dc2b09dfe384f810228618c1c3b365011d-3","sellTxId":"89df7a7d586facd2c1436ffa7dc91e4986643ce2"}
{"index": {"_index":"sim","_id":"2893417"}}
	{"id":2893417,"type":"buy","buyer":"otherbrandt","seller":"jelly-cz","symbol":"SIM","quantity":"32900.000","price":"0.00051898","timestamp":1646245683,"volume":"17.07444200","buyTxId":"d61d40907a3f0d3e0b9aa25b68362d1cff1dd9c3","sellTxId":"MM-P-15282694-62270433-3-29-0"}
{"index": {"_index":"sim","_id":"2893450"}}
	{"id":2893450,"type":"buy","buyer":"otherbrandt","seller":"jelly-cz","symbol":"SIM","quantity":"54.000","price":"0.00051898","timestamp":1646246325,"volume":"0.02802492","buyTxId":"7bee1bb27d87de26a4900763e941f39a33450588","sellTxId":"MM-P-15282694-62270433-3-29-0"}
{"index": {"_index":"sim","_id":"2893451"}}
	{"id":2893451,"type":"buy","buyer":"otherbrandt","seller":"brofi-market","symbol":"SIM","quantity":"0.004","price":"0.00051949","timestamp":1646246325,"volume":"0.00000208","buyTxId":"7bee1bb27d87de26a4900763e941f39a33450588","sellTxId":"3bcc40e495b29343a37e0e05007bafe314ffc809"}
{"index": {"_index":"sim","_id":"2893452"}}
	{"id":2893452,"type":"buy","buyer":"otherbrandt","seller":"pi-trader","symbol":"SIM","quantity":"1645.996","price":"0.00051998","timestamp":1646246325,"volume":"0.85588500","buyTxId":"7bee1bb27d87de26a4900763e941f39a33450588","sellTxId":"a99ab4b65166a3879a64219e788357e66a746f86-6"}
{"index": {"_index":"sim","_id":"2893455"}}
	{"id":2893455,"type":"buy","buyer":"otherbrandt","seller":"jelly-cz","symbol":"SIM","quantity":"100.000","price":"0.00051947","timestamp":1646246391,"volume":"0.05194700","buyTxId":"655f7cea142934165a285411009b5a0f4d680a28","sellTxId":"MM-P-15290371-62278116-3-29-0"}
{"index": {"_index":"sim","_id":"2893757"}}
	{"id":2893757,"type":"sell","buyer":"pi-trader","seller":"gandhibaba","symbol":"SIM","quantity":"83487.000","price":"0.00050103","timestamp":1646248878,"volume":"41.82949161","buyTxId":"9c1033a1d00be5c74c32e88e2db862d1b5c327c1-1","sellTxId":"948816e356485ce97364daba03d4235298fd45cf"}
{"index": {"_index":"sim","_id":"2893795"}}
	{"id":2893795,"type":"sell","buyer":"pi-trader","seller":"lammbock","symbol":"SIM","quantity":"50.000","price":"0.00050103","timestamp":1646249271,"volume":"0.02505150","buyTxId":"6d3700ec2ecd3e18a30ce5a7dcd60e98afb5b831-3","sellTxId":"3913251d87cbbce7135c4377723a11ffad13069c"}
{"index": {"_index":"sim","_id":"2893873"}}
	{"id":2893873,"type":"buy","buyer":"svirus","seller":"steem-hodler","symbol":"SIM","quantity":"40120.000","price":"0.00051000","timestamp":1646249988,"volume":"20.46120000","buyTxId":"a487e4c5fa5663751a8753747c855d617c8a97c4-0","sellTxId":"c5207e3c67ec60e3770a5866d7dbaa84c4fbb6ac"}
{"index": {"_index":"sim","_id":"2894056"}}
	{"id":2894056,"type":"sell","buyer":"pi-trader","seller":"ingekiller","symbol":"SIM","quantity":"0.090","price":"0.00050301","timestamp":1646252229,"volume":"0.00004527","buyTxId":"448a3f864764069cf8f085c251be86f9cc360bea-1","sellTxId":"09c8c1ba9b368b1650a425a057bfadd72d31f70e"}
{"index": {"_index":"sim","_id":"2894268"}}
	{"id":2894268,"type":"sell","buyer":"pi-trader","seller":"loganhate","symbol":"SIM","quantity":"557.000","price":"0.00050301","timestamp":1646255349,"volume":"0.28017657","buyTxId":"d62792b4b545400d4fd9f81128ab9f3222a6787f-1","sellTxId":"a2f96f20f67c2e1e403b3f920813e61ce5e58c26"}
{"index": {"_index":"sim","_id":"2894326"}}
	{"id":2894326,"type":"sell","buyer":"pi-trader","seller":"robertkdk","symbol":"SIM","quantity":"1083.000","price":"0.00050301","timestamp":1646256309,"volume":"0.54475983","buyTxId":"beec6d967d3bc1012db98cf9691339e4f4928656-3","sellTxId":"ce933008206f9bd17fcfedf2c71ad38fec06a92f"}
{"index": {"_index":"sim","_id":"2894369"}}
	{"id":2894369,"type":"buy","buyer":"svirus","seller":"steem-hodler","symbol":"SIM","quantity":"57700.000","price":"0.00051000","timestamp":1646257146,"volume":"29.42700000","buyTxId":"b142aa99f5e36671dc3b669e3eb4e95ecc6921d9-0","sellTxId":"f59ac97e0383f355b6f4aeb714c86bdb2c94e6f4"}
{"index": {"_index":"sim","_id":"2894400"}}
	{"id":2894400,"type":"sell","buyer":"pi-trader","seller":"tonytrillions","symbol":"SIM","quantity":"0.004","price":"0.00050301","timestamp":1646257497,"volume":"0.00000201","buyTxId":"7aba684fdfe6f3993267a1fe591dd1f8a9cc88d0-3","sellTxId":"52c5be9e4390b6c89065fba8cb3497b12cb3c539"}
{"index": {"_index":"sim","_id":"2894486"}}
	{"id":2894486,"type":"sell","buyer":"crypto-futurist","seller":"luca-legend","symbol":"SIM","quantity":"7.350","price":"0.00051000","timestamp":1646258757,"volume":"0.00374850","buyTxId":"b0dc4bf2a88af32057a6ee94711121d9d2ef88d2","sellTxId":"8849cc44008e3b2fefc66905666aa40fe0e75018"}
{"index": {"_index":"sim","_id":"2894488"}}
	{"id":2894488,"type":"buy","buyer":"svirus","seller":"luca-legend","symbol":"SIM","quantity":"5108.650","price":"0.00051000","timestamp":1646258760,"volume":"2.60541150","buyTxId":"869d8a0fee44a104c3c64bfd38c4847c9adf8043-0","sellTxId":"8849cc44008e3b2fefc66905666aa40fe0e75018"}
{"index": {"_index":"sim","_id":"2894509"}}
	{"id":2894509,"type":"buy","buyer":"worldfinances","seller":"pinkfloyd878","symbol":"SIM","quantity":"5000.000","price":"0.00051841","timestamp":1646259048,"volume":"2.59205000","buyTxId":"9e41e93ffef04addda81007c979a672f06741cd0","sellTxId":"0c16264f22ccf1043ad5671a8b94390a3e959ac8"}
{"index": {"_index":"sim","_id":"2894615"}}
	{"id":2894615,"type":"buy","buyer":"konvik","seller":"pinkfloyd878","symbol":"SIM","quantity":"5000.000","price":"0.00051841","timestamp":1646260446,"volume":"2.59205000","buyTxId":"eea01c10defc7231a2bfe39bd17b0305eb15e094-0","sellTxId":"0c16264f22ccf1043ad5671a8b94390a3e959ac8"}
{"index": {"_index":"sim","_id":"2894616"}}
	{"id":2894616,"type":"buy","buyer":"konvik","seller":"atomcollector","symbol":"SIM","quantity":"1000.000","price":"0.00051842","timestamp":1646260446,"volume":"0.51842000","buyTxId":"eea01c10defc7231a2bfe39bd17b0305eb15e094-0","sellTxId":"052868a9451712a55e016a8d7dd6fccf0d285794"}
{"index": {"_index":"sim","_id":"2894617"}}
	{"id":2894617,"type":"buy","buyer":"konvik","seller":"medaymane","symbol":"SIM","quantity":"525.000","price":"0.00051842","timestamp":1646260446,"volume":"0.27217050","buyTxId":"eea01c10defc7231a2bfe39bd17b0305eb15e094-0","sellTxId":"9f685df064fd71f83586e4d4a42ff36febe828d9"}
{"index": {"_index":"sim","_id":"2894618"}}
	{"id":2894618,"type":"buy","buyer":"konvik","seller":"jelly-cz","symbol":"SIM","quantity":"145884.000","price":"0.00051843","timestamp":1646260446,"volume":"75.63064212","buyTxId":"eea01c10defc7231a2bfe39bd17b0305eb15e094-0","sellTxId":"MM-P-15291368-62279114-3-29-0"}
{"index": {"_index":"sim","_id":"2894619"}}
	{"id":2894619,"type":"buy","buyer":"konvik","seller":"jelly13","symbol":"SIM","quantity":"250000.000","price":"0.00051999","timestamp":1646260446,"volume":"129.99750000","buyTxId":"eea01c10defc7231a2bfe39bd17b0305eb15e094-0","sellTxId":"a6291f691ba10747fdf5f3c08fc08c99552a561e"}
{"index": {"_index":"sim","_id":"2894620"}}
	{"id":2894620,"type":"buy","buyer":"konvik","seller":"boycharlieplays","symbol":"SIM","quantity":"64290.632","price":"0.00052100","timestamp":1646260446,"volume":"33.49541927","buyTxId":"eea01c10defc7231a2bfe39bd17b0305eb15e094-0","sellTxId":"749c0d36036c65b95853bebc249a11d0efea9d08"}
{"index": {"_index":"sim","_id":"2894621"}}
	{"id":2894621,"type":"buy","buyer":"konvik","seller":"pokerarema","symbol":"SIM","quantity":"250853.717","price":"0.00052259","timestamp":1646260446,"volume":"131.09364397","buyTxId":"eea01c10defc7231a2bfe39bd17b0305eb15e094-0","sellTxId":"dd28333665313e693fb3dd3b0ebff8dc17b26184"}
{"index": {"_index":"sim","_id":"2894622"}}
	{"id":2894622,"type":"buy","buyer":"konvik","seller":"he-index","symbol":"SIM","quantity":"43.955","price":"0.00052300","timestamp":1646260446,"volume":"0.02298847","buyTxId":"eea01c10defc7231a2bfe39bd17b0305eb15e094-0","sellTxId":"10249b8dfb253d83c212e14c38e1a26f148ac607"}
{"index": {"_index":"sim","_id":"2894623"}}
	{"id":2894623,"type":"buy","buyer":"konvik","seller":"accelerator","symbol":"SIM","quantity":"4400.000","price":"0.00052400","timestamp":1646260446,"volume":"2.30560000","buyTxId":"eea01c10defc7231a2bfe39bd17b0305eb15e094-0","sellTxId":"aa1b6219c6697c80c90f41698106c95adc0a6e6c"}
{"index": {"_index":"sim","_id":"2894624"}}
	{"id":2894624,"type":"buy","buyer":"konvik","seller":"mapac","symbol":"SIM","quantity":"2266.000","price":"0.00052400","timestamp":1646260446,"volume":"1.18738400","buyTxId":"eea01c10defc7231a2bfe39bd17b0305eb15e094-0","sellTxId":"c13c0b0e0a63eecfe5d6b025d1eaea523a5f6475"}
{"index": {"_index":"sim","_id":"2894766"}}
	{"id":2894766,"type":"buy","buyer":"konvik","seller":"steem-hodler","symbol":"SIM","quantity":"50000.000","price":"0.00052000","timestamp":1646262192,"volume":"26.00000000","buyTxId":"e2ec6cc710e4e63c5d1c6e74b0f38552ced056cd-0","sellTxId":"639aac3ac73709d3ab3a60fd79ac7f104d809041"}
{"index": {"_index":"sim","_id":"2894767"}}
	{"id":2894767,"type":"buy","buyer":"konvik","seller":"he-index","symbol":"SIM","quantity":"29.176","price":"0.00052400","timestamp":1646262192,"volume":"0.01528822","buyTxId":"e2ec6cc710e4e63c5d1c6e74b0f38552ced056cd-0","sellTxId":"c669bea5a8fbbd25eab2ddba11c1f979d4f74d08"}
{"index": {"_index":"sim","_id":"2894788"}}
	{"id":2894788,"type":"buy","buyer":"konvik","seller":"steem-hodler","symbol":"SIM","quantity":"50000.000","price":"0.00052000","timestamp":1646262387,"volume":"26.00000000","buyTxId":"0ca2293b252c1ca0b6ac22e461d2dfe533f43502-0","sellTxId":"5dc55c3d19b24be294bb35807dabc436b0661530"}
{"index": {"_index":"sim","_id":"2894824"}}
	{"id":2894824,"type":"sell","buyer":"pi-trader","seller":"linco","symbol":"SIM","quantity":"234.000","price":"0.00051001","timestamp":1646263086,"volume":"0.11934234","buyTxId":"2d8584502f06404a8319ce8b958782933208cfe9-1","sellTxId":"6f29429b4991202ccfbb6748a84f4dff305fe6ea"}
{"index": {"_index":"sim","_id":"2894849"}}
	{"id":2894849,"type":"buy","buyer":"gsauce1989","seller":"jelly-cz","symbol":"SIM","quantity":"10000.000","price":"0.00051949","timestamp":1646263443,"volume":"5.19490000","buyTxId":"6a8b0ad5a4383f8d1bb827a197959207aa9c2cd5","sellTxId":"MM-P-15295957-62283705-3-29-0"}
{"index": {"_index":"sim","_id":"2894914"}}
	{"id":2894914,"type":"sell","buyer":"pi-trader","seller":"taskmaster4450","symbol":"SIM","quantity":"45.502","price":"0.00050302","timestamp":1646263938,"volume":"0.02288842","buyTxId":"c081669a221800b0e2b9aab90c7c922c38c761ca-4","sellTxId":"16834cdb70a3d462f89541091eb5af082e8d7f3a"}
{"index": {"_index":"sim","_id":"2895091"}}
	{"id":2895091,"type":"sell","buyer":"pi-trader","seller":"brofi-market","symbol":"SIM","quantity":"0.003","price":"0.00050302","timestamp":1646266431,"volume":"0.00000151","buyTxId":"2c5b712cb9e006d2ddc23b736460b6cc0bf69db7-1","sellTxId":"31f0eb8c594529d8c8139e3c98e2dd80ca969833"}
{"index": {"_index":"sim","_id":"2895183"}}
	{"id":2895183,"type":"buy","buyer":"maryjane.main","seller":"jelly-cz","symbol":"SIM","quantity":"8000.000","price":"0.00051898","timestamp":1646267421,"volume":"4.15184000","buyTxId":"c5270cbb5172a30f7f6bb49fe229ee063199f131","sellTxId":"MM-P-15297052-62284800-3-29-0"}
{"index": {"_index":"sim","_id":"2895388"}}
	{"id":2895388,"type":"buy","buyer":"jwjqu.wam","seller":"jelly-cz","symbol":"SIM","quantity":"4795.000","price":"0.00051898","timestamp":1646269611,"volume":"2.48850910","buyTxId":"34093dcc2fa9115e99ad271daeb2eabb5a83b86c","sellTxId":"MM-P-15297052-62284800-3-29-0"}
{"index": {"_index":"sim","_id":"2895404"}}
	{"id":2895404,"type":"buy","buyer":"svirus","seller":"steem-hodler","symbol":"SIM","quantity":"72200.000","price":"0.00051000","timestamp":1646269926,"volume":"36.82200000","buyTxId":"d59dc0c3aa3d1619df0fd08fb2099a31bc0c2e97-0","sellTxId":"941318226d60322f4fd73de47e0079eaeb4abcf6"}
{"index": {"_index":"sim","_id":"2895541"}}
	{"id":2895541,"type":"sell","buyer":"crypto-futurist","seller":"thatcryptodave","symbol":"SIM","quantity":"21.145","price":"0.00051000","timestamp":1646271699,"volume":"0.01078395","buyTxId":"7eff9b147e9eeab422e558edd4ba1efc18f19dea","sellTxId":"59f4bf9f07a5f448dfd8e62574d8a6d63b446b7a"}
{"index": {"_index":"sim","_id":"2895834"}}
	{"id":2895834,"type":"sell","buyer":"pi-trader","seller":"bitcoinflood","symbol":"SIM","quantity":"2660.029","price":"0.00050302","timestamp":1646276733,"volume":"1.33804779","buyTxId":"ca1da5b80cfd01e1cb4ccec9d71a671ddbff1969-4","sellTxId":"c7f6e277712efedccc0bbfa0373b9fa80264a51d"}
{"index": {"_index":"sim","_id":"2895905"}}
	{"id":2895905,"type":"sell","buyer":"pi-trader","seller":"theshaki","symbol":"SIM","quantity":"13.868","price":"0.00050302","timestamp":1646277825,"volume":"0.00697588","buyTxId":"6553fca79b7984065325e265cf533db8cf68593f-3","sellTxId":"8d90d959c3f3bd8ea1f92da10c31f4b07ca2689e"}
