{"_id":1515347,"type":"buy","buyer":"wizzitywillican","seller":"nftmart.fees","symbol":"SIM","quantity":"32.000","price":"0.00112799","timestamp":1631413530,"volume":"0.03609568","buyTxId":"8829e667528aa8c3970cfc53131c9963d9ce53c3","sellTxId":"0eb67444b464b099c8d36edb1947850e3e817896-0"},{"_id":1515348,"type":"buy","buyer":"wizzitywillican","seller":"sethi","symbol":"SIM","quantity":"398.000","price":"0.00112800","timestamp":1631413530,"volume":"0.44894400","buyTxId":"8829e667528aa8c3970cfc53131c9963d9ce53c3","sellTxId":"52a00918c6817afa67ca460a7a9c185b59ea8421"},{"_id":1515361,"type":"sell","buyer":"juanvegetarian","seller":"imperij4427","symbol":"SIM","quantity":"10.859","price":"0.00112796","timestamp":1631413851,"volume":"0.01224852","buyTxId":"bbaf84a8eec727ed3c1bd0053a062b98ebd066f8","sellTxId":"e8a4e9ed57de8345aebba80c90a537fad5dc2295"},{"_id":1515362,"type":"sell","buyer":"jelly-cz","seller":"imperij4427","symbol":"SIM","quantity":"19948.141","price":"0.00108002","timestamp":1631413851,"volume":"21.54439124","buyTxId":"MM-P-10355878-57339969-3-34-0","sellTxId":"e8a4e9ed57de8345aebba80c90a537fad5dc2295"},{"_id":1515386,"type":"sell","buyer":"jelly-cz","seller":"bigram13","symbol":"SIM","quantity":"6792.991","price":"0.00108002","timestamp":1631414379,"volume":"7.33656613","buyTxId":"MM-P-10355878-57339969-3-34-0","sellTxId":"7e4ecbe1f85b3579ce7b0fa5d41e67d78c237426"},{"_id":1515387,"type":"sell","buyer":"mastergerund","seller":"bigram13","symbol":"SIM","quantity":"6155.009","price":"0.00108000","timestamp":1631414379,"volume":"6.64740972","buyTxId":"cc599f3c599a159702a52d8fac5477d4c852e105","sellTxId":"7e4ecbe1f85b3579ce7b0fa5d41e67d78c237426"},{"_id":1515396,"type":"sell","buyer":"jelly-cz","seller":"megalithic","symbol":"SIM","quantity":"18714.000","price":"0.00108002","timestamp":1631414514,"volume":"20.21149428","buyTxId":"MM-P-10362938-57347048-3-34-0","sellTxId":"4d29635f21fca0c798e0a953909295b3a40c571b"},{"_id":1515402,"type":"buy","buyer":"nastyforce","seller":"nftmart.fees","symbol":"SIM","quantity":"27.000","price":"0.00112799","timestamp":1631414991,"volume":"0.03045573","buyTxId":"cb540a70f9004c26b4e6dded90fd70e5450da94a","sellTxId":"54958b2a8ce47fb5dea825d17c14a106e3f4bc84-0"},{"_id":1515403,"type":"sell","buyer":"jelly-cz","seller":"epilatero","symbol":"SIM","quantity":"792","price":"0.00108002","timestamp":1631414994,"volume":"0.85537584","buyTxId":"MM-P-10362938-57347048-3-34-0","sellTxId":"3b1b78b8c3d860ef2fdfa9da6ea12e3daefac72f"},{"_id":1515404,"type":"buy","buyer":"nastyforce","seller":"sethi","symbol":"SIM","quantity":"492.000","price":"0.00112800","timestamp":1631415063,"volume":"0.55497600","buyTxId":"18a4b4d53c290f2dd57d6a792044367beb4916fd","sellTxId":"52a00918c6817afa67ca460a7a9c185b59ea8421"},{"_id":1515438,"type":"sell","buyer":"jelly-cz","seller":"cryptictruth","symbol":"SIM","quantity":"12000.000","price":"0.00108002","timestamp":1631415786,"volume":"12.96024000","buyTxId":"MM-P-10362938-57347048-3-34-0","sellTxId":"98597b95d640646f9ee96a879af6504279357f81"},{"_id":1515575,"type":"sell","buyer":"jelly-cz","seller":"trumpman","symbol":"SIM","quantity":"936.114","price":"0.00108002","timestamp":1631420283,"volume":"1.01102184","buyTxId":"MM-P-10362938-57347048-3-34-0","sellTxId":"067f37c56865e071cf6dca8a06d60c205cba9deb"},{"_id":1515603,"type":"sell","buyer":"jelly-cz","seller":"weirdestwolf","symbol":"SIM","quantity":"1900","price":"0.00108002","timestamp":1631420946,"volume":"2.05203800","buyTxId":"MM-P-10362938-57347048-3-34-0","sellTxId":"7021bd39253a97194ef76a2dc43d0c0a10c642a8"},{"_id":1515613,"type":"buy","buyer":"dustindivitto","seller":"nftmart.fees","symbol":"SIM","quantity":"21.000","price":"0.00112795","timestamp":1631421108,"volume":"0.02368695","buyTxId":"4e909b63a7bac00edd2bec2b6096309914747d36","sellTxId":"b565373de0410892d4eb93be37e98152667c1e75-0"},{"_id":1515614,"type":"buy","buyer":"dustindivitto","seller":"sethi","symbol":"SIM","quantity":"19976.000","price":"0.00112800","timestamp":1631421108,"volume":"22.53292800","buyTxId":"4e909b63a7bac00edd2bec2b6096309914747d36","sellTxId":"52a00918c6817afa67ca460a7a9c185b59ea8421"},{"_id":1515615,"type":"buy","buyer":"dustindivitto","seller":"sethi","symbol":"SIM","quantity":"400.000","price":"0.00112900","timestamp":1631421108,"volume":"0.45160000","buyTxId":"4e909b63a7bac00edd2bec2b6096309914747d36","sellTxId":"ede026f98a54eefb3d75ff5d70a7cb08042d638a"},{"_id":1515616,"type":"buy","buyer":"dustindivitto","seller":"solovey6o2","symbol":"SIM","quantity":"129603.000","price":"0.00112999","timestamp":1631421108,"volume":"146.45009397","buyTxId":"4e909b63a7bac00edd2bec2b6096309914747d36","sellTxId":"b353d98a99331fd756f0ca98665a8fff6218e802"},{"_id":1515617,"type":"sell","buyer":"dustindivitto","seller":"konvik","symbol":"SIM","quantity":"29970.299","price":"0.00109000","timestamp":1631421141,"volume":"32.66762591","buyTxId":"722649f9b600a8070c588d00dfe609883f5d4196","sellTxId":"c0bae17d7957b6fa96f1f235206faed800dac6da-1"},{"_id":1515618,"type":"sell","buyer":"dustindivitto","seller":"konvik","symbol":"SIM","quantity":"27472.774","price":"0.00110000","timestamp":1631421177,"volume":"30.22005140","buyTxId":"861230fc826845a2f385588ab91d91049fcfe59e","sellTxId":"224134e71b81b3c59c4783fa731effe03b29e008-1"},{"_id":1515742,"type":"sell","buyer":"dustindivitto","seller":"pouchon","symbol":"SIM","quantity":"27.226","price":"0.00110000","timestamp":1631425242,"volume":"0.02994860","buyTxId":"861230fc826845a2f385588ab91d91049fcfe59e","sellTxId":"d52838d60f88c37762e044ca16dab104f797276c"},{"_id":1515743,"type":"sell","buyer":"dustindivitto","seller":"pouchon","symbol":"SIM","quantity":"29.701","price":"0.00109000","timestamp":1631425242,"volume":"0.03237409","buyTxId":"722649f9b600a8070c588d00dfe609883f5d4196","sellTxId":"d52838d60f88c37762e044ca16dab104f797276c"},{"_id":1515744,"type":"sell","buyer":"jelly-cz","seller":"pouchon","symbol":"SIM","quantity":"20286.504","price":"0.00108002","timestamp":1631425242,"volume":"21.90983005","buyTxId":"MM-P-10362938-57347048-3-34-0","sellTxId":"d52838d60f88c37762e044ca16dab104f797276c"},{"_id":1515745,"type":"sell","buyer":"mastergerund","seller":"pouchon","symbol":"SIM","quantity":"25189.022","price":"0.00108000","timestamp":1631425242,"volume":"27.20414376","buyTxId":"cc599f3c599a159702a52d8fac5477d4c852e105","sellTxId":"d52838d60f88c37762e044ca16dab104f797276c"},{"_id":1515746,"type":"sell","buyer":"jelly13","seller":"pouchon","symbol":"SIM","quantity":"71084.509","price":"0.00107100","timestamp":1631425242,"volume":"76.13150913","buyTxId":"728230bb74d208e38dcb3cf7a2d32066bd47d524","sellTxId":"d52838d60f88c37762e044ca16dab104f797276c"},{"_id":1515747,"type":"buy","buyer":"konvik","seller":"pouchon","symbol":"SIM","quantity":"27439.063","price":"0.00107000","timestamp":1631425245,"volume":"29.35979741","buyTxId":"224133afa48c51f394d80f625dad3f10e0f759af-0","sellTxId":"d52838d60f88c37762e044ca16dab104f797276c"},{"_id":1515755,"type":"sell","buyer":"pi-trader","seller":"fantasycrypto","symbol":"SIM","quantity":"21216.085","price":"0.00106004","timestamp":1631425650,"volume":"22.48989874","buyTxId":"96a30b8a6a16b39f4a07ee88ca2d77a6d4369275-5","sellTxId":"43601e46362edf13444f650ba61d5d4a41330ac6"},{"_id":1515880,"type":"sell","buyer":"pi-trader","seller":"kevinli","symbol":"SIM","quantity":"50000.000","price":"0.00107048","timestamp":1631429460,"volume":"53.52400000","buyTxId":"40368d5bc2b317f397443c3c310d9481c988ac98-7","sellTxId":"9c03315bafeed575e2dd76fa8c95a2ea789e4bef"},{"_id":1515921,"type":"sell","buyer":"pi-trader","seller":"lammbock","symbol":"SIM","quantity":"126.379","price":"0.00107081","timestamp":1631430453,"volume":"0.13532790","buyTxId":"35aa1cb76c46fe04dfca2761dd034509026fce67-3","sellTxId":"7297feeaff635048cf1471d724f000e9e6deed0a"},{"_id":1515953,"type":"buy","buyer":"vokus","seller":"nftmart.fees","symbol":"SIM","quantity":"19.000","price":"0.00111997","timestamp":1631431584,"volume":"0.02127943","buyTxId":"97e6360c9f885d122557e822b2d64433b1681f71","sellTxId":"7b9c1434e20b73a2e12a7e4e13070a2a1bdb1ad3-0"},{"_id":1515984,"type":"buy","buyer":"stickupboys","seller":"atomcollector","symbol":"SIM","quantity":"1000.000","price":"0.00112000","timestamp":1631432121,"volume":"1.12000000","buyTxId":"04efbf3a3e05227f9493d107e019f29c84711b55","sellTxId":"a5730d1f83ca3df02b6d9b72dbaeb48cc1e7aabb"},{"_id":1516032,"type":"sell","buyer":"vokus","seller":"eythorphoto","symbol":"SIM","quantity":"581.000","price":"0.00111997","timestamp":1631433000,"volume":"0.65070257","buyTxId":"97e6360c9f885d122557e822b2d64433b1681f71","sellTxId":"cde5524c1ef45a9a135bf946f7da26677982816a"},{"_id":1516052,"type":"sell","buyer":"jelly-cz","seller":"theguruasia","symbol":"SIM","quantity":"4324.116","price":"0.00107138","timestamp":1631433345,"volume":"4.63277140","buyTxId":"MM-P-10369209-57353332-3-34-0","sellTxId":"bc1cbf5a3ca94f006e0ae15065db8cea3e2d3da8"},{"_id":1516053,"type":"sell","buyer":"jelly-cz","seller":"muenchen","symbol":"SIM","quantity":"14177.800","price":"0.00107138","timestamp":1631433360,"volume":"15.18981136","buyTxId":"MM-P-10369209-57353332-3-34-0","sellTxId":"806436bcf6e1f1a5ed4deb992222a578980870b3"},{"_id":1516182,"type":"sell","buyer":"jelly-cz","seller":"heikki1337","symbol":"SIM","quantity":"3080.000","price":"0.00107138","timestamp":1631436027,"volume":"3.29985040","buyTxId":"MM-P-10369209-57353332-3-34-0","sellTxId":"ec563ca0b4ef78c52dd5f56ae7e1e2301e66f84a"},{"_id":1516196,"type":"buy","buyer":"stickupboys","seller":"nftmart.fees","symbol":"SIM","quantity":"16.000","price":"0.00111994","timestamp":1631436192,"volume":"0.01791904","buyTxId":"9bd28e3205d661c334decd34b11bfbdd42970079","sellTxId":"4be9ee18d72dcce0881312390afcfbff5714e68d-0"},{"_id":1516197,"type":"buy","buyer":"stickupboys","seller":"eythorphoto","symbol":"SIM","quantity":"3484.000","price":"0.00111997","timestamp":1631436192,"volume":"3.90197548","buyTxId":"9bd28e3205d661c334decd34b11bfbdd42970079","sellTxId":"cde5524c1ef45a9a135bf946f7da26677982816a"},{"_id":1516231,"type":"sell","buyer":"jelly-cz","seller":"ministickupboy","symbol":"SIM","quantity":"18.311","price":"0.00107138","timestamp":1631437557,"volume":"0.01961804","buyTxId":"MM-P-10369209-57353332-3-34-0","sellTxId":"cb94ca15023880564e40fb3b2d9905570bd78d41"},{"_id":1516256,"type":"buy","buyer":"nyxlabs","seller":"nftmart.fees","symbol":"SIM","quantity":"17.000","price":"0.00111996","timestamp":1631438055,"volume":"0.01903932","buyTxId":"b8f41aa1cae0fd34518082b96ba7453f1987f6bd","sellTxId":"db20c3e4f38513a401e782c3292cb61a6bd6d29d-0"},{"_id":1516257,"type":"buy","buyer":"nyxlabs","seller":"eythorphoto","symbol":"SIM","quantity":"983.000","price":"0.00111997","timestamp":1631438055,"volume":"1.10093051","buyTxId":"b8f41aa1cae0fd34518082b96ba7453f1987f6bd","sellTxId":"cde5524c1ef45a9a135bf946f7da26677982816a"},{"_id":1516304,"type":"buy","buyer":"numpypython","seller":"nftmart.fees","symbol":"SIM","quantity":"14.000","price":"0.00110999","timestamp":1631439432,"volume":"0.01553986","buyTxId":"3883102c9ffbc3330096032ef9cfe4fb90d5d1a4","sellTxId":"16de1c8deb2438c50b90838a319eacaf34f04295-0"},{"_id":1516311,"type":"buy","buyer":"stickupboys","seller":"eythorphoto","symbol":"SIM","quantity":"552.000","price":"0.00111997","timestamp":1631439582,"volume":"0.61822344","buyTxId":"cc00ec39e27b0bb5af0331558b8ec3dcce04b7e4","sellTxId":"cde5524c1ef45a9a135bf946f7da26677982816a"},{"_id":1516399,"type":"buy","buyer":"pixelfan","seller":"nftmart.fees","symbol":"SIM","quantity":"11.000","price":"0.00111995","timestamp":1631441685,"volume":"0.01231945","buyTxId":"402726e7ac4fa97c9770df6e046f77367a33c13b","sellTxId":"c2ae28d58735dfa7509d4b537e38476cf84fb762-0"},{"_id":1516400,"type":"buy","buyer":"pixelfan","seller":"eythorphoto","symbol":"SIM","quantity":"0.200","price":"0.00111997","timestamp":1631441715,"volume":"0.00022399","buyTxId":"9180ff271aacf427515998f427a9810713c28eaa","sellTxId":"cde5524c1ef45a9a135bf946f7da26677982816a"},{"_id":1516404,"type":"buy","buyer":"pixelfan","seller":"medaymane","symbol":"SIM","quantity":"8.799","price":"0.00112000","timestamp":1631441766,"volume":"0.00985488","buyTxId":"975cc83a8ddb863b4844898f6ed48ae06edc6dd9","sellTxId":"c3b96780d3f172df9b01f97416eba298fa630168"},{"_id":1516405,"type":"buy","buyer":"pixelfan","seller":"medaymane","symbol":"SIM","quantity":"318.001","price":"0.00112000","timestamp":1631441829,"volume":"0.35616112","buyTxId":"7518bdd551d908923c2986bca5437cef4da2b397","sellTxId":"c3b96780d3f172df9b01f97416eba298fa630168"},{"_id":1516406,"type":"buy","buyer":"pixelfan","seller":"solovey6o2","symbol":"SIM","quantity":"261.999","price":"0.00112999","timestamp":1631441829,"volume":"0.29605625","buyTxId":"7518bdd551d908923c2986bca5437cef4da2b397","sellTxId":"dc5fa2929aaf51c69f73e962d472c66a1a76398b"},{"_id":1516407,"type":"buy","buyer":"pixelfan","seller":"solovey6o2","symbol":"SIM","quantity":"800.000","price":"0.00112999","timestamp":1631441877,"volume":"0.90399200","buyTxId":"0569a9e7601b9d8d8771f3132dcec6341a85fbc7","sellTxId":"dc5fa2929aaf51c69f73e962d472c66a1a76398b"},{"_id":1516501,"type":"sell","buyer":"numpypython","seller":"kentzz001","symbol":"SIM","quantity":"57.500","price":"0.00110999","timestamp":1631444052,"volume":"0.06382443","buyTxId":"3883102c9ffbc3330096032ef9cfe4fb90d5d1a4","sellTxId":"be2635d4aae2f7e070ed5efc92dfd2206bdc5a4b"},{"_id":1516502,"type":"sell","buyer":"jelly-cz","seller":"kentzz001","symbol":"SIM","quantity":"8264.420","price":"0.00107138","timestamp":1631444052,"volume":"8.85433430","buyTxId":"MM-P-10369209-57353332-3-34-0","sellTxId":"be2635d4aae2f7e070ed5efc92dfd2206bdc5a4b"},{"_id":1516505,"type":"sell","buyer":"jelly-cz","seller":"balte","symbol":"SIM","quantity":"23000.000","price":"0.00107138","timestamp":1631444082,"volume":"24.64174000","buyTxId":"MM-P-10369209-57353332-3-34-0","sellTxId":"0b5eea93680b39e24532db3765d89c2df8120b3e"},{"_id":1516657,"type":"sell","buyer":"pi-trader","seller":"scriptioner","symbol":"SIM","quantity":"50000.000","price":"0.00107151","timestamp":1631446761,"volume":"53.57550000","buyTxId":"e7dae1784e8f10d1fd9dd2f861c338c1cce6f1a5-3","sellTxId":"fba05141a52dbfbbb2389805deb5655f55e1427f"},{"_id":1516658,"type":"sell","buyer":"jelly-cz","seller":"scriptioner","symbol":"SIM","quantity":"10000.000","price":"0.00107150","timestamp":1631446761,"volume":"10.71500000","buyTxId":"MM-P-10373585-57357721-3-34-0","sellTxId":"fba05141a52dbfbbb2389805deb5655f55e1427f"},{"_id":1516696,"type":"buy","buyer":"stickupboys","seller":"nftmart.fees","symbol":"SIM","quantity":"10.000","price":"0.00110997","timestamp":1631447394,"volume":"0.01109970","buyTxId":"156bd6d9985cfde7e7938a378d1cd8769669d474","sellTxId":"e4b31c7de6edbd9e8688986fff447e6d6529cba0-0"},{"_id":1516697,"type":"buy","buyer":"stickupboys","seller":"rakshi","symbol":"SIM","quantity":"26.000","price":"0.00111000","timestamp":1631447415,"volume":"0.02886000","buyTxId":"d523f7d0c538f4c0dd4f503d8f8c7e46c5c20e6c","sellTxId":"942f9fb78150d4182c2cc3487c9d7ed43788ac9d"},{"_id":1516698,"type":"buy","buyer":"stickupboys","seller":"solovey6o2","symbol":"SIM","quantity":"1500.000","price":"0.00112997","timestamp":1631447439,"volume":"1.69495500","buyTxId":"facaf8df06390ed6cb228a38c2dd7579e70a2db6","sellTxId":"443c43b358c635f5b607ba2d14e209967d79bccc"},{"_id":1516744,"type":"sell","buyer":"pi-trader","seller":"captaincryptic","symbol":"SIM","quantity":"1161.436","price":"0.00107166","timestamp":1631448072,"volume":"1.24466450","buyTxId":"1b89e6c56ca5d3c72cce49c48d283d8982e47de3-3","sellTxId":"d6ef7197a1995007cdac10beb96a841a3564d3ae"},{"_id":1516767,"type":"buy","buyer":"nyxlabs","seller":"nftmart.fees","symbol":"SIM","quantity":"10.000","price":"0.00112996","timestamp":1631448327,"volume":"0.01129960","buyTxId":"3ba1b7711cf7a4e4f601daf2dee60329cc777abb","sellTxId":"3bdddb1f0c26fff31a033a33493a04e898c8a712-0"},{"_id":1516768,"type":"buy","buyer":"nyxlabs","seller":"sethi","symbol":"SIM","quantity":"990.000","price":"0.00113000","timestamp":1631448327,"volume":"1.11870000","buyTxId":"3ba1b7711cf7a4e4f601daf2dee60329cc777abb","sellTxId":"211d8af05127f2cde38100227dee43970cc8ec52"},{"_id":1516782,"type":"sell","buyer":"pi-trader","seller":"brofi-market","symbol":"SIM","quantity":"0.010","price":"0.00107181","timestamp":1631448606,"volume":"0.00001072","buyTxId":"f9a10dda608385c93dfdda3fbed168432456ac25-7","sellTxId":"a16b0e3423ad6a575fad6564ef90c1122eb3f622"},{"_id":1516786,"type":"sell","buyer":"jelly-cz","seller":"d-pend","symbol":"SIM","quantity":"55048.611","price":"0.00107178","timestamp":1631448636,"volume":"59.00000030","buyTxId":"MM-P-10374284-57358420-3-34-0","sellTxId":"487a19b0036e5ce5423df89556732b7c5d6a5ea4"},{"_id":1516787,"type":"sell","buyer":"pi-trader","seller":"d-pend","symbol":"SIM","quantity":"44951.389","price":"0.00107177","timestamp":1631448636,"volume":"48.17755019","buyTxId":"706c4c6a2000746e3949ecff999c6d1777e3ff5b-1","sellTxId":"487a19b0036e5ce5423df89556732b7c5d6a5ea4"},{"_id":1516903,"type":"sell","buyer":"pi-trader","seller":"anosys","symbol":"SIM","quantity":"14.049","price":"0.00107051","timestamp":1631450364,"volume":"0.01503959","buyTxId":"83f20f6177fc9af78512d5127e1e8682d8d0b733-5","sellTxId":"8bcfa8ae3846140257b52f371888f5cd1d6b0ca0"},{"_id":1517146,"type":"sell","buyer":"pi-trader","seller":"bpcvoter","symbol":"SIM","quantity":"40.889","price":"0.00107041","timestamp":1631454243,"volume":"0.04376799","buyTxId":"7934256efcca30b4944f2d08e23acd93e03877c6-3","sellTxId":"968fea0fbf2d266fd9c3f080a38d6dd68293a770"},{"_id":1517214,"type":"sell","buyer":"jelly-cz","seller":"jjprac","symbol":"SIM","quantity":"91.140","price":"0.00107072","timestamp":1631455224,"volume":"0.09758542","buyTxId":"MM-P-10376478-57360616-3-34-0","sellTxId":"6e5160bc7a2b28b6beeaef5fe321bd9a26782a48"},{"_id":1517304,"type":"buy","buyer":"pixelfan","seller":"nftmart.fees","symbol":"SIM","quantity":"8.000","price":"0.00110999","timestamp":1631457231,"volume":"0.00887992","buyTxId":"68ef633495f0758467c4218d73ca91c7ac4b6ebf","sellTxId":"7c2fc98ef3f54c6b45e8bb410b61ba9efcf47f13-0"},{"_id":1517330,"type":"sell","buyer":"atomcollector","seller":"lightcaptured","symbol":"SIM","quantity":"938.012","price":"0.00108000","timestamp":1631457837,"volume":"1.01305296","buyTxId":"ba6614390cc7a656d3e703cf7c0069fa81ff7b64","sellTxId":"d7a7cfdcf93baba0b20044d885a97ab8111feeb0"},{"_id":1517438,"type":"sell","buyer":"atomcollector","seller":"romiferns","symbol":"SIM","quantity":"16.463","price":"0.00108000","timestamp":1631459676,"volume":"0.01778004","buyTxId":"ba6614390cc7a656d3e703cf7c0069fa81ff7b64","sellTxId":"2e0466405df5688c83acc70f82be9fb29bd1acb5"},{"_id":1517454,"type":"sell","buyer":"atomcollector","seller":"flaxz","symbol":"SIM","quantity":"19.691","price":"0.00108000","timestamp":1631459814,"volume":"0.02126628","buyTxId":"ba6614390cc7a656d3e703cf7c0069fa81ff7b64","sellTxId":"7b3d9f65045ac82cbcbc241c074b64e17d473898"},{"_id":1517513,"type":"sell","buyer":"atomcollector","seller":"wxmark","symbol":"SIM","quantity":"25.834","price":"0.00108000","timestamp":1631460444,"volume":"0.02790072","buyTxId":"ba6614390cc7a656d3e703cf7c0069fa81ff7b64","sellTxId":"a00baca19790bdd623b4cc0f152df1b99b92b325"},{"_id":1517514,"type":"sell","buyer":"pi-trader","seller":"wxmark","symbol":"SIM","quantity":"62.057","price":"0.00107178","timestamp":1631460444,"volume":"0.06651145","buyTxId":"49ca870b8ccb21674bdcbbc0f10c146d2fd4f788-1","sellTxId":"a00baca19790bdd623b4cc0f152df1b99b92b325"},{"_id":1517557,"type":"buy","buyer":"pixelfan","seller":"nftmart.fees","symbol":"SIM","quantity":"7.000","price":"0.00110997","timestamp":1631461071,"volume":"0.00776979","buyTxId":"97d7611636d6d486ccbdd6c82184a7cd0bb229e9","sellTxId":"646291b8f2bb319faa017299aa6c09de4bcb390f-0"},{"_id":1517573,"type":"buy","buyer":"jwjqu.wam","seller":"nftmart.fees","symbol":"SIM","quantity":"7.000","price":"0.00110999","timestamp":1631461629,"volume":"0.00776993","buyTxId":"6e4197a02c661e936178e8877d8243a69163c6be","sellTxId":"e6e3fe8cd1a5566b7910cc95872d2000007aeb11-0"},{"_id":1517574,"type":"buy","buyer":"jwjqu.wam","seller":"atomcollector","symbol":"SIM","quantity":"1000.000","price":"0.00111000","timestamp":1631461629,"volume":"1.11000000","buyTxId":"6e4197a02c661e936178e8877d8243a69163c6be","sellTxId":"8a6df8fdcc1c826e0c0f8bdd9d4309aacf90af57"},{"_id":1517575,"type":"buy","buyer":"jwjqu.wam","seller":"damla","symbol":"SIM","quantity":"1.058","price":"0.00112488","timestamp":1631461629,"volume":"0.00119012","buyTxId":"6e4197a02c661e936178e8877d8243a69163c6be","sellTxId":"51839a8f15bdfdd6488ca8479aaf4acc322e3f81"},{"_id":1517576,"type":"buy","buyer":"jwjqu.wam","seller":"sethi","symbol":"SIM","quantity":"691.942","price":"0.00112490","timestamp":1631461629,"volume":"0.77836556","buyTxId":"6e4197a02c661e936178e8877d8243a69163c6be","sellTxId":"7c9ac92b990089bbf33c333f9e4b3c6faf2f17ea"},{"_id":1517732,"type":"buy","buyer":"monsterjamgold","seller":"nftmart.fees","symbol":"SIM","quantity":"6.000","price":"0.00112489","timestamp":1631463408,"volume":"0.00674934","buyTxId":"7a080bd7a0c2af981524ea6978c9a6d68c1f6c7b","sellTxId":"bcbac660694e229bb446264b343f723738de1765-0"},{"_id":1517893,"type":"buy","buyer":"stickupboys","seller":"nftmart.fees","symbol":"SIM","quantity":"4.000","price":"0.00112488","timestamp":1631464971,"volume":"0.00449952","buyTxId":"adae2a6a902e3a36d3c12adbd971dbded0155e8d","sellTxId":"9375fe53a560bcdc9fe6a9b48f6fa18838095825-0"},{"_id":1517894,"type":"buy","buyer":"stickupboys","seller":"sethi","symbol":"SIM","quantity":"808.058","price":"0.00112490","timestamp":1631464971,"volume":"0.90898444","buyTxId":"adae2a6a902e3a36d3c12adbd971dbded0155e8d","sellTxId":"7c9ac92b990089bbf33c333f9e4b3c6faf2f17ea"},{"_id":1517895,"type":"buy","buyer":"stickupboys","seller":"sethi","symbol":"SIM","quantity":"1895.000","price":"0.00112800","timestamp":1631464971,"volume":"2.13756000","buyTxId":"adae2a6a902e3a36d3c12adbd971dbded0155e8d","sellTxId":"0e6cc7b2a88c757f43f2058859901b30dd1979b0"},{"_id":1517896,"type":"buy","buyer":"stickupboys","seller":"sethi","symbol":"SIM","quantity":"792.942","price":"0.00112800","timestamp":1631464971,"volume":"0.89443858","buyTxId":"adae2a6a902e3a36d3c12adbd971dbded0155e8d","sellTxId":"c2f145cc724eec1bd504a98e9f224bbacfe7fbd0"},{"_id":1517902,"type":"buy","buyer":"stickupboys","seller":"sethi","symbol":"SIM","quantity":"717.058","price":"0.00112800","timestamp":1631465052,"volume":"0.80884142","buyTxId":"4578ab047f8f9b069be397f140260bf56698e4f4","sellTxId":"c2f145cc724eec1bd504a98e9f224bbacfe7fbd0"},{"_id":1517903,"type":"buy","buyer":"stickupboys","seller":"sethi","symbol":"SIM","quantity":"782.942","price":"0.00112800","timestamp":1631465052,"volume":"0.88315858","buyTxId":"4578ab047f8f9b069be397f140260bf56698e4f4","sellTxId":"7e1387a7795a46b4e6dc6d1720f4088da31b6245"},{"_id":1517924,"type":"sell","buyer":"monsterjamgold","seller":"justinparke","symbol":"SIM","quantity":"1806.000","price":"0.00108000","timestamp":1631465322,"volume":"1.95048000","buyTxId":"1e07770b4d6efa319d4d4d84cc117fe5e251c003","sellTxId":"f76c3fd7d315eccdc4a38938aa06a29ccafa7916"},{"_id":1517925,"type":"sell","buyer":"solovey6o2","seller":"justinparke","symbol":"SIM","quantity":"5419.001","price":"0.00107280","timestamp":1631465322,"volume":"5.81350427","buyTxId":"39cf0095bfe5bbbce0370b8a77f2de55205a626e","sellTxId":"f76c3fd7d315eccdc4a38938aa06a29ccafa7916"},{"_id":1517932,"type":"sell","buyer":"solovey6o2","seller":"johannesboldt","symbol":"SIM","quantity":"25000","price":"0.00107280","timestamp":1631465397,"volume":"26.82000000","buyTxId":"39cf0095bfe5bbbce0370b8a77f2de55205a626e","sellTxId":"f0d1ba9415ffc4acc3c8dc45e9df961cd14a00da"},{"_id":1517961,"type":"sell","buyer":"jelly-cz","seller":"ebingo","symbol":"SIM","quantity":"12302.953","price":"0.00107285","timestamp":1631465724,"volume":"13.19922313","buyTxId":"MM-P-10379965-57364103-3-34-0","sellTxId":"8958d26eb1a779057c1dbcd5111a5184b6d0c37d"},{"_id":1518076,"type":"buy","buyer":"badmusgreene","seller":"nftmart.fees","symbol":"SIM","quantity":"4.000","price":"0.00112798","timestamp":1631467620,"volume":"0.00451192","buyTxId":"a6f6f43f8329709bbcb50c2e53a1cf3fe6c88565","sellTxId":"6e3aa537962cd3a9135fa54bacc488f012103edf-0"},{"_id":1518077,"type":"sell","buyer":"badmusgreene","seller":"konvik","symbol":"SIM","quantity":"7988.083","price":"0.00112798","timestamp":1631467623,"volume":"9.01039786","buyTxId":"a6f6f43f8329709bbcb50c2e53a1cf3fe6c88565","sellTxId":"e7bd4212292361fa9c408230ab5a7c66b2d5cf65-1"},{"_id":1518088,"type":"sell","buyer":"badmusgreene","seller":"frugal-fun","symbol":"SIM","quantity":"7.917","price":"0.00112798","timestamp":1631467848,"volume":"0.00893022","buyTxId":"a6f6f43f8329709bbcb50c2e53a1cf3fe6c88565","sellTxId":"019c90b3d572a8f8a4e5a5feaca8dac3c516d1ce"},{"_id":1518092,"type":"sell","buyer":"solovey6o2","seller":"haitch","symbol":"SIM","quantity":"20000.000","price":"0.00107294","timestamp":1631467929,"volume":"21.45880000","buyTxId":"6757ebd2492a398d85530af4621fcc8b55564706","sellTxId":"d204643b0b4a6b5756281fce811781cd813ed516"},{"_id":1518164,"type":"sell","buyer":"pi-trader","seller":"droida","symbol":"SIM","quantity":"0.289","price":"0.00107030","timestamp":1631468745,"volume":"0.00030932","buyTxId":"e08bae737a80a191d93473f62ea1033cbc60e8b8-9","sellTxId":"67c8b18b28101d758907bfd575bf8e26f634bff2"},{"_id":1518168,"type":"sell","buyer":"pi-trader","seller":"haitch","symbol":"SIM","quantity":"17000.000","price":"0.00107037","timestamp":1631469012,"volume":"18.19629000","buyTxId":"30eb668990c3c5859e9c72534a91701a116a9991-5","sellTxId":"85a1fb109a44a1106cec26e30edd83b8cb8be65e"},{"_id":1518199,"type":"sell","buyer":"solovey6o2","seller":"joshh71390","symbol":"SIM","quantity":"4000.000","price":"0.00107049","timestamp":1631469402,"volume":"4.28196000","buyTxId":"7e7b4c959d1b95f3bd41514fed21b739269f1c42","sellTxId":"1550c5c320899be31958af2a3a32369a0bb2d85c"},{"_id":1518249,"type":"sell","buyer":"solovey6o2","seller":"looftee","symbol":"SIM","quantity":"5507.000","price":"0.00107022","timestamp":1631471022,"volume":"5.89370154","buyTxId":"8ac1b3784e28072c3b0e57a497e77a40968b4ac0","sellTxId":"7eba1ae579ff22baa8c6fbc03317428ab352223a"},{"_id":1518307,"type":"sell","buyer":"monsterjamgold","seller":"gamsam","symbol":"SIM","quantity":"2474.000","price":"0.00108000","timestamp":1631472108,"volume":"2.67192000","buyTxId":"636c174ec3b190461171e294cc910294aa276371","sellTxId":"48797e0079deefe027bf89d187ca0b7661403385"},{"_id":1518308,"type":"sell","buyer":"solovey6o2","seller":"gamsam","symbol":"SIM","quantity":"12622.500","price":"0.00107021","timestamp":1631472108,"volume":"13.50872573","buyTxId":"627c1a03d1fa0384221eac150fc50d802a791dd6","sellTxId":"48797e0079deefe027bf89d187ca0b7661403385"},{"_id":1518314,"type":"sell","buyer":"pi-trader","seller":"dhedge-drips","symbol":"SIM","quantity":"0.005","price":"0.00107026","timestamp":1631472324,"volume":"0.00000535","buyTxId":"7b0ae3f10100d1e601e4bad7049db908ed6de3ad-3","sellTxId":"a1bc4ed63184d849b035d19a9bc5101a51ed812b"},{"_id":1518410,"type":"sell","buyer":"monsterjamgold","seller":"bosmob","symbol":"SIM","quantity":"410.000","price":"0.00108000","timestamp":1631474130,"volume":"0.44280000","buyTxId":"61824c1066a91508895076f47d07cb2985e23de8","sellTxId":"6b8fba96c9609f35b9e45b5237a64d8f07c7e2f5"},{"_id":1518411,"type":"sell","buyer":"solovey6o2","seller":"bosmob","symbol":"SIM","quantity":"18984.044","price":"0.00107024","timestamp":1631474130,"volume":"20.31748325","buyTxId":"8af7e59c86c1d74204f81ca2cdd4de719f060fcf","sellTxId":"6b8fba96c9609f35b9e45b5237a64d8f07c7e2f5"},{"_id":1518438,"type":"sell","buyer":"pi-trader","seller":"razam","symbol":"SIM","quantity":"3.000","price":"0.00107037","timestamp":1631474628,"volume":"0.00321111","buyTxId":"3df67a83935e8688dae6e371cd65fa60598f3c75-3","sellTxId":"797f9f0aa019094a61ab4c50513a3c3efbd79997"},{"_id":1518515,"type":"sell","buyer":"pi-trader","seller":"manoldonchev","symbol":"SIM","quantity":"4378.000","price":"0.00107058","timestamp":1631475870,"volume":"4.68699924","buyTxId":"47bece4bcb13fac25a4633585ee2d05788290132-5","sellTxId":"d49a1e2619efd77056ab831192879e54a9bc3ad4"},{"_id":1518540,"type":"sell","buyer":"jelly-cz","seller":"theoriginal86","symbol":"SIM","quantity":"2166.000","price":"0.00107069","timestamp":1631476239,"volume":"2.31911454","buyTxId":"MM-P-10383411-57367552-3-34-0","sellTxId":"75697b154dad55f71a33ed939e887a5558d76dc0"},{"_id":1518560,"type":"sell","buyer":"pi-trader","seller":"simplegame","symbol":"SIM","quantity":"8.074","price":"0.00107080","timestamp":1631476635,"volume":"0.00864564","buyTxId":"0226f5e841e336522b34021fdfa965a72584d0e8-3","sellTxId":"35bc29f7519963031ca0f19cb6e2ba33fb2cb8a8"},{"_id":1518582,"type":"sell","buyer":"solovey6o2","seller":"balte","symbol":"SIM","quantity":"23000.000","price":"0.00107087","timestamp":1631476947,"volume":"24.63001000","buyTxId":"10fce78e539bf0af0ec6c411588461f9d28c7f2f","sellTxId":"1fc7efde12c5cf8507330e3f8a7062eb0fa3ff37"},{"_id":1518601,"type":"sell","buyer":"pi-trader","seller":"fantasycrypto","symbol":"SIM","quantity":"23315.000","price":"0.00107024","timestamp":1631477376,"volume":"24.95264560","buyTxId":"891ebe1baccae1b562ef5e5ff74d50f973fcd0e6-5","sellTxId":"483b95243b067cc72354e88f936610a7a58d2f29"},{"_id":1518609,"type":"sell","buyer":"pi-trader","seller":"tboss83","symbol":"SIM","quantity":"5587.020","price":"0.00107024","timestamp":1631477418,"volume":"5.97945228","buyTxId":"a2358cb0bef72a417594aebcb98ecc762b27272b-3","sellTxId":"10913613b9084d67be1a330b0ae0d7949b8f59e8"},{"_id":1518670,"type":"sell","buyer":"atomcollector","seller":"willsaldeno","symbol":"SIM","quantity":"2000.000","price":"0.00108000","timestamp":1631477973,"volume":"2.16000000","buyTxId":"f00e37e2a4c0dd3ea32594e1608d9c85654e4fca","sellTxId":"7fb0df44b1ad5006070f611c72c3d64a7a01103d"},{"_id":1518672,"type":"sell","buyer":"pi-trader","seller":"willsaldeno","symbol":"SIM","quantity":"248.130","price":"0.00107021","timestamp":1631478081,"volume":"0.26555121","buyTxId":"ea551cdeee295a6c51887be12bd2df4e17e86e0d-3","sellTxId":"e45ead4168c3f45de00b471e83d4992142a17c45"},{"_id":1518698,"type":"sell","buyer":"pi-trader","seller":"dera123","symbol":"SIM","quantity":"13531.448","price":"0.00107027","timestamp":1631478912,"volume":"14.48230285","buyTxId":"c5a60eea4be64258aa5e9ac18a83199dcb3c3289-3","sellTxId":"5be9e2bdab229dd6e3cab7d184e502c3870b0898"},{"_id":1518708,"type":"sell","buyer":"pi-trader","seller":"mary.janikowski","symbol":"SIM","quantity":"50000.000","price":"0.00107021","timestamp":1631479161,"volume":"53.51050000","buyTxId":"7958f216e4e10c588c51360d0d7d8114ff2cc48f-3","sellTxId":"1aafbc84497ec2a97ba4bf2d0efa0a5f2d0a6451"},{"_id":1518709,"type":"sell","buyer":"jelly13","seller":"mary.janikowski","symbol":"SIM","quantity":"18271.905","price":"0.00107020","timestamp":1631479161,"volume":"19.55459273","buyTxId":"889fe2307f5aa979a540a84fddfb8845b17df661","sellTxId":"1aafbc84497ec2a97ba4bf2d0efa0a5f2d0a6451"},{"_id":1518730,"type":"buy","buyer":"pixelfan","seller":"nftmart.fees","symbol":"SIM","quantity":"74.000","price":"0.00107998","timestamp":1631479443,"volume":"0.07991852","buyTxId":"c7abf06fdc4f3a36478669a692d45f393719a329","sellTxId":"ceb1fbf75622d1731e2ef400d96e98cc4aa7a894-0"},{"_id":1518764,"type":"sell","buyer":"jelly-cz","seller":"deathwing","symbol":"SIM","quantity":"0.01","price":"0.00107022","timestamp":1631480106,"volume":"0.00001070","buyTxId":"MM-P-10384407-57368549-3-33-0","sellTxId":"4f00b86309d792e805e7c80021fcc542c9de2d57-0"},{"_id":1518790,"type":"sell","buyer":"jelly-cz","seller":"bigram13","symbol":"SIM","quantity":"13260.000","price":"0.00107022","timestamp":1631480664,"volume":"14.19111720","buyTxId":"MM-P-10384407-57368549-3-33-0","sellTxId":"fc0bf95360638c03749d7b3edb31320e7638f952"},{"_id":1518791,"type":"buy","buyer":"nyxlabs","seller":"nftmart.fees","symbol":"SIM","quantity":"89.000","price":"0.00110999","timestamp":1631480673,"volume":"0.09878911","buyTxId":"31945f95d7c675cbcb2b8150b186e85f0b41003c","sellTxId":"e0e1f9103cde8ebe0a035802d537e75342b0fe48-0"},{"_id":1518792,"type":"buy","buyer":"nyxlabs","seller":"quekery","symbol":"SIM","quantity":"911.000","price":"0.00111000","timestamp":1631480673,"volume":"1.01121000","buyTxId":"31945f95d7c675cbcb2b8150b186e85f0b41003c","sellTxId":"5f3a0bc1639e42b6648d9aa266b012faa4667826"},{"_id":1518807,"type":"sell","buyer":"jelly-cz","seller":"drew0","symbol":"SIM","quantity":"30436.193","price":"0.00107022","timestamp":1631480940,"volume":"32.57342247","buyTxId":"MM-P-10384407-57368549-3-33-0","sellTxId":"e004e5cff551c649d7ff65bfcd8aae6aba28314d"},{"_id":1518850,"type":"sell","buyer":"jelly-cz","seller":"m2nnari","symbol":"SIM","quantity":"2133.908","price":"0.00107022","timestamp":1631481858,"volume":"2.28375102","buyTxId":"MM-P-10384407-57368549-3-33-0","sellTxId":"36bcf02a9cdf2c6574bd6ff780ac7bb7646f4742"},{"_id":1518883,"type":"buy","buyer":"soteyapanbot","seller":"m2nnari","symbol":"SIM","quantity":"931.092","price":"0.00107022","timestamp":1631482560,"volume":"0.99647328","buyTxId":"6a8d56f32ecff54c0917898b2e26ca991f46dd2b","sellTxId":"36bcf02a9cdf2c6574bd6ff780ac7bb7646f4742"},{"_id":1518952,"type":"buy","buyer":"steem-holder","seller":"nftmart.fees","symbol":"SIM","quantity":"69.000","price":"0.00110997","timestamp":1631484444,"volume":"0.07658793","buyTxId":"b9683693c488b1272e2592f0bc9fd5253132a02a","sellTxId":"a539c27e86dc75db7fe267d59f0c27bf5882788f-0"},{"_id":1518955,"type":"buy","buyer":"steem-holder","seller":"quekery","symbol":"SIM","quantity":"89.000","price":"0.00111000","timestamp":1631484474,"volume":"0.09879000","buyTxId":"3000e6ef083469c1bc1ca30f7d9936af2e4e7e90","sellTxId":"5f3a0bc1639e42b6648d9aa266b012faa4667826"},{"_id":1518957,"type":"buy","buyer":"steem-holder","seller":"atomcollector","symbol":"SIM","quantity":"300.000","price":"0.00112000","timestamp":1631484516,"volume":"0.33600000","buyTxId":"203d16ff7e65a79594572781d0e8bb16762a1bf7","sellTxId":"0900550b58a6207721801e33315c92d5e9942d20"},{"_id":1518974,"type":"sell","buyer":"soteyapanbot","seller":"badmusgreene","symbol":"SIM","quantity":"2243.908","price":"0.00107022","timestamp":1631484708,"volume":"2.40147522","buyTxId":"6a8d56f32ecff54c0917898b2e26ca991f46dd2b","sellTxId":"9e0da22b0dc01bb0a794c50a08cd1b0fa8a0d669"},{"_id":1518975,"type":"buy","buyer":"konvik","seller":"badmusgreene","symbol":"SIM","quantity":"5912.595","price":"0.00107022","timestamp":1631484711,"volume":"6.32777742","buyTxId":"7b8ed335b72b21f07fde96a06ade95eecf2fdf03-0","sellTxId":"9e0da22b0dc01bb0a794c50a08cd1b0fa8a0d669"},{"_id":1518977,"type":"sell","buyer":"jelly13","seller":"worldfinances","symbol":"SIM","quantity":"6000.000","price":"0.00107020","timestamp":1631484783,"volume":"6.42120000","buyTxId":"889fe2307f5aa979a540a84fddfb8845b17df661","sellTxId":"15cdae726ac56811dc0b322bba023748ee18ebea"},{"_id":1519036,"type":"sell","buyer":"jelly13","seller":"dripdropp","symbol":"SIM","quantity":"121.175","price":"0.00107020","timestamp":1631485812,"volume":"0.12968149","buyTxId":"889fe2307f5aa979a540a84fddfb8845b17df661","sellTxId":"92749ab473ec95c6e750a4982b639aaad2b14b85"},{"_id":1519084,"type":"sell","buyer":"jelly13","seller":"elricmoonslayer","symbol":"SIM","quantity":"254.009","price":"0.00107020","timestamp":1631486370,"volume":"0.27184043","buyTxId":"889fe2307f5aa979a540a84fddfb8845b17df661","sellTxId":"80074cfbc145e119133ce1c9bd7256f720e6e71f"},{"_id":1519086,"type":"buy","buyer":"pixelfan","seller":"nftmart.fees","symbol":"SIM","quantity":"69.000","price":"0.00111999","timestamp":1631486376,"volume":"0.07727931","buyTxId":"e2de27085bcad12d1e9394b47ecfb87bec8f5fa3","sellTxId":"f343d5fc7a4875a464feae859001a6678cdc701c-0"},{"_id":1519091,"type":"buy","buyer":"pixelfan","seller":"nftmart.fees","symbol":"SIM","quantity":"3.117","price":"0.00111999","timestamp":1631486412,"volume":"0.00349101","buyTxId":"130b24e851914c56ef9f9fd162b9aa2466c75f80","sellTxId":"c383d87b55c601c4cb95c47001d789469f7671af-0"},{"_id":1519092,"type":"buy","buyer":"pixelfan","seller":"nftmart.fees","symbol":"SIM","quantity":"56.883","price":"0.00111999","timestamp":1631486460,"volume":"0.06370839","buyTxId":"0bb620db00c683409ec6755d244eaa515728b54e","sellTxId":"c383d87b55c601c4cb95c47001d789469f7671af-0"},{"_id":1519093,"type":"buy","buyer":"pixelfan","seller":"atomcollector","symbol":"SIM","quantity":"123.117","price":"0.00112000","timestamp":1631486460,"volume":"0.13789104","buyTxId":"0bb620db00c683409ec6755d244eaa515728b54e","sellTxId":"0900550b58a6207721801e33315c92d5e9942d20"},{"_id":1519095,"type":"buy","buyer":"pixelfan","seller":"atomcollector","symbol":"SIM","quantity":"450.000","price":"0.00112000","timestamp":1631486526,"volume":"0.50400000","buyTxId":"0c4c8d95d7c373b08695e0834bad726327539e16","sellTxId":"0900550b58a6207721801e33315c92d5e9942d20"},{"_id":1519113,"type":"buy","buyer":"boycharliefamily","seller":"atomcollector","symbol":"SIM","quantity":"1126.883","price":"0.00112000","timestamp":1631487081,"volume":"1.26210896","buyTxId":"7c2d5904b570b03414f784804a07a8ee8312d437","sellTxId":"0900550b58a6207721801e33315c92d5e9942d20"},{"_id":1519114,"type":"sell","buyer":"boycharliefamily","seller":"konvik","symbol":"SIM","quantity":"42143.852","price":"0.00112000","timestamp":1631487084,"volume":"47.20111424","buyTxId":"7c2d5904b570b03414f784804a07a8ee8312d437","sellTxId":"46be9a86422e0b160250b1eae74e8ad016096e1c-1"},{"_id":1519125,"type":"sell","buyer":"boycharliefamily","seller":"mapac","symbol":"SIM","quantity":"41.765","price":"0.00112000","timestamp":1631487378,"volume":"0.04677680","buyTxId":"7c2d5904b570b03414f784804a07a8ee8312d437","sellTxId":"88ac53aa9210555505010b65471d8428834310a3"},{"_id":1519156,"type":"buy","buyer":"cryptobandito01","seller":"nftmart.fees","symbol":"SIM","quantity":"115.000","price":"0.00111999","timestamp":1631487906,"volume":"0.12879885","buyTxId":"4cd6b16fe13f8074b85ab06790007166c9129b57","sellTxId":"90aa9d1d62f775ffa27a4848eab59e7c5deffe06-0"},{"_id":1519157,"type":"buy","buyer":"cryptobandito01","seller":"mapac","symbol":"SIM","quantity":"846.235","price":"0.00112000","timestamp":1631487906,"volume":"0.94778320","buyTxId":"4cd6b16fe13f8074b85ab06790007166c9129b57","sellTxId":"88ac53aa9210555505010b65471d8428834310a3"},{"_id":1519180,"type":"sell","buyer":"cryptobandito01","seller":"taitux","symbol":"SIM","quantity":"38.765","price":"0.00112000","timestamp":1631488563,"volume":"0.04341680","buyTxId":"4cd6b16fe13f8074b85ab06790007166c9129b57","sellTxId":"d9cf5c5cdcc00f7171c95f66933dcd5915e68476"},{"_id":1519214,"type":"sell","buyer":"solovey6o2","seller":"edwardkings","symbol":"SIM","quantity":"1447.291","price":"0.00107040","timestamp":1631489346,"volume":"1.54918029","buyTxId":"85e629eba871166501f65295a94da4c4040f2e54","sellTxId":"4d7c4f2f00daba1723dff39193a8c13615905133"},{"_id":1519226,"type":"buy","buyer":"solovey6o2","seller":"lulu-the-fizzgig","symbol":"SIM","quantity":"2000.000","price":"0.00107027","timestamp":1631489463,"volume":"2.14054000","buyTxId":"a22eb2e93fdb9c8b2eb5ec6075fefa45219f9694","sellTxId":"387d236bbb006c7c9fc85fd18d907e3b3f70541a"},{"_id":1519232,"type":"sell","buyer":"pi-trader","seller":"inri","symbol":"SIM","quantity":"41456.399","price":"0.00107021","timestamp":1631489526,"volume":"44.36705277","buyTxId":"8a5ad533376f0502b0430df7b8a1cb746603be39-5","sellTxId":"14f095f56f5365dd7ac5e6639037d341b329274a"},{"_id":1519254,"type":"sell","buyer":"solovey6o2","seller":"elevator09","symbol":"SIM","quantity":"4200.000","price":"0.00107021","timestamp":1631490240,"volume":"4.49488200","buyTxId":"8a8fc89bf2699f3ce4bcb6b7100ea4770d919151","sellTxId":"ecfbb48ffee9a9e01d52849e6e215d77640f3201"},{"_id":1519532,"type":"sell","buyer":"solovey6o2","seller":"themightyvolcano","symbol":"SIM","quantity":"19249.851","price":"0.00107021","timestamp":1631493348,"volume":"20.60138304","buyTxId":"8a8fc89bf2699f3ce4bcb6b7100ea4770d919151","sellTxId":"a320707d29145f2537897d1c9e46f4d6e2db9a66"},{"_id":1519533,"type":"sell","buyer":"jelly13","seller":"themightyvolcano","symbol":"SIM","quantity":"15205.149","price":"0.00107020","timestamp":1631493348,"volume":"16.27255046","buyTxId":"889fe2307f5aa979a540a84fddfb8845b17df661","sellTxId":"a320707d29145f2537897d1c9e46f4d6e2db9a66"},{"_id":1519701,"type":"sell","buyer":"jelly13","seller":"crypto-dz","symbol":"SIM","quantity":"4574.000","price":"0.00107020","timestamp":1631493975,"volume":"4.89509480","buyTxId":"889fe2307f5aa979a540a84fddfb8845b17df661","sellTxId":"43dc2edcf58e6432dbab3fe928158523e5daf5c3"},{"_id":1519711,"type":"sell","buyer":"jelly13","seller":"motu1","symbol":"SIM","quantity":"1181.000","price":"0.00107020","timestamp":1631494044,"volume":"1.26390620","buyTxId":"889fe2307f5aa979a540a84fddfb8845b17df661","sellTxId":"efd1a21d0d0115f5cafbd0e2f6c2c396c5f2e892"},{"_id":1519883,"type":"buy","buyer":"wizzitywillican","seller":"nftmart.fees","symbol":"SIM","quantity":"88.000","price":"0.00111895","timestamp":1631495694,"volume":"0.09846760","buyTxId":"269d176f0adaf89295c4a3b9d45d0683810e9f76","sellTxId":"02e4c3212b6c807b8395f76d89f7fcffae78c640-0"},{"_id":1519884,"type":"buy","buyer":"wizzitywillican","seller":"lulu-the-fizzgig","symbol":"SIM","quantity":"359.000","price":"0.00111900","timestamp":1631495694,"volume":"0.40172100","buyTxId":"269d176f0adaf89295c4a3b9d45d0683810e9f76","sellTxId":"761597fdbed20c3e8e26a84eb1f40adc11aadbe3"},{"_id":1519947,"type":"buy","buyer":"cryptobandito01","seller":"nftmart.fees","symbol":"SIM","quantity":"88.000","price":"0.00111899","timestamp":1631497173,"volume":"0.09847112","buyTxId":"390706db7e83b33604ea447b0f4695c40e08f185","sellTxId":"02446f71fea5d4b409e7f59e8864128af59e036f-0"},{"_id":1519948,"type":"buy","buyer":"cryptobandito01","seller":"lulu-the-fizzgig","symbol":"SIM","quantity":"642.431","price":"0.00111900","timestamp":1631497173,"volume":"0.71888029","buyTxId":"390706db7e83b33604ea447b0f4695c40e08f185","sellTxId":"761597fdbed20c3e8e26a84eb1f40adc11aadbe3"},{"_id":1519949,"type":"buy","buyer":"cryptobandito01","seller":"taitux","symbol":"SIM","quantity":"269.569","price":"0.00112000","timestamp":1631497173,"volume":"0.30191728","buyTxId":"390706db7e83b33604ea447b0f4695c40e08f185","sellTxId":"d9cf5c5cdcc00f7171c95f66933dcd5915e68476"},{"_id":1519951,"type":"buy","buyer":"cryptobandito01","seller":"taitux","symbol":"SIM","quantity":"1800.000","price":"0.00112000","timestamp":1631497203,"volume":"2.01600000","buyTxId":"09871219ea7b6bea8c0e323bb334074d4f1ace33","sellTxId":"d9cf5c5cdcc00f7171c95f66933dcd5915e68476"},{"_id":1519954,"type":"buy","buyer":"cryptobandito01","seller":"nftmart.fees","symbol":"SIM","quantity":"77.000","price":"0.00111999","timestamp":1631497230,"volume":"0.08623923","buyTxId":"5e0cc6f27401c3f93a9aa0f31127a26d5f689692","sellTxId":"5b8edde28e0a497907b147176db89fcd44dc436b-0"},{"_id":1519955,"type":"buy","buyer":"cryptobandito01","seller":"taitux","symbol":"SIM","quantity":"3.000","price":"0.00112000","timestamp":1631497230,"volume":"0.00336000","buyTxId":"5e0cc6f27401c3f93a9aa0f31127a26d5f689692","sellTxId":"d9cf5c5cdcc00f7171c95f66933dcd5915e68476"},{"_id":1519956,"type":"buy","buyer":"rb3coins","seller":"taitux","symbol":"SIM","quantity":"4.666","price":"0.00112000","timestamp":1631497236,"volume":"0.00522592","buyTxId":"b9887bab28e147100e29a00a5a5ccd2fbab73af3","sellTxId":"d9cf5c5cdcc00f7171c95f66933dcd5915e68476"},{"_id":1519957,"type":"buy","buyer":"cryptobandito01","seller":"dhedge-drips","symbol":"SIM","quantity":"0.005","price":"0.00112796","timestamp":1631497251,"volume":"0.00000564","buyTxId":"e96f83b6f51b3ef57edd926f673d583b6b9ccc52","sellTxId":"7b0d6a84b4753b4a9087b5c4003d25f46e52be72"},{"_id":1519958,"type":"buy","buyer":"cryptobandito01","seller":"sethi","symbol":"SIM","quantity":"999.995","price":"0.00112800","timestamp":1631497251,"volume":"1.12799436","buyTxId":"e96f83b6f51b3ef57edd926f673d583b6b9ccc52","sellTxId":"7e1387a7795a46b4e6dc6d1720f4088da31b6245"},{"_id":1519961,"type":"buy","buyer":"cryptobandito01","seller":"sethi","symbol":"SIM","quantity":"217.063","price":"0.00112800","timestamp":1631497377,"volume":"0.24484706","buyTxId":"9fd1df698a6752e075f393482d4333c66218ca19","sellTxId":"7e1387a7795a46b4e6dc6d1720f4088da31b6245"},{"_id":1519962,"type":"buy","buyer":"cryptobandito01","seller":"sethi","symbol":"SIM","quantity":"1782.937","price":"0.00112800","timestamp":1631497377,"volume":"2.01115294","buyTxId":"9fd1df698a6752e075f393482d4333c66218ca19","sellTxId":"0b1c33bdc2f98cc21a1c726139f8f3d6e346339f"},{"_id":1519995,"type":"sell","buyer":"rb3coins","seller":"blockchainleo","symbol":"SIM","quantity":"62.101","price":"0.00112796","timestamp":1631498067,"volume":"0.07004744","buyTxId":"984088bff67c279369009090ff0aac676839a1d3","sellTxId":"8ec5517e07b1557b1fbe52be4b943eb155b9017f"},{"_id":1520028,"type":"sell","buyer":"rb3coins","seller":"andy4475","symbol":"SIM","quantity":"48.064","price":"0.00112796","timestamp":1631498739,"volume":"0.05421427","buyTxId":"984088bff67c279369009090ff0aac676839a1d3","sellTxId":"b0e341d636cafe0576b3d0791c60e608276c759d"},{"_id":1520049,"type":"sell","buyer":"rb3coins","seller":"theguruasia","symbol":"SIM","quantity":"139.835","price":"0.00112796","timestamp":1631499477,"volume":"0.15772829","buyTxId":"984088bff67c279369009090ff0aac676839a1d3","sellTxId":"3cd8ea86894143a70b5020997de86f30ac7bf54d"},{"_id":1520052,"type":"sell","buyer":"rb3coins","seller":"theguruasia","symbol":"SIM","quantity":"85.334","price":"0.00112000","timestamp":1631499525,"volume":"0.09557408","buyTxId":"b9887bab28e147100e29a00a5a5ccd2fbab73af3","sellTxId":"4fbc3d52f216f8a1a17f02925f063f1ecbd5971b"},{"_id":1520053,"type":"sell","buyer":"jelly13","seller":"theguruasia","symbol":"SIM","quantity":"13116.169","price":"0.00107020","timestamp":1631499552,"volume":"14.03692406","buyTxId":"889fe2307f5aa979a540a84fddfb8845b17df661","sellTxId":"278ef09ce2c885caedf9c0487292566a7bbe7878"