{"index": {"_index":"sim","_id":"1205208"}}
	{"id":1205208,"type":"sell","buyer":"dcityfund","seller":"goldcoin","symbol":"SIM","quantity":"28.618","price":"0.00108400","timestamp":1625799489,"volume":"0.03102191","buyTxId":"9b16d7b0ee22d1c253dfa765c1d18d600a8205d7","sellTxId":"dd0a98d60e3b35a32d00305e95d7f519e3449ebd"}
{"index": {"_index":"sim","_id":"1205270"}}
	{"id":1205270,"type":"sell","buyer":"dcityfund","seller":"daveks","symbol":"SIM","quantity":"9546.923","price":"0.00108400","timestamp":1625801757,"volume":"10.34886453","buyTxId":"9b16d7b0ee22d1c253dfa765c1d18d600a8205d7","sellTxId":"efd4216280262f6d345787c9592742aab0879535"}
{"index": {"_index":"sim","_id":"1205271"}}
	{"id":1205271,"type":"sell","buyer":"freebornsociety","seller":"daveks","symbol":"SIM","quantity":"1193.077","price":"0.00108240","timestamp":1625801757,"volume":"1.29138654","buyTxId":"MM-P-8499337-55478651-3-4-0","sellTxId":"efd4216280262f6d345787c9592742aab0879535"}
{"index": {"_index":"sim","_id":"1205276"}}
	{"id":1205276,"type":"sell","buyer":"freebornsociety","seller":"goldcoin","symbol":"SIM","quantity":"35.703","price":"0.00108240","timestamp":1625802282,"volume":"0.03864493","buyTxId":"MM-P-8499337-55478651-3-4-0","sellTxId":"1c83b17c98eb3c73faab94a2f0145d5daed328e2"}
{"index": {"_index":"sim","_id":"1205315"}}
	{"id":1205315,"type":"sell","buyer":"freebornsociety","seller":"krakonos","symbol":"SIM","quantity":"30.810","price":"0.00108240","timestamp":1625804658,"volume":"0.03334874","buyTxId":"MM-P-8499337-55478651-3-4-0","sellTxId":"6f4a4ad935835b2ff10068b5acef7300b5b2c939"}
{"index": {"_index":"sim","_id":"1205329"}}
	{"id":1205329,"type":"sell","buyer":"freebornsociety","seller":"oks2crypto","symbol":"SIM","quantity":"0.001","price":"0.00108240","timestamp":1625805153,"volume":"0.00000108","buyTxId":"MM-P-8499337-55478651-3-4-0","sellTxId":"c3bb812d822903a972a787ecabd34f5f1344e745"}
{"index": {"_index":"sim","_id":"1205344"}}
	{"id":1205344,"type":"sell","buyer":"freebornsociety","seller":"lionsuit","symbol":"SIM","quantity":"3.494","price":"0.00108240","timestamp":1625805564,"volume":"0.00378191","buyTxId":"MM-P-8499337-55478651-3-4-0","sellTxId":"0524dec6e1dccaef637a67a5680d5ed7e98e4edc"}
{"index": {"_index":"sim","_id":"1205366"}}
	{"id":1205366,"type":"buy","buyer":"joshh71390","seller":"nftmart.fees","symbol":"SIM","quantity":"228.000","price":"0.00113094","timestamp":1625807166,"volume":"0.25785432","buyTxId":"874ea7ae5d5dd9ceb5f51e1c38e94b4f4b1c4470","sellTxId":"1f6df60428cd0e8fd23186e103efcdd2bd108281-0"}
{"index": {"_index":"sim","_id":"1205367"}}
	{"id":1205367,"type":"buy","buyer":"joshh71390","seller":"half-fast","symbol":"SIM","quantity":"54.188","price":"0.00113099","timestamp":1625807166,"volume":"0.06128609","buyTxId":"874ea7ae5d5dd9ceb5f51e1c38e94b4f4b1c4470","sellTxId":"de6f980bb0d4c35e87a991e7fdb796919d99a6a5"}
{"index": {"_index":"sim","_id":"1205368"}}
	{"id":1205368,"type":"buy","buyer":"joshh71390","seller":"dcityfund","symbol":"SIM","quantity":"265.982","price":"0.00113200","timestamp":1625807166,"volume":"0.30109162","buyTxId":"874ea7ae5d5dd9ceb5f51e1c38e94b4f4b1c4470","sellTxId":"8e56c9df76dc2db779039a6dc10db653a6455c9c"}
{"index": {"_index":"sim","_id":"1205369"}}
	{"id":1205369,"type":"buy","buyer":"joshh71390","seller":"dcityfund","symbol":"SIM","quantity":"1359.170","price":"0.00113200","timestamp":1625807166,"volume":"1.53858044","buyTxId":"874ea7ae5d5dd9ceb5f51e1c38e94b4f4b1c4470","sellTxId":"0d20d4fdbae5040b4d554025574f98c5144f46a4"}
{"index": {"_index":"sim","_id":"1205370"}}
	{"id":1205370,"type":"buy","buyer":"joshh71390","seller":"dcityfund","symbol":"SIM","quantity":"1337.663","price":"0.00113200","timestamp":1625807166,"volume":"1.51423452","buyTxId":"874ea7ae5d5dd9ceb5f51e1c38e94b4f4b1c4470","sellTxId":"c9bb89e99fb9cb07c3015c4dc4f0b66fd5ce0ed7"}
{"index": {"_index":"sim","_id":"1205371"}}
	{"id":1205371,"type":"buy","buyer":"joshh71390","seller":"dcityfund","symbol":"SIM","quantity":"1316.463","price":"0.00113200","timestamp":1625807166,"volume":"1.49023612","buyTxId":"874ea7ae5d5dd9ceb5f51e1c38e94b4f4b1c4470","sellTxId":"d9e3b29b620456c014bca0162298d3ffb61e7d25"}
{"index": {"_index":"sim","_id":"1205372"}}
	{"id":1205372,"type":"buy","buyer":"joshh71390","seller":"dcityfund","symbol":"SIM","quantity":"1295.507","price":"0.00113200","timestamp":1625807166,"volume":"1.46651392","buyTxId":"874ea7ae5d5dd9ceb5f51e1c38e94b4f4b1c4470","sellTxId":"428000f8b1b1f228739080e2534c594240e94419"}
{"index": {"_index":"sim","_id":"1205373"}}
	{"id":1205373,"type":"buy","buyer":"joshh71390","seller":"dcityfund","symbol":"SIM","quantity":"1274.851","price":"0.00113200","timestamp":1625807166,"volume":"1.44313133","buyTxId":"874ea7ae5d5dd9ceb5f51e1c38e94b4f4b1c4470","sellTxId":"0574ad515194a8625698d27b611a92f9aaf3d2a3"}
{"index": {"_index":"sim","_id":"1205374"}}
	{"id":1205374,"type":"buy","buyer":"joshh71390","seller":"dcityfund","symbol":"SIM","quantity":"1254.434","price":"0.00113200","timestamp":1625807166,"volume":"1.42001929","buyTxId":"874ea7ae5d5dd9ceb5f51e1c38e94b4f4b1c4470","sellTxId":"32dd4d37255b9deefd15ea63518e119963d22886"}
{"index": {"_index":"sim","_id":"1205375"}}
	{"id":1205375,"type":"buy","buyer":"joshh71390","seller":"dcityfund","symbol":"SIM","quantity":"1234.317","price":"0.00113200","timestamp":1625807166,"volume":"1.39724684","buyTxId":"874ea7ae5d5dd9ceb5f51e1c38e94b4f4b1c4470","sellTxId":"542c65e1791a9221c1ce2964511e8de7f5f6ee42"}
{"index": {"_index":"sim","_id":"1205376"}}
	{"id":1205376,"type":"buy","buyer":"joshh71390","seller":"dcityfund","symbol":"SIM","quantity":"1214.463","price":"0.00113200","timestamp":1625807166,"volume":"1.37477212","buyTxId":"874ea7ae5d5dd9ceb5f51e1c38e94b4f4b1c4470","sellTxId":"f27787322dd0d19f58f0e66ddbaa3127e3fd189a"}
{"index": {"_index":"sim","_id":"1205377"}}
	{"id":1205377,"type":"buy","buyer":"joshh71390","seller":"dcityfund","symbol":"SIM","quantity":"1375.999","price":"0.00113200","timestamp":1625807166,"volume":"1.55763087","buyTxId":"874ea7ae5d5dd9ceb5f51e1c38e94b4f4b1c4470","sellTxId":"e2d9576bd5d1ddf7e37c04aad08829a8a29c7dbf"}
{"index": {"_index":"sim","_id":"1205378"}}
	{"id":1205378,"type":"buy","buyer":"joshh71390","seller":"dcityfund","symbol":"SIM","quantity":"1368.761","price":"0.00113200","timestamp":1625807166,"volume":"1.54943745","buyTxId":"874ea7ae5d5dd9ceb5f51e1c38e94b4f4b1c4470","sellTxId":"2c3de24f517b62505268da83b7b7a40fa0b200ed"}
{"index": {"_index":"sim","_id":"1205379"}}
	{"id":1205379,"type":"buy","buyer":"joshh71390","seller":"dcityfund","symbol":"SIM","quantity":"1346.589","price":"0.00113200","timestamp":1625807166,"volume":"1.52433875","buyTxId":"874ea7ae5d5dd9ceb5f51e1c38e94b4f4b1c4470","sellTxId":"af21d869aef79254b8a8334bf7e3d5e04ff07f47"}
{"index": {"_index":"sim","_id":"1205380"}}
	{"id":1205380,"type":"buy","buyer":"joshh71390","seller":"dcityfund","symbol":"SIM","quantity":"73.613","price":"0.00113200","timestamp":1625807166,"volume":"0.08332992","buyTxId":"874ea7ae5d5dd9ceb5f51e1c38e94b4f4b1c4470","sellTxId":"a3a342fca6be0141726bc78b6856e2e6025c7fda"}
{"index": {"_index":"sim","_id":"1205382"}}
	{"id":1205382,"type":"buy","buyer":"joshh71390","seller":"dcityfund","symbol":"SIM","quantity":"1251.072","price":"0.00113200","timestamp":1625807283,"volume":"1.41621350","buyTxId":"d4bcb1b070a00e18b38dd4f537ec5816f260474c","sellTxId":"a3a342fca6be0141726bc78b6856e2e6025c7fda"}
{"index": {"_index":"sim","_id":"1205383"}}
	{"id":1205383,"type":"buy","buyer":"joshh71390","seller":"dcityfund","symbol":"SIM","quantity":"1303.109","price":"0.00113200","timestamp":1625807283,"volume":"1.47511939","buyTxId":"d4bcb1b070a00e18b38dd4f537ec5816f260474c","sellTxId":"3f46edc52079abc8cff01798447f67d27aa5db81"}
{"index": {"_index":"sim","_id":"1205384"}}
	{"id":1205384,"type":"buy","buyer":"joshh71390","seller":"dcityfund","symbol":"SIM","quantity":"1281.827","price":"0.00113200","timestamp":1625807283,"volume":"1.45102816","buyTxId":"d4bcb1b070a00e18b38dd4f537ec5816f260474c","sellTxId":"28b8b597d372b41c36579fe50dd8518f1b8463f5"}
{"index": {"_index":"sim","_id":"1205385"}}
	{"id":1205385,"type":"buy","buyer":"joshh71390","seller":"qwerrie","symbol":"SIM","quantity":"259.515","price":"0.00113200","timestamp":1625807283,"volume":"0.29377098","buyTxId":"d4bcb1b070a00e18b38dd4f537ec5816f260474c","sellTxId":"a0f72bd961e11d29e87d15d2bb4dd2f4a52aefcf"}
{"index": {"_index":"sim","_id":"1205386"}}
	{"id":1205386,"type":"buy","buyer":"joshh71390","seller":"dcityfund","symbol":"SIM","quantity":"1260.838","price":"0.00113200","timestamp":1625807283,"volume":"1.42726862","buyTxId":"d4bcb1b070a00e18b38dd4f537ec5816f260474c","sellTxId":"b52c3ed3bb50fd1e50fd7255f66790907b7d173a"}
{"index": {"_index":"sim","_id":"1205387"}}
	{"id":1205387,"type":"buy","buyer":"joshh71390","seller":"dcityfund","symbol":"SIM","quantity":"1240.137","price":"0.00113200","timestamp":1625807283,"volume":"1.40383508","buyTxId":"d4bcb1b070a00e18b38dd4f537ec5816f260474c","sellTxId":"f1e77e99104f576115bfbe452ae32eaefb3a3bad"}
{"index": {"_index":"sim","_id":"1205388"}}
	{"id":1205388,"type":"buy","buyer":"joshh71390","seller":"dcityfund","symbol":"SIM","quantity":"1219.752","price":"0.00113200","timestamp":1625807283,"volume":"1.38075926","buyTxId":"d4bcb1b070a00e18b38dd4f537ec5816f260474c","sellTxId":"d67adf727c355927b70e3943ee461f96b91147bf"}
{"index": {"_index":"sim","_id":"1205389"}}
	{"id":1205389,"type":"buy","buyer":"joshh71390","seller":"dcityfund","symbol":"SIM","quantity":"1199.652","price":"0.00113200","timestamp":1625807283,"volume":"1.35800606","buyTxId":"d4bcb1b070a00e18b38dd4f537ec5816f260474c","sellTxId":"d709ee4238d4bcfad6e9a0e8df6f4e3656f5e04b"}
{"index": {"_index":"sim","_id":"1205390"}}
	{"id":1205390,"type":"buy","buyer":"joshh71390","seller":"dcityfund","symbol":"SIM","quantity":"1179.857","price":"0.00113200","timestamp":1625807283,"volume":"1.33559812","buyTxId":"d4bcb1b070a00e18b38dd4f537ec5816f260474c","sellTxId":"af4dafcaebfda7031a7e69a57289deafe4b1c984"}
{"index": {"_index":"sim","_id":"1205391"}}
	{"id":1205391,"type":"buy","buyer":"joshh71390","seller":"dcityfund","symbol":"SIM","quantity":"1160.315","price":"0.00113200","timestamp":1625807283,"volume":"1.31347658","buyTxId":"d4bcb1b070a00e18b38dd4f537ec5816f260474c","sellTxId":"768322a31556415033469f70429722dcb1716660"}
{"index": {"_index":"sim","_id":"1205392"}}
	{"id":1205392,"type":"buy","buyer":"joshh71390","seller":"dcityfund","symbol":"SIM","quantity":"1141.074","price":"0.00113200","timestamp":1625807283,"volume":"1.29169577","buyTxId":"d4bcb1b070a00e18b38dd4f537ec5816f260474c","sellTxId":"20503ffb16d3fd673528e0586f899f6a0141a082"}
{"index": {"_index":"sim","_id":"1205393"}}
	{"id":1205393,"type":"buy","buyer":"joshh71390","seller":"dcityfund","symbol":"SIM","quantity":"1122.131","price":"0.00113200","timestamp":1625807283,"volume":"1.27025229","buyTxId":"d4bcb1b070a00e18b38dd4f537ec5816f260474c","sellTxId":"33ffa34c19a0c66d47e7852029402e84cdceb49b"}
{"index": {"_index":"sim","_id":"1205394"}}
	{"id":1205394,"type":"buy","buyer":"joshh71390","seller":"dcityfund","symbol":"SIM","quantity":"1103.455","price":"0.00113200","timestamp":1625807283,"volume":"1.24911106","buyTxId":"d4bcb1b070a00e18b38dd4f537ec5816f260474c","sellTxId":"c3888779aed354da032f9513472ddd6eaac07950"}
{"index": {"_index":"sim","_id":"1205395"}}
	{"id":1205395,"type":"buy","buyer":"joshh71390","seller":"dcityfund","symbol":"SIM","quantity":"1085.048","price":"0.00113200","timestamp":1625807283,"volume":"1.22827434","buyTxId":"d4bcb1b070a00e18b38dd4f537ec5816f260474c","sellTxId":"d8a4850f2f4bfacd8295d5c335ecd3c79f1096f3"}
{"index": {"_index":"sim","_id":"1205396"}}
	{"id":1205396,"type":"buy","buyer":"joshh71390","seller":"dcityfund","symbol":"SIM","quantity":"1066.903","price":"0.00113200","timestamp":1625807283,"volume":"1.20773420","buyTxId":"d4bcb1b070a00e18b38dd4f537ec5816f260474c","sellTxId":"488d0eba3bc57556d6bd8f91187a8447f9c95488"}
{"index": {"_index":"sim","_id":"1205397"}}
	{"id":1205397,"type":"buy","buyer":"joshh71390","seller":"dcityfund","symbol":"SIM","quantity":"1228.025","price":"0.00113200","timestamp":1625807283,"volume":"1.39012430","buyTxId":"d4bcb1b070a00e18b38dd4f537ec5816f260474c","sellTxId":"be02740a95af82690c52a555e2324ba733302f03"}
{"index": {"_index":"sim","_id":"1205398"}}
	{"id":1205398,"type":"buy","buyer":"joshh71390","seller":"dcityfund","symbol":"SIM","quantity":"1220.578","price":"0.00113200","timestamp":1625807283,"volume":"1.38169430","buyTxId":"d4bcb1b070a00e18b38dd4f537ec5816f260474c","sellTxId":"978f4ea1fbfe9d981faceedc9bda17dba5a8cb0b"}
{"index": {"_index":"sim","_id":"1205399"}}
	{"id":1205399,"type":"buy","buyer":"joshh71390","seller":"dcityfund","symbol":"SIM","quantity":"1200.076","price":"0.00113200","timestamp":1625807283,"volume":"1.35848603","buyTxId":"d4bcb1b070a00e18b38dd4f537ec5816f260474c","sellTxId":"efe4ea751fd1ac83a1f8c478dabecae015a5dc80"}
{"index": {"_index":"sim","_id":"1205400"}}
	{"id":1205400,"type":"buy","buyer":"joshh71390","seller":"dcityfund","symbol":"SIM","quantity":"1179.871","price":"0.00113200","timestamp":1625807283,"volume":"1.33561397","buyTxId":"d4bcb1b070a00e18b38dd4f537ec5816f260474c","sellTxId":"236f699cb458eb43acb996aaf9631a5a1b36b509"}
{"index": {"_index":"sim","_id":"1205401"}}
	{"id":1205401,"type":"buy","buyer":"joshh71390","seller":"dcityfund","symbol":"SIM","quantity":"1159.986","price":"0.00113200","timestamp":1625807283,"volume":"1.31310415","buyTxId":"d4bcb1b070a00e18b38dd4f537ec5816f260474c","sellTxId":"b3c378242b5983af35415ebbc61402c860576016"}
{"index": {"_index":"sim","_id":"1205402"}}
	{"id":1205402,"type":"buy","buyer":"joshh71390","seller":"dcityfund","symbol":"SIM","quantity":"1140.392","price":"0.00113200","timestamp":1625807283,"volume":"1.29092374","buyTxId":"d4bcb1b070a00e18b38dd4f537ec5816f260474c","sellTxId":"f0ecdc4ff2fed077a4414aa420ed0998d7383015"}
{"index": {"_index":"sim","_id":"1205403"}}
	{"id":1205403,"type":"buy","buyer":"joshh71390","seller":"dcityfund","symbol":"SIM","quantity":"1121.111","price":"0.00113200","timestamp":1625807283,"volume":"1.26909765","buyTxId":"d4bcb1b070a00e18b38dd4f537ec5816f260474c","sellTxId":"442bd0b24d33123d7c812ce6553ef8f7ad77278c"}
{"index": {"_index":"sim","_id":"1205404"}}
	{"id":1205404,"type":"buy","buyer":"joshh71390","seller":"dcityfund","symbol":"SIM","quantity":"1102.136","price":"0.00113200","timestamp":1625807283,"volume":"1.24761795","buyTxId":"d4bcb1b070a00e18b38dd4f537ec5816f260474c","sellTxId":"cd065fb7dd6fb73279cddcc880a94bebb352db9c"}
{"index": {"_index":"sim","_id":"1205405"}}
	{"id":1205405,"type":"buy","buyer":"joshh71390","seller":"dcityfund","symbol":"SIM","quantity":"1083.419","price":"0.00113200","timestamp":1625807283,"volume":"1.22643031","buyTxId":"d4bcb1b070a00e18b38dd4f537ec5816f260474c","sellTxId":"a76b32cd20d35b6fe32d6c0fea8508b02c6fd654"}
{"index": {"_index":"sim","_id":"1205406"}}
	{"id":1205406,"type":"buy","buyer":"joshh71390","seller":"dcityfund","symbol":"SIM","quantity":"1065.026","price":"0.00113200","timestamp":1625807283,"volume":"1.20560943","buyTxId":"d4bcb1b070a00e18b38dd4f537ec5816f260474c","sellTxId":"f7f272e72c7596c590b7ff8835d050e40ee7ec12"}
{"index": {"_index":"sim","_id":"1205407"}}
	{"id":1205407,"type":"buy","buyer":"joshh71390","seller":"dcityfund","symbol":"SIM","quantity":"1046.882","price":"0.00113200","timestamp":1625807283,"volume":"1.18507042","buyTxId":"d4bcb1b070a00e18b38dd4f537ec5816f260474c","sellTxId":"edf67a8f99ef7495eb197b841dd6a71118ef8cf2"}
{"index": {"_index":"sim","_id":"1205408"}}
	{"id":1205408,"type":"buy","buyer":"joshh71390","seller":"dcityfund","symbol":"SIM","quantity":"1029.055","price":"0.00113200","timestamp":1625807283,"volume":"1.16489026","buyTxId":"d4bcb1b070a00e18b38dd4f537ec5816f260474c","sellTxId":"f29bb38c478b338b6edb801c3223ffe1211b572f"}
{"index": {"_index":"sim","_id":"1205409"}}
	{"id":1205409,"type":"buy","buyer":"joshh71390","seller":"dcityfund","symbol":"SIM","quantity":"1011.493","price":"0.00113200","timestamp":1625807283,"volume":"1.14501008","buyTxId":"d4bcb1b070a00e18b38dd4f537ec5816f260474c","sellTxId":"065e029ebb1e673605325c39bac9ebaddfce5a3c"}
{"index": {"_index":"sim","_id":"1205410"}}
	{"id":1205410,"type":"buy","buyer":"joshh71390","seller":"dcityfund","symbol":"SIM","quantity":"1021.442","price":"0.00113200","timestamp":1625807283,"volume":"1.15627234","buyTxId":"d4bcb1b070a00e18b38dd4f537ec5816f260474c","sellTxId":"1b91287df1cf6134d80c0798ee6b40fb2e5ae3c0"}
{"index": {"_index":"sim","_id":"1205411"}}
	{"id":1205411,"type":"buy","buyer":"joshh71390","seller":"dcityfund","symbol":"SIM","quantity":"1003.958","price":"0.00113200","timestamp":1625807283,"volume":"1.13648046","buyTxId":"d4bcb1b070a00e18b38dd4f537ec5816f260474c","sellTxId":"7b510357fef0fe43958fec1ae2d9f5bd3c4e3381"}
{"index": {"_index":"sim","_id":"1205412"}}
	{"id":1205412,"type":"buy","buyer":"joshh71390","seller":"dcityfund","symbol":"SIM","quantity":"986.759","price":"0.00113200","timestamp":1625807283,"volume":"1.11701119","buyTxId":"d4bcb1b070a00e18b38dd4f537ec5816f260474c","sellTxId":"9ccc69d7a13d86cc5a14f737b6b937aebf193e9b"}
{"index": {"_index":"sim","_id":"1205413"}}
	{"id":1205413,"type":"buy","buyer":"joshh71390","seller":"dcityfund","symbol":"SIM","quantity":"969.820","price":"0.00113200","timestamp":1625807283,"volume":"1.09783624","buyTxId":"d4bcb1b070a00e18b38dd4f537ec5816f260474c","sellTxId":"ed33739c82ea15c0b09a4a94b520553dee85d0c8"}
{"index": {"_index":"sim","_id":"1205414"}}
	{"id":1205414,"type":"buy","buyer":"joshh71390","seller":"dcityfund","symbol":"SIM","quantity":"953.158","price":"0.00113200","timestamp":1625807283,"volume":"1.07897486","buyTxId":"d4bcb1b070a00e18b38dd4f537ec5816f260474c","sellTxId":"d9016e41fe9ce214574d22ef58201d29db2a868f"}
{"index": {"_index":"sim","_id":"1205415"}}
	{"id":1205415,"type":"buy","buyer":"joshh71390","seller":"dcityfund","symbol":"SIM","quantity":"992.279","price":"0.00113200","timestamp":1625807283,"volume":"1.12325983","buyTxId":"d4bcb1b070a00e18b38dd4f537ec5816f260474c","sellTxId":"3093ecbe1107f0e3b00a991bf6ac842f301ccd58"}
{"index": {"_index":"sim","_id":"1205416"}}
	{"id":1205416,"type":"buy","buyer":"joshh71390","seller":"dcityfund","symbol":"SIM","quantity":"975.182","price":"0.00113200","timestamp":1625807283,"volume":"1.10390602","buyTxId":"d4bcb1b070a00e18b38dd4f537ec5816f260474c","sellTxId":"b91f0a3630e65d78688f9c3f866df14c1225a6b2"}
{"index": {"_index":"sim","_id":"1205417"}}
	{"id":1205417,"type":"buy","buyer":"joshh71390","seller":"dcityfund","symbol":"SIM","quantity":"958.346","price":"0.00113200","timestamp":1625807283,"volume":"1.08484767","buyTxId":"d4bcb1b070a00e18b38dd4f537ec5816f260474c","sellTxId":"9936fd288b78b629e59c0862d502522816c9f4f7"}
{"index": {"_index":"sim","_id":"1205418"}}
	{"id":1205418,"type":"buy","buyer":"joshh71390","seller":"dcityfund","symbol":"SIM","quantity":"724.730","price":"0.00113200","timestamp":1625807283,"volume":"0.82039436","buyTxId":"d4bcb1b070a00e18b38dd4f537ec5816f260474c","sellTxId":"ef20bae76fc11b6881b1ff99ee2514aff536f777"}
{"index": {"_index":"sim","_id":"1205423"}}
	{"id":1205423,"type":"buy","buyer":"joshh71390","seller":"dcityfund","symbol":"SIM","quantity":"217.079","price":"0.00113200","timestamp":1625807622,"volume":"0.24573343","buyTxId":"382ba64552ce68d389bf112cc2396855e3c88e82","sellTxId":"ef20bae76fc11b6881b1ff99ee2514aff536f777"}
{"index": {"_index":"sim","_id":"1205424"}}
	{"id":1205424,"type":"buy","buyer":"joshh71390","seller":"dcityfund","symbol":"SIM","quantity":"925.504","price":"0.00113200","timestamp":1625807622,"volume":"1.04767053","buyTxId":"382ba64552ce68d389bf112cc2396855e3c88e82","sellTxId":"598171422d0b2500786a3a54cc8d41d38f59fbeb"}
{"index": {"_index":"sim","_id":"1205425"}}
	{"id":1205425,"type":"buy","buyer":"joshh71390","seller":"dcityfund","symbol":"SIM","quantity":"909.489","price":"0.00113200","timestamp":1625807622,"volume":"1.02954155","buyTxId":"382ba64552ce68d389bf112cc2396855e3c88e82","sellTxId":"1787e8fce1164bf739c75bf2d8557657eac1fcaf"}
{"index": {"_index":"sim","_id":"1205426"}}
	{"id":1205426,"type":"buy","buyer":"joshh71390","seller":"dcityfund","symbol":"SIM","quantity":"893.721","price":"0.00113200","timestamp":1625807622,"volume":"1.01169217","buyTxId":"382ba64552ce68d389bf112cc2396855e3c88e82","sellTxId":"9cad354b2eb18fb0ce392216816bfd65ef7f19d5"}
{"index": {"_index":"sim","_id":"1205427"}}
	{"id":1205427,"type":"buy","buyer":"joshh71390","seller":"dcityfund","symbol":"SIM","quantity":"878.193","price":"0.00113200","timestamp":1625807622,"volume":"0.99411448","buyTxId":"382ba64552ce68d389bf112cc2396855e3c88e82","sellTxId":"94d56dfaf6320cfae6e6e213e64298b712615dec"}
{"index": {"_index":"sim","_id":"1205428"}}
	{"id":1205428,"type":"buy","buyer":"joshh71390","seller":"dcityfund","symbol":"SIM","quantity":"862.946","price":"0.00113200","timestamp":1625807622,"volume":"0.97685487","buyTxId":"382ba64552ce68d389bf112cc2396855e3c88e82","sellTxId":"2dbb7d758c133ca8263ec00d3ae9cfedf37ab557"}
{"index": {"_index":"sim","_id":"1205429"}}
	{"id":1205429,"type":"buy","buyer":"joshh71390","seller":"dcityfund","symbol":"SIM","quantity":"847.933","price":"0.00113200","timestamp":1625807622,"volume":"0.95986016","buyTxId":"382ba64552ce68d389bf112cc2396855e3c88e82","sellTxId":"de871a3e9fe3e8e99a47a01904473d26c36474e7"}
{"index": {"_index":"sim","_id":"1205430"}}
	{"id":1205430,"type":"buy","buyer":"joshh71390","seller":"dcityfund","symbol":"SIM","quantity":"833.153","price":"0.00113200","timestamp":1625807622,"volume":"0.94312920","buyTxId":"382ba64552ce68d389bf112cc2396855e3c88e82","sellTxId":"aeeaaedfaae59db16916539a3ac981d45794a8c1"}
{"index": {"_index":"sim","_id":"1205431"}}
	{"id":1205431,"type":"buy","buyer":"joshh71390","seller":"dcityfund","symbol":"SIM","quantity":"818.639","price":"0.00113200","timestamp":1625807622,"volume":"0.92669935","buyTxId":"382ba64552ce68d389bf112cc2396855e3c88e82","sellTxId":"524880d3a1069116a36f9b673b36fa6f203573e4"}
{"index": {"_index":"sim","_id":"1205432"}}
	{"id":1205432,"type":"buy","buyer":"joshh71390","seller":"dcityfund","symbol":"SIM","quantity":"804.350","price":"0.00113200","timestamp":1625807622,"volume":"0.91052420","buyTxId":"382ba64552ce68d389bf112cc2396855e3c88e82","sellTxId":"def753a039141a06f93bfe72c691216ac8a7d08f"}
{"index": {"_index":"sim","_id":"1205433"}}
	{"id":1205433,"type":"buy","buyer":"joshh71390","seller":"dcityfund","symbol":"SIM","quantity":"790.284","price":"0.00113200","timestamp":1625807622,"volume":"0.89460149","buyTxId":"382ba64552ce68d389bf112cc2396855e3c88e82","sellTxId":"f51c644675896852ec37378ac015fe19973a9275"}
{"index": {"_index":"sim","_id":"1205434"}}
	{"id":1205434,"type":"buy","buyer":"joshh71390","seller":"dcityfund","symbol":"SIM","quantity":"776.472","price":"0.00113200","timestamp":1625807622,"volume":"0.87896630","buyTxId":"382ba64552ce68d389bf112cc2396855e3c88e82","sellTxId":"b88858748f20cf724d7fa71f9ff3902d3a5db773"}
{"index": {"_index":"sim","_id":"1205435"}}
	{"id":1205435,"type":"buy","buyer":"joshh71390","seller":"dcityfund","symbol":"SIM","quantity":"762.875","price":"0.00113200","timestamp":1625807622,"volume":"0.86357450","buyTxId":"382ba64552ce68d389bf112cc2396855e3c88e82","sellTxId":"fe91885c4af527b3afa79fd6a5d2ffe55f6efdb7"}
{"index": {"_index":"sim","_id":"1205436"}}
	{"id":1205436,"type":"buy","buyer":"joshh71390","seller":"dcityfund","symbol":"SIM","quantity":"749.509","price":"0.00113200","timestamp":1625807622,"volume":"0.84844419","buyTxId":"382ba64552ce68d389bf112cc2396855e3c88e82","sellTxId":"96a150d070fa091d4875b2ce7af5f1aeb9dd40e1"}
{"index": {"_index":"sim","_id":"1205437"}}
	{"id":1205437,"type":"buy","buyer":"joshh71390","seller":"dcityfund","symbol":"SIM","quantity":"736.351","price":"0.00113200","timestamp":1625807622,"volume":"0.83354933","buyTxId":"382ba64552ce68d389bf112cc2396855e3c88e82","sellTxId":"d301cb6eaa43f0992fd4fd7c86326b5854be0e0d"}
{"index": {"_index":"sim","_id":"1205438"}}
	{"id":1205438,"type":"buy","buyer":"joshh71390","seller":"dcityfund","symbol":"SIM","quantity":"723.418","price":"0.00113200","timestamp":1625807622,"volume":"0.81890918","buyTxId":"382ba64552ce68d389bf112cc2396855e3c88e82","sellTxId":"1110ae67b3f80e084bf7925ad9ef647ae82ca737"}
{"index": {"_index":"sim","_id":"1205439"}}
	{"id":1205439,"type":"buy","buyer":"joshh71390","seller":"dcityfund","symbol":"SIM","quantity":"710.703","price":"0.00113200","timestamp":1625807622,"volume":"0.80451580","buyTxId":"382ba64552ce68d389bf112cc2396855e3c88e82","sellTxId":"bd46fc4a828bc5111c5502e0c939ce4de996a001"}
{"index": {"_index":"sim","_id":"1205440"}}
	{"id":1205440,"type":"buy","buyer":"joshh71390","seller":"dcityfund","symbol":"SIM","quantity":"698.190","price":"0.00113200","timestamp":1625807622,"volume":"0.79035108","buyTxId":"382ba64552ce68d389bf112cc2396855e3c88e82","sellTxId":"e8cf9f6cf75ae7c7b482cf1738e25faf7c57c0ad"}
{"index": {"_index":"sim","_id":"1205441"}}
	{"id":1205441,"type":"buy","buyer":"joshh71390","seller":"dcityfund","symbol":"SIM","quantity":"685.903","price":"0.00113200","timestamp":1625807622,"volume":"0.77644220","buyTxId":"382ba64552ce68d389bf112cc2396855e3c88e82","sellTxId":"4b36788eca6f95b90bfbd91aca5280cf2485a808"}
{"index": {"_index":"sim","_id":"1205442"}}
	{"id":1205442,"type":"buy","buyer":"joshh71390","seller":"dcityfund","symbol":"SIM","quantity":"772.216","price":"0.00113200","timestamp":1625807622,"volume":"0.87414851","buyTxId":"382ba64552ce68d389bf112cc2396855e3c88e82","sellTxId":"ae55d6283194f5b60e6f448b6cf60502bae38900"}
{"index": {"_index":"sim","_id":"1205443"}}
	{"id":1205443,"type":"buy","buyer":"joshh71390","seller":"dcityfund","symbol":"SIM","quantity":"766.596","price":"0.00113200","timestamp":1625807622,"volume":"0.86778667","buyTxId":"382ba64552ce68d389bf112cc2396855e3c88e82","sellTxId":"7312f965bb2b596f6a663c1be1461455446a559c"}
{"index": {"_index":"sim","_id":"1205444"}}
	{"id":1205444,"type":"buy","buyer":"joshh71390","seller":"dcityfund","symbol":"SIM","quantity":"753.049","price":"0.00113200","timestamp":1625807622,"volume":"0.85245147","buyTxId":"382ba64552ce68d389bf112cc2396855e3c88e82","sellTxId":"d8f7132a1c4df72b96a6b0374c0de1d7dc9565bd"}
{"index": {"_index":"sim","_id":"1205445"}}
	{"id":1205445,"type":"buy","buyer":"joshh71390","seller":"dcityfund","symbol":"SIM","quantity":"739.750","price":"0.00113200","timestamp":1625807622,"volume":"0.83739700","buyTxId":"382ba64552ce68d389bf112cc2396855e3c88e82","sellTxId":"cf2d50a0eab222e8bd90c7567d0c3cb6580e28b6"}
{"index": {"_index":"sim","_id":"1205446"}}
	{"id":1205446,"type":"buy","buyer":"joshh71390","seller":"dcityfund","symbol":"SIM","quantity":"726.663","price":"0.00113200","timestamp":1625807622,"volume":"0.82258252","buyTxId":"382ba64552ce68d389bf112cc2396855e3c88e82","sellTxId":"7db0dc33e8c113c04b917beaf8d90b3bedc71193"}
{"index": {"_index":"sim","_id":"1205447"}}
	{"id":1205447,"type":"buy","buyer":"joshh71390","seller":"dcityfund","symbol":"SIM","quantity":"713.783","price":"0.00113200","timestamp":1625807622,"volume":"0.80800236","buyTxId":"382ba64552ce68d389bf112cc2396855e3c88e82","sellTxId":"da8199f1464e7a80dbff33d8c831b5549adb7f64"}
{"index": {"_index":"sim","_id":"1205448"}}
	{"id":1205448,"type":"buy","buyer":"joshh71390","seller":"dcityfund","symbol":"SIM","quantity":"701.140","price":"0.00113200","timestamp":1625807622,"volume":"0.79369048","buyTxId":"382ba64552ce68d389bf112cc2396855e3c88e82","sellTxId":"d30f6fea324694a726dea95be824af213233f8e2"}
{"index": {"_index":"sim","_id":"1205449"}}
	{"id":1205449,"type":"buy","buyer":"joshh71390","seller":"dcityfund","symbol":"SIM","quantity":"202.091","price":"0.00113200","timestamp":1625807622,"volume":"0.22876701","buyTxId":"382ba64552ce68d389bf112cc2396855e3c88e82","sellTxId":"7c1683869b260fe5892790b3f050714d0383c923"}
{"index": {"_index":"sim","_id":"1205454"}}
	{"id":1205454,"type":"sell","buyer":"treefiddybruh","seller":"joshh71390","symbol":"SIM","quantity":"40000.000","price":"0.00113000","timestamp":1625807835,"volume":"45.20000000","buyTxId":"d6f72179d3a77da569c08e2a211c5d7fa526e12f","sellTxId":"8693a6081de07da5340b540471a5fbba358121ed"}
{"index": {"_index":"sim","_id":"1205455"}}
	{"id":1205455,"type":"buy","buyer":"joshh71390","seller":"nftmart.fees","symbol":"SIM","quantity":"292.000","price":"0.00113199","timestamp":1625807877,"volume":"0.33054108","buyTxId":"8c71a4443c66f22f505a2a2a12297202afa18df2","sellTxId":"0b1c11c52b5eab38be121cb136194227826ad357-0"}
{"index": {"_index":"sim","_id":"1205456"}}
	{"id":1205456,"type":"buy","buyer":"joshh71390","seller":"dcityfund","symbol":"SIM","quantity":"486.610","price":"0.00113200","timestamp":1625807877,"volume":"0.55084252","buyTxId":"8c71a4443c66f22f505a2a2a12297202afa18df2","sellTxId":"7c1683869b260fe5892790b3f050714d0383c923"}
{"index": {"_index":"sim","_id":"1205457"}}
	{"id":1205457,"type":"buy","buyer":"joshh71390","seller":"dcityfund","symbol":"SIM","quantity":"676.474","price":"0.00113200","timestamp":1625807877,"volume":"0.76576857","buyTxId":"8c71a4443c66f22f505a2a2a12297202afa18df2","sellTxId":"2235c932373fe0ce285b3626231470cca092fbee"}
{"index": {"_index":"sim","_id":"1205458"}}
	{"id":1205458,"type":"buy","buyer":"joshh71390","seller":"dcityfund","symbol":"SIM","quantity":"664.458","price":"0.00113200","timestamp":1625807877,"volume":"0.75216646","buyTxId":"8c71a4443c66f22f505a2a2a12297202afa18df2","sellTxId":"1c2d87bb873f4cf1416aaec7417f3216c9eec05a"}
{"index": {"_index":"sim","_id":"1205459"}}
	{"id":1205459,"type":"buy","buyer":"joshh71390","seller":"dcityfund","symbol":"SIM","quantity":"652.635","price":"0.00113200","timestamp":1625807877,"volume":"0.73878282","buyTxId":"8c71a4443c66f22f505a2a2a12297202afa18df2","sellTxId":"c406c830d7f03ac8a83448ee615c418cc0e5287e"}
{"index": {"_index":"sim","_id":"1205460"}}
	{"id":1205460,"type":"buy","buyer":"joshh71390","seller":"dcityfund","symbol":"SIM","quantity":"641.018","price":"0.00113200","timestamp":1625807877,"volume":"0.72563238","buyTxId":"8c71a4443c66f22f505a2a2a12297202afa18df2","sellTxId":"2f39c626a5d4305fba65e7f3922b0b902c44ad76"}
{"index": {"_index":"sim","_id":"1205461"}}
	{"id":1205461,"type":"buy","buyer":"joshh71390","seller":"dcityfund","symbol":"SIM","quantity":"631.969","price":"0.00113200","timestamp":1625807877,"volume":"0.71538891","buyTxId":"8c71a4443c66f22f505a2a2a12297202afa18df2","sellTxId":"3e28326f89931e2e179ad907a9728c509d6e67fe"}
{"index": {"_index":"sim","_id":"1205462"}}
	{"id":1205462,"type":"buy","buyer":"joshh71390","seller":"dcityfund","symbol":"SIM","quantity":"620.706","price":"0.00113200","timestamp":1625807877,"volume":"0.70263919","buyTxId":"8c71a4443c66f22f505a2a2a12297202afa18df2","sellTxId":"e301d4160e7199a6e96ff7324e7ad8cf40da0284"}
{"index": {"_index":"sim","_id":"1205463"}}
	{"id":1205463,"type":"buy","buyer":"joshh71390","seller":"dcityfund","symbol":"SIM","quantity":"609.640","price":"0.00113200","timestamp":1625807877,"volume":"0.69011248","buyTxId":"8c71a4443c66f22f505a2a2a12297202afa18df2","sellTxId":"bca2d5ebfc305baad877a246abbdb877fc64b062"}
{"index": {"_index":"sim","_id":"1205464"}}
	{"id":1205464,"type":"buy","buyer":"joshh71390","seller":"dcityfund","symbol":"SIM","quantity":"598.753","price":"0.00113200","timestamp":1625807877,"volume":"0.67778840","buyTxId":"8c71a4443c66f22f505a2a2a12297202afa18df2","sellTxId":"f981d0bca653004402bdf0814bd9d4d66c12ea05"}
{"index": {"_index":"sim","_id":"1205465"}}
	{"id":1205465,"type":"buy","buyer":"joshh71390","seller":"dcityfund","symbol":"SIM","quantity":"588.053","price":"0.00113200","timestamp":1625807877,"volume":"0.66567600","buyTxId":"8c71a4443c66f22f505a2a2a12297202afa18df2","sellTxId":"7f2d7320c70048e137ae7ae4ddf9de4753a850bc"}
{"index": {"_index":"sim","_id":"1205466"}}
	{"id":1205466,"type":"buy","buyer":"joshh71390","seller":"dcityfund","symbol":"SIM","quantity":"624.291","price":"0.00113200","timestamp":1625807877,"volume":"0.70669741","buyTxId":"8c71a4443c66f22f505a2a2a12297202afa18df2","sellTxId":"57884ed7397af60baf2bcef54d0bb5ecdec09eaf"}
{"index": {"_index":"sim","_id":"1205467"}}
	{"id":1205467,"type":"buy","buyer":"joshh71390","seller":"dcityfund","symbol":"SIM","quantity":"613.125","price":"0.00113200","timestamp":1625807877,"volume":"0.69405750","buyTxId":"8c71a4443c66f22f505a2a2a12297202afa18df2","sellTxId":"de8c633fdab8f7325ecaeb8209001f6a5db78737"}
{"index": {"_index":"sim","_id":"1205468"}}
	{"id":1205468,"type":"buy","buyer":"joshh71390","seller":"dcityfund","symbol":"SIM","quantity":"602.140","price":"0.00113200","timestamp":1625807877,"volume":"0.68162248","buyTxId":"8c71a4443c66f22f505a2a2a12297202afa18df2","sellTxId":"317b82c7063b76403210632ce156d152182b358a"}
{"index": {"_index":"sim","_id":"1205469"}}
	{"id":1205469,"type":"buy","buyer":"joshh71390","seller":"dcityfund","symbol":"SIM","quantity":"591.347","price":"0.00113200","timestamp":1625807877,"volume":"0.66940480","buyTxId":"8c71a4443c66f22f505a2a2a12297202afa18df2","sellTxId":"77714bc62e7623b24abe5e36c0616650fc5f49be"}
{"index": {"_index":"sim","_id":"1205470"}}
	{"id":1205470,"type":"buy","buyer":"joshh71390","seller":"dcityfund","symbol":"SIM","quantity":"580.756","price":"0.00113200","timestamp":1625807877,"volume":"0.65741579","buyTxId":"8c71a4443c66f22f505a2a2a12297202afa18df2","sellTxId":"9d10e65f4be78e7e49ebacae1174d0019737b19b"}
{"index": {"_index":"sim","_id":"1205471"}}
	{"id":1205471,"type":"buy","buyer":"joshh71390","seller":"dcityfund","symbol":"SIM","quantity":"570.325","price":"0.00113200","timestamp":1625807877,"volume":"0.64560790","buyTxId":"8c71a4443c66f22f505a2a2a12297202afa18df2","sellTxId":"bc61af60a64674d07e1bc8af450b40c90d1111fb"}
{"index": {"_index":"sim","_id":"1205472"}}
	{"id":1205472,"type":"buy","buyer":"joshh71390","seller":"dcityfund","symbol":"SIM","quantity":"560.089","price":"0.00113200","timestamp":1625807877,"volume":"0.63402075","buyTxId":"8c71a4443c66f22f505a2a2a12297202afa18df2","sellTxId":"e14cae5b2190335b909bc5c41b0d5ff23b537a62"}
{"index": {"_index":"sim","_id":"1205473"}}
	{"id":1205473,"type":"buy","buyer":"joshh71390","seller":"dcityfund","symbol":"SIM","quantity":"550.076","price":"0.00113200","timestamp":1625807877,"volume":"0.62268603","buyTxId":"8c71a4443c66f22f505a2a2a12297202afa18df2","sellTxId":"39b2e36931e7ce50727efe21f36e8eb8bc65db38"}
{"index": {"_index":"sim","_id":"1205474"}}
	{"id":1205474,"type":"buy","buyer":"joshh71390","seller":"dcityfund","symbol":"SIM","quantity":"540.182","price":"0.00113200","timestamp":1625807877,"volume":"0.61148602","buyTxId":"8c71a4443c66f22f505a2a2a12297202afa18df2","sellTxId":"7a0689f676a80015b409749399f7ddba80792916"}
{"index": {"_index":"sim","_id":"1205475"}}
	{"id":1205475,"type":"buy","buyer":"joshh71390","seller":"dcityfund","symbol":"SIM","quantity":"666.331","price":"0.00113200","timestamp":1625807877,"volume":"0.75428669","buyTxId":"8c71a4443c66f22f505a2a2a12297202afa18df2","sellTxId":"cea38d48e1385e8c0395c61988e8cfa864702061"}
{"index": {"_index":"sim","_id":"1205476"}}
	{"id":1205476,"type":"buy","buyer":"joshh71390","seller":"dcityfund","symbol":"SIM","quantity":"660.917","price":"0.00113200","timestamp":1625807877,"volume":"0.74815804","buyTxId":"8c71a4443c66f22f505a2a2a12297202afa18df2","sellTxId":"45d51bdbfd576b79537f7f0900072910c278fe10"}
{"index": {"_index":"sim","_id":"1205477"}}
	{"id":1205477,"type":"buy","buyer":"joshh71390","seller":"dcityfund","symbol":"SIM","quantity":"648.846","price":"0.00113200","timestamp":1625807877,"volume":"0.73449367","buyTxId":"8c71a4443c66f22f505a2a2a12297202afa18df2","sellTxId":"e2c3f5df1751bba7bdef6d13216a84b2b4df3915"}
{"index": {"_index":"sim","_id":"1205478"}}
	{"id":1205478,"type":"buy","buyer":"joshh71390","seller":"dcityfund","symbol":"SIM","quantity":"637.008","price":"0.00113200","timestamp":1625807877,"volume":"0.72109306","buyTxId":"8c71a4443c66f22f505a2a2a12297202afa18df2","sellTxId":"cb2732f988b8255c03d17ed55d915e95eeb75039"}
{"index": {"_index":"sim","_id":"1205479"}}
	{"id":1205479,"type":"buy","buyer":"joshh71390","seller":"dcityfund","symbol":"SIM","quantity":"625.365","price":"0.00113200","timestamp":1625807877,"volume":"0.70791318","buyTxId":"8c71a4443c66f22f505a2a2a12297202afa18df2","sellTxId":"054052a9762a011179ec355ce66f0905afd71c8e"}
{"index": {"_index":"sim","_id":"1205480"}}
	{"id":1205480,"type":"buy","buyer":"joshh71390","seller":"dcityfund","symbol":"SIM","quantity":"613.932","price":"0.00113200","timestamp":1625807877,"volume":"0.69497102","buyTxId":"8c71a4443c66f22f505a2a2a12297202afa18df2","sellTxId":"5955da1ecd7d4f966bb7d1648465c6b2a7f74821"}
{"index": {"_index":"sim","_id":"1205481"}}
	{"id":1205481,"type":"buy","buyer":"joshh71390","seller":"dcityfund","symbol":"SIM","quantity":"610.418","price":"0.00113200","timestamp":1625807877,"volume":"0.69099318","buyTxId":"8c71a4443c66f22f505a2a2a12297202afa18df2","sellTxId":"98e5fa0e22f800b873539fef9f0ba0bf8b5aea9a"}
{"index": {"_index":"sim","_id":"1205482"}}
	{"id":1205482,"type":"buy","buyer":"joshh71390","seller":"dcityfund","symbol":"SIM","quantity":"599.250","price":"0.00113200","timestamp":1625807877,"volume":"0.67835100","buyTxId":"8c71a4443c66f22f505a2a2a12297202afa18df2","sellTxId":"2185241e415b35988a7e361d6202185db538bd68"}
{"index": {"_index":"sim","_id":"1205483"}}
	{"id":1205483,"type":"buy","buyer":"joshh71390","seller":"dcityfund","symbol":"SIM","quantity":"588.283","price":"0.00113200","timestamp":1625807877,"volume":"0.66593636","buyTxId":"8c71a4443c66f22f505a2a2a12297202afa18df2","sellTxId":"d46086cb1491c25debb79316801f79d0849653b2"}
{"index": {"_index":"sim","_id":"1205484"}}
	{"id":1205484,"type":"buy","buyer":"joshh71390","seller":"dcityfund","symbol":"SIM","quantity":"577.500","price":"0.00113200","timestamp":1625807877,"volume":"0.65373000","buyTxId":"8c71a4443c66f22f505a2a2a12297202afa18df2","sellTxId":"567d1399862e26d0a9368765ba4477465391b98f"}
{"index": {"_index":"sim","_id":"1205485"}}
	{"id":1205485,"type":"buy","buyer":"joshh71390","seller":"dcityfund","symbol":"SIM","quantity":"566.924","price":"0.00113200","timestamp":1625807877,"volume":"0.64175797","buyTxId":"8c71a4443c66f22f505a2a2a12297202afa18df2","sellTxId":"d05506bcb06440a408da1c169c20933b8e42d996"}
{"index": {"_index":"sim","_id":"1205486"}}
	{"id":1205486,"type":"buy","buyer":"joshh71390","seller":"dcityfund","symbol":"SIM","quantity":"556.525","price":"0.00113200","timestamp":1625807877,"volume":"0.62998630","buyTxId":"8c71a4443c66f22f505a2a2a12297202afa18df2","sellTxId":"8d6220531b1c7152995f99201f0fc87bf10b990c"}
{"index": {"_index":"sim","_id":"1205487"}}
	{"id":1205487,"type":"buy","buyer":"joshh71390","seller":"dcityfund","symbol":"SIM","quantity":"546.315","price":"0.00113200","timestamp":1625807877,"volume":"0.61842858","buyTxId":"8c71a4443c66f22f505a2a2a12297202afa18df2","sellTxId":"bcb15b1cb2f05e19e0cf86207c8ec47c3c85ed87"}
{"index": {"_index":"sim","_id":"1205488"}}
	{"id":1205488,"type":"buy","buyer":"joshh71390","seller":"dcityfund","symbol":"SIM","quantity":"536.288","price":"0.00113200","timestamp":1625807877,"volume":"0.60707802","buyTxId":"8c71a4443c66f22f505a2a2a12297202afa18df2","sellTxId":"e782d01582002f1c8c5f13ca097ae2a2a3607105"}
{"index": {"_index":"sim","_id":"1205489"}}
	{"id":1205489,"type":"buy","buyer":"joshh71390","seller":"dcityfund","symbol":"SIM","quantity":"566.490","price":"0.00113200","timestamp":1625807877,"volume":"0.64126668","buyTxId":"8c71a4443c66f22f505a2a2a12297202afa18df2","sellTxId":"5d326448f735ee041828b9a7bda45b435f88be0c"}
{"index": {"_index":"sim","_id":"1205490"}}
	{"id":1205490,"type":"buy","buyer":"joshh71390","seller":"dcityfund","symbol":"SIM","quantity":"556.086","price":"0.00113200","timestamp":1625807877,"volume":"0.62948935","buyTxId":"8c71a4443c66f22f505a2a2a12297202afa18df2","sellTxId":"f467fe196f6611089dcd031b731ba4fb8b283395"}
{"index": {"_index":"sim","_id":"1205491"}}
	{"id":1205491,"type":"buy","buyer":"joshh71390","seller":"dcityfund","symbol":"SIM","quantity":"545.859","price":"0.00113200","timestamp":1625807877,"volume":"0.61791239","buyTxId":"8c71a4443c66f22f505a2a2a12297202afa18df2","sellTxId":"13d1687d80acbc4ad61485faa177556695fc6f2e"}
{"index": {"_index":"sim","_id":"1205492"}}
	{"id":1205492,"type":"buy","buyer":"joshh71390","seller":"dcityfund","symbol":"SIM","quantity":"535.826","price":"0.00113200","timestamp":1625807877,"volume":"0.60655503","buyTxId":"8c71a4443c66f22f505a2a2a12297202afa18df2","sellTxId":"8dbe1d36a9f8a6dd628ccc47204f34196341b6c2"}
{"index": {"_index":"sim","_id":"1205493"}}
	{"id":1205493,"type":"buy","buyer":"joshh71390","seller":"dcityfund","symbol":"SIM","quantity":"656.690","price":"0.00113200","timestamp":1625807877,"volume":"0.74337308","buyTxId":"8c71a4443c66f22f505a2a2a12297202afa18df2","sellTxId":"a0269e5aa16c59c5fc4db05a15ff776d9482a3a0"}
{"index": {"_index":"sim","_id":"1205494"}}
	{"id":1205494,"type":"buy","buyer":"joshh71390","seller":"dcityfund","symbol":"SIM","quantity":"651.197","price":"0.00113200","timestamp":1625807877,"volume":"0.73715500","buyTxId":"8c71a4443c66f22f505a2a2a12297202afa18df2","sellTxId":"4df48c8249b79b774b108527436df506f9f4a61d"}
{"index": {"_index":"sim","_id":"1205495"}}
	{"id":1205495,"type":"buy","buyer":"joshh71390","seller":"dcityfund","symbol":"SIM","quantity":"639.203","price":"0.00113200","timestamp":1625807877,"volume":"0.72357780","buyTxId":"8c71a4443c66f22f505a2a2a12297202afa18df2","sellTxId":"08615b59d5c2de70f296575b1de6c64f511690c8"}
{"index": {"_index":"sim","_id":"1205496"}}
	{"id":1205496,"type":"buy","buyer":"joshh71390","seller":"dcityfund","symbol":"SIM","quantity":"627.427","price":"0.00113200","timestamp":1625807877,"volume":"0.71024736","buyTxId":"8c71a4443c66f22f505a2a2a12297202afa18df2","sellTxId":"88a2505102d2ade79a5a90909724406cd0696b3b"}
{"index": {"_index":"sim","_id":"1205497"}}
	{"id":1205497,"type":"buy","buyer":"joshh71390","seller":"dcityfund","symbol":"SIM","quantity":"615.865","price":"0.00113200","timestamp":1625807877,"volume":"0.69715918","buyTxId":"8c71a4443c66f22f505a2a2a12297202afa18df2","sellTxId":"1be4ed3f2a3ceb5ab42da2713899850c73afa674"}
{"index": {"_index":"sim","_id":"1205498"}}
	{"id":1205498,"type":"buy","buyer":"joshh71390","seller":"dcityfund","symbol":"SIM","quantity":"605.048","price":"0.00113200","timestamp":1625807877,"volume":"0.68491434","buyTxId":"8c71a4443c66f22f505a2a2a12297202afa18df2","sellTxId":"07d93884466f4bb00dc307cd2dc109fb03708ebb"}
{"index": {"_index":"sim","_id":"1205499"}}
	{"id":1205499,"type":"buy","buyer":"joshh71390","seller":"dcityfund","symbol":"SIM","quantity":"593.879","price":"0.00113200","timestamp":1625807877,"volume":"0.67227103","buyTxId":"8c71a4443c66f22f505a2a2a12297202afa18df2","sellTxId":"8d73785a8cbf004c94b75c742d200d1473f0f91a"}
{"index": {"_index":"sim","_id":"1205500"}}
	{"id":1205500,"type":"buy","buyer":"joshh71390","seller":"dcityfund","symbol":"SIM","quantity":"582.924","price":"0.00113200","timestamp":1625807877,"volume":"0.65986997","buyTxId":"8c71a4443c66f22f505a2a2a12297202afa18df2","sellTxId":"3a372978d22f3feb4ebfb1d9bc51626973123f1a"}
{"index": {"_index":"sim","_id":"1205501"}}
	{"id":1205501,"type":"buy","buyer":"joshh71390","seller":"dcityfund","symbol":"SIM","quantity":"572.157","price":"0.00113200","timestamp":1625807877,"volume":"0.64768172","buyTxId":"8c71a4443c66f22f505a2a2a12297202afa18df2","sellTxId":"92885baefe613e55799363f6c593df5dc012f5d4"}
{"index": {"_index":"sim","_id":"1205502"}}
	{"id":1205502,"type":"buy","buyer":"joshh71390","seller":"dcityfund","symbol":"SIM","quantity":"561.596","price":"0.00113200","timestamp":1625807877,"volume":"0.63572667","buyTxId":"8c71a4443c66f22f505a2a2a12297202afa18df2","sellTxId":"122db05947770e54a86fa30233fe9520cfee6c87"}
{"index": {"_index":"sim","_id":"1205503"}}
	{"id":1205503,"type":"buy","buyer":"joshh71390","seller":"dcityfund","symbol":"SIM","quantity":"551.217","price":"0.00113200","timestamp":1625807877,"volume":"0.62397764","buyTxId":"8c71a4443c66f22f505a2a2a12297202afa18df2","sellTxId":"a98c583fdf896f3cb212f8fd5f4fb8a5447170a6"}
{"index": {"_index":"sim","_id":"1205504"}}
	{"id":1205504,"type":"buy","buyer":"joshh71390","seller":"dcityfund","symbol":"SIM","quantity":"541.027","price":"0.00113200","timestamp":1625807877,"volume":"0.61244256","buyTxId":"8c71a4443c66f22f505a2a2a12297202afa18df2","sellTxId":"bc02b532ef0974e19386a9fce835a40ca24b4091"}
{"index": {"_index":"sim","_id":"1205505"}}
	{"id":1205505,"type":"buy","buyer":"joshh71390","seller":"dcityfund","symbol":"SIM","quantity":"531.020","price":"0.00113200","timestamp":1625807877,"volume":"0.60111464","buyTxId":"8c71a4443c66f22f505a2a2a12297202afa18df2","sellTxId":"403d4962fbd787a882d23a899742986922bf7383"}
{"index": {"_index":"sim","_id":"1205506"}}
	{"id":1205506,"type":"buy","buyer":"joshh71390","seller":"dcityfund","symbol":"SIM","quantity":"521.187","price":"0.00113200","timestamp":1625807877,"volume":"0.58998368","buyTxId":"8c71a4443c66f22f505a2a2a12297202afa18df2","sellTxId":"4ba32b998b90c9418cbd68ea80fea81b14e744ab"}
{"index": {"_index":"sim","_id":"1205507"}}
	{"id":1205507,"type":"buy","buyer":"joshh71390","seller":"dcityfund","symbol":"SIM","quantity":"511.543","price":"0.00113200","timestamp":1625807877,"volume":"0.57906668","buyTxId":"8c71a4443c66f22f505a2a2a12297202afa18df2","sellTxId":"80d5492797ab48cae55097772d1ad182766ec568"}
{"index": {"_index":"sim","_id":"1205508"}}
	{"id":1205508,"type":"buy","buyer":"joshh71390","seller":"freebornsociety","symbol":"SIM","quantity":"33905.210","price":"0.00113225","timestamp":1625807877,"volume":"38.38917402","buyTxId":"8c71a4443c66f22f505a2a2a12297202afa18df2","sellTxId":"MM-P-8503686-55483037-3-4-1"}
{"index": {"_index":"sim","_id":"1205530"}}
	{"id":1205530,"type":"sell","buyer":"treefiddybruh","seller":"tussar11","symbol":"SIM","quantity":"9481.000","price":"0.00113000","timestamp":1625808867,"volume":"10.71353000","buyTxId":"d6f72179d3a77da569c08e2a211c5d7fa526e12f","sellTxId":"be3179851575fe6bf7fd255f3595b64a99c1324c"}
{"index": {"_index":"sim","_id":"1205540"}}
	{"id":1205540,"type":"sell","buyer":"treefiddybruh","seller":"imperij4427","symbol":"SIM","quantity":"24356.000","price":"0.00113000","timestamp":1625809281,"volume":"27.52228000","buyTxId":"d6f72179d3a77da569c08e2a211c5d7fa526e12f","sellTxId":"4e59119d969d45d7c3ad61a9e1b4dfb0214de430"}
{"index": {"_index":"sim","_id":"1205589"}}
	{"id":1205589,"type":"buy","buyer":"emergehealthier","seller":"freebornsociety","symbol":"SIM","quantity":"200.000","price":"0.00113277","timestamp":1625812056,"volume":"0.22655400","buyTxId":"371b0c52b28cd81216ed70df0c62ad7d29ce1fef","sellTxId":"MM-P-8504974-55484334-3-4-1"}
{"index": {"_index":"sim","_id":"1205601"}}
	{"id":1205601,"type":"sell","buyer":"treefiddybruh","seller":"myfreebtc","symbol":"SIM","quantity":"6099.023","price":"0.00113000","timestamp":1625812836,"volume":"6.89189599","buyTxId":"d6f72179d3a77da569c08e2a211c5d7fa526e12f","sellTxId":"8c34a9cc3e77ba8a3bb93dcb74cec10865002a4f"}
{"index": {"_index":"sim","_id":"1205620"}}
	{"id":1205620,"type":"sell","buyer":"treefiddybruh","seller":"trentonlundy1","symbol":"SIM","quantity":"0.189","price":"0.00113000","timestamp":1625814333,"volume":"0.00021357","buyTxId":"d6f72179d3a77da569c08e2a211c5d7fa526e12f","sellTxId":"12da778017fe245c3e79b471e807f5da29ae0f70"}
{"index": {"_index":"sim","_id":"1205668"}}
	{"id":1205668,"type":"sell","buyer":"treefiddybruh","seller":"trumpman","symbol":"SIM","quantity":"2317.178","price":"0.00113000","timestamp":1625816274,"volume":"2.61841114","buyTxId":"d6f72179d3a77da569c08e2a211c5d7fa526e12f","sellTxId":"6885d86a8ab2e0e19da476fa9abc44bdb668c8bc"}
{"index": {"_index":"sim","_id":"1205705"}}
	{"id":1205705,"type":"sell","buyer":"treefiddybruh","seller":"razam","symbol":"SIM","quantity":"5.000","price":"0.00113000","timestamp":1625817471,"volume":"0.00565000","buyTxId":"d6f72179d3a77da569c08e2a211c5d7fa526e12f","sellTxId":"3d6fa1cebd88ea6345e52674dbad1c0ea7dcc9c2"}
{"index": {"_index":"sim","_id":"1205708"}}
	{"id":1205708,"type":"sell","buyer":"treefiddybruh","seller":"lifeskills-tv","symbol":"SIM","quantity":"2364.966","price":"0.00113000","timestamp":1625817552,"volume":"2.67241158","buyTxId":"d6f72179d3a77da569c08e2a211c5d7fa526e12f","sellTxId":"2b475ba137eb003ac22e50e0bf0a51724b69af2c"}
{"index": {"_index":"sim","_id":"1205724"}}
	{"id":1205724,"type":"sell","buyer":"treefiddybruh","seller":"thegoliath","symbol":"SIM","quantity":"15376.644","price":"0.00113000","timestamp":1625817762,"volume":"17.37560772","buyTxId":"d6f72179d3a77da569c08e2a211c5d7fa526e12f","sellTxId":"ad7995ab42200a88a5b59acc64272e362bfdff95"}
{"index": {"_index":"sim","_id":"1205725"}}
	{"id":1205725,"type":"sell","buyer":"freebornsociety","seller":"thegoliath","symbol":"SIM","quantity":"11021.009","price":"0.00108330","timestamp":1625817762,"volume":"11.93905905","buyTxId":"MM-P-8506660-55486031-3-4-0","sellTxId":"ad7995ab42200a88a5b59acc64272e362bfdff95"}
{"index": {"_index":"sim","_id":"1205735"}}
	{"id":1205735,"type":"buy","buyer":"konvik","seller":"kishan006","symbol":"SIM","quantity":"17250.000","price":"0.00113000","timestamp":1625818257,"volume":"19.49250000","buyTxId":"9383bb09a501ae78d80416f049bfc7778799d45e-0","sellTxId":"7d3c69b6cd30c8cc8021682a1496ca47306f7430"}
{"index": {"_index":"sim","_id":"1205831"}}
	{"id":1205831,"type":"sell","buyer":"freebornsociety","seller":"muenchen","symbol":"SIM","quantity":"15883.000","price":"0.00108210","timestamp":1625822061,"volume":"17.18699430","buyTxId":"MM-P-8508137-55487524-3-4-0","sellTxId":"9a5d66dcb1e2201e64af933f82b825dd4c1f2724"}
{"index": {"_index":"sim","_id":"1205832"}}
	{"id":1205832,"type":"sell","buyer":"freebornsociety","seller":"steem-hodler","symbol":"SIM","quantity":"53426.676","price":"0.00108210","timestamp":1625822304,"volume":"57.81300610","buyTxId":"MM-P-8508137-55487524-3-4-0","sellTxId":"ce30fa3bebd0a6cda6fb3d066f1b7125f0383e96"}
{"index": {"_index":"sim","_id":"1205833"}}
	{"id":1205833,"type":"sell","buyer":"dcityfund","seller":"steem-hodler","symbol":"SIM","quantity":"6067.599","price":"0.00108200","timestamp":1625822304,"volume":"6.56514212","buyTxId":"82923169bac1564bad1ebf44a5cc789306b8144c","sellTxId":"ce30fa3bebd0a6cda6fb3d066f1b7125f0383e96"}
{"index": {"_index":"sim","_id":"1205834"}}
	{"id":1205834,"type":"sell","buyer":"hamsterpoweriii","seller":"steem-hodler","symbol":"SIM","quantity":"2500.000","price":"0.00108101","timestamp":1625822304,"volume":"2.70252500","buyTxId":"02ba178f0a7c986fdf4a80f8d9b1ee04dff038fe","sellTxId":"ce30fa3bebd0a6cda6fb3d066f1b7125f0383e96"}
{"index": {"_index":"sim","_id":"1205835"}}
	{"id":1205835,"type":"sell","buyer":"dcityfund","seller":"steem-hodler","symbol":"SIM","quantity":"12006.568","price":"0.00108100","timestamp":1625822304,"volume":"12.97910001","buyTxId":"aa4a6dc551ce49ebf86493aafe13fada44c4e80b","sellTxId":"ce30fa3bebd0a6cda6fb3d066f1b7125f0383e96"}
{"index": {"_index":"sim","_id":"1205836"}}
	{"id":1205836,"type":"sell","buyer":"gerber","seller":"steem-hodler","symbol":"SIM","quantity":"67894.157","price":"0.00108010","timestamp":1625822304,"volume":"73.33247898","buyTxId":"ac1abf495f9171d27f562e1ad3f5e63a9aad80d5","sellTxId":"ce30fa3bebd0a6cda6fb3d066f1b7125f0383e96"}
{"index": {"_index":"sim","_id":"1205846"}}
	{"id":1205846,"type":"sell","buyer":"gerber","seller":"tonytrillions","symbol":"SIM","quantity":"0.027","price":"0.00108010","timestamp":1625822886,"volume":"0.00002916","buyTxId":"ac1abf495f9171d27f562e1ad3f5e63a9aad80d5","sellTxId":"02f033590d8f4d7d05341c9001a674fbdfcf0eb2"}
{"index": {"_index":"sim","_id":"1205888"}}
	{"id":1205888,"type":"sell","buyer":"gerber","seller":"megalithic","symbol":"SIM","quantity":"24000.000","price":"0.00108010","timestamp":1625824179,"volume":"25.92240000","buyTxId":"ac1abf495f9171d27f562e1ad3f5e63a9aad80d5","sellTxId":"71b4ebf9535254dc7d1d2ec1c0802b94a5f75eb4"}
{"index": {"_index":"sim","_id":"1205895"}}
	{"id":1205895,"type":"buy","buyer":"emergehealthier","seller":"freebornsociety","symbol":"SIM","quantity":"150.000","price":"0.00113278","timestamp":1625824584,"volume":"0.16991700","buyTxId":"25419746f0c48213c7f0844d483958552f16d4ab","sellTxId":"MM-P-8508925-55488323-3-4-1"}
{"index": {"_index":"sim","_id":"1205925"}}
	{"id":1205925,"type":"sell","buyer":"gerber","seller":"bosmob","symbol":"SIM","quantity":"3583.105","price":"0.00108010","timestamp":1625825139,"volume":"3.87011171","buyTxId":"ac1abf495f9171d27f562e1ad3f5e63a9aad80d5","sellTxId":"55a3a06b0a05d7aa8eb83a34ba8e451dc9d21106"}
{"index": {"_index":"sim","_id":"1205935"}}
	{"id":1205935,"type":"sell","buyer":"gerber","seller":"news-today","symbol":"SIM","quantity":"41600.000","price":"0.00108010","timestamp":1625825586,"volume":"44.93216000","buyTxId":"ac1abf495f9171d27f562e1ad3f5e63a9aad80d5","sellTxId":"27581c8f73ca074b24d9218fdf49bbc8c828d1df"}
{"index": {"_index":"sim","_id":"1205948"}}
	{"id":1205948,"type":"sell","buyer":"gerber","seller":"anosys","symbol":"SIM","quantity":"49.026","price":"0.00108010","timestamp":1625825871,"volume":"0.05295298","buyTxId":"ac1abf495f9171d27f562e1ad3f5e63a9aad80d5","sellTxId":"7746945c98e767aa2f549cdbfd7d11280619601d"}
{"index": {"_index":"sim","_id":"1205967"}}
	{"id":1205967,"type":"buy","buyer":"konvik","seller":"gandhibaba","symbol":"SIM","quantity":"112675.000","price":"0.00110000","timestamp":1625826981,"volume":"123.94250000","buyTxId":"e2ccab323f423f45b3724da64aec7c76411e9168-0","sellTxId":"c65abf11157a55c5776e96211ad9a20f0b1306fe"}
{"index": {"_index":"sim","_id":"1206096"}}
	{"id":1206096,"type":"sell","buyer":"freebornsociety","seller":"tonytrillions","symbol":"SIM","quantity":"0.002","price":"0.00108020","timestamp":1625832183,"volume":"0.00000216","buyTxId":"MM-P-8510116-55489518-3-4-0","sellTxId":"e890e420cc749fdec092fbb4b85e227331fa9657"}
{"index": {"_index":"sim","_id":"1206104"}}
	{"id":1206104,"type":"sell","buyer":"freebornsociety","seller":"theoriginal86","symbol":"SIM","quantity":"2150.000","price":"0.00108020","timestamp":1625832384,"volume":"2.32243000","buyTxId":"MM-P-8510116-55489518-3-4-0","sellTxId":"914b9a3093c64bdfbac96a1cb729ef4bfb1b5702"}
{"index": {"_index":"sim","_id":"1206150"}}
	{"id":1206150,"type":"sell","buyer":"freebornsociety","seller":"captaincryptic","symbol":"SIM","quantity":"1822.439","price":"0.00108020","timestamp":1625833773,"volume":"1.96859861","buyTxId":"MM-P-8510116-55489518-3-4-0","sellTxId":"e91a524561d7283980348953056d2a493d4c1292"}
{"index": {"_index":"sim","_id":"1206157"}}
	{"id":1206157,"type":"sell","buyer":"freebornsociety","seller":"tonytrillions","symbol":"SIM","quantity":"0.025","price":"0.00108020","timestamp":1625834019,"volume":"0.00002701","buyTxId":"MM-P-8510116-55489518-3-4-0","sellTxId":"1f79da8197e5b920f1b3e33c30cdcaef43a78b8a"}
{"index": {"_index":"sim","_id":"1206178"}}
	{"id":1206178,"type":"sell","buyer":"freebornsociety","seller":"rollandthomas","symbol":"SIM","quantity":"50000","price":"0.00108020","timestamp":1625835366,"volume":"54.01000000","buyTxId":"MM-P-8510116-55489518-3-4-0","sellTxId":"7cfd125673dd8cc9253317dd45a21ea1ab23e930"}
{"index": {"_index":"sim","_id":"1206203"}}
	{"id":1206203,"type":"sell","buyer":"freebornsociety","seller":"andy4475","symbol":"SIM","quantity":"47.716","price":"0.00108020","timestamp":1625836509,"volume":"0.05154282","buyTxId":"MM-P-8510116-55489518-3-4-0","sellTxId":"07e6e0a01e4a469954de0c820ac334c9026200a5"}
{"index": {"_index":"sim","_id":"1206280"}}
	{"id":1206280,"type":"sell","buyer":"freebornsociety","seller":"megalithic","symbol":"SIM","quantity":"10000.000","price":"0.00108020","timestamp":1625838960,"volume":"10.80200000","buyTxId":"MM-P-8510116-55489518-3-4-0","sellTxId":"20a98090b112a0419119187e840ba651d085c92f"}
{"index": {"_index":"sim","_id":"1206281"}}
	{"id":1206281,"type":"sell","buyer":"freebornsociety","seller":"dsc-r2cornell","symbol":"SIM","quantity":"9.861","price":"0.00108020","timestamp":1625839023,"volume":"0.01065185","buyTxId":"MM-P-8510116-55489518-3-4-0","sellTxId":"18e3bfb0577a75057cbb2c6aabf87ef212eb1644"}
{"index": {"_index":"sim","_id":"1206421"}}
	{"id":1206421,"type":"sell","buyer":"freebornsociety","seller":"medaymane","symbol":"SIM","quantity":"2939.000","price":"0.00108020","timestamp":1625842938,"volume":"3.17470780","buyTxId":"MM-P-8510116-55489518-3-4-0","sellTxId":"640dfec185f11132a61bdbf025c6763a3170d3a1"}
{"index": {"_index":"sim","_id":"1206428"}}
	{"id":1206428,"type":"sell","buyer":"freebornsociety","seller":"lightcaptured","symbol":"SIM","quantity":"803.202","price":"0.00108020","timestamp":1625843097,"volume":"0.86761880","buyTxId":"MM-P-8510116-55489518-3-4-0","sellTxId":"616a56492ba20eb72ae72cdd024f8c96002b0eeb"}
{"index": {"_index":"sim","_id":"1206449"}}
	{"id":1206449,"type":"sell","buyer":"freebornsociety","seller":"jrcornel","symbol":"SIM","quantity":"1659.342","price":"0.00108020","timestamp":1625844066,"volume":"1.79242123","buyTxId":"MM-P-8510116-55489518-3-4-0","sellTxId":"149eacd878541c9ff6d15a552247edc891088af3"}
{"index": {"_index":"sim","_id":"1206450"}}
	{"id":1206450,"type":"buy","buyer":"konvik","seller":"jrcornel","symbol":"SIM","quantity":"60469.658","price":"0.00108020","timestamp":1625844069,"volume":"65.31932457","buyTxId":"0cfe7db91489a3cefc37a489aa8bda8705164613-0","sellTxId":"149eacd878541c9ff6d15a552247edc891088af3"}
{"index": {"_index":"sim","_id":"1206475"}}
	{"id":1206475,"type":"sell","buyer":"gerber","seller":"thegoliath","symbol":"SIM","quantity":"19000.595","price":"0.00108010","timestamp":1625845362,"volume":"20.52254266","buyTxId":"ac1abf495f9171d27f562e1ad3f5e63a9aad80d5","sellTxId":"e942b205724c2d7cae1b1ec0ba8605f4011c4a97"}
{"index": {"_index":"sim","_id":"1206500"}}
	{"id":1206500,"type":"sell","buyer":"gerber","seller":"bitandi","symbol":"SIM","quantity":"1148.578","price":"0.00108010","timestamp":1625845647,"volume":"1.24057910","buyTxId":"ac1abf495f9171d27f562e1ad3f5e63a9aad80d5","sellTxId":"8d4177ec602183acfe410562bae7cdca2204b1fd"}
{"index": {"_index":"sim","_id":"1206518"}}
	{"id":1206518,"type":"sell","buyer":"gerber","seller":"dhedge-drips","symbol":"SIM","quantity":"3.960","price":"0.00108010","timestamp":1625845962,"volume":"0.00427720","buyTxId":"ac1abf495f9171d27f562e1ad3f5e63a9aad80d5","sellTxId":"351a939885e09583915e0c3fbc4cf4c562cc7f1c"}
{"index": {"_index":"sim","_id":"1206596"}}
	{"id":1206596,"type":"sell","buyer":"dcityfund","seller":"aliveprojects","symbol":"SIM","quantity":"0.033","price":"0.00108100","timestamp":1625849088,"volume":"0.00003567","buyTxId":"9fc53b5f9fd2f8ce1e7363b7ca78fda3262fcb4b","sellTxId":"eefb9bb718343c95ce24fb914c41f48b9e98f016"}
{"index": {"_index":"sim","_id":"1206855"}}
	{"id":1206855,"type":"sell","buyer":"dcityfund","seller":"kaeptn-iglo","symbol":"SIM","quantity":"8675.000","price":"0.00108100","timestamp":1625855724,"volume":"9.37767500","buyTxId":"9fc53b5f9fd2f8ce1e7363b7ca78fda3262fcb4b","sellTxId":"393e450ed9ae764bec0bd9590d63809153b9b689"}
{"index": {"_index":"sim","_id":"1206892"}}
	{"id":1206892,"type":"sell","buyer":"dcityfund","seller":"balte","symbol":"SIM","quantity":"4246.421","price":"0.00108100","timestamp":1625856771,"volume":"4.59038110","buyTxId":"9fc53b5f9fd2f8ce1e7363b7ca78fda3262fcb4b","sellTxId":"662ef3056fd3b4e4773b0af71cd505f7cd662f31"}
{"index": {"_index":"sim","_id":"1206893"}}
	{"id":1206893,"type":"sell","buyer":"gerber","seller":"balte","symbol":"SIM","quantity":"6743.579","price":"0.00108100","timestamp":1625856771,"volume":"7.28980890","buyTxId":"1155801b15355e7d54b51a72c1402d73d8a854f5","sellTxId":"662ef3056fd3b4e4773b0af71cd505f7cd662f31"}
{"index": {"_index":"sim","_id":"1206954"}}
	{"id":1206954,"type":"sell","buyer":"gerber","seller":"balte","symbol":"SIM","quantity":"16483.000","price":"0.00108100","timestamp":1625857635,"volume":"17.81812300","buyTxId":"1155801b15355e7d54b51a72c1402d73d8a854f5","sellTxId":"baec4b777e5d7add6b1cacdd90809a63c6c18bc5"}
{"index": {"_index":"sim","_id":"1206957"}}
	{"id":1206957,"type":"sell","buyer":"gerber","seller":"thranax","symbol":"SIM","quantity":"47.038","price":"0.00108100","timestamp":1625857674,"volume":"0.05084808","buyTxId":"1155801b15355e7d54b51a72c1402d73d8a854f5","sellTxId":"9def0a93c9ba0e6e9b04a58fd9668bc53f32b729"}
{"index": {"_index":"sim","_id":"1206991"}}
	{"id":1206991,"type":"sell","buyer":"gerber","seller":"mfblack","symbol":"SIM","quantity":"6602.462","price":"0.00108100","timestamp":1625858718,"volume":"7.13726142","buyTxId":"1155801b15355e7d54b51a72c1402d73d8a854f5","sellTxId":"6505f270b67170d60fb0ed27a5de001aac4dec5f"}
{"index": {"_index":"sim","_id":"1206992"}}
	{"id":1206992,"type":"sell","buyer":"gerber","seller":"bwar-gg","symbol":"SIM","quantity":"68.050","price":"0.00108100","timestamp":1625858730,"volume":"0.07356205","buyTxId":"1155801b15355e7d54b51a72c1402d73d8a854f5","sellTxId":"923bac41b505f10d92abdc77c20791983b11c68b"}
{"index": {"_index":"sim","_id":"1206993"}}
	{"id":1206993,"type":"sell","buyer":"gerber","seller":"fantasycrypto","symbol":"SIM","quantity":"29223.600","price":"0.00108100","timestamp":1625858781,"volume":"31.59071160","buyTxId":"1155801b15355e7d54b51a72c1402d73d8a854f5","sellTxId":"7f2098a7fb610b5d58d551d2ebf85e7dc3272241"}
{"index": {"_index":"sim","_id":"1207000"}}
	{"id":1207000,"type":"sell","buyer":"gerber","seller":"willsaldeno","symbol":"SIM","quantity":"3110.000","price":"0.00108100","timestamp":1625859048,"volume":"3.36191000","buyTxId":"1155801b15355e7d54b51a72c1402d73d8a854f5","sellTxId":"31121fe9e3dde8fe80ca180966e76cd572a94f09"}
{"index": {"_index":"sim","_id":"1207018"}}
	{"id":1207018,"type":"sell","buyer":"gerber","seller":"steem.services","symbol":"SIM","quantity":"49202.379","price":"0.00108100","timestamp":1625859432,"volume":"53.18777170","buyTxId":"1155801b15355e7d54b51a72c1402d73d8a854f5","sellTxId":"cdbb8765effce3dcec52a5adbe5975fbc20592ae"}
{"index": {"_index":"sim","_id":"1207019"}}
	{"id":1207019,"type":"sell","buyer":"gerber","seller":"steem.services","symbol":"SIM","quantity":"11480.108","price":"0.00108010","timestamp":1625859432,"volume":"12.39966465","buyTxId":"ac1abf495f9171d27f562e1ad3f5e63a9aad80d5","sellTxId":"cdbb8765effce3dcec52a5adbe5975fbc20592ae"}
{"index": {"_index":"sim","_id":"1207020"}}
	{"id":1207020,"type":"sell","buyer":"bilpcoinbpc","seller":"steem.services","symbol":"SIM","quantity":"2000.000","price":"0.00106010","timestamp":1625859432,"volume":"2.12020000","buyTxId":"84def793a04a851d06e4edb50ccc7294ecbb0da0","sellTxId":"cdbb8765effce3dcec52a5adbe5975fbc20592ae"}
{"index": {"_index":"sim","_id":"1207021"}}
	{"id":1207021,"type":"sell","buyer":"dcityfund","seller":"steem.services","symbol":"SIM","quantity":"9552.247","price":"0.00105100","timestamp":1625859432,"volume":"10.03941159","buyTxId":"458b3106b46a5f0303126e546e18ffbafcd7c7fd","sellTxId":"cdbb8765effce3dcec52a5adbe5975fbc20592ae"}
{"index": {"_index":"sim","_id":"1207022"}}
	{"id":1207022,"type":"sell","buyer":"enginemaker","seller":"steem.services","symbol":"SIM","quantity":"17686.901","price":"0.00105013","timestamp":1625859432,"volume":"18.57354534","buyTxId":"MM-P-8485313-55464561-3-2-0","sellTxId":"cdbb8765effce3dcec52a5adbe5975fbc20592ae"}
{"index": {"_index":"sim","_id":"1207023"}}
	{"id":1207023,"type":"sell","buyer":"dcityfund","seller":"steem.services","symbol":"SIM","quantity":"19167.557","price":"0.00104100","timestamp":1625859432,"volume":"19.95342684","buyTxId":"916b681d87202af0a87183b8735848770f5caac6","sellTxId":"cdbb8765effce3dcec52a5adbe5975fbc20592ae"}
{"index": {"_index":"sim","_id":"1207024"}}
	{"id":1207024,"type":"sell","buyer":"jelly13","seller":"steem.services","symbol":"SIM","quantity":"33931.218","price":"0.00104014","timestamp":1625859432,"volume":"35.29321709","buyTxId":"875c35dfe67bd74ec9d834c5612cc2cde8be876d","sellTxId":"cdbb8765effce3dcec52a5adbe5975fbc20592ae"}
{"index": {"_index":"sim","_id":"1207025"}}
	{"id":1207025,"type":"sell","buyer":"aggroed","seller":"steem.services","symbol":"SIM","quantity":"171797.590","price":"0.00104013","timestamp":1625859432,"volume":"178.69182729","buyTxId":"48a220ea42d3bae5c013e98f874220a7381060b8","sellTxId":"cdbb8765effce3dcec52a5adbe5975fbc20592ae"}
{"index": {"_index":"sim","_id":"1207031"}}
	{"id":1207031,"type":"sell","buyer":"aggroed","seller":"willsaldeno","symbol":"SIM","quantity":"1892.000","price":"0.00104013","timestamp":1625859501,"volume":"1.96792596","buyTxId":"48a220ea42d3bae5c013e98f874220a7381060b8","sellTxId":"0d71cc930396b86ac266ee1be80fb8f4c29512fb"}
{"index": {"_index":"sim","_id":"1207036"}}
	{"id":1207036,"type":"buy","buyer":"konvik","seller":"enginemaker","symbol":"SIM","quantity":"17686.901","price":"0.00111459","timestamp":1625859681,"volume":"19.71364299","buyTxId":"ce57cb38f6150b72aaf529f93f6ac1632a61db80-0","sellTxId":"MM-P-8520933-55500361-3-2-1"}
{"index": {"_index":"sim","_id":"1207038"}}
	{"id":1207038,"type":"sell","buyer":"gerber","seller":"jywahaha","symbol":"SIM","quantity":"40731.000","price":"0.00106013","timestamp":1625860008,"volume":"43.18015503","buyTxId":"7debf388162dce5c6a910c9ca8f4852a256977a4","sellTxId":"044603ae00ccd3e34c0abbd9bcd09678f5a32e5d"}
{"index": {"_index":"sim","_id":"1207060"}}
	{"id":1207060,"type":"sell","buyer":"dcityfund","seller":"denver-bob","symbol":"SIM","quantity":"722.777","price":"0.00106600","timestamp":1625860620,"volume":"0.77048028","buyTxId":"c75dc48e26ecdd71920fba0c277e9a9648cfc7de","sellTxId":"73e5c71ec7cda269e9f25d795bc27dbf373604d4"}
{"index": {"_index":"sim","_id":"1207116"}}
	{"id":1207116,"type":"sell","buyer":"dcityfund","seller":"steemmillionaire","symbol":"SIM","quantity":"50.000","price":"0.00106800","timestamp":1625864100,"volume":"0.05340000","buyTxId":"8a431e0f47c67e015829a17d6b1887178c6a86ea","sellTxId":"dc930c59f8dfb75ca952dca9d29dad0819644aa8"}
{"index": {"_index":"sim","_id":"1207117"}}
	{"id":1207117,"type":"sell","buyer":"dcityfund","seller":"deathwing","symbol":"SIM","quantity":"968","price":"0.00106800","timestamp":1625864106,"volume":"1.03382400","buyTxId":"8a431e0f47c67e015829a17d6b1887178c6a86ea","sellTxId":"0f967c9e3a859523fa4863e335d5cca4ff648076-0"}
{"index": {"_index":"sim","_id":"1207137"}}
	{"id":1207137,"type":"sell","buyer":"dcityfund","seller":"sra1992","symbol":"SIM","quantity":"3378.898","price":"0.00106800","timestamp":1625864433,"volume":"3.60866306","buyTxId":"8a431e0f47c67e015829a17d6b1887178c6a86ea","sellTxId":"eb7d4ef049efcdc0b83e21e98fbc10f99404485a"}
{"index": {"_index":"sim","_id":"1207160"}}
	{"id":1207160,"type":"sell","buyer":"dcityfund","seller":"jrcornel","symbol":"SIM","quantity":"7166.321","price":"0.00106800","timestamp":1625864994,"volume":"7.65363083","buyTxId":"8a431e0f47c67e015829a17d6b1887178c6a86ea","sellTxId":"1ef7be3d6561e8e24b0bde07d357543e81336382"}
{"index": {"_index":"sim","_id":"1207161"}}
	{"id":1207161,"type":"buy","buyer":"konvik","seller":"jrcornel","symbol":"SIM","quantity":"62611.679","price":"0.00106800","timestamp":1625864997,"volume":"66.86927317","buyTxId":"f072817629402b55fa23ab6ff62af94447dffcef-0","sellTxId":"1ef7be3d6561e8e24b0bde07d357543e81336382"}
{"index": {"_index":"sim","_id":"1207187"}}
	{"id":1207187,"type":"sell","buyer":"udabeu","seller":"runningproject","symbol":"SIM","quantity":"117.100","price":"0.00108000","timestamp":1625865690,"volume":"0.12646800","buyTxId":"4a86e70a7a706fbb9f41a7d55fb45a43fda82c33","sellTxId":"4fe056e05cc0eca9581bab9f7639a69a584795cc"}
{"index": {"_index":"sim","_id":"1207253"}}
	{"id":1207253,"type":"sell","buyer":"udabeu","seller":"justinparke","symbol":"SIM","quantity":"437.900","price":"0.00108000","timestamp":1625867151,"volume":"0.47293200","buyTxId":"4a86e70a7a706fbb9f41a7d55fb45a43fda82c33","sellTxId":"26e8c9d1683b817a56f76c8c11c18d1aa05dee20"}
{"index": {"_index":"sim","_id":"1207258"}}
	{"id":1207258,"type":"sell","buyer":"toni.curation","seller":"justinparke","symbol":"SIM","quantity":"8077.478","price":"0.00106800","timestamp":1625867193,"volume":"8.62674650","buyTxId":"24fb5c7180b07f57c947a67bae74ab11e8c77570-0","sellTxId":"294d148be0b93a0e57279feff17c0532a7c20d55"}
{"index": {"_index":"sim","_id":"1207259"}}
	{"id":1207259,"type":"buy","buyer":"toni.curation","seller":"trumpman","symbol":"SIM","quantity":"1138.043","price":"0.00107000","timestamp":1625867205,"volume":"1.21770601","buyTxId":"60f52dda9f2885543c6f5439b70087ef00746011-0","sellTxId":"f4238adf1f6961d47b043f38c4b32384670541b6"}
{"index": {"_index":"sim","_id":"1207264"}}
	{"id":1207264,"type":"buy","buyer":"toni.curation","seller":"nftmart.fees","symbol":"SIM","quantity":"259.999","price":"0.00106999","timestamp":1625867274,"volume":"0.27819633","buyTxId":"5882232e397c5d38e8f82ba3ad398c87fa8f05b5-0","sellTxId":"a18c4252579ef5735d1a1b15834357b3ab3fe009-0"}
{"index": {"_index":"sim","_id":"1207273"}}
	{"id":1207273,"type":"sell","buyer":"gerber","seller":"medaymane","symbol":"SIM","quantity":"3045.000","price":"0.00106700","timestamp":1625867412,"volume":"3.24901500","buyTxId":"05b09025d67b4f40f71681828fca1d7bb038a427","sellTxId":"189383d80c147438737e66a17a5061d873cc76d6"}
{"index": {"_index":"sim","_id":"1207298"}}
	{"id":1207298,"type":"buy","buyer":"toni.curation","seller":"nftmart.fees","symbol":"SIM","quantity":"264.999","price":"0.00106998","timestamp":1625868474,"volume":"0.28354363","buyTxId":"6d105961de0ab718e871911b52be0bdebba0270f-0","sellTxId":"35f2241b43e6d79eb3552e8aad6e366861272148-0"}
{"index": {"_index":"sim","_id":"1207331"}}
	{"id":1207331,"type":"buy","buyer":"toni.curation","seller":"nftmart.fees","symbol":"SIM","quantity":"230.999","price":"0.00106999","timestamp":1625869674,"volume":"0.24716662","buyTxId":"a81faa7f25419f9af7d0f8d52c1f406e5a2a35de-0","sellTxId":"c71ab9c0ff85039d18f34e7a8a2efac05f7389d5-0"}
{"index": {"_index":"sim","_id":"1207332"}}
	{"id":1207332,"type":"buy","buyer":"virtualinsanity","seller":"nftmart.fees","symbol":"SIM","quantity":"0.001","price":"0.00106999","timestamp":1625869734,"volume":"0.00000107","buyTxId":"1520d2a62d840760f49053825d328a26b6dfe0b1","sellTxId":"c71ab9c0ff85039d18f34e7a8a2efac05f7389d5-0"}
{"index": {"_index":"sim","_id":"1207333"}}
	{"id":1207333,"type":"buy","buyer":"virtualinsanity","seller":"trumpman","symbol":"SIM","quantity":"0.001","price":"0.00107000","timestamp":1625869938,"volume":"0.00000107","buyTxId":"4d90522f021c48be1f2c501ce1f826db88abf16d","sellTxId":"f4238adf1f6961d47b043f38c4b32384670541b6"}
{"index": {"_index":"sim","_id":"1207339"}}
	{"id":1207339,"type":"buy","buyer":"virtualinsanity","seller":"bhoa","symbol":"SIM","quantity":"4500.000","price":"0.00112300","timestamp":1625870067,"volume":"5.05350000","buyTxId":"8cc14f3c15cf844ecbb3638de06ab222008a3a20","sellTxId":"f7ca27510e07b6940d6c850d00d3f90241a75802"}
{"index": {"_index":"sim","_id":"1207341"}}
	{"id":1207341,"type":"sell","buyer":"gerber","seller":"dera123","symbol":"SIM","quantity":"20326.737","price":"0.00106700","timestamp":1625870121,"volume":"21.68862838","buyTxId":"05b09025d67b4f40f71681828fca1d7bb038a427","sellTxId":"3216d21a41b5851123216453eb102d6aa5fe75ae"}
{"index": {"_index":"sim","_id":"1207342"}}
	{"id":1207342,"type":"sell","buyer":"dcityfund","seller":"dera123","symbol":"SIM","quantity":"11371.737","price":"0.00106600","timestamp":1625870121,"volume":"12.12227164","buyTxId":"c75dc48e26ecdd71920fba0c277e9a9648cfc7de","sellTxId":"3216d21a41b5851123216453eb102d6aa5fe75ae"}
{"index": {"_index":"sim","_id":"1207343"}}
	{"id":1207343,"type":"sell","buyer":"gerber","seller":"dera123","symbol":"SIM","quantity":"11544.258","price":"0.00106500","timestamp":1625870121,"volume":"12.29463477","buyTxId":"eb1941c0daa198595f4cd9a7eb164693d90fabda","sellTxId":"3216d21a41b5851123216453eb102d6aa5fe75ae"}
{"index": {"_index":"sim","_id":"1207390"}}
	{"id":1207390,"type":"sell","buyer":"gerber","seller":"captaincryptic","symbol":"SIM","quantity":"935.000","price":"0.00106500","timestamp":1625871552,"volume":"0.99577500","buyTxId":"eb1941c0daa198595f4cd9a7eb164693d90fabda","sellTxId":"67d9e4518a7ece790df9e2e40f7a7f7604b1f916"}
{"index": {"_index":"sim","_id":"1207413"}}
	{"id":1207413,"type":"sell","buyer":"gerber","seller":"tsnaks","symbol":"SIM","quantity":"1300.000","price":"0.00106500","timestamp":1625871627,"volume":"1.38450000","buyTxId":"eb1941c0daa198595f4cd9a7eb164693d90fabda","sellTxId":"b200a66152660d8979d3719acf75edd0467320de"}
{"index": {"_index":"sim","_id":"1207465"}}
	{"id":1207465,"type":"sell","buyer":"gerber","seller":"he-index","symbol":"SIM","quantity":"734.798","price":"0.00106500","timestamp":1625873532,"volume":"0.78255987","buyTxId":"eb1941c0daa198595f4cd9a7eb164693d90fabda","sellTxId":"ee356f162a7282fcc626c91fc8e63ba6c98d9649"}
{"index": {"_index":"sim","_id":"1207472"}}
	{"id":1207472,"type":"sell","buyer":"gerber","seller":"megalithic","symbol":"SIM","quantity":"23693.000","price":"0.00106500","timestamp":1625873667,"volume":"25.23304500","buyTxId":"eb1941c0daa198595f4cd9a7eb164693d90fabda","sellTxId":"a5a0715d5d8ccbb0d1dcbf76f1c94636b3ea6afb"}
{"index": {"_index":"sim","_id":"1207496"}}
	{"id":1207496,"type":"sell","buyer":"gerber","seller":"barrenwolfsbane","symbol":"SIM","quantity":"323.000","price":"0.00106500","timestamp":1625875029,"volume":"0.34399500","buyTxId":"eb1941c0daa198595f4cd9a7eb164693d90fabda","sellTxId":"b2f395e69bb0d77256e548c43e6ed8b2ab03d2af"}
{"index": {"_index":"sim","_id":"1207500"}}
	{"id":1207500,"type":"sell","buyer":"gerber","seller":"razam","symbol":"SIM","quantity":"7.000","price":"0.00106500","timestamp":1625875260,"volume":"0.00745500","buyTxId":"eb1941c0daa198595f4cd9a7eb164693d90fabda","sellTxId":"9d2d7f86276beaf15e2751b11830b0c9940e24d8"}
{"index": {"_index":"sim","_id":"1207527"}}
	{"id":1207527,"type":"buy","buyer":"konvik","seller":"joshh71390","symbol":"SIM","quantity":"10000.000","price":"0.00110000","timestamp":1625876802,"volume":"11.00000000","buyTxId":"9774f0fbc724d732a2b08187948adac9c947463d-0","sellTxId":"0cc4b994c3f5ed10d4d4961bcbae809868a02a4f"}
{"index": {"_index":"sim","_id":"1207593"}}
	{"id":1207593,"type":"sell","buyer":"joshh71390","seller":"thegoliath","symbol":"SIM","quantity":"10000.000","price":"0.00107000","timestamp":1625878800,"volume":"10.70000000","buyTxId":"552f49e2d90a25e6e834ede63c6fbcaefd96b7ba","sellTxId":"3cc9c710e51fd86e7f4590d7740ccbbb185e2b2f"}
{"index": {"_index":"sim","_id":"1207594"}}
	{"id":1207594,"type":"sell","buyer":"gerber","seller":"thegoliath","symbol":"SIM","quantity":"4251.484","price":"0.00106500","timestamp":1625878800,"volume":"4.52783046","buyTxId":"eb1941c0daa198595f4cd9a7eb164693d90fabda","sellTxId":"3cc9c710e51fd86e7f4590d7740ccbbb185e2b2f"}
{"index": {"_index":"sim","_id":"1207595"}}
	{"id":1207595,"type":"sell","buyer":"dcityfund","seller":"thegoliath","symbol":"SIM","quantity":"12788.540","price":"0.00106100","timestamp":1625878800,"volume":"13.56864094","buyTxId":"f97a9aa3ceb88f4176cbbefdeef290739683dd32","sellTxId":"3cc9c710e51fd86e7f4590d7740ccbbb185e2b2f"}
{"index": {"_index":"sim","_id":"1207596"}}
	{"id":1207596,"type":"sell","buyer":"gerber","seller":"thegoliath","symbol":"SIM","quantity":"55914.977","price":"0.00106013","timestamp":1625878800,"volume":"59.27714457","buyTxId":"7debf388162dce5c6a910c9ca8f4852a256977a4","sellTxId":"3cc9c710e51fd86e7f4590d7740ccbbb185e2b2f"}
{"index": {"_index":"sim","_id":"1207668"}}
	{"id":1207668,"type":"buy","buyer":"petertag","seller":"joshh71390","symbol":"SIM","quantity":"271.500","price":"0.00111500","timestamp":1625881659,"volume":"0.30272250","buyTxId":"747e2ad6ae9d9ed55d6d094c8452588b119ef73d","sellTxId":"28ba4b58d485105d9dd9a8b7ab853550857129e5"}
{"index": {"_index":"sim","_id":"1207678"}}
	{"id":1207678,"type":"sell","buyer":"gerber","seller":"darmst5339","symbol":"SIM","quantity":"3.646","price":"0.00106013","timestamp":1625882211,"volume":"0.00386523","buyTxId":"7debf388162dce5c6a910c9ca8f4852a256977a4","sellTxId":"a7584023d03109e5c15582da90a7c1b1276e7abf"}
{"index": {"_index":"sim","_id":"1207700"}}
	{"id":1207700,"type":"buy","buyer":"zerokdark","seller":"joshh71390","symbol":"SIM","quantity":"1000.000","price":"0.00111500","timestamp":1625883267,"volume":"1.11500000","buyTxId":"81986aa6a9285a56fdb96c8d7f413856d2e06054","sellTxId":"28ba4b58d485105d9dd9a8b7ab853550857129e5"}
{"index": {"_index":"sim","_id":"1207723"}}
	{"id":1207723,"type":"sell","buyer":"gerber","seller":"drew0","symbol":"SIM","quantity":"17645.000","price":"0.00106013","timestamp":1625885076,"volume":"18.70599385","buyTxId":"7debf388162dce5c6a910c9ca8f4852a256977a4","sellTxId":"6080b030456847f10c38c661227026875a331447"}
{"index": {"_index":"sim","_id":"1207742"}}
	{"id":1207742,"type":"sell","buyer":"gerber","seller":"automaton","symbol":"SIM","quantity":"2800.000","price":"0.00106013","timestamp":1625885361,"volume":"2.96836400","buyTxId":"7debf388162dce5c6a910c9ca8f4852a256977a4","sellTxId":"882a68ec72c12c805732962f5d12aacafa0fd249"}
