{"index": {"_index":"sim","_id":"2121288"}}
	{"id":2121288,"type":"sell","buyer":"pi-trader","seller":"nrg","symbol":"SIM","quantity":"309.010","price":"0.00058100","timestamp":1637981001,"volume":"0.17953481","buyTxId":"f57cf72522a9320d0e4a3b7e5dffd859b547dfb4-3","sellTxId":"c8a4a72541f710b158e5af3fd389d5012390e110-2"}
{"index": {"_index":"sim","_id":"2121314"}}
	{"id":2121314,"type":"sell","buyer":"pi-trader","seller":"dkid14","symbol":"SIM","quantity":"40000.000","price":"0.00058106","timestamp":1637981631,"volume":"23.24240000","buyTxId":"b82c04d1f534c24053e408db612a39d8a6ba7edb-3","sellTxId":"d64c20f3b2921453e8043647398281d82747f870"}
{"index": {"_index":"sim","_id":"2121355"}}
	{"id":2121355,"type":"sell","buyer":"pi-trader","seller":"valor2s","symbol":"SIM","quantity":"23.010","price":"0.00058112","timestamp":1637982486,"volume":"0.01337157","buyTxId":"2996d875af87cdba90fbac5e74ebaad4a715919b-3","sellTxId":"4e74a6f5c298e2d55d761296ab298dcdfdf82e1f"}
{"index": {"_index":"sim","_id":"2121404"}}
	{"id":2121404,"type":"sell","buyer":"pi-trader","seller":"maffara","symbol":"SIM","quantity":"0.006","price":"0.00058118","timestamp":1637983083,"volume":"0.00000349","buyTxId":"e47f3d8db7f806cabde886442d218bebc3c7d4be-4","sellTxId":"c307cf12da8327aa2503b47919166eaa71f3bea2"}
{"index": {"_index":"sim","_id":"2121417"}}
	{"id":2121417,"type":"sell","buyer":"pi-trader","seller":"maffarag","symbol":"SIM","quantity":"220.000","price":"0.00058121","timestamp":1637983272,"volume":"0.12786620","buyTxId":"957f2dbd087e290c4394aa8da8669e48173175c3-3","sellTxId":"5187583183f7fcf2297bc2cbad63126d025de074"}
{"index": {"_index":"sim","_id":"2121460"}}
	{"id":2121460,"type":"sell","buyer":"pi-trader","seller":"magnacarta","symbol":"SIM","quantity":"0.128","price":"0.00058127","timestamp":1637983953,"volume":"0.00007440","buyTxId":"f7af64f729dd4e4c6e56c091d761324837cf06ba-3","sellTxId":"16243863e77f45cbe1321de83c2c1f574118c36a"}
{"index": {"_index":"sim","_id":"2121486"}}
	{"id":2121486,"type":"sell","buyer":"pi-trader","seller":"frugal-fun","symbol":"SIM","quantity":"50000.000","price":"0.00058130","timestamp":1637984205,"volume":"29.06500000","buyTxId":"3495e63a3e983a36a96165a3e6f714c12b51c734-3","sellTxId":"7aef562ce9716ec169e117edcccff739aa48e596"}
{"index": {"_index":"sim","_id":"2121487"}}
	{"id":2121487,"type":"sell","buyer":"jelly-cz","seller":"frugal-fun","symbol":"SIM","quantity":"20643.741","price":"0.00058129","timestamp":1637984205,"volume":"12.00000021","buyTxId":"MM-P-12544088-59530490-3-35-0","sellTxId":"7aef562ce9716ec169e117edcccff739aa48e596"}
{"index": {"_index":"sim","_id":"2121488"}}
	{"id":2121488,"type":"sell","buyer":"mary-jane","seller":"frugal-fun","symbol":"SIM","quantity":"9356.259","price":"0.00058000","timestamp":1637984205,"volume":"5.42663022","buyTxId":"7b4bdb3e73b9651ba148a54a26e99a7963e45dc9","sellTxId":"7aef562ce9716ec169e117edcccff739aa48e596"}
{"index": {"_index":"sim","_id":"2121508"}}
	{"id":2121508,"type":"sell","buyer":"pi-trader","seller":"frugal-fun","symbol":"SIM","quantity":"50000.000","price":"0.00058004","timestamp":1637984466,"volume":"29.00200000","buyTxId":"7b640c544a305c9d29fd4bc345241da8e2c5768a-1","sellTxId":"fc899866d2bb584fab812ff28092a3281c68f0d9"}
{"index": {"_index":"sim","_id":"2121509"}}
	{"id":2121509,"type":"sell","buyer":"jelly-cz","seller":"frugal-fun","symbol":"SIM","quantity":"20000.000","price":"0.00058003","timestamp":1637984466,"volume":"11.60060000","buyTxId":"MM-P-12544188-59530590-3-35-0","sellTxId":"fc899866d2bb584fab812ff28092a3281c68f0d9"}
{"index": {"_index":"sim","_id":"2121815"}}
	{"id":2121815,"type":"buy","buyer":"dswap","seller":"pi-trader","symbol":"SIM","quantity":"50000.000","price":"0.00063998","timestamp":1637989311,"volume":"31.99900000","buyTxId":"6995a7029e41f6f4bc34452c3adea1d00b720b3f","sellTxId":"9f46db01af69f70b4df06831c902789fc4baa86a-6"}
{"index": {"_index":"sim","_id":"2121816"}}
	{"id":2121816,"type":"buy","buyer":"dswap","seller":"brofi-market","symbol":"SIM","quantity":"0.003","price":"0.00063998","timestamp":1637989311,"volume":"0.00000192","buyTxId":"6995a7029e41f6f4bc34452c3adea1d00b720b3f","sellTxId":"4e709830104f3f79e7f4263773c6c9bb14c50b92"}
{"index": {"_index":"sim","_id":"2121817"}}
	{"id":2121817,"type":"buy","buyer":"dswap","seller":"ubeautiful","symbol":"SIM","quantity":"14058.000","price":"0.00063999","timestamp":1637989311,"volume":"8.99697942","buyTxId":"6995a7029e41f6f4bc34452c3adea1d00b720b3f","sellTxId":"ca458086ce402ed8ba0197ee7ec184da12e47a58"}
{"index": {"_index":"sim","_id":"2121818"}}
	{"id":2121818,"type":"buy","buyer":"dswap","seller":"peerfinance","symbol":"SIM","quantity":"204.924","price":"0.00064000","timestamp":1637989311,"volume":"0.13115136","buyTxId":"6995a7029e41f6f4bc34452c3adea1d00b720b3f","sellTxId":"8aee7ab2ea53a77d28608290d1ad5da5e0ca4a30"}
{"index": {"_index":"sim","_id":"2121819"}}
	{"id":2121819,"type":"buy","buyer":"dswap","seller":"crypto-dz","symbol":"SIM","quantity":"441.000","price":"0.00065001","timestamp":1637989311,"volume":"0.28665441","buyTxId":"6995a7029e41f6f4bc34452c3adea1d00b720b3f","sellTxId":"0ebfe1dbfbeb47a6ac92d20ab57b8dedcf00bd10"}
{"index": {"_index":"sim","_id":"2121820"}}
	{"id":2121820,"type":"buy","buyer":"dswap","seller":"medaymane","symbol":"SIM","quantity":"1592.000","price":"0.00066214","timestamp":1637989311,"volume":"1.05412688","buyTxId":"6995a7029e41f6f4bc34452c3adea1d00b720b3f","sellTxId":"db204f3851bf745efeca72ab0813696ccf8b8eb8"}
{"index": {"_index":"sim","_id":"2121821"}}
	{"id":2121821,"type":"buy","buyer":"dswap","seller":"jelly-cz","symbol":"SIM","quantity":"26727.000","price":"0.00066600","timestamp":1637989311,"volume":"17.80018200","buyTxId":"6995a7029e41f6f4bc34452c3adea1d00b720b3f","sellTxId":"MM-P-12534027-59520424-3-35-1"}
{"index": {"_index":"sim","_id":"2121822"}}
	{"id":2121822,"type":"buy","buyer":"dswap","seller":"brofi-market","symbol":"SIM","quantity":"0.003","price":"0.00066649","timestamp":1637989311,"volume":"0.00000200","buyTxId":"6995a7029e41f6f4bc34452c3adea1d00b720b3f","sellTxId":"df98caa8331dfc98e3e109f8df25a76dba369b50"}
{"index": {"_index":"sim","_id":"2121823"}}
	{"id":2121823,"type":"buy","buyer":"dswap","seller":"camiloferrua","symbol":"SIM","quantity":"107.195","price":"0.00067000","timestamp":1637989311,"volume":"0.07182065","buyTxId":"6995a7029e41f6f4bc34452c3adea1d00b720b3f","sellTxId":"ee7392dbdfddcea24b5b51110f220306eaf56fcc"}
{"index": {"_index":"sim","_id":"2121824"}}
	{"id":2121824,"type":"buy","buyer":"dswap","seller":"xaxakun","symbol":"SIM","quantity":"69.110","price":"0.00067968","timestamp":1637989311,"volume":"0.04697268","buyTxId":"6995a7029e41f6f4bc34452c3adea1d00b720b3f","sellTxId":"f4491cb90e6d7031e2880ea0699003fbf8066a4b"}
{"index": {"_index":"sim","_id":"2121825"}}
	{"id":2121825,"type":"buy","buyer":"dswap","seller":"martusamak","symbol":"SIM","quantity":"1610.250","price":"0.00068000","timestamp":1637989311,"volume":"1.09497000","buyTxId":"6995a7029e41f6f4bc34452c3adea1d00b720b3f","sellTxId":"dfbbd2f10906a31df6deb349a165ff8ad38f84f6"}
{"index": {"_index":"sim","_id":"2121826"}}
	{"id":2121826,"type":"buy","buyer":"dswap","seller":"rafaelmonteiro","symbol":"SIM","quantity":"2128.000","price":"0.00068000","timestamp":1637989311,"volume":"1.44704000","buyTxId":"6995a7029e41f6f4bc34452c3adea1d00b720b3f","sellTxId":"f4bf733991df6a78a5e2f7fc9a40289143741d38"}
{"index": {"_index":"sim","_id":"2121827"}}
	{"id":2121827,"type":"buy","buyer":"dswap","seller":"ahblue599","symbol":"SIM","quantity":"2192.000","price":"0.00070000","timestamp":1637989311,"volume":"1.53440000","buyTxId":"6995a7029e41f6f4bc34452c3adea1d00b720b3f","sellTxId":"fcfb81cc5483fa2b01230b5622f0a86f165761a1"}
{"index": {"_index":"sim","_id":"2121828"}}
	{"id":2121828,"type":"buy","buyer":"dswap","seller":"martusamak","symbol":"SIM","quantity":"1476.300","price":"0.00070000","timestamp":1637989311,"volume":"1.03341000","buyTxId":"6995a7029e41f6f4bc34452c3adea1d00b720b3f","sellTxId":"11bd7704ee8ba0e86759bdfcbdfd7cee661de107"}
{"index": {"_index":"sim","_id":"2121829"}}
	{"id":2121829,"type":"buy","buyer":"dswap","seller":"cliffagreen","symbol":"SIM","quantity":"10.469","price":"0.00070200","timestamp":1637989311,"volume":"0.00734924","buyTxId":"6995a7029e41f6f4bc34452c3adea1d00b720b3f","sellTxId":"1fdda004acf58f61f3e2ab9d68d7f249a31cebbe"}
{"index": {"_index":"sim","_id":"2121830"}}
	{"id":2121830,"type":"buy","buyer":"dswap","seller":"braaiboy","symbol":"SIM","quantity":"1108.558","price":"0.00071000","timestamp":1637989311,"volume":"0.78707618","buyTxId":"6995a7029e41f6f4bc34452c3adea1d00b720b3f","sellTxId":"4969f7190e3c25cd332aff3d5c7ce449fe5daf5d"}
{"index": {"_index":"sim","_id":"2121831"}}
	{"id":2121831,"type":"buy","buyer":"dswap","seller":"brofi-market","symbol":"SIM","quantity":"0.006","price":"0.00071899","timestamp":1637989311,"volume":"0.00000431","buyTxId":"6995a7029e41f6f4bc34452c3adea1d00b720b3f","sellTxId":"20f122f20c9618d0c144a490e14bbfd999f1cba1"}
{"index": {"_index":"sim","_id":"2121832"}}
	{"id":2121832,"type":"buy","buyer":"dswap","seller":"braaiboy","symbol":"SIM","quantity":"1205.000","price":"0.00072000","timestamp":1637989311,"volume":"0.86760000","buyTxId":"6995a7029e41f6f4bc34452c3adea1d00b720b3f","sellTxId":"fd61d0cf1d2b65d7b317d38f3dd4c5d037df75c6"}
{"index": {"_index":"sim","_id":"2121833"}}
	{"id":2121833,"type":"buy","buyer":"dswap","seller":"ganjafarmer","symbol":"SIM","quantity":"1.941","price":"0.00072000","timestamp":1637989311,"volume":"0.00139752","buyTxId":"6995a7029e41f6f4bc34452c3adea1d00b720b3f","sellTxId":"661cc9625aacbcbfea2e9655d3f5c0f0499de1fb"}
{"index": {"_index":"sim","_id":"2121834"}}
	{"id":2121834,"type":"buy","buyer":"dswap","seller":"mosho-o","symbol":"SIM","quantity":"0.060","price":"0.00072900","timestamp":1637989311,"volume":"0.00004374","buyTxId":"6995a7029e41f6f4bc34452c3adea1d00b720b3f","sellTxId":"9a07b1ec136aaa6f79ab8887f9683732f22f2416"}
{"index": {"_index":"sim","_id":"2121835"}}
	{"id":2121835,"type":"buy","buyer":"dswap","seller":"marfonso","symbol":"SIM","quantity":"313.775","price":"0.00073999","timestamp":1637989311,"volume":"0.23219036","buyTxId":"6995a7029e41f6f4bc34452c3adea1d00b720b3f","sellTxId":"d1690e9ef80c3134f68c9eeda0011c0b8a554a40"}
{"index": {"_index":"sim","_id":"2121836"}}
	{"id":2121836,"type":"buy","buyer":"dswap","seller":"brofi-market","symbol":"SIM","quantity":"0.001","price":"0.00074228","timestamp":1637989311,"volume":"0.00000074","buyTxId":"6995a7029e41f6f4bc34452c3adea1d00b720b3f","sellTxId":"529caeec8192bada2b688b685e2d955917dd6cc7"}
{"index": {"_index":"sim","_id":"2121837"}}
	{"id":2121837,"type":"buy","buyer":"dswap","seller":"alucard1260","symbol":"SIM","quantity":"72785.105","price":"0.00075000","timestamp":1637989311,"volume":"54.58882875","buyTxId":"6995a7029e41f6f4bc34452c3adea1d00b720b3f","sellTxId":"0440bedc4cd7ac5936a35c6a16e3815e601a63cb"}
{"index": {"_index":"sim","_id":"2121838"}}
	{"id":2121838,"type":"buy","buyer":"dswap","seller":"brofi-market","symbol":"SIM","quantity":"0.006","price":"0.00075499","timestamp":1637989311,"volume":"0.00000453","buyTxId":"6995a7029e41f6f4bc34452c3adea1d00b720b3f","sellTxId":"79ed43bf5f1db57d114389b0bcee068af062b86d"}
{"index": {"_index":"sim","_id":"2121839"}}
	{"id":2121839,"type":"buy","buyer":"dswap","seller":"brofi-market","symbol":"SIM","quantity":"0.001","price":"0.00075799","timestamp":1637989311,"volume":"0.00000076","buyTxId":"6995a7029e41f6f4bc34452c3adea1d00b720b3f","sellTxId":"fdd9f67e4f9462de63b7719af6e2ce0fc3e83bbc"}
{"index": {"_index":"sim","_id":"2121840"}}
	{"id":2121840,"type":"buy","buyer":"dswap","seller":"mapac","symbol":"SIM","quantity":"555.000","price":"0.00076000","timestamp":1637989311,"volume":"0.42180000","buyTxId":"6995a7029e41f6f4bc34452c3adea1d00b720b3f","sellTxId":"889530120aea516ef31b8eceb669e0f968c71540"}
{"index": {"_index":"sim","_id":"2121841"}}
	{"id":2121841,"type":"buy","buyer":"dswap","seller":"mapac","symbol":"SIM","quantity":"555.000","price":"0.00078000","timestamp":1637989311,"volume":"0.43290000","buyTxId":"6995a7029e41f6f4bc34452c3adea1d00b720b3f","sellTxId":"4335fd2edc0c49132695a02f58ee255b8b7e4848"}
{"index": {"_index":"sim","_id":"2121842"}}
	{"id":2121842,"type":"buy","buyer":"dswap","seller":"atomcollector","symbol":"SIM","quantity":"2850.000","price":"0.00078400","timestamp":1637989311,"volume":"2.23440000","buyTxId":"6995a7029e41f6f4bc34452c3adea1d00b720b3f","sellTxId":"8c769818a689705df7e602b802a3e629ba2f2459"}
{"index": {"_index":"sim","_id":"2121843"}}
	{"id":2121843,"type":"buy","buyer":"dswap","seller":"sbi-tokens","symbol":"SIM","quantity":"152030.514","price":"0.00078800","timestamp":1637989311,"volume":"119.80004503","buyTxId":"6995a7029e41f6f4bc34452c3adea1d00b720b3f","sellTxId":"b1a55db23a1ddcf81603b49bbe7b7e00fae1640f"}
{"index": {"_index":"sim","_id":"2121844"}}
	{"id":2121844,"type":"buy","buyer":"dswap","seller":"brofi-market","symbol":"SIM","quantity":"0.001","price":"0.00078899","timestamp":1637989311,"volume":"0.00000079","buyTxId":"6995a7029e41f6f4bc34452c3adea1d00b720b3f","sellTxId":"514b3260dce1051c43f3ffbb1e4e8dfd8f1e7a61"}
{"index": {"_index":"sim","_id":"2121845"}}
	{"id":2121845,"type":"buy","buyer":"dswap","seller":"johannesboldt","symbol":"SIM","quantity":"75000.000","price":"0.00078900","timestamp":1637989311,"volume":"59.17500000","buyTxId":"6995a7029e41f6f4bc34452c3adea1d00b720b3f","sellTxId":"63d7fc6cb293289840ec429e8ae0fdefc2081e4e"}
{"index": {"_index":"sim","_id":"2121846"}}
	{"id":2121846,"type":"buy","buyer":"dswap","seller":"atomcollector","symbol":"SIM","quantity":"3374.905","price":"0.00081400","timestamp":1637989311,"volume":"2.74717267","buyTxId":"6995a7029e41f6f4bc34452c3adea1d00b720b3f","sellTxId":"9b2446e38a06d894f507a8020d2acd45dc9fb676"}
{"index": {"_index":"sim","_id":"2121847"}}
	{"id":2121847,"type":"buy","buyer":"dswap","seller":"freedomprepper","symbol":"SIM","quantity":"29.000","price":"0.00082900","timestamp":1637989311,"volume":"0.02404100","buyTxId":"6995a7029e41f6f4bc34452c3adea1d00b720b3f","sellTxId":"a4742b86319aeb434eeec704f49ed63b2f6bedc4"}
{"index": {"_index":"sim","_id":"2121848"}}
	{"id":2121848,"type":"buy","buyer":"dswap","seller":"goofpa","symbol":"SIM","quantity":"0.853","price":"0.00083000","timestamp":1637989311,"volume":"0.00070799","buyTxId":"6995a7029e41f6f4bc34452c3adea1d00b720b3f","sellTxId":"8fa1725e348071cc0b50fc86bed624822f875b05"}
{"index": {"_index":"sim","_id":"2121849"}}
	{"id":2121849,"type":"buy","buyer":"dswap","seller":"brofi-market","symbol":"SIM","quantity":"0.007","price":"0.00084999","timestamp":1637989311,"volume":"0.00000595","buyTxId":"6995a7029e41f6f4bc34452c3adea1d00b720b3f","sellTxId":"8c8083f52e2960dd2cdc7e81888dcecb99fbb4c4"}
{"index": {"_index":"sim","_id":"2121850"}}
	{"id":2121850,"type":"buy","buyer":"dswap","seller":"brofi-market","symbol":"SIM","quantity":"0.001","price":"0.00084999","timestamp":1637989311,"volume":"0.00000085","buyTxId":"6995a7029e41f6f4bc34452c3adea1d00b720b3f","sellTxId":"25410c10345aca5403a299d76152ea662805e672"}
{"index": {"_index":"sim","_id":"2121851"}}
	{"id":2121851,"type":"buy","buyer":"dswap","seller":"mapac","symbol":"SIM","quantity":"555.000","price":"0.00085000","timestamp":1637989311,"volume":"0.47175000","buyTxId":"6995a7029e41f6f4bc34452c3adea1d00b720b3f","sellTxId":"9883d6a8213b1163216f4bfa4ed9e647bedc7709"}
{"index": {"_index":"sim","_id":"2121852"}}
	{"id":2121852,"type":"buy","buyer":"dswap","seller":"accelerator","symbol":"SIM","quantity":"555.000","price":"0.00085000","timestamp":1637989311,"volume":"0.47175000","buyTxId":"6995a7029e41f6f4bc34452c3adea1d00b720b3f","sellTxId":"0775e3b452948e681c95fab8a36a59e2e1a60f0a"}
{"index": {"_index":"sim","_id":"2121853"}}
	{"id":2121853,"type":"buy","buyer":"dswap","seller":"coloneljethro","symbol":"SIM","quantity":"12000.000","price":"0.00088765","timestamp":1637989311,"volume":"10.65180000","buyTxId":"6995a7029e41f6f4bc34452c3adea1d00b720b3f","sellTxId":"17f6524388efea155a4fe889e6b55eee0e54facf"}
{"index": {"_index":"sim","_id":"2121854"}}
	{"id":2121854,"type":"buy","buyer":"dswap","seller":"brofi-market","symbol":"SIM","quantity":"0.006","price":"0.00088998","timestamp":1637989311,"volume":"0.00000534","buyTxId":"6995a7029e41f6f4bc34452c3adea1d00b720b3f","sellTxId":"153842d6cce8f3f72dc59539b191aaf316ffd0cd"}
{"index": {"_index":"sim","_id":"2121855"}}
	{"id":2121855,"type":"buy","buyer":"dswap","seller":"brofi-market","symbol":"SIM","quantity":"0.001","price":"0.00088999","timestamp":1637989311,"volume":"0.00000089","buyTxId":"6995a7029e41f6f4bc34452c3adea1d00b720b3f","sellTxId":"d94463d1406b1d99f884768e4c3c144ca37063f5"}
{"index": {"_index":"sim","_id":"2121856"}}
	{"id":2121856,"type":"buy","buyer":"dswap","seller":"mpath","symbol":"SIM","quantity":"555.000","price":"0.00089000","timestamp":1637989311,"volume":"0.49395000","buyTxId":"6995a7029e41f6f4bc34452c3adea1d00b720b3f","sellTxId":"4e149e3c643126dbb4620e0a99ba25a93d45deb2"}
{"index": {"_index":"sim","_id":"2121857"}}
	{"id":2121857,"type":"buy","buyer":"dswap","seller":"sallhiddles","symbol":"SIM","quantity":"14216.750","price":"0.00089000","timestamp":1637989311,"volume":"12.65290750","buyTxId":"6995a7029e41f6f4bc34452c3adea1d00b720b3f","sellTxId":"475d4c741e1b23c6cb97f6eaed55539b72d7366d"}
{"index": {"_index":"sim","_id":"2121858"}}
	{"id":2121858,"type":"buy","buyer":"dswap","seller":"brofi-market","symbol":"SIM","quantity":"0.002","price":"0.00089846","timestamp":1637989311,"volume":"0.00000180","buyTxId":"6995a7029e41f6f4bc34452c3adea1d00b720b3f","sellTxId":"41939e1580e3f59eefe3d0ff9ca2635d29f470da"}
{"index": {"_index":"sim","_id":"2121859"}}
	{"id":2121859,"type":"buy","buyer":"dswap","seller":"brofi-market","symbol":"SIM","quantity":"0.003","price":"0.00089947","timestamp":1637989311,"volume":"0.00000270","buyTxId":"6995a7029e41f6f4bc34452c3adea1d00b720b3f","sellTxId":"0d63e989ecb21c831dcf343b80be6e47ec1d2cfe"}
{"index": {"_index":"sim","_id":"2121860"}}
	{"id":2121860,"type":"buy","buyer":"dswap","seller":"mapac","symbol":"SIM","quantity":"555.000","price":"0.00090000","timestamp":1637989311,"volume":"0.49950000","buyTxId":"6995a7029e41f6f4bc34452c3adea1d00b720b3f","sellTxId":"fb16834e494f1b2f7c4e93ff7a06d3194b8229c2"}
{"index": {"_index":"sim","_id":"2121861"}}
	{"id":2121861,"type":"buy","buyer":"dswap","seller":"atomcollector","symbol":"SIM","quantity":"1773.000","price":"0.00090900","timestamp":1637989311,"volume":"1.61165700","buyTxId":"6995a7029e41f6f4bc34452c3adea1d00b720b3f","sellTxId":"43d2beed70b2103dc65e305198a2643537ebbc97"}
{"index": {"_index":"sim","_id":"2121862"}}
	{"id":2121862,"type":"buy","buyer":"dswap","seller":"mapac","symbol":"SIM","quantity":"555.000","price":"0.00091000","timestamp":1637989311,"volume":"0.50505000","buyTxId":"6995a7029e41f6f4bc34452c3adea1d00b720b3f","sellTxId":"853392356a236d525a357c5d4c04acf6da01c963"}
{"index": {"_index":"sim","_id":"2121863"}}
	{"id":2121863,"type":"buy","buyer":"dswap","seller":"blurtyield","symbol":"SIM","quantity":"333.000","price":"0.00091000","timestamp":1637989311,"volume":"0.30303000","buyTxId":"6995a7029e41f6f4bc34452c3adea1d00b720b3f","sellTxId":"56ecd0748f13306572018c656178e2c0608d340e"}
{"index": {"_index":"sim","_id":"2121864"}}
	{"id":2121864,"type":"buy","buyer":"dswap","seller":"brofi-market","symbol":"SIM","quantity":"0.006","price":"0.00091999","timestamp":1637989311,"volume":"0.00000552","buyTxId":"6995a7029e41f6f4bc34452c3adea1d00b720b3f","sellTxId":"30a190ec64f6cb81c03629c5748ea5b40a855a39"}
{"index": {"_index":"sim","_id":"2121865"}}
	{"id":2121865,"type":"buy","buyer":"dswap","seller":"mapac","symbol":"SIM","quantity":"555.000","price":"0.00092000","timestamp":1637989311,"volume":"0.51060000","buyTxId":"6995a7029e41f6f4bc34452c3adea1d00b720b3f","sellTxId":"797b544d1b0994ef63a534b66897435dbc7b8caf"}
{"index": {"_index":"sim","_id":"2121866"}}
	{"id":2121866,"type":"buy","buyer":"dswap","seller":"accelerator","symbol":"SIM","quantity":"333.000","price":"0.00092000","timestamp":1637989311,"volume":"0.30636000","buyTxId":"6995a7029e41f6f4bc34452c3adea1d00b720b3f","sellTxId":"cff4544f3356602b98ac9bc6f31e2e4dfb95d9bb"}
{"index": {"_index":"sim","_id":"2121867"}}
	{"id":2121867,"type":"buy","buyer":"dswap","seller":"onecent","symbol":"SIM","quantity":"333.000","price":"0.00092000","timestamp":1637989311,"volume":"0.30636000","buyTxId":"6995a7029e41f6f4bc34452c3adea1d00b720b3f","sellTxId":"0102468589ddfd1ad1c4720cf20b21950a02cdb8"}
{"index": {"_index":"sim","_id":"2121868"}}
	{"id":2121868,"type":"buy","buyer":"dswap","seller":"accelerator","symbol":"SIM","quantity":"333.000","price":"0.00093000","timestamp":1637989311,"volume":"0.30969000","buyTxId":"6995a7029e41f6f4bc34452c3adea1d00b720b3f","sellTxId":"7b0fda01a24837b89016d754d0e38d9879274ebf"}
{"index": {"_index":"sim","_id":"2121869"}}
	{"id":2121869,"type":"buy","buyer":"dswap","seller":"brofi-market","symbol":"SIM","quantity":"0.001","price":"0.00093199","timestamp":1637989311,"volume":"0.00000093","buyTxId":"6995a7029e41f6f4bc34452c3adea1d00b720b3f","sellTxId":"c52ea05eb404d2a7e322624bf7751f71a1a8fad4"}
{"index": {"_index":"sim","_id":"2121870"}}
	{"id":2121870,"type":"buy","buyer":"dswap","seller":"brofi-market","symbol":"SIM","quantity":"0.001","price":"0.00093399","timestamp":1637989311,"volume":"0.00000093","buyTxId":"6995a7029e41f6f4bc34452c3adea1d00b720b3f","sellTxId":"91801a1ea33e3339d6a9953c3fc0b31435ad6f9c"}
{"index": {"_index":"sim","_id":"2121871"}}
	{"id":2121871,"type":"buy","buyer":"dswap","seller":"mapac","symbol":"SIM","quantity":"490.000","price":"0.00095000","timestamp":1637989311,"volume":"0.46550000","buyTxId":"6995a7029e41f6f4bc34452c3adea1d00b720b3f","sellTxId":"3403318d1c89dd418888bb0719f3a408e9e5a605"}
{"index": {"_index":"sim","_id":"2121872"}}
	{"id":2121872,"type":"buy","buyer":"dswap","seller":"brofi-market","symbol":"SIM","quantity":"0.001","price":"0.00095842","timestamp":1637989311,"volume":"0.00000096","buyTxId":"6995a7029e41f6f4bc34452c3adea1d00b720b3f","sellTxId":"638820ce6285c4ab3c8d3ab5cf98618446e7b3a5"}
{"index": {"_index":"sim","_id":"2121873"}}
	{"id":2121873,"type":"buy","buyer":"dswap","seller":"brofi-market","symbol":"SIM","quantity":"0.007","price":"0.00095865","timestamp":1637989311,"volume":"0.00000671","buyTxId":"6995a7029e41f6f4bc34452c3adea1d00b720b3f","sellTxId":"1838516c032227bff4b1895ee2fb73379a020069"}
{"index": {"_index":"sim","_id":"2121874"}}
	{"id":2121874,"type":"buy","buyer":"dswap","seller":"bigram13","symbol":"SIM","quantity":"10561.759","price":"0.00096000","timestamp":1637989311,"volume":"10.13928864","buyTxId":"6995a7029e41f6f4bc34452c3adea1d00b720b3f","sellTxId":"3664ea229f0a45e6ad329e3a3cef268f31421e9e"}
{"index": {"_index":"sim","_id":"2121875"}}
	{"id":2121875,"type":"buy","buyer":"dswap","seller":"brofi-market","symbol":"SIM","quantity":"0.002","price":"0.00096997","timestamp":1637989311,"volume":"0.00000194","buyTxId":"6995a7029e41f6f4bc34452c3adea1d00b720b3f","sellTxId":"46a3492e3f627b15fc77c40cfbb4dbe0d0c0541e"}
{"index": {"_index":"sim","_id":"2121876"}}
	{"id":2121876,"type":"buy","buyer":"dswap","seller":"mpath","symbol":"SIM","quantity":"555.000","price":"0.00097000","timestamp":1637989311,"volume":"0.53835000","buyTxId":"6995a7029e41f6f4bc34452c3adea1d00b720b3f","sellTxId":"4af3ded368904f598a520e151497a8e7f0ce830c"}
{"index": {"_index":"sim","_id":"2121877"}}
	{"id":2121877,"type":"buy","buyer":"dswap","seller":"brofi-market","symbol":"SIM","quantity":"0.007","price":"0.00097886","timestamp":1637989311,"volume":"0.00000685","buyTxId":"6995a7029e41f6f4bc34452c3adea1d00b720b3f","sellTxId":"d947306c282773a4c102be1be4c432af8b1d1212"}
{"index": {"_index":"sim","_id":"2121878"}}
	{"id":2121878,"type":"buy","buyer":"dswap","seller":"onealfa","symbol":"SIM","quantity":"5300.000","price":"0.00097887","timestamp":1637989311,"volume":"5.18801100","buyTxId":"6995a7029e41f6f4bc34452c3adea1d00b720b3f","sellTxId":"96a0417a37326e63a584f53134a7d6829b918db7"}
{"index": {"_index":"sim","_id":"2121879"}}
	{"id":2121879,"type":"buy","buyer":"dswap","seller":"brofi-market","symbol":"SIM","quantity":"0.001","price":"0.00097899","timestamp":1637989311,"volume":"0.00000098","buyTxId":"6995a7029e41f6f4bc34452c3adea1d00b720b3f","sellTxId":"c2b6b942c6840f4b7d971f97f74cf25230ec7858"}
{"index": {"_index":"sim","_id":"2121880"}}
	{"id":2121880,"type":"buy","buyer":"dswap","seller":"brofi-market","symbol":"SIM","quantity":"0.001","price":"0.00097900","timestamp":1637989311,"volume":"0.00000098","buyTxId":"6995a7029e41f6f4bc34452c3adea1d00b720b3f","sellTxId":"2939d1a3ac0fe9e7dd736a4f5522fef3e5575891"}
{"index": {"_index":"sim","_id":"2121881"}}
	{"id":2121881,"type":"buy","buyer":"dswap","seller":"brofi-market","symbol":"SIM","quantity":"0.002","price":"0.00097900","timestamp":1637989311,"volume":"0.00000196","buyTxId":"6995a7029e41f6f4bc34452c3adea1d00b720b3f","sellTxId":"ed930a6b23c456fc9473f80684ed3b71ebea83f7"}
{"index": {"_index":"sim","_id":"2121882"}}
	{"id":2121882,"type":"buy","buyer":"dswap","seller":"mapac","symbol":"SIM","quantity":"555.000","price":"0.00098000","timestamp":1637989311,"volume":"0.54390000","buyTxId":"6995a7029e41f6f4bc34452c3adea1d00b720b3f","sellTxId":"715271c0ca576e2ff4709ac95bdb3baa4258ae0f"}
{"index": {"_index":"sim","_id":"2121883"}}
	{"id":2121883,"type":"buy","buyer":"dswap","seller":"brofi-market","symbol":"SIM","quantity":"0.007","price":"0.00098499","timestamp":1637989311,"volume":"0.00000689","buyTxId":"6995a7029e41f6f4bc34452c3adea1d00b720b3f","sellTxId":"38bc2a4dc10b96fed198413a26258b8aba5a7ad1"}
{"index": {"_index":"sim","_id":"2121884"}}
	{"id":2121884,"type":"buy","buyer":"dswap","seller":"mapac","symbol":"SIM","quantity":"555.000","price":"0.00098500","timestamp":1637989311,"volume":"0.54667500","buyTxId":"6995a7029e41f6f4bc34452c3adea1d00b720b3f","sellTxId":"39ea8ecf739a9ab1a4032bc55e0e4f0aa6b55ead"}
{"index": {"_index":"sim","_id":"2121885"}}
	{"id":2121885,"type":"buy","buyer":"dswap","seller":"brofi-market","symbol":"SIM","quantity":"0.002","price":"0.00098999","timestamp":1637989311,"volume":"0.00000198","buyTxId":"6995a7029e41f6f4bc34452c3adea1d00b720b3f","sellTxId":"a8e6efa5f3bf85560b46da78766d2c6de655693f"}
{"index": {"_index":"sim","_id":"2121886"}}
	{"id":2121886,"type":"buy","buyer":"dswap","seller":"accelerator","symbol":"SIM","quantity":"555.000","price":"0.00099000","timestamp":1637989311,"volume":"0.54945000","buyTxId":"6995a7029e41f6f4bc34452c3adea1d00b720b3f","sellTxId":"158dce076d9d847194084dc01c2f10d238eac85f"}
{"index": {"_index":"sim","_id":"2121887"}}
	{"id":2121887,"type":"buy","buyer":"dswap","seller":"atomcollector","symbol":"SIM","quantity":"2240.000","price":"0.00099000","timestamp":1637989311,"volume":"2.21760000","buyTxId":"6995a7029e41f6f4bc34452c3adea1d00b720b3f","sellTxId":"2aa6fe177cf5d3a1961ea76a8798a4ccf60f9bf9"}
{"index": {"_index":"sim","_id":"2121888"}}
	{"id":2121888,"type":"buy","buyer":"dswap","seller":"atomcollector","symbol":"SIM","quantity":"8236.000","price":"0.00099900","timestamp":1637989311,"volume":"8.22776400","buyTxId":"6995a7029e41f6f4bc34452c3adea1d00b720b3f","sellTxId":"816c2d77c60dd34a1a284bae78a42d255bc9aeb6"}
{"index": {"_index":"sim","_id":"2121889"}}
	{"id":2121889,"type":"buy","buyer":"dswap","seller":"atomcollector","symbol":"SIM","quantity":"4978.000","price":"0.00099900","timestamp":1637989311,"volume":"4.97302200","buyTxId":"6995a7029e41f6f4bc34452c3adea1d00b720b3f","sellTxId":"228c5b53797063fbcd4b65a208ab9004d4611783"}
{"index": {"_index":"sim","_id":"2121890"}}
	{"id":2121890,"type":"buy","buyer":"dswap","seller":"mpath","symbol":"SIM","quantity":"555.000","price":"0.00100000","timestamp":1637989311,"volume":"0.55500000","buyTxId":"6995a7029e41f6f4bc34452c3adea1d00b720b3f","sellTxId":"da7b7a80d2f557f83c2b93ad0838f268d655def0"}
{"index": {"_index":"sim","_id":"2121891"}}
	{"id":2121891,"type":"buy","buyer":"dswap","seller":"accelerator","symbol":"SIM","quantity":"555.000","price":"0.00100000","timestamp":1637989311,"volume":"0.55500000","buyTxId":"6995a7029e41f6f4bc34452c3adea1d00b720b3f","sellTxId":"1a61680809b53c7470b3937506e57aada27b20f4"}
{"index": {"_index":"sim","_id":"2121892"}}
	{"id":2121892,"type":"buy","buyer":"dswap","seller":"myvest","symbol":"SIM","quantity":"190.093","price":"0.00100000","timestamp":1637989311,"volume":"0.19009300","buyTxId":"6995a7029e41f6f4bc34452c3adea1d00b720b3f","sellTxId":"4328a807c003cce1f2f13924e7c8d2873d558252"}
{"index": {"_index":"sim","_id":"2121893"}}
	{"id":2121893,"type":"buy","buyer":"dswap","seller":"brofi-market","symbol":"SIM","quantity":"0.001","price":"0.00100990","timestamp":1637989311,"volume":"0.00000101","buyTxId":"6995a7029e41f6f4bc34452c3adea1d00b720b3f","sellTxId":"9355319f31f8289aa5c8e8cf9ac1d0ea8894d5fc"}
{"index": {"_index":"sim","_id":"2121894"}}
	{"id":2121894,"type":"buy","buyer":"dswap","seller":"brofi-market","symbol":"SIM","quantity":"0.002","price":"0.00100992","timestamp":1637989311,"volume":"0.00000202","buyTxId":"6995a7029e41f6f4bc34452c3adea1d00b720b3f","sellTxId":"d38fa08a94386a62ff8b365cf35d3b44043f684c"}
{"index": {"_index":"sim","_id":"2121895"}}
	{"id":2121895,"type":"buy","buyer":"dswap","seller":"dhedge-drips","symbol":"SIM","quantity":"0.005","price":"0.00100994","timestamp":1637989311,"volume":"0.00000505","buyTxId":"6995a7029e41f6f4bc34452c3adea1d00b720b3f","sellTxId":"066b6f17c4db4ce6ae1a88c3744672cb17ce415d"}
{"index": {"_index":"sim","_id":"2121896"}}
	{"id":2121896,"type":"buy","buyer":"dswap","seller":"brofi-market","symbol":"SIM","quantity":"0.001","price":"0.00100996","timestamp":1637989311,"volume":"0.00000101","buyTxId":"6995a7029e41f6f4bc34452c3adea1d00b720b3f","sellTxId":"17c9f2a436e9f2476be9f9cc2d73376836df57b9"}
{"index": {"_index":"sim","_id":"2121897"}}
	{"id":2121897,"type":"buy","buyer":"dswap","seller":"brofi-market","symbol":"SIM","quantity":"0.007","price":"0.00100998","timestamp":1637989311,"volume":"0.00000707","buyTxId":"6995a7029e41f6f4bc34452c3adea1d00b720b3f","sellTxId":"4d8722271ca70b9000e1ddc20f6e03b83c6073d4"}
{"index": {"_index":"sim","_id":"2121898"}}
	{"id":2121898,"type":"buy","buyer":"dswap","seller":"egadacho","symbol":"SIM","quantity":"90288.387","price":"0.00101000","timestamp":1637989311,"volume":"91.19127087","buyTxId":"6995a7029e41f6f4bc34452c3adea1d00b720b3f","sellTxId":"76fae9b479062579898e49545287fb0f16f6e158"}
{"index": {"_index":"sim","_id":"2121899"}}
	{"id":2121899,"type":"buy","buyer":"dswap","seller":"mpath","symbol":"SIM","quantity":"555.000","price":"0.00104100","timestamp":1637989311,"volume":"0.57775500","buyTxId":"6995a7029e41f6f4bc34452c3adea1d00b720b3f","sellTxId":"e3f1f5a7111ce869026aef82ae967233ef40b05e"}
{"index": {"_index":"sim","_id":"2121900"}}
	{"id":2121900,"type":"buy","buyer":"dswap","seller":"brofi-market","symbol":"SIM","quantity":"0.001","price":"0.00104906","timestamp":1637989311,"volume":"0.00000105","buyTxId":"6995a7029e41f6f4bc34452c3adea1d00b720b3f","sellTxId":"fc49942cbd78b89a0fd8a8099e45a8bf5ed717ac"}
{"index": {"_index":"sim","_id":"2121901"}}
	{"id":2121901,"type":"buy","buyer":"dswap","seller":"brofi-market","symbol":"SIM","quantity":"0.002","price":"0.00106949","timestamp":1637989311,"volume":"0.00000214","buyTxId":"6995a7029e41f6f4bc34452c3adea1d00b720b3f","sellTxId":"22b9bb9e9127ba90f684911360ab91e499d1dc12"}
{"index": {"_index":"sim","_id":"2121902"}}
	{"id":2121902,"type":"buy","buyer":"dswap","seller":"brofi-market","symbol":"SIM","quantity":"0.001","price":"0.00107422","timestamp":1637989311,"volume":"0.00000107","buyTxId":"6995a7029e41f6f4bc34452c3adea1d00b720b3f","sellTxId":"94ffd5fb61d597829e7ae911820a3c2612aca386"}
{"index": {"_index":"sim","_id":"2121903"}}
	{"id":2121903,"type":"buy","buyer":"dswap","seller":"rubymooney","symbol":"SIM","quantity":"7822.000","price":"0.00107500","timestamp":1637989311,"volume":"8.40865000","buyTxId":"6995a7029e41f6f4bc34452c3adea1d00b720b3f","sellTxId":"94a8217cb6c0e62e06aef0342f36f69f1e183398"}
{"index": {"_index":"sim","_id":"2121904"}}
	{"id":2121904,"type":"buy","buyer":"dswap","seller":"brofi-market","symbol":"SIM","quantity":"0.007","price":"0.00107861","timestamp":1637989311,"volume":"0.00000755","buyTxId":"6995a7029e41f6f4bc34452c3adea1d00b720b3f","sellTxId":"d65a4e1f2ba191230a713f531cae6691d21a9eb1"}
{"index": {"_index":"sim","_id":"2121905"}}
	{"id":2121905,"type":"buy","buyer":"dswap","seller":"accelerator","symbol":"SIM","quantity":"555.000","price":"0.00108000","timestamp":1637989311,"volume":"0.59940000","buyTxId":"6995a7029e41f6f4bc34452c3adea1d00b720b3f","sellTxId":"8492b8cb7da3e41f32d81d1a20a94855e5424e99"}
{"index": {"_index":"sim","_id":"2121906"}}
	{"id":2121906,"type":"buy","buyer":"dswap","seller":"atomcollector","symbol":"SIM","quantity":"1321.022","price":"0.00109000","timestamp":1637989311,"volume":"1.43991398","buyTxId":"6995a7029e41f6f4bc34452c3adea1d00b720b3f","sellTxId":"c7d25dc69dcfdc2ecb4269cf4157f83484810dbd"}
{"index": {"_index":"sim","_id":"2121907"}}
	{"id":2121907,"type":"buy","buyer":"dswap","seller":"braaiboy","symbol":"SIM","quantity":"1307.215","price":"0.00109000","timestamp":1637989311,"volume":"1.42486435","buyTxId":"6995a7029e41f6f4bc34452c3adea1d00b720b3f","sellTxId":"a7a6195a661d53bb0fdaa673e89cf93fac7600a0"}
{"index": {"_index":"sim","_id":"2121908"}}
	{"id":2121908,"type":"buy","buyer":"dswap","seller":"braaiboy","symbol":"SIM","quantity":"1186.283","price":"0.00109000","timestamp":1637989311,"volume":"1.29304847","buyTxId":"6995a7029e41f6f4bc34452c3adea1d00b720b3f","sellTxId":"893973df7b6b8932b22b5eb8fa1eada993575c72"}
{"index": {"_index":"sim","_id":"2121909"}}
	{"id":2121909,"type":"buy","buyer":"dswap","seller":"mapac","symbol":"SIM","quantity":"555.000","price":"0.00109200","timestamp":1637989311,"volume":"0.60606000","buyTxId":"6995a7029e41f6f4bc34452c3adea1d00b720b3f","sellTxId":"0d3721e951887d9057c2ec0bd46c351016c03c74"}
{"index": {"_index":"sim","_id":"2121910"}}
	{"id":2121910,"type":"buy","buyer":"dswap","seller":"onecent","symbol":"SIM","quantity":"555.000","price":"0.00113400","timestamp":1637989311,"volume":"0.62937000","buyTxId":"6995a7029e41f6f4bc34452c3adea1d00b720b3f","sellTxId":"1a82f4c30c556f0bc11eb620b8e00faeb35990b9"}
{"index": {"_index":"sim","_id":"2121911"}}
	{"id":2121911,"type":"buy","buyer":"dswap","seller":"brofi-market","symbol":"SIM","quantity":"0.001","price":"0.00113997","timestamp":1637989311,"volume":"0.00000114","buyTxId":"6995a7029e41f6f4bc34452c3adea1d00b720b3f","sellTxId":"98e443e6920326bcbca994d5f7d63e348d5693e1"}
{"index": {"_index":"sim","_id":"2121912"}}
	{"id":2121912,"type":"buy","buyer":"dswap","seller":"qwerrie","symbol":"SIM","quantity":"217.161","price":"0.00114000","timestamp":1637989311,"volume":"0.24756354","buyTxId":"6995a7029e41f6f4bc34452c3adea1d00b720b3f","sellTxId":"7bbd09103e9a683be053ffac7ed76c1948df3fc3"}
{"index": {"_index":"sim","_id":"2121913"}}
	{"id":2121913,"type":"buy","buyer":"dswap","seller":"mpath","symbol":"SIM","quantity":"567.000","price":"0.00114000","timestamp":1637989311,"volume":"0.64638000","buyTxId":"6995a7029e41f6f4bc34452c3adea1d00b720b3f","sellTxId":"d4c504df1661d4b0f6a609e158bc2f3c75b0550c"}
{"index": {"_index":"sim","_id":"2121914"}}
	{"id":2121914,"type":"buy","buyer":"dswap","seller":"accelerator","symbol":"SIM","quantity":"555.000","price":"0.00114000","timestamp":1637989311,"volume":"0.63270000","buyTxId":"6995a7029e41f6f4bc34452c3adea1d00b720b3f","sellTxId":"87e5116643fd24a5be40bc65c8ad72710e17503a"}
{"index": {"_index":"sim","_id":"2121915"}}
	{"id":2121915,"type":"buy","buyer":"dswap","seller":"stever82","symbol":"SIM","quantity":"16170.286","price":"0.00115000","timestamp":1637989311,"volume":"18.59582890","buyTxId":"6995a7029e41f6f4bc34452c3adea1d00b720b3f","sellTxId":"0d232caa50308384806a1ad22db17bcc7a636f16"}
{"index": {"_index":"sim","_id":"2121916"}}
	{"id":2121916,"type":"buy","buyer":"dswap","seller":"mapac","symbol":"SIM","quantity":"555.000","price":"0.00117500","timestamp":1637989311,"volume":"0.65212500","buyTxId":"6995a7029e41f6f4bc34452c3adea1d00b720b3f","sellTxId":"2a4221ed9b35a4a7375031d0c88a68c5a09f284b"}
{"index": {"_index":"sim","_id":"2121917"}}
	{"id":2121917,"type":"buy","buyer":"dswap","seller":"accelerator","symbol":"SIM","quantity":"786.000","price":"0.00118200","timestamp":1637989311,"volume":"0.92905200","buyTxId":"6995a7029e41f6f4bc34452c3adea1d00b720b3f","sellTxId":"93872d712716520d6566a7e05d0d1407f15ab5bc"}
{"index": {"_index":"sim","_id":"2121918"}}
	{"id":2121918,"type":"buy","buyer":"dswap","seller":"mapac","symbol":"SIM","quantity":"555.000","price":"0.00119000","timestamp":1637989311,"volume":"0.66045000","buyTxId":"6995a7029e41f6f4bc34452c3adea1d00b720b3f","sellTxId":"067e8aa1dc24194f89b412fe0ca95335568646e9"}
{"index": {"_index":"sim","_id":"2121919"}}
	{"id":2121919,"type":"buy","buyer":"dswap","seller":"accelerator","symbol":"SIM","quantity":"555.000","price":"0.00119100","timestamp":1637989311,"volume":"0.66100500","buyTxId":"6995a7029e41f6f4bc34452c3adea1d00b720b3f","sellTxId":"81eef6103cee7149c6832b19280fd34d4bdc10f4"}
{"index": {"_index":"sim","_id":"2121920"}}
	{"id":2121920,"type":"buy","buyer":"dswap","seller":"onecent","symbol":"SIM","quantity":"555.000","price":"0.00121300","timestamp":1637989311,"volume":"0.67321500","buyTxId":"6995a7029e41f6f4bc34452c3adea1d00b720b3f","sellTxId":"a8ddcbf60d48bdb2ce4fd1c50e2aaad431c4a341"}
{"index": {"_index":"sim","_id":"2121921"}}
	{"id":2121921,"type":"buy","buyer":"dswap","seller":"mapac","symbol":"SIM","quantity":"555.000","price":"0.00123400","timestamp":1637989311,"volume":"0.68487000","buyTxId":"6995a7029e41f6f4bc34452c3adea1d00b720b3f","sellTxId":"903c054c1246819139aa35399fd6047d8f46764e"}
{"index": {"_index":"sim","_id":"2121922"}}
	{"id":2121922,"type":"buy","buyer":"dswap","seller":"mpath","symbol":"SIM","quantity":"578.000","price":"0.00123500","timestamp":1637989311,"volume":"0.71383000","buyTxId":"6995a7029e41f6f4bc34452c3adea1d00b720b3f","sellTxId":"01c1e8383a729f2892ce03c0ea2f67108f9ca7a1"}
{"index": {"_index":"sim","_id":"2121923"}}
	{"id":2121923,"type":"buy","buyer":"dswap","seller":"accelerator","symbol":"SIM","quantity":"777.000","price":"0.00123700","timestamp":1637989311,"volume":"0.96114900","buyTxId":"6995a7029e41f6f4bc34452c3adea1d00b720b3f","sellTxId":"7cad34716a40d2e7a7487a185de6be7cfc6b8540"}
{"index": {"_index":"sim","_id":"2121924"}}
	{"id":2121924,"type":"buy","buyer":"dswap","seller":"brofi-market","symbol":"SIM","quantity":"0.007","price":"0.00129000","timestamp":1637989311,"volume":"0.00000903","buyTxId":"6995a7029e41f6f4bc34452c3adea1d00b720b3f","sellTxId":"9208482328c10d345016d238b6083def38c33c98"}
{"index": {"_index":"sim","_id":"2121925"}}
	{"id":2121925,"type":"buy","buyer":"dswap","seller":"mapac","symbol":"SIM","quantity":"555.000","price":"0.00134300","timestamp":1637989311,"volume":"0.74536500","buyTxId":"6995a7029e41f6f4bc34452c3adea1d00b720b3f","sellTxId":"2164b552bfbcb8431212f9c2724086e00baf9b77"}
{"index": {"_index":"sim","_id":"2121926"}}
	{"id":2121926,"type":"buy","buyer":"dswap","seller":"onecent","symbol":"SIM","quantity":"522.000","price":"0.00134600","timestamp":1637989311,"volume":"0.70261200","buyTxId":"6995a7029e41f6f4bc34452c3adea1d00b720b3f","sellTxId":"1f4e85711f68d7125c52988b9874b0905a0d0d9d"}
{"index": {"_index":"sim","_id":"2121927"}}
	{"id":2121927,"type":"buy","buyer":"dswap","seller":"mpath","symbol":"SIM","quantity":"557.000","price":"0.00134600","timestamp":1637989311,"volume":"0.74972200","buyTxId":"6995a7029e41f6f4bc34452c3adea1d00b720b3f","sellTxId":"138d31a697b9bad6b41a6c16f0c8bbfab9d2ed37"}
{"index": {"_index":"sim","_id":"2121928"}}
	{"id":2121928,"type":"buy","buyer":"dswap","seller":"onecent","symbol":"SIM","quantity":"621.000","price":"0.00136490","timestamp":1637989311,"volume":"0.84760290","buyTxId":"6995a7029e41f6f4bc34452c3adea1d00b720b3f","sellTxId":"201e2788859b18f7e99304d8b9db093ef5e2dae4"}
{"index": {"_index":"sim","_id":"2121929"}}
	{"id":2121929,"type":"buy","buyer":"dswap","seller":"accelerator","symbol":"SIM","quantity":"856.000","price":"0.00136700","timestamp":1637989311,"volume":"1.17015200","buyTxId":"6995a7029e41f6f4bc34452c3adea1d00b720b3f","sellTxId":"bb1387b3d010a2fb1533614a12588ab55f7382fb"}
{"index": {"_index":"sim","_id":"2121930"}}
	{"id":2121930,"type":"buy","buyer":"dswap","seller":"accelerator","symbol":"SIM","quantity":"1225.000","price":"0.00136800","timestamp":1637989311,"volume":"1.67580000","buyTxId":"6995a7029e41f6f4bc34452c3adea1d00b720b3f","sellTxId":"251158fa73c1ef28948caa0ef54079453bf3e5ee"}
{"index": {"_index":"sim","_id":"2121931"}}
	{"id":2121931,"type":"buy","buyer":"dswap","seller":"deepresearch","symbol":"SIM","quantity":"100000.000","price":"0.00142880","timestamp":1637989311,"volume":"142.88000000","buyTxId":"6995a7029e41f6f4bc34452c3adea1d00b720b3f","sellTxId":"689a85651f96e012ef28b6691c297ef7f3a3624f"}
{"index": {"_index":"sim","_id":"2121932"}}
	{"id":2121932,"type":"buy","buyer":"dswap","seller":"mapac","symbol":"SIM","quantity":"555.000","price":"0.00142900","timestamp":1637989311,"volume":"0.79309500","buyTxId":"6995a7029e41f6f4bc34452c3adea1d00b720b3f","sellTxId":"9503b93ea2540cfc4709245ba3c7b748a1a00ca2"}
{"index": {"_index":"sim","_id":"2121933"}}
	{"id":2121933,"type":"buy","buyer":"dswap","seller":"onecent","symbol":"SIM","quantity":"615.000","price":"0.00143600","timestamp":1637989311,"volume":"0.88314000","buyTxId":"6995a7029e41f6f4bc34452c3adea1d00b720b3f","sellTxId":"e91a490c2d7f9e4ca30893dacb716c117e5668f9"}
{"index": {"_index":"sim","_id":"2121934"}}
	{"id":2121934,"type":"buy","buyer":"dswap","seller":"brofi-market","symbol":"SIM","quantity":"0.001","price":"0.00143999","timestamp":1637989311,"volume":"0.00000144","buyTxId":"6995a7029e41f6f4bc34452c3adea1d00b720b3f","sellTxId":"c12617864f6f58cba13fd5d6b32d3d848fb565b7"}
{"index": {"_index":"sim","_id":"2121935"}}
	{"id":2121935,"type":"buy","buyer":"dswap","seller":"accelerator","symbol":"SIM","quantity":"555.000","price":"0.00145700","timestamp":1637989311,"volume":"0.80863500","buyTxId":"6995a7029e41f6f4bc34452c3adea1d00b720b3f","sellTxId":"4cdb5f3b631b0d97c49d66cc61c78329e8ac2d2b"}
{"index": {"_index":"sim","_id":"2121936"}}
	{"id":2121936,"type":"buy","buyer":"dswap","seller":"mpath","symbol":"SIM","quantity":"566.000","price":"0.00145700","timestamp":1637989311,"volume":"0.82466200","buyTxId":"6995a7029e41f6f4bc34452c3adea1d00b720b3f","sellTxId":"94b64957ae4adb3dba25563533bfd55b4609874c"}
{"index": {"_index":"sim","_id":"2121937"}}
	{"id":2121937,"type":"buy","buyer":"dswap","seller":"cryptofiloz","symbol":"SIM","quantity":"679.000","price":"0.00148000","timestamp":1637989311,"volume":"1.00492000","buyTxId":"6995a7029e41f6f4bc34452c3adea1d00b720b3f","sellTxId":"fe5803b69dba610425619f4a373fa26ab2f5a800"}
{"index": {"_index":"sim","_id":"2121938"}}
	{"id":2121938,"type":"buy","buyer":"dswap","seller":"cryptofiloz","symbol":"SIM","quantity":"928.000","price":"0.00148000","timestamp":1637989311,"volume":"1.37344000","buyTxId":"6995a7029e41f6f4bc34452c3adea1d00b720b3f","sellTxId":"7dfe61fc40a4ef0150475a8f26bc599c90e47861"}
{"index": {"_index":"sim","_id":"2121939"}}
	{"id":2121939,"type":"buy","buyer":"dswap","seller":"cryptofiloz","symbol":"SIM","quantity":"311.000","price":"0.00148000","timestamp":1637989311,"volume":"0.46028000","buyTxId":"6995a7029e41f6f4bc34452c3adea1d00b720b3f","sellTxId":"b71c95fce702cdf67e96c1351e8addcde1481ee2"}
{"index": {"_index":"sim","_id":"2121940"}}
	{"id":2121940,"type":"buy","buyer":"dswap","seller":"brofi-market","symbol":"SIM","quantity":"0.002","price":"0.00149997","timestamp":1637989311,"volume":"0.00000300","buyTxId":"6995a7029e41f6f4bc34452c3adea1d00b720b3f","sellTxId":"0b33b974037ddbe414117428ab208e445ab8cca1"}
{"index": {"_index":"sim","_id":"2121941"}}
	{"id":2121941,"type":"buy","buyer":"dswap","seller":"shawkr13","symbol":"SIM","quantity":"7467.000","price":"0.00150000","timestamp":1637989311,"volume":"11.20050000","buyTxId":"6995a7029e41f6f4bc34452c3adea1d00b720b3f","sellTxId":"08e5b0eb89cb82fe366be3070b9f91737a8e0da2"}
{"index": {"_index":"sim","_id":"2121942"}}
	{"id":2121942,"type":"buy","buyer":"dswap","seller":"onecent","symbol":"SIM","quantity":"609.000","price":"0.00154400","timestamp":1637989311,"volume":"0.94029600","buyTxId":"6995a7029e41f6f4bc34452c3adea1d00b720b3f","sellTxId":"f9c80c58a9298300886832b05e4084b12b3ab847"}
{"index": {"_index":"sim","_id":"2121943"}}
	{"id":2121943,"type":"buy","buyer":"dswap","seller":"mapac","symbol":"SIM","quantity":"555.000","price":"0.00156000","timestamp":1637989311,"volume":"0.86580000","buyTxId":"6995a7029e41f6f4bc34452c3adea1d00b720b3f","sellTxId":"e07222b6536f61a385d5185e31eac892ce5369df"}
{"index": {"_index":"sim","_id":"2121944"}}
	{"id":2121944,"type":"buy","buyer":"dswap","seller":"accelerator","symbol":"SIM","quantity":"555.000","price":"0.00156800","timestamp":1637989311,"volume":"0.87024000","buyTxId":"6995a7029e41f6f4bc34452c3adea1d00b720b3f","sellTxId":"a7d57d35cb22ace9a09708b3ba02096327480d28"}
{"index": {"_index":"sim","_id":"2121945"}}
	{"id":2121945,"type":"buy","buyer":"dswap","seller":"mpath","symbol":"SIM","quantity":"555.000","price":"0.00156800","timestamp":1637989311,"volume":"0.87024000","buyTxId":"6995a7029e41f6f4bc34452c3adea1d00b720b3f","sellTxId":"b0d22fc39d6402fae8084d0141caecfb5a19fbd0"}
{"index": {"_index":"sim","_id":"2121946"}}
	{"id":2121946,"type":"buy","buyer":"dswap","seller":"cryptofiloz","symbol":"SIM","quantity":"441.000","price":"0.00158000","timestamp":1637989311,"volume":"0.69678000","buyTxId":"6995a7029e41f6f4bc34452c3adea1d00b720b3f","sellTxId":"7aee26443914452e1364cce7226a9315ccd7f8f6"}
{"index": {"_index":"sim","_id":"2121947"}}
	{"id":2121947,"type":"buy","buyer":"dswap","seller":"cryptofiloz","symbol":"SIM","quantity":"873.645","price":"0.00158000","timestamp":1637989311,"volume":"1.38035910","buyTxId":"6995a7029e41f6f4bc34452c3adea1d00b720b3f","sellTxId":"72c1e129361ab7ef07785c28a48d52ebb4bc8288"}
{"index": {"_index":"sim","_id":"2121948"}}
	{"id":2121948,"type":"buy","buyer":"dswap","seller":"mapac","symbol":"SIM","quantity":"555.000","price":"0.00159900","timestamp":1637989311,"volume":"0.88744500","buyTxId":"6995a7029e41f6f4bc34452c3adea1d00b720b3f","sellTxId":"41b93f0bc8a5dd9ceb3b460c327c2b3352476177"}
{"index": {"_index":"sim","_id":"2121949"}}
	{"id":2121949,"type":"buy","buyer":"dswap","seller":"jeanlucsr","symbol":"SIM","quantity":"10000.000","price":"0.00160000","timestamp":1637989311,"volume":"16.00000000","buyTxId":"6995a7029e41f6f4bc34452c3adea1d00b720b3f","sellTxId":"761b66d92e33c72bf7334e37508dffb3bbbf7ff4"}
{"index": {"_index":"sim","_id":"2121950"}}
	{"id":2121950,"type":"buy","buyer":"dswap","seller":"onecent","symbol":"SIM","quantity":"611.000","price":"0.00165400","timestamp":1637989311,"volume":"1.01059400","buyTxId":"6995a7029e41f6f4bc34452c3adea1d00b720b3f","sellTxId":"61659e6620b186d36066540df061f65e7dcba6e5"}
{"index": {"_index":"sim","_id":"2121951"}}
	{"id":2121951,"type":"buy","buyer":"dswap","seller":"mpath","symbol":"SIM","quantity":"545.000","price":"0.00167800","timestamp":1637989311,"volume":"0.91451000","buyTxId":"6995a7029e41f6f4bc34452c3adea1d00b720b3f","sellTxId":"130f6be9bd06909ef26bcf41864fdd0378e8b4eb"}
{"index": {"_index":"sim","_id":"2121952"}}
	{"id":2121952,"type":"buy","buyer":"dswap","seller":"accelerator","symbol":"SIM","quantity":"555.000","price":"0.00167900","timestamp":1637989311,"volume":"0.93184500","buyTxId":"6995a7029e41f6f4bc34452c3adea1d00b720b3f","sellTxId":"07ba89e4de20bf626695bb3dc7bc90dff8162bbb"}
{"index": {"_index":"sim","_id":"2121953"}}
	{"id":2121953,"type":"buy","buyer":"dswap","seller":"cryptofiloz","symbol":"SIM","quantity":"1125.000","price":"0.00168000","timestamp":1637989311,"volume":"1.89000000","buyTxId":"6995a7029e41f6f4bc34452c3adea1d00b720b3f","sellTxId":"b3ddc2f5fa48d55258369d4e7ef408e707fa072a"}
{"index": {"_index":"sim","_id":"2121954"}}
	{"id":2121954,"type":"buy","buyer":"dswap","seller":"cryptofiloz","symbol":"SIM","quantity":"548.000","price":"0.00168000","timestamp":1637989311,"volume":"0.92064000","buyTxId":"6995a7029e41f6f4bc34452c3adea1d00b720b3f","sellTxId":"8507a315e98f4123585eecbee53ee952ca5814ed"}
{"index": {"_index":"sim","_id":"2121955"}}
	{"id":2121955,"type":"buy","buyer":"dswap","seller":"cryptofiloz","symbol":"SIM","quantity":"662.000","price":"0.00168000","timestamp":1637989311,"volume":"1.11216000","buyTxId":"6995a7029e41f6f4bc34452c3adea1d00b720b3f","sellTxId":"a76da7810be8494e480ad4e0ac4f946e36006206"}
{"index": {"_index":"sim","_id":"2121956"}}
	{"id":2121956,"type":"buy","buyer":"dswap","seller":"pardinus","symbol":"SIM","quantity":"10000.000","price":"0.00175000","timestamp":1637989311,"volume":"17.50000000","buyTxId":"6995a7029e41f6f4bc34452c3adea1d00b720b3f","sellTxId":"4b8e0b9bb1316fffa132ba01491d2c4971128d94"}
{"index": {"_index":"sim","_id":"2121957"}}
	{"id":2121957,"type":"buy","buyer":"dswap","seller":"blurtyield","symbol":"SIM","quantity":"333.000","price":"0.00175700","timestamp":1637989311,"volume":"0.58508100","buyTxId":"6995a7029e41f6f4bc34452c3adea1d00b720b3f","sellTxId":"20744d329bdee4fcdb838825edb3df080d3cf902"}
{"index": {"_index":"sim","_id":"2121958"}}
	{"id":2121958,"type":"buy","buyer":"dswap","seller":"mapac","symbol":"SIM","quantity":"555.000","price":"0.00176000","timestamp":1637989311,"volume":"0.97680000","buyTxId":"6995a7029e41f6f4bc34452c3adea1d00b720b3f","sellTxId":"b2f18caac32aa86ae4dbbb2f681d12e27a49e8c1"}
{"index": {"_index":"sim","_id":"2121959"}}
	{"id":2121959,"type":"buy","buyer":"dswap","seller":"coininstant","symbol":"SIM","quantity":"35.039","price":"0.00176000","timestamp":1637989311,"volume":"0.06166864","buyTxId":"6995a7029e41f6f4bc34452c3adea1d00b720b3f","sellTxId":"9dbae6eb5f87623446d036090bab7fc862e1a98e"}
{"index": {"_index":"sim","_id":"2121960"}}
	{"id":2121960,"type":"buy","buyer":"dswap","seller":"onecent","symbol":"SIM","quantity":"611.000","price":"0.00176500","timestamp":1637989311,"volume":"1.07841500","buyTxId":"6995a7029e41f6f4bc34452c3adea1d00b720b3f","sellTxId":"b8b3eb4c24fa7265ba5c3747a1f53b5ab9de5617"}
{"index": {"_index":"sim","_id":"2121961"}}
	{"id":2121961,"type":"buy","buyer":"dswap","seller":"hiq.redaktion","symbol":"SIM","quantity":"3000.000","price":"0.00177000","timestamp":1637989311,"volume":"5.31000000","buyTxId":"6995a7029e41f6f4bc34452c3adea1d00b720b3f","sellTxId":"450db77a7a12ec6ee7c93528e425b776a4ecdae0"}
{"index": {"_index":"sim","_id":"2121962"}}
	{"id":2121962,"type":"buy","buyer":"dswap","seller":"cryptofiloz","symbol":"SIM","quantity":"1284.010","price":"0.00177501","timestamp":1637989311,"volume":"2.27913059","buyTxId":"6995a7029e41f6f4bc34452c3adea1d00b720b3f","sellTxId":"ba206d3930c841a9fcd260d58b28baaac8e3ac69"}
{"index": {"_index":"sim","_id":"2121963"}}
	{"id":2121963,"type":"buy","buyer":"dswap","seller":"cryptofiloz","symbol":"SIM","quantity":"592.000","price":"0.00178000","timestamp":1637989311,"volume":"1.05376000","buyTxId":"6995a7029e41f6f4bc34452c3adea1d00b720b3f","sellTxId":"75a394a75c4b83fa9b17cf736e0d46d8eec81635"}
{"index": {"_index":"sim","_id":"2121964"}}
	{"id":2121964,"type":"buy","buyer":"dswap","seller":"cryptofiloz","symbol":"SIM","quantity":"424.010","price":"0.00178000","timestamp":1637989311,"volume":"0.75473780","buyTxId":"6995a7029e41f6f4bc34452c3adea1d00b720b3f","sellTxId":"a65b7f55c98dd4bb205863db60d55d1b74208120"}
{"index": {"_index":"sim","_id":"2121965"}}
	{"id":2121965,"type":"buy","buyer":"dswap","seller":"cryptofiloz","symbol":"SIM","quantity":"875.000","price":"0.00178000","timestamp":1637989311,"volume":"1.55750000","buyTxId":"6995a7029e41f6f4bc34452c3adea1d00b720b3f","sellTxId":"72d77c0f76cc9034197f1ad83d5d3e36d79ae36a"}
{"index": {"_index":"sim","_id":"2121966"}}
	{"id":2121966,"type":"buy","buyer":"dswap","seller":"cryptofiloz","symbol":"SIM","quantity":"458.000","price":"0.00178000","timestamp":1637989311,"volume":"0.81524000","buyTxId":"6995a7029e41f6f4bc34452c3adea1d00b720b3f","sellTxId":"c11a8618dcb6a2f5965d18d5f44595788e7fdfaf"}
{"index": {"_index":"sim","_id":"2121967"}}
	{"id":2121967,"type":"buy","buyer":"dswap","seller":"mpath","symbol":"SIM","quantity":"544.000","price":"0.00178200","timestamp":1637989311,"volume":"0.96940800","buyTxId":"6995a7029e41f6f4bc34452c3adea1d00b720b3f","sellTxId":"ebc710886d869379f441ce03711e38e9df0fffcf"}
{"index": {"_index":"sim","_id":"2121968"}}
	{"id":2121968,"type":"buy","buyer":"dswap","seller":"accelerator","symbol":"SIM","quantity":"555.000","price":"0.00178900","timestamp":1637989311,"volume":"0.99289500","buyTxId":"6995a7029e41f6f4bc34452c3adea1d00b720b3f","sellTxId":"d60ec5b04bb8e258afeb642685224e5148d1c132"}
{"index": {"_index":"sim","_id":"2121969"}}
	{"id":2121969,"type":"buy","buyer":"dswap","seller":"mapac","symbol":"SIM","quantity":"555.000","price":"0.00187600","timestamp":1637989311,"volume":"1.04118000","buyTxId":"6995a7029e41f6f4bc34452c3adea1d00b720b3f","sellTxId":"b31b90c888e8b158b7f01c0c75fc0bd1685d73b3"}
{"index": {"_index":"sim","_id":"2121970"}}
	{"id":2121970,"type":"buy","buyer":"dswap","seller":"onecent","symbol":"SIM","quantity":"566.000","price":"0.00187700","timestamp":1637989311,"volume":"1.06238200","buyTxId":"6995a7029e41f6f4bc34452c3adea1d00b720b3f","sellTxId":"c1089bafed639e95775e9e3bf7b741ee76f876e7"}
{"index": {"_index":"sim","_id":"2121971"}}
	{"id":2121971,"type":"buy","buyer":"dswap","seller":"accelerator","symbol":"SIM","quantity":"555.000","price":"0.00189100","timestamp":1637989311,"volume":"1.04950500","buyTxId":"6995a7029e41f6f4bc34452c3adea1d00b720b3f","sellTxId":"6e07c79f3ed8ceca530b30e415049036c6351578"}
{"index": {"_index":"sim","_id":"2121972"}}
	{"id":2121972,"type":"buy","buyer":"dswap","seller":"mpath","symbol":"SIM","quantity":"555.000","price":"0.00189800","timestamp":1637989311,"volume":"1.05339000","buyTxId":"6995a7029e41f6f4bc34452c3adea1d00b720b3f","sellTxId":"63844fb0cb55c8047c660b96fb55bdb4534a9607"}
{"index": {"_index":"sim","_id":"2121973"}}
	{"id":2121973,"type":"buy","buyer":"dswap","seller":"coininstant","symbol":"SIM","quantity":"73.614","price":"0.00189900","timestamp":1637989311,"volume":"0.13979299","buyTxId":"6995a7029e41f6f4bc34452c3adea1d00b720b3f","sellTxId":"dd205d6c7ccea45fbd800cd5b4f56ade25c4a4c2"}
{"index": {"_index":"sim","_id":"2121974"}}
	{"id":2121974,"type":"buy","buyer":"dswap","seller":"accelerator","symbol":"SIM","quantity":"555.000","price":"0.00191000","timestamp":1637989311,"volume":"1.06005000","buyTxId":"6995a7029e41f6f4bc34452c3adea1d00b720b3f","sellTxId":"aa5137b3da2b0d98e5c39b4c6b1b22f6a371cd0d"}
{"index": {"_index":"sim","_id":"2121975"}}
	{"id":2121975,"type":"buy","buyer":"dswap","seller":"mapac","symbol":"SIM","quantity":"555.000","price":"0.00191800","timestamp":1637989311,"volume":"1.06449000","buyTxId":"6995a7029e41f6f4bc34452c3adea1d00b720b3f","sellTxId":"4be886b2f0111006e329e5554f41c5b6344b9b7d"}
{"index": {"_index":"sim","_id":"2121976"}}
	{"id":2121976,"type":"buy","buyer":"dswap","seller":"mpath","symbol":"SIM","quantity":"555.000","price":"0.00197800","timestamp":1637989311,"volume":"1.09779000","buyTxId":"6995a7029e41f6f4bc34452c3adea1d00b720b3f","sellTxId":"2e3a7acc979f19873ab58ea7262d1a241716a57f"}
{"index": {"_index":"sim","_id":"2121977"}}
	{"id":2121977,"type":"buy","buyer":"dswap","seller":"mapac","symbol":"SIM","quantity":"555.000","price":"0.00198800","timestamp":1637989311,"volume":"1.10334000","buyTxId":"6995a7029e41f6f4bc34452c3adea1d00b720b3f","sellTxId":"66316b260c420f6f75c750236ac4c5fcd1f35178"}
{"index": {"_index":"sim","_id":"2121978"}}
	{"id":2121978,"type":"buy","buyer":"dswap","seller":"onecent","symbol":"SIM","quantity":"577.000","price":"0.00198800","timestamp":1637989311,"volume":"1.14707600","buyTxId":"6995a7029e41f6f4bc34452c3adea1d00b720b3f","sellTxId":"708ce32d2181a0c1e65d843e76b4e5fe9df1108f"}
{"index": {"_index":"sim","_id":"2121979"}}
	{"id":2121979,"type":"buy","buyer":"dswap","seller":"onecent","symbol":"SIM","quantity":"5788.000","price":"0.00199000","timestamp":1637989311,"volume":"11.51812000","buyTxId":"6995a7029e41f6f4bc34452c3adea1d00b720b3f","sellTxId":"01f5c3e80243ae39349d2fd9e7987de55a07c625"}
{"index": {"_index":"sim","_id":"2121980"}}
	{"id":2121980,"type":"buy","buyer":"dswap","seller":"onecent","symbol":"SIM","quantity":"555.000","price":"0.00212100","timestamp":1637989311,"volume":"1.17715500","buyTxId":"6995a7029e41f6f4bc34452c3adea1d00b720b3f","sellTxId":"7a303c968117fdf92801c11bd24001d744cb5775"}
{"index": {"_index":"sim","_id":"2121981"}}
	{"id":2121981,"type":"buy","buyer":"dswap","seller":"onecent","symbol":"SIM","quantity":"555.000","price":"0.00321200","timestamp":1637989311,"volume":"1.78266000","buyTxId":"6995a7029e41f6f4bc34452c3adea1d00b720b3f","sellTxId":"833bf52ed67163b7e36c35af27b6ca865337f3f2"}
{"index": {"_index":"sim","_id":"2121982"}}
	{"id":2121982,"type":"buy","buyer":"dswap","seller":"barski","symbol":"SIM","quantity":"1084.233","price":"0.00535000","timestamp":1637989311,"volume":"5.80064655","buyTxId":"6995a7029e41f6f4bc34452c3adea1d00b720b3f","sellTxId":"85b7b1391fa9ec69681dc5874745451ed7078c7b"}
{"index": {"_index":"sim","_id":"2121983"}}
	{"id":2121983,"type":"buy","buyer":"dswap","seller":"peter-stone","symbol":"SIM","quantity":"1248.000","price":"0.00537000","timestamp":1637989311,"volume":"6.70176000","buyTxId":"6995a7029e41f6f4bc34452c3adea1d00b720b3f","sellTxId":"a11e15873928a3f9fdd42f0d911af1a7e1949455"}
{"index": {"_index":"sim","_id":"2121984"}}
	{"id":2121984,"type":"buy","buyer":"dswap","seller":"bidesign","symbol":"SIM","quantity":"1187.871","price":"0.00600000","timestamp":1637989311,"volume":"7.12722600","buyTxId":"6995a7029e41f6f4bc34452c3adea1d00b720b3f","sellTxId":"a4bded451cf27bde9371a0ebd26c5a816526fbb5"}
{"index": {"_index":"sim","_id":"2121985"}}
	{"id":2121985,"type":"buy","buyer":"dswap","seller":"coininstant","symbol":"SIM","quantity":"30.276","price":"0.01760000","timestamp":1637989311,"volume":"0.53285760","buyTxId":"6995a7029e41f6f4bc34452c3adea1d00b720b3f","sellTxId":"f81e02762c01da01aba4add748c579aaad1f36ca"}
{"index": {"_index":"sim","_id":"2121986"}}
	{"id":2121986,"type":"buy","buyer":"dswap","seller":"coininstant","symbol":"SIM","quantity":"1156.333","price":"0.01899000","timestamp":1637989311,"volume":"21.95876367","buyTxId":"6995a7029e41f6f4bc34452c3adea1d00b720b3f","sellTxId":"884eb688f8dcb7b85e5e1b080610a81a0724f1e1"}
{"index": {"_index":"sim","_id":"2122167"}}
	{"id":2122167,"type":"sell","buyer":"pi-trader","seller":"votebetting","symbol":"SIM","quantity":"6.001","price":"0.00058080","timestamp":1637992080,"volume":"0.00348538","buyTxId":"fe66d27558ae0f1a53a6730252409f09dca3c5ff-5","sellTxId":"7b2d87892479bb4ff22312d815c187a0f939cca0"}
{"index": {"_index":"sim","_id":"2122505"}}
	{"id":2122505,"type":"sell","buyer":"pi-trader","seller":"fantasycrypto","symbol":"SIM","quantity":"1145.000","price":"0.00058123","timestamp":1637996139,"volume":"0.66550835","buyTxId":"24ee1a9f4b36040e3452948f1132639958b77d43-3","sellTxId":"97f2e3d3d3d4e3b585cd62901d59a2ee48318d48"}
{"index": {"_index":"sim","_id":"2122534"}}
	{"id":2122534,"type":"sell","buyer":"pi-trader","seller":"dswap","symbol":"SIM","quantity":"10121.000","price":"0.00058129","timestamp":1637996715,"volume":"5.88323609","buyTxId":"071059e2d7d32f40b453ab91c7f36fe9344bd25b-3","sellTxId":"55b9167cc7325dea1d1b4a057ad347041020eda4"}
{"index": {"_index":"sim","_id":"2122600"}}
	{"id":2122600,"type":"sell","buyer":"pi-trader","seller":"dswap","symbol":"SIM","quantity":"524.430","price":"0.00058138","timestamp":1637997765,"volume":"0.30489311","buyTxId":"a6d4704687df51e5ad44fabcd659b1c48f7f6321-4","sellTxId":"caa6cdfc921e6af570e93ea7e23bfb19e64db754"}
{"index": {"_index":"sim","_id":"2122943"}}
	{"id":2122943,"type":"sell","buyer":"pi-trader","seller":"hirohurl","symbol":"SIM","quantity":"24.832","price":"0.00058180","timestamp":1638001998,"volume":"0.01444726","buyTxId":"9bdb23db9235fc167d3791ec14d24c43070e5e12-3","sellTxId":"f2d393b2ec7e62dd68a9aed25411a952e2e10864"}
{"index": {"_index":"sim","_id":"2123083"}}
	{"id":2123083,"type":"sell","buyer":"pi-trader","seller":"lifeskills-tv","symbol":"SIM","quantity":"437.743","price":"0.00058221","timestamp":1638003996,"volume":"0.25485835","buyTxId":"a9053ab14c888ea698e9ce2cbb1cad9bd5c24646-3","sellTxId":"fb8560c836a3caff3a6518e836959c34c57493a0"}
{"index": {"_index":"sim","_id":"2123406"}}
	{"id":2123406,"type":"sell","buyer":"pi-trader","seller":"rafaelmonteiro","symbol":"SIM","quantity":"6650.000","price":"0.00058266","timestamp":1638008661,"volume":"3.87468900","buyTxId":"e64465fa6ae436e2469572fdde65df6d1bf729b6-3","sellTxId":"91f2be967d7c53ae17d1cf5b5320ef14b2ea94aa"}
{"index": {"_index":"sim","_id":"2123415"}}
	{"id":2123415,"type":"sell","buyer":"pi-trader","seller":"martusamak","symbol":"SIM","quantity":"5377.010","price":"0.00058269","timestamp":1638008814,"volume":"3.13312996","buyTxId":"7a7410762d9314144ec69ec6c7502ce9f075ea43-3","sellTxId":"2aa7461f0232adca5b4f4d3c9b3d45376a6413d3"}
{"index": {"_index":"sim","_id":"2123467"}}
	{"id":2123467,"type":"sell","buyer":"jelly-cz","seller":"monsterjamgold","symbol":"SIM","quantity":"145.000","price":"0.00058274","timestamp":1638010179,"volume":"0.08449730","buyTxId":"MM-P-12552451-59538859-3-35-0","sellTxId":"bd6515c1c00d935149bb8b52b0a6c0a6c98d8933"}
{"index": {"_index":"sim","_id":"2123525"}}
	{"id":2123525,"type":"buy","buyer":"bidesign","seller":"pi-trader","symbol":"SIM","quantity":"7600.000","price":"0.00098765","timestamp":1638011418,"volume":"7.50614000","buyTxId":"e8640cfa50973df6ee197b68033414276a2226b9","sellTxId":"43b1798ce3d64a28fecd0c631a74fa46421c7530-8"}
{"index": {"_index":"sim","_id":"2123928"}}
	{"id":2123928,"type":"sell","buyer":"pi-trader","seller":"johannesboldt","symbol":"SIM","quantity":"42836.681","price":"0.00058299","timestamp":1638015387,"volume":"24.97335666","buyTxId":"ee1848fdcc1f47891f24d7c4ac0835cea66b9f45-4","sellTxId":"35cd38ffaf140bab857d4fc234d8b7b47abb4f7a"}
{"index": {"_index":"sim","_id":"2124137"}}
	{"id":2124137,"type":"buy","buyer":"lrekt01","seller":"tonytrillions","symbol":"SIM","quantity":"0.009","price":"0.00088298","timestamp":1638017484,"volume":"0.00000795","buyTxId":"8ab606d088987d650fc1ec8c0a2a6176ebc5ab75","sellTxId":"40f3d8cda77d8e162ac0f5efba11b000ff19613e"}
{"index": {"_index":"sim","_id":"2124138"}}
	{"id":2124138,"type":"buy","buyer":"lrekt01","seller":"tonytrillions","symbol":"SIM","quantity":"0.036","price":"0.00088298","timestamp":1638017484,"volume":"0.00003179","buyTxId":"8ab606d088987d650fc1ec8c0a2a6176ebc5ab75","sellTxId":"fa8f6842ec8ee49c744c028333b1d4529489df40"}
{"index": {"_index":"sim","_id":"2124218"}}
	{"id":2124218,"type":"sell","buyer":"jelly-cz","seller":"jesuscarrion","symbol":"SIM","quantity":"41.010","price":"0.00058298","timestamp":1638018417,"volume":"0.02390801","buyTxId":"MM-P-12554445-59540854-3-35-0","sellTxId":"842240ecd111a1a00dd7728e3c7f5863fc56f0b1"}
{"index": {"_index":"sim","_id":"2124341"}}
	{"id":2124341,"type":"buy","buyer":"summertooth","seller":"pi-trader","symbol":"SIM","quantity":"10000.000","price":"0.00078999","timestamp":1638020544,"volume":"7.89990000","buyTxId":"27efb340a6175321136cf650a288dd19db248b22","sellTxId":"adaf34145b62bd396e33393f8107647963b575d7-10"}
{"index": {"_index":"sim","_id":"2124369"}}
	{"id":2124369,"type":"sell","buyer":"jelly-cz","seller":"dswap","symbol":"SIM","quantity":"2.639","price":"0.00058298","timestamp":1638021150,"volume":"0.00153848","buyTxId":"MM-P-12554445-59540854-3-35-0","sellTxId":"8dcebf702978aff00052a28c806d41032e155e8c"}
{"index": {"_index":"sim","_id":"2124537"}}
	{"id":2124537,"type":"sell","buyer":"jelly-cz","seller":"iamalivechalleng","symbol":"SIM","quantity":"3.494","price":"0.00058301","timestamp":1638023721,"volume":"0.00203704","buyTxId":"MM-P-12556540-59542950-3-35-0","sellTxId":"1e704383225fa0a7b2311e1eb21fced2509d351b"}
{"index": {"_index":"sim","_id":"2124598"}}
	{"id":2124598,"type":"sell","buyer":"jelly-cz","seller":"rescobar","symbol":"SIM","quantity":"3044.000","price":"0.00058301","timestamp":1638024390,"volume":"1.77468244","buyTxId":"MM-P-12556540-59542950-3-35-0","sellTxId":"c0f0d852afbfca3d512c5b1509379a101f45c2fe"}
{"index": {"_index":"sim","_id":"2124846"}}
	{"id":2124846,"type":"buy","buyer":"dswap","seller":"fiberfrau","symbol":"SIM","quantity":"20.000","price":"0.00061000","timestamp":1638027576,"volume":"0.01220000","buyTxId":"f317a78d27f813bfd7021a07f9a2cf1967f34371","sellTxId":"08b89b9949367304cfe5b47da3fa03c416700602"}
{"index": {"_index":"sim","_id":"2124847"}}
	{"id":2124847,"type":"buy","buyer":"dswap","seller":"pi-trader","symbol":"SIM","quantity":"522.539","price":"0.00078999","timestamp":1638027576,"volume":"0.41280125","buyTxId":"f317a78d27f813bfd7021a07f9a2cf1967f34371","sellTxId":"f219613723423ad5ce3bc7104c47c3fda400b5a6-4"}
{"index": {"_index":"sim","_id":"2124869"}}
	{"id":2124869,"type":"buy","buyer":"dswap","seller":"pi-trader","symbol":"SIM","quantity":"2567.533","price":"0.00078999","timestamp":1638027768,"volume":"2.02832540","buyTxId":"fad0931740eac74debe8970c5054925200e4e0dd","sellTxId":"9451d91d7070f558882a63b9dd87fba203a4bfbf-8"}
{"index": {"_index":"sim","_id":"2124876"}}
	{"id":2124876,"type":"sell","buyer":"cryptoaeneas","seller":"brutalmonkey","symbol":"SIM","quantity":"169.000","price":"0.00059000","timestamp":1638027900,"volume":"0.09971000","buyTxId":"5ca2308079ccddc4e8744e1cfb5e5f4dc4a66c7c","sellTxId":"971fefab523a30f47e6f3f48adcfe98aa8de41b8"}
{"index": {"_index":"sim","_id":"2124907"}}
	{"id":2124907,"type":"buy","buyer":"dswap","seller":"pi-trader","symbol":"SIM","quantity":"904.361","price":"0.00078999","timestamp":1638028149,"volume":"0.71443680","buyTxId":"fb4d3b298631d5683625988f8a42c3f971bbcf6e","sellTxId":"8fbb37ed606733aeb493e1ac290d7a7aeb8b3f5e-7"}
{"index": {"_index":"sim","_id":"2125022"}}
	{"id":2125022,"type":"buy","buyer":"shmoogleosukami","seller":"pi-trader","symbol":"SIM","quantity":"13924.226","price":"0.00078999","timestamp":1638029589,"volume":"11","buyTxId":"aaf08c317134f2bac77c05e7b10f04b2f8da1dfb","sellTxId":"36e768a8984f49590e50327f96cdf98d3ca501e3-7"}
{"index": {"_index":"sim","_id":"2125027"}}
	{"id":2125027,"type":"sell","buyer":"cryptoaeneas","seller":"brofi-market","symbol":"SIM","quantity":"0.007","price":"0.00059000","timestamp":1638029613,"volume":"0.00000413","buyTxId":"5ca2308079ccddc4e8744e1cfb5e5f4dc4a66c7c","sellTxId":"12e17d6df6f0d44cd4b2bf07d71e1adbd0abb155"}
{"index": {"_index":"sim","_id":"2125142"}}
	{"id":2125142,"type":"buy","buyer":"dswap","seller":"pi-trader","symbol":"SIM","quantity":"50000.000","price":"0.00078999","timestamp":1638030771,"volume":"39.49950000","buyTxId":"e7fa507f847670d66f93c729a5bf999f278c6a97","sellTxId":"0874123d9f2e7172b293264b1a1aacad7c954c68-9"}
{"index": {"_index":"sim","_id":"2125143"}}
	{"id":2125143,"type":"buy","buyer":"dswap","seller":"brofi-market","symbol":"SIM","quantity":"0.007","price":"0.00078999","timestamp":1638030771,"volume":"0.00000553","buyTxId":"e7fa507f847670d66f93c729a5bf999f278c6a97","sellTxId":"b6d8a6c451c5b5f44c9b4c6f494c1aa545ec56d9"}
{"index": {"_index":"sim","_id":"2125144"}}
	{"id":2125144,"type":"buy","buyer":"dswap","seller":"mpath","symbol":"SIM","quantity":"10000.000","price":"0.00079000","timestamp":1638030771,"volume":"7.90000000","buyTxId":"e7fa507f847670d66f93c729a5bf999f278c6a97","sellTxId":"bbab54e57c9f85218e61ce57addbe1a87ab5ec3b"}
{"index": {"_index":"sim","_id":"2125145"}}
	{"id":2125145,"type":"buy","buyer":"dswap","seller":"minerthreat","symbol":"SIM","quantity":"12018.000","price":"0.00097000","timestamp":1638030771,"volume":"11.65746000","buyTxId":"e7fa507f847670d66f93c729a5bf999f278c6a97","sellTxId":"cf8292734b64db9096729a096a5029fc071768dd"}
{"index": {"_index":"sim","_id":"2125146"}}
	{"id":2125146,"type":"buy","buyer":"dswap","seller":"hamsterpoweriii","symbol":"SIM","quantity":"3518.000","price":"0.00098298","timestamp":1638030771,"volume":"3.45812364","buyTxId":"e7fa507f847670d66f93c729a5bf999f278c6a97","sellTxId":"6f8bf4ac001dfa280944b61a5b5bf700d92d9c1c"}
{"index": {"_index":"sim","_id":"2125147"}}
	{"id":2125147,"type":"buy","buyer":"dswap","seller":"lestrange","symbol":"SIM","quantity":"53597.217","price":"0.00098385","timestamp":1638030771,"volume":"52.73162245","buyTxId":"e7fa507f847670d66f93c729a5bf999f278c6a97","sellTxId":"d8585425884c9ef2a5a83609739679f251255135"}
{"index": {"_index":"sim","_id":"2125278"}}
	{"id":2125278,"type":"sell","buyer":"cryptoaeneas","seller":"yintercept","symbol":"SIM","quantity":"5.090","price":"0.00059000","timestamp":1638031764,"volume":"0.00300310","buyTxId":"5ca2308079ccddc4e8744e1cfb5e5f4dc4a66c7c","sellTxId":"8b91405164d8246b65b19dbd6856999e5fa34d11"}
{"index": {"_index":"sim","_id":"2125308"}}
	{"id":2125308,"type":"sell","buyer":"cryptoaeneas","seller":"willsaldeno","symbol":"SIM","quantity":"7250.000","price":"0.00059000","timestamp":1638031962,"volume":"4.27750000","buyTxId":"5ca2308079ccddc4e8744e1cfb5e5f4dc4a66c7c","sellTxId":"9ce512904dd8eb59281855560286b775a24cb51b"}
{"index": {"_index":"sim","_id":"2125324"}}
	{"id":2125324,"type":"sell","buyer":"cryptoaeneas","seller":"chel-koby","symbol":"SIM","quantity":"1800.000","price":"0.00059000","timestamp":1638032142,"volume":"1.06200000","buyTxId":"5ca2308079ccddc4e8744e1cfb5e5f4dc4a66c7c","sellTxId":"d5168a606d54c31924f502fe801bc3b621021306"}
{"index": {"_index":"sim","_id":"2125387"}}
	{"id":2125387,"type":"sell","buyer":"cryptoaeneas","seller":"eforucom","symbol":"SIM","quantity":"0.076","price":"0.00059000","timestamp":1638032817,"volume":"0.00004484","buyTxId":"5ca2308079ccddc4e8744e1cfb5e5f4dc4a66c7c","sellTxId":"c101b14888f39e5fce2768d7127d6c06af03897b"}
{"index": {"_index":"sim","_id":"2125398"}}
	{"id":2125398,"type":"sell","buyer":"newsposter","seller":"svirus","symbol":"SIM","quantity":"3550.000","price":"0.00060000","timestamp":1638032931,"volume":"2.13000000","buyTxId":"cc60de838a5f8ca7d9df3c77e6eb79c198bfc83e","sellTxId":"12108abfb944f3b0b8ab99bebd97fa60bb76653f-1"}
{"index": {"_index":"sim","_id":"2125446"}}
	{"id":2125446,"type":"buy","buyer":"dswap","seller":"pi-trader","symbol":"SIM","quantity":"48588.358","price":"0.00094999","timestamp":1638033273,"volume":"46.15845465","buyTxId":"709de4a48bbeaaedf25228714fe980da42eabcfa","sellTxId":"56ef7e2e0900c27ce62c4a83a6f8a16f35d6dc35-14"}
{"index": {"_index":"sim","_id":"2125622"}}
	{"id":2125622,"type":"sell","buyer":"eirik","seller":"konvik","symbol":"SIM","quantity":"3000.000","price":"0.00060000","timestamp":1638034908,"volume":"1.80000000","buyTxId":"dc88c2692663ffa6d1bbe39efccdf02232fcc6f9","sellTxId":"e0606ac9d733f72d0ec572ff072fa7ab84780783-1"}
{"index": {"_index":"sim","_id":"2125623"}}
	{"id":2125623,"type":"sell","buyer":"neogenesis49","seller":"konvik","symbol":"SIM","quantity":"9987.129","price":"0.00060000","timestamp":1638034908,"volume":"5.99227740","buyTxId":"4c3a483c4516d422e51c5e0ca1b6063889a70e39","sellTxId":"e0606ac9d733f72d0ec572ff072fa7ab84780783-1"}
{"index": {"_index":"sim","_id":"2125642"}}
	{"id":2125642,"type":"sell","buyer":"neogenesis49","seller":"eforucom","symbol":"SIM","quantity":"0.001","price":"0.00060000","timestamp":1638034986,"volume":"0.00000060","buyTxId":"4c3a483c4516d422e51c5e0ca1b6063889a70e39","sellTxId":"d25d8bec040fe95d6adb89587a6986afe95c9696"}
{"index": {"_index":"sim","_id":"2125780"}}
	{"id":2125780,"type":"sell","buyer":"neogenesis49","seller":"eforucom","symbol":"SIM","quantity":"0.177","price":"0.00060000","timestamp":1638036507,"volume":"0.00010620","buyTxId":"4c3a483c4516d422e51c5e0ca1b6063889a70e39","sellTxId":"6a4cf197aa414fb10a86c1edd4dd52f828912d66"}
{"index": {"_index":"sim","_id":"2125909"}}
	{"id":2125909,"type":"sell","buyer":"neogenesis49","seller":"chireerocks","symbol":"SIM","quantity":"12.693","price":"0.00060000","timestamp":1638037599,"volume":"0.00761580","buyTxId":"4c3a483c4516d422e51c5e0ca1b6063889a70e39","sellTxId":"7563064fede965c23cd1ba105392638f611e085d"}
{"index": {"_index":"sim","_id":"2126195"}}
	{"id":2126195,"type":"sell","buyer":"cryptoaeneas","seller":"fantasycrypto","symbol":"SIM","quantity":"6460.493","price":"0.00059000","timestamp":1638040971,"volume":"3.81169087","buyTxId":"5ca2308079ccddc4e8744e1cfb5e5f4dc4a66c7c","sellTxId":"37e38229551c3d5dab487bc22aec9457a661624b"}
{"index": {"_index":"sim","_id":"2126196"}}
	{"id":2126196,"type":"sell","buyer":"jelly-cz","seller":"fantasycrypto","symbol":"SIM","quantity":"12231.443","price":"0.00058301","timestamp":1638040971,"volume":"7.13105358","buyTxId":"MM-P-12556540-59542950-3-35-0","sellTxId":"37e38229551c3d5dab487bc22aec9457a661624b"}
{"index": {"_index":"sim","_id":"2126452"}}
	{"id":2126452,"type":"sell","buyer":"pi-trader","seller":"bitcoinflood","symbol":"SIM","quantity":"2181.279","price":"0.00058302","timestamp":1638043566,"volume":"1.27172928","buyTxId":"88ac903b80d9dda037d5eba026442f0f14f504d3-3","sellTxId":"a8613d0afc7bbd0a0cc25d23d54190f4b9072411"}
{"index": {"_index":"sim","_id":"2126515"}}
	{"id":2126515,"type":"sell","buyer":"pi-trader","seller":"valor2s","symbol":"SIM","quantity":"23.000","price":"0.00058302","timestamp":1638044259,"volume":"0.01340946","buyTxId":"22c615242f5b3ed0c192820a741ba94d59d72a7f-4","sellTxId":"0372f7b998a51dc1cf351db7a40cd7bacd6527f4"}
{"index": {"_index":"sim","_id":"2126545"}}
	{"id":2126545,"type":"sell","buyer":"pi-trader","seller":"lrekt01","symbol":"SIM","quantity":"0.705","price":"0.00058302","timestamp":1638044514,"volume":"0.00041103","buyTxId":"26958893068b31af96dba37582a3b700ecd73528-1","sellTxId":"b85cdd4f6b4b9f23475558b8d2483bd63f25c1d9"}
{"index": {"_index":"sim","_id":"2126547"}}
	{"id":2126547,"type":"sell","buyer":"pi-trader","seller":"lrekt01","symbol":"SIM","quantity":"84.000","price":"0.00058302","timestamp":1638044616,"volume":"0.04897368","buyTxId":"2049217dcdd9720fca1c97a010d7b5549b631e7f-1","sellTxId":"3bc093845985d203c8ce0fe51816dce833940719"}
{"index": {"_index":"sim","_id":"2126569"}}
	{"id":2126569,"type":"sell","buyer":"pi-trader","seller":"lrekt01","symbol":"SIM","quantity":"100.000","price":"0.00058302","timestamp":1638044838,"volume":"0.05830200","buyTxId":"a1feccab68e29dfc6b89308a385d9287d1cdd382-2","sellTxId":"87a1ac280ffb22bd200eb53f08b0fc8d91341d0a"}
{"index": {"_index":"sim","_id":"2126612"}}
	{"id":2126612,"type":"buy","buyer":"pompeylad","seller":"chireerocks","symbol":"SIM","quantity":"31.581","price":"0.00060000","timestamp":1638045435,"volume":"0.01894860","buyTxId":"5261667c31a040a9249302992e2c557a5ef95369","sellTxId":"7563064fede965c23cd1ba105392638f611e085d"}
{"index": {"_index":"sim","_id":"2126613"}}
	{"id":2126613,"type":"buy","buyer":"pompeylad","seller":"augustbrown","symbol":"SIM","quantity":"21.000","price":"0.00060000","timestamp":1638045435,"volume":"0.01260000","buyTxId":"5261667c31a040a9249302992e2c557a5ef95369","sellTxId":"e07321d2e07aa1e8779dcff34bacd7d889dc9d2e"}
{"index": {"_index":"sim","_id":"2126634"}}
	{"id":2126634,"type":"buy","buyer":"pompeylad","seller":"pi-trader","symbol":"SIM","quantity":"1139.181","price":"0.00066599","timestamp":1638045699,"volume":"0.75868315","buyTxId":"32454bb58f37ab6624929fb9b5c393cc6c8c836b","sellTxId":"61c90ddc3ddc20340216ab505a0a2e5363e00f0f-3"}
{"index": {"_index":"sim","_id":"2126649"}}
	{"id":2126649,"type":"buy","buyer":"dswap","seller":"pi-trader","symbol":"SIM","quantity":"324.329","price":"0.00066599","timestamp":1638045951,"volume":"0.21600000","buyTxId":"149ddbadf0f3b3c889e87ad78664333c0cb919f6","sellTxId":"9c7e8d81300718dc1e78d00120e9051c2993cde9-2"}
{"index": {"_index":"sim","_id":"2126721"}}
	{"id":2126721,"type":"sell","buyer":"pi-trader","seller":"jesuscarrion","symbol":"SIM","quantity":"57.000","price":"0.00058302","timestamp":1638046998,"volume":"0.03323214","buyTxId":"77a8c71ac8477d3679d83a88a696823b0ff000df-3","sellTxId":"d9ed98cc6a48f9aeb5a4b13320340eba86d84496"}
{"index": {"_index":"sim","_id":"2126821"}}
	{"id":2126821,"type":"buy","buyer":"lulu-the-fizzgig","seller":"pi-trader","symbol":"SIM","quantity":"4.490","price":"0.00066599","timestamp":1638048516,"volume":"0.00299030","buyTxId":"da6dbbd82084ea47bc5aecf4bce33fc123c7e6d5","sellTxId":"bd400b1d41abf699609515407b30e0b9809c372b-4"}
{"index": {"_index":"sim","_id":"2126843"}}
	{"id":2126843,"type":"sell","buyer":"pi-trader","seller":"emsonic","symbol":"SIM","quantity":"2314.010","price":"0.00058302","timestamp":1638048903,"volume":"1.34911411","buyTxId":"413247581e513321229b05445dc0b509aa201e9d-2","sellTxId":"a68adf80b5ea82006af1c4e35e8f21ae2ba8278c"}
{"index": {"_index":"sim","_id":"2126855"}}
	{"id":2126855,"type":"sell","buyer":"pi-trader","seller":"marvinix","symbol":"SIM","quantity":"570.01","price":"0.00058302","timestamp":1638049020,"volume":"0.33232723","buyTxId":"ac38c9c7b5531f987ba7a039d133240fe3d44b00-2","sellTxId":"9eb89e0c989b8142bcf6d60a7a76ea4cd802d062"}
{"index": {"_index":"sim","_id":"2126889"}}
	{"id":2126889,"type":"sell","buyer":"pi-trader","seller":"otherbrandt","symbol":"SIM","quantity":"31862.274","price":"0.00058302","timestamp":1638049542,"volume":"18.57634299","buyTxId":"4ba50ac308a28e579ac98a880653fe0e5c08dc0a-2","sellTxId":"50be984ccc316768840bb338f20fb96bd156a71d"}
{"index": {"_index":"sim","_id":"2126909"}}
	{"id":2126909,"type":"buy","buyer":"weldmaster","seller":"pi-trader","symbol":"SIM","quantity":"5446.000","price":"0.00066599","timestamp":1638049743,"volume":"3.62698154","buyTxId":"3aec6e6d660138159f9dc33fbbe1fc95935d72cb","sellTxId":"7796e7bc0d6f5767fae92a5699e9dc4d374fd163-6"}
{"index": {"_index":"sim","_id":"2126957"}}
	{"id":2126957,"type":"sell","buyer":"pi-trader","seller":"willsaldeno","symbol":"SIM","quantity":"304.400","price":"0.00058276","timestamp":1638050427,"volume":"0.17739214","buyTxId":"a3a7d698f244a3aa41afa2aab24e9f670d56c5e5-3","sellTxId":"970bfe4e4804f77ec10e85d45c50443e4e594303"}
{"index": {"_index":"sim","_id":"2127151"}}
	{"id":2127151,"type":"sell","buyer":"pi-trader","seller":"solarpowers","symbol":"SIM","quantity":"2456.000","price":"0.00058276","timestamp":1638053097,"volume":"1.43125856","buyTxId":"72547138d3e15d6187ee1be778577fcbaeac856b-2","sellTxId":"7cf39687be5ed8713db84dd56dcfd5e1aecf0789"}
{"index": {"_index":"sim","_id":"2127389"}}
	{"id":2127389,"type":"sell","buyer":"pi-trader","seller":"ironshield","symbol":"SIM","quantity":"8637.239","price":"0.00058276","timestamp":1638055944,"volume":"5.03343740","buyTxId":"d92d1e5c30fb98f92e71d7a510cd1fbf8e802606-4","sellTxId":"7faac208fce22a7f79172ec506ce42a5458e0437"}
{"index": {"_index":"sim","_id":"2127455"}}
	{"id":2127455,"type":"buy","buyer":"dripdropp","seller":"pi-trader","symbol":"SIM","quantity":"815.214","price":"0.00066599","timestamp":1638056892,"volume":"0.54292437","buyTxId":"cb0cbaa2f753fa99f28fe6886c3b546da3446e81","sellTxId":"4bcdcdf82247463c47212580b194bc91a6cf606e-8"}
{"index": {"_index":"sim","_id":"2127493"}}
	{"id":2127493,"type":"sell","buyer":"pi-trader","seller":"thatcryptodave","symbol":"SIM","quantity":"613.512","price":"0.00058276","timestamp":1638057117,"volume":"0.35753025","buyTxId":"320bab57d07e652e839cf7875d3f2aef5402ef56-3","sellTxId":"b8cf3b2faeafa55bfb4547ace62e97d03746e8a7"}
{"index": {"_index":"sim","_id":"2127514"}}
	{"id":2127514,"type":"sell","buyer":"pi-trader","seller":"anything123","symbol":"SIM","quantity":"6616.000","price":"0.00058276","timestamp":1638057375,"volume":"3.85554016","buyTxId":"d5c3b4252ac450d97e8c8742a29e8495478c0804-2","sellTxId":"877fa1254fc52c473a9da845c1fe5e0417152653"}
{"index": {"_index":"sim","_id":"2127656"}}
	{"id":2127656,"type":"sell","buyer":"pi-trader","seller":"brofi-market","symbol":"SIM","quantity":"0.003","price":"0.00058276","timestamp":1638058425,"volume":"0.00000175","buyTxId":"1eb60cee182008db52aba3b2a5a97045314e8372-2","sellTxId":"ab11c7160f944902713d2a9a3777fce93798baa3"}
{"index": {"_index":"sim","_id":"2127669"}}
	{"id":2127669,"type":"sell","buyer":"pi-trader","seller":"m2nnari","symbol":"SIM","quantity":"278.000","price":"0.00058276","timestamp":1638058488,"volume":"0.16200728","buyTxId":"391b1051d2dc38f75d1a9655c71272e9489554fb-5","sellTxId":"719e711114f11e2eb496da204a1aec5af94dc992"}
{"index": {"_index":"sim","_id":"2127699"}}
	{"id":2127699,"type":"sell","buyer":"eirik","seller":"svirus","symbol":"SIM","quantity":"5000.000","price":"0.00060000","timestamp":1638058851,"volume":"3.00000000","buyTxId":"93f01b0822f179c81091fb8fb52629b6c584f325","sellTxId":"5359e10f45513351a9ea2eed019ab858e0408121-1"}
{"index": {"_index":"sim","_id":"2127713"}}
	{"id":2127713,"type":"sell","buyer":"pi-trader","seller":"thatcryptodave","symbol":"SIM","quantity":"750.000","price":"0.00058276","timestamp":1638059022,"volume":"0.43707000","buyTxId":"cffcccb2dd65c5786667caa2b87dd3e717178867-6","sellTxId":"e2832873c3ee29cfa672f5aa4c3a512706108160"}
{"index": {"_index":"sim","_id":"2127922"}}
	{"id":2127922,"type":"sell","buyer":"pi-trader","seller":"bigram13","symbol":"SIM","quantity":"14354.000","price":"0.00058276","timestamp":1638061782,"volume":"8.36493704","buyTxId":"0da2cc720c489d8f88c697ceeec3f861b7e39be2-3","sellTxId":"ed7f1f27e3703c72e6aa7b23a9f154cfa8b65d38"}
{"index": {"_index":"sim","_id":"2127927"}}
	{"id":2127927,"type":"buy","buyer":"princekham","seller":"augustbrown","symbol":"SIM","quantity":"0.025","price":"0.00066598","timestamp":1638061866,"volume":"0.00001665","buyTxId":"221a3cfbe19b95832085463be9fb50835b1529e7","sellTxId":"8816da8421a31609d77f188323c221d8bd09e953"}
{"index": {"_index":"sim","_id":"2127928"}}
	{"id":2127928,"type":"buy","buyer":"princekham","seller":"pi-trader","symbol":"SIM","quantity":"999.975","price":"0.00066599","timestamp":1638061866,"volume":"0.66597335","buyTxId":"221a3cfbe19b95832085463be9fb50835b1529e7","sellTxId":"5d0aa478ba860933094c82ae4afd7f974b8be374-2"}
{"index": {"_index":"sim","_id":"2127951"}}
	{"id":2127951,"type":"sell","buyer":"pi-trader","seller":"thranax","symbol":"SIM","quantity":"16.051","price":"0.00058276","timestamp":1638062271,"volume":"0.00935388","buyTxId":"ff563f7555ea12ab608195a7c6640f595fbb4c1e-3","sellTxId":"42fd6095526160224fe4d5160152d5f591bbac87"}
{"index": {"_index":"sim","_id":"2127953"}}
	{"id":2127953,"type":"sell","buyer":"pi-trader","seller":"skylils","symbol":"SIM","quantity":"8.850","price":"0.00058276","timestamp":1638062280,"volume":"0.00515743","buyTxId":"ff563f7555ea12ab608195a7c6640f595fbb4c1e-3","sellTxId":"e53d5a48ec00371c1dda891f0588c9736ac0f9e3"}
{"index": {"_index":"sim","_id":"2128011"}}
	{"id":2128011,"type":"buy","buyer":"kachinhenry","seller":"pi-trader","symbol":"SIM","quantity":"50000.000","price":"0.00066598","timestamp":1638062781,"volume":"33.29900000","buyTxId":"e7d9c977931c23ecf8d6c742aa56ad5bcb313701","sellTxId":"ff563f7555ea12ab608195a7c6640f595fbb4c1e-9"}
{"index": {"_index":"sim","_id":"2128012"}}
	{"id":2128012,"type":"buy","buyer":"kachinhenry","seller":"brofi-market","symbol":"SIM","quantity":"0.003","price":"0.00066599","timestamp":1638062781,"volume":"0.00000200","buyTxId":"e7d9c977931c23ecf8d6c742aa56ad5bcb313701","sellTxId":"2e0c5b45761701da97ece525cc935e5ac83cf487"}
{"index": {"_index":"sim","_id":"2128013"}}
	{"id":2128013,"type":"buy","buyer":"kachinhenry","seller":"mapac","symbol":"SIM","quantity":"9999.997","price":"0.00066600","timestamp":1638062781,"volume":"6.65999800","buyTxId":"e7d9c977931c23ecf8d6c742aa56ad5bcb313701","sellTxId":"1712e6d73ad12a390ec8ea0f0f7a7fe15ff8d147"}
{"index": {"_index":"sim","_id":"2128089"}}
	{"id":2128089,"type":"sell","buyer":"pi-trader","seller":"captaincryptic","symbol":"SIM","quantity":"456.011","price":"0.00058276","timestamp":1638063561,"volume":"0.26574497","buyTxId":"44ef3cdce5d728ce0a608633ca5124a4253f0452-2","sellTxId":"353e56e17305b7b9cda100389a0974c7b2a41d8b"}
{"index": {"_index":"sim","_id":"2128108"}}
	{"id":2128108,"type":"sell","buyer":"pi-trader","seller":"joey1989","symbol":"SIM","quantity":"139.472","price":"0.00058276","timestamp":1638063651,"volume":"0.08127870","buyTxId":"04540ebc87826f1543fe46e618a5c435d80967b6-3","sellTxId":"9d397eae9f877ea707b165a754367b8e18989313"}
{"index": {"_index":"sim","_id":"2128112"}}
	{"id":2128112,"type":"sell","buyer":"pi-trader","seller":"andy4475","symbol":"SIM","quantity":"29.985","price":"0.00058276","timestamp":1638063672,"volume":"0.01747406","buyTxId":"389f55440ba97eab5009fe2266817bf0d211e105-4","sellTxId":"10d291b9498ead6cc4515ab94941fae383fce083"}
{"index": {"_index":"sim","_id":"2128122"}}
	{"id":2128122,"type":"sell","buyer":"pi-trader","seller":"eforucom","symbol":"SIM","quantity":"0.010","price":"0.00058276","timestamp":1638063747,"volume":"0.00000583","buyTxId":"2f013118ee2f479632af61db15736565f79b946c-2","sellTxId":"13c4e6df36d0b459ac334e91f97014bd2f5a938d"}
{"index": {"_index":"sim","_id":"2128189"}}
	{"id":2128189,"type":"sell","buyer":"pi-trader","seller":"frugal-fun","symbol":"SIM","quantity":"20587.578","price":"0.00058276","timestamp":1638064401,"volume":"11.99761696","buyTxId":"b88c2f792e2f6c9658fe8449be40f7abf0111c12-4","sellTxId":"d92546e1a485f6372c289b9655626a8d8b5d3041"}
{"index": {"_index":"sim","_id":"2128270"}}
	{"id":2128270,"type":"sell","buyer":"pi-trader","seller":"monsterjamgold","symbol":"SIM","quantity":"1273.112","price":"0.00058276","timestamp":1638065445,"volume":"0.74191875","buyTxId":"bd0025d4b5d3e90aee53cd3d98a1a1aac3cf7de2-4","sellTxId":"cac0598785190bc744d0ff224748c176491b5b94"}
{"index": {"_index":"sim","_id":"2128333"}}
	{"id":2128333,"type":"sell","buyer":"pi-trader","seller":"thegoliath","symbol":"SIM","quantity":"3634.549","price":"0.00058276","timestamp":1638066186,"volume":"2.11806978","buyTxId":"0a3100ca9f247d58dd622ef4e1f82e58f469059b-2","sellTxId":"414bd5f45bd43599d30b5978df3ce49c10b0c8c5"}
{"index": {"_index":"sim","_id":"2128359"}}
	{"id":2128359,"type":"sell","buyer":"pi-trader","seller":"elianaicgomes","symbol":"SIM","quantity":"2532.256","price":"0.00058276","timestamp":1638066414,"volume":"1.47569751","buyTxId":"c74b17579ccdd7099c6ac2a9fcfa13016c499446-2","sellTxId":"05337a81ee2393fa67cf6ab8e9499c2f420895e6"}
