{"index": {"_index":"sim","_id":"3856030"}}
	{"id":3856030,"type":"buy","buyer":"alvinruz04","seller":"jelly-cz","symbol":"SIM","quantity":"9000.000","price":"0.00041107","timestamp":1657159185,"volume":"3.69963000","buyTxId":"1a54508776ecadf64951bc4fb0e36c94c40cae69","sellTxId":"MM-P-18912150-65904899-3-32-0"}
{"index": {"_index":"sim","_id":"3856065"}}
	{"id":3856065,"type":"buy","buyer":"alvinruz04","seller":"jelly-cz","symbol":"SIM","quantity":"1226.417","price":"0.00041107","timestamp":1657159587,"volume":"0.50414324","buyTxId":"69a84d936ed598e35c13f19925391646ccaaa8fe","sellTxId":"MM-P-18912150-65904899-3-32-0"}
{"index": {"_index":"sim","_id":"3856394"}}
	{"id":3856394,"type":"sell","buyer":"pi-trader","seller":"hive.miner","symbol":"SIM","quantity":"323.500","price":"0.00039103","timestamp":1657164597,"volume":"0.12649821","buyTxId":"878602de93c34643108693140ebbb153cb0b4251-1","sellTxId":"6125fac18b05a48f2983601f36181cb052a38adc"}
{"index": {"_index":"sim","_id":"3856479"}}
	{"id":3856479,"type":"buy","buyer":"libert","seller":"jelly-cz","symbol":"SIM","quantity":"4524.776","price":"0.00041107","timestamp":1657166064,"volume":"1.86","buyTxId":"5c1aad0e01449a5ef68b71e19843bc09446cf762","sellTxId":"MM-P-18912150-65904899-3-32-0"}
{"index": {"_index":"sim","_id":"3856631"}}
	{"id":3856631,"type":"buy","buyer":"konvik","seller":"enginemaker","symbol":"SIM","quantity":"57201.141","price":"0.00040107","timestamp":1657167789,"volume":"22.94166162","buyTxId":"2495dbf5d509c8b3d6b7aae7271812f3b029caac-0","sellTxId":"MM-P-18916424-65909190-3-2-0"}
{"index": {"_index":"sim","_id":"3856695"}}
	{"id":3856695,"type":"sell","buyer":"pi-trader","seller":"theshaki","symbol":"SIM","quantity":"151.794","price":"0.00039103","timestamp":1657170048,"volume":"0.05935601","buyTxId":"c71e9fe7502cd561f1da43b8691b981acad3cf16-3","sellTxId":"4a01dc7db909d02af042a030c27e9e5255fbae5b"}
{"index": {"_index":"sim","_id":"3856728"}}
	{"id":3856728,"type":"sell","buyer":"pi-trader","seller":"goldcoin","symbol":"SIM","quantity":"42.161","price":"0.00039103","timestamp":1657170780,"volume":"0.01648622","buyTxId":"e91921793da547054bbbb24047dc172c14c645bd-3","sellTxId":"4a8f4d228be7132a646350ef7ab8ab02fe7f4bb0"}
{"index": {"_index":"sim","_id":"3857030"}}
	{"id":3857030,"type":"sell","buyer":"pi-trader","seller":"lifeskills-tv","symbol":"SIM","quantity":"703.000","price":"0.00039103","timestamp":1657175454,"volume":"0.27489409","buyTxId":"c3b00ce5d2c9133056d6c6a4ec4d330bd543fcdd-1","sellTxId":"0f4216dd6dd018f6491ddec611a9f398763aafc8"}
{"index": {"_index":"sim","_id":"3857496"}}
	{"id":3857496,"type":"buy","buyer":"ana-maria","seller":"nftmart.fees","symbol":"SIM","quantity":"46.000","price":"0.00041106","timestamp":1657183149,"volume":"0.01890876","buyTxId":"1e9add93fc234b649eb8c2c85632912a56fd155b","sellTxId":"e4f20e6566ca95a41568465d5e4d3f93f4f67e96-0"}
{"index": {"_index":"sim","_id":"3857499"}}
	{"id":3857499,"type":"buy","buyer":"ana-maria","seller":"jelly-cz","symbol":"SIM","quantity":"810.000","price":"0.00041107","timestamp":1657183185,"volume":"0.33296670","buyTxId":"2fad2ffb09485fb664e8e4beda23f5c6b4bccf17","sellTxId":"MM-P-18912150-65904899-3-32-0"}
{"index": {"_index":"sim","_id":"3857628"}}
	{"id":3857628,"type":"sell","buyer":"pi-trader","seller":"isiksenpalvoja","symbol":"SIM","quantity":"0.200","price":"0.00039105","timestamp":1657185168,"volume":"0.00007821","buyTxId":"e38afec6bec5e292d8a8dc94861563b8aae59a80-1","sellTxId":"e261f35074efa1fd3ce13709da4854c0b827dae4"}
{"index": {"_index":"sim","_id":"3857785"}}
	{"id":3857785,"type":"sell","buyer":"pi-trader","seller":"looftee","symbol":"SIM","quantity":"650.000","price":"0.00039105","timestamp":1657186740,"volume":"0.25418250","buyTxId":"3f0f457408fd2dadbcf01244b9c6e6dabadfc52a-1","sellTxId":"ca86ff194f8c977e83f1c3e1d977eabc87168bdc"}
{"index": {"_index":"sim","_id":"3857796"}}
	{"id":3857796,"type":"sell","buyer":"pi-trader","seller":"piotr42","symbol":"SIM","quantity":"171.000","price":"0.00039105","timestamp":1657186848,"volume":"0.06686955","buyTxId":"ce78163b85ee9765aa301de363e902561470b1a9-4","sellTxId":"24b3547cf920098ff460b2290a40404b8a6ed0d9"}
{"index": {"_index":"sim","_id":"3857845"}}
	{"id":3857845,"type":"sell","buyer":"pi-trader","seller":"chesatochi","symbol":"SIM","quantity":"15.000","price":"0.00039105","timestamp":1657187586,"volume":"0.00586575","buyTxId":"afe253acd87530acbbfc22b2124ca6a6c51ae870-3","sellTxId":"028d5123dc8fedd5de8c311335e4ef8a1a152770"}
{"index": {"_index":"sim","_id":"3858283"}}
	{"id":3858283,"type":"sell","buyer":"pi-trader","seller":"barry405","symbol":"SIM","quantity":"4993.29","price":"0.00039107","timestamp":1657196340,"volume":"1.95272592","buyTxId":"00c2397ee7d1251b0564336e55fb13925fdd9a8c-1","sellTxId":"08a0c1b0f869d0988a2e348a79ac0b56891038ef"}
{"index": {"_index":"sim","_id":"3858403"}}
	{"id":3858403,"type":"sell","buyer":"pi-trader","seller":"steem82868","symbol":"SIM","quantity":"0.800","price":"0.00039107","timestamp":1657198203,"volume":"0.00031286","buyTxId":"c2333150fff42c2ce77da14cf613f27d03e2d9a4-3","sellTxId":"cd67b648b963c86526478d2179e736cc25e3e26d"}
{"index": {"_index":"sim","_id":"3858852"}}
	{"id":3858852,"type":"sell","buyer":"pi-trader","seller":"poliwalt10","symbol":"SIM","quantity":"381.800","price":"0.00039107","timestamp":1657204023,"volume":"0.14931053","buyTxId":"01c0239a0e40a1df77269d388c8ad90818b20a78-1","sellTxId":"3475f0cc1431a8bf03b5f463147058e1052d72c6"}
{"index": {"_index":"sim","_id":"3859013"}}
	{"id":3859013,"type":"buy","buyer":"bhattg","seller":"nftmart.fees","symbol":"SIM","quantity":"40.000","price":"0.00041106","timestamp":1657205553,"volume":"0.01644240","buyTxId":"18fc85f1243dc9fb1a78af143ce801be70bf42ba","sellTxId":"bff4113b68dc2073f39fffd7999f5b9fc6124b42-0"}
{"index": {"_index":"sim","_id":"3859026"}}
	{"id":3859026,"type":"sell","buyer":"bhattg","seller":"dswap","symbol":"SIM","quantity":"9960.000","price":"0.00041106","timestamp":1657205607,"volume":"4.09415760","buyTxId":"18fc85f1243dc9fb1a78af143ce801be70bf42ba","sellTxId":"627edbe7d4e5dcf639b83b4de5f8c2a94672a0ff"}
{"index": {"_index":"sim","_id":"3859027"}}
	{"id":3859027,"type":"sell","buyer":"nastyforce","seller":"dswap","symbol":"SIM","quantity":"1000.000","price":"0.00039106","timestamp":1657205607,"volume":"0.39106000","buyTxId":"12d7d00d0df36308d4a493453115a045c9539373","sellTxId":"627edbe7d4e5dcf639b83b4de5f8c2a94672a0ff"}
{"index": {"_index":"sim","_id":"3859028"}}
	{"id":3859028,"type":"sell","buyer":"ben.haase","seller":"dswap","symbol":"SIM","quantity":"0.310","price":"0.00039104","timestamp":1657205607,"volume":"0.00012122","buyTxId":"8617e5b82c7f1f6ce8d61c0c75c277d5503a2c75","sellTxId":"627edbe7d4e5dcf639b83b4de5f8c2a94672a0ff"}
{"index": {"_index":"sim","_id":"3859029"}}
	{"id":3859029,"type":"sell","buyer":"assassyn","seller":"dswap","symbol":"SIM","quantity":"647.000","price":"0.00039104","timestamp":1657205607,"volume":"0.25300288","buyTxId":"3a5b0c9863e46cb7302b33a96d5d362867d1d3db","sellTxId":"627edbe7d4e5dcf639b83b4de5f8c2a94672a0ff"}
{"index": {"_index":"sim","_id":"3859030"}}
	{"id":3859030,"type":"sell","buyer":"nastyforce","seller":"dswap","symbol":"SIM","quantity":"1000.000","price":"0.00039102","timestamp":1657205607,"volume":"0.39102000","buyTxId":"fca66b53c73b1099b63f8e251669f123f728e450","sellTxId":"627edbe7d4e5dcf639b83b4de5f8c2a94672a0ff"}
{"index": {"_index":"sim","_id":"3859031"}}
	{"id":3859031,"type":"sell","buyer":"ironshield","seller":"dswap","symbol":"SIM","quantity":"10000.000","price":"0.00039100","timestamp":1657205607,"volume":"3.91000000","buyTxId":"596e10ddff656a3cdc86984f5ce066c2d5d784a4","sellTxId":"627edbe7d4e5dcf639b83b4de5f8c2a94672a0ff"}
{"index": {"_index":"sim","_id":"3859032"}}
	{"id":3859032,"type":"sell","buyer":"enginemaker","seller":"dswap","symbol":"SIM","quantity":"6901.423","price":"0.00039000","timestamp":1657205607,"volume":"2.69155497","buyTxId":"MM-P-18836326-65828910-3-2-0","sellTxId":"627edbe7d4e5dcf639b83b4de5f8c2a94672a0ff"}
{"index": {"_index":"sim","_id":"3859033"}}
	{"id":3859033,"type":"sell","buyer":"tdctunes","seller":"dswap","symbol":"SIM","quantity":"25000.000","price":"0.00038500","timestamp":1657205607,"volume":"9.62500000","buyTxId":"c7c49c06a160c6747a3634a86be5e5b43b061dec","sellTxId":"627edbe7d4e5dcf639b83b4de5f8c2a94672a0ff"}
{"index": {"_index":"sim","_id":"3859034"}}
	{"id":3859034,"type":"sell","buyer":"myothuzar","seller":"dswap","symbol":"SIM","quantity":"24520.267","price":"0.00038001","timestamp":1657205607,"volume":"9.31794666","buyTxId":"077d4d5e48d5dfb0e9c15ae2781bee2bee7586cd","sellTxId":"627edbe7d4e5dcf639b83b4de5f8c2a94672a0ff"}
{"index": {"_index":"sim","_id":"3859060"}}
	{"id":3859060,"type":"buy","buyer":"bhattg","seller":"jelly-cz","symbol":"SIM","quantity":"4000.000","price":"0.00041107","timestamp":1657205862,"volume":"1.64428000","buyTxId":"15c8c494f6f778957c9b523930885469d658ad5e","sellTxId":"MM-P-18912150-65904899-3-32-0"}
{"index": {"_index":"sim","_id":"3859080"}}
	{"id":3859080,"type":"buy","buyer":"cryptogillone","seller":"jelly-cz","symbol":"SIM","quantity":"428.807","price":"0.00041107","timestamp":1657206081,"volume":"0.17627","buyTxId":"3ba9e14e157a5dccd0fc9c60a929a6ba1f97d2fc","sellTxId":"MM-P-18912150-65904899-3-32-0"}
{"index": {"_index":"sim","_id":"3859256"}}
	{"id":3859256,"type":"sell","buyer":"pi-trader","seller":"looftee","symbol":"SIM","quantity":"260.000","price":"0.00038004","timestamp":1657208496,"volume":"0.09881040","buyTxId":"9daef1a5aad03d27e9f87ddc41d0e43dc2a2238b-2","sellTxId":"2f6533900ea856ac2a6820fbbbf7c998226d6664"}
{"index": {"_index":"sim","_id":"3859267"}}
	{"id":3859267,"type":"sell","buyer":"pi-trader","seller":"dswap","symbol":"SIM","quantity":"3.776","price":"0.00038004","timestamp":1657208712,"volume":"0.00143503","buyTxId":"8f1c227bdfa822c108cf0d1268518dc000b91112-3","sellTxId":"b866989c9c0d6bd63596bead166e304913391a05"}
{"index": {"_index":"sim","_id":"3859287"}}
	{"id":3859287,"type":"buy","buyer":"metzli","seller":"looftee","symbol":"SIM","quantity":"34.000","price":"0.00041000","timestamp":1657208946,"volume":"0.01394000","buyTxId":"2647db195328ad8f6cb5c2756aa6ce54abb0fd1b","sellTxId":"42de402eeb627968b80db4fe4daed7638075eb9e"}
{"index": {"_index":"sim","_id":"3859524"}}
	{"id":3859524,"type":"buy","buyer":"bionicpainter","seller":"nftmart.fees","symbol":"SIM","quantity":"34.000","price":"0.00040999","timestamp":1657211271,"volume":"0.01393966","buyTxId":"79cf2b4a09056e0791ee339b9b5e91d116cf3ca0","sellTxId":"ee5af0b53020b3e2574f6aa78d2b6faa0fa3785d-0"}
{"index": {"_index":"sim","_id":"3859525"}}
	{"id":3859525,"type":"buy","buyer":"bionicpainter","seller":"looftee","symbol":"SIM","quantity":"4432.000","price":"0.00041000","timestamp":1657211271,"volume":"1.81712000","buyTxId":"79cf2b4a09056e0791ee339b9b5e91d116cf3ca0","sellTxId":"42de402eeb627968b80db4fe4daed7638075eb9e"}
{"index": {"_index":"sim","_id":"3859567"}}
	{"id":3859567,"type":"buy","buyer":"pjansen","seller":"looftee","symbol":"SIM","quantity":"34.000","price":"0.00041000","timestamp":1657211664,"volume":"0.01394000","buyTxId":"0024da9ed0d1ad803e0dfa2bdb0508df9b93658a-0","sellTxId":"42de402eeb627968b80db4fe4daed7638075eb9e"}
{"index": {"_index":"sim","_id":"3859568"}}
	{"id":3859568,"type":"buy","buyer":"pjansen","seller":"jelly-cz","symbol":"SIM","quantity":"0.145","price":"0.00041107","timestamp":1657211664,"volume":"0.00006000","buyTxId":"0024da9ed0d1ad803e0dfa2bdb0508df9b93658a-0","sellTxId":"MM-P-18912150-65904899-3-32-0"}
{"index": {"_index":"sim","_id":"3859865"}}
	{"id":3859865,"type":"sell","buyer":"pi-trader","seller":"linco","symbol":"SIM","quantity":"2011.000","price":"0.00038004","timestamp":1657213722,"volume":"0.76426044","buyTxId":"7ca97cdd2cd2dcc724f57bbd0fdd4f30f6e22ef9-1","sellTxId":"0754982a5aee6b697a6eb915b93fe4c90c782183"}
{"index": {"_index":"sim","_id":"3859915"}}
	{"id":3859915,"type":"sell","buyer":"pi-trader","seller":"whitelightxpress","symbol":"SIM","quantity":"6.225","price":"0.00038004","timestamp":1657214052,"volume":"0.00236575","buyTxId":"343002f030afdf8ef1eacff103425cb6fc49bfe1-3","sellTxId":"09f541fbd1de0dbd46d9013accace26a9e64a977"}
{"index": {"_index":"sim","_id":"3859922"}}
	{"id":3859922,"type":"sell","buyer":"pi-trader","seller":"bearbear613","symbol":"SIM","quantity":"3542.000","price":"0.00038004","timestamp":1657214151,"volume":"1.34610168","buyTxId":"dc38fd5bcf203946cb6ec08823e11f1810a969fd-4","sellTxId":"f4e40650ea5f7a107f5ce67f9c0e5bd658db15ae"}
{"index": {"_index":"sim","_id":"3859942"}}
	{"id":3859942,"type":"sell","buyer":"pi-trader","seller":"hive-189742","symbol":"SIM","quantity":"3.041","price":"0.00038004","timestamp":1657214334,"volume":"0.00115570","buyTxId":"4e0ed5fecd7a23bea8c58a5a161cbe0685d3af24-5","sellTxId":"4a09c60612590bc2cb42f955339ec51a0f6b479b"}
{"index": {"_index":"sim","_id":"3860028"}}
	{"id":3860028,"type":"buy","buyer":"cryptogillone","seller":"nftmart.fees","symbol":"SIM","quantity":"26.000","price":"0.00041105","timestamp":1657215153,"volume":"0.01068730","buyTxId":"9ae97d796fde7e1f029fb57ed07431738a48f54a","sellTxId":"c06677c0dc5c346dcfc4813b2e95978ec72b3bff-0"}
{"index": {"_index":"sim","_id":"3860029"}}
	{"id":3860029,"type":"buy","buyer":"cryptogillone","seller":"jelly-cz","symbol":"SIM","quantity":"402.346","price":"0.00041107","timestamp":1657215153,"volume":"0.16539270","buyTxId":"9ae97d796fde7e1f029fb57ed07431738a48f54a","sellTxId":"MM-P-18912150-65904899-3-32-0"}
{"index": {"_index":"sim","_id":"3860213"}}
	{"id":3860213,"type":"buy","buyer":"nastyforce","seller":"nftmart.fees","symbol":"SIM","quantity":"23.000","price":"0.00041256","timestamp":1657217685,"volume":"0.00948888","buyTxId":"039745929f1bd69644e73636ada21a142d15b31a","sellTxId":"f21fca489a8700843458190e88cf560272caf27e-0"}
{"index": {"_index":"sim","_id":"3860216"}}
	{"id":3860216,"type":"buy","buyer":"nastyforce","seller":"dhedge-drips","symbol":"SIM","quantity":"0.001","price":"0.00041258","timestamp":1657217721,"volume":"0.00000041","buyTxId":"cef8633d257402b8df4c61f1bc34c0a6e042fdd7","sellTxId":"d544ca05af680d7af8f132f77fc1a459c62f5009"}
{"index": {"_index":"sim","_id":"3860365"}}
	{"id":3860365,"type":"sell","buyer":"pi-trader","seller":"onealfa","symbol":"SIM","quantity":"1606","price":"0.00038101","timestamp":1657219461,"volume":"0.61190206","buyTxId":"cf450d3168d7d82ae801d7ff3aee3c3297fe8c8d-1","sellTxId":"53e415028fca681568461a5b3816451755fd8ef5"}
{"index": {"_index":"sim","_id":"3860377"}}
	{"id":3860377,"type":"sell","buyer":"pi-trader","seller":"dhedge-drips","symbol":"SIM","quantity":"48.499","price":"0.00038101","timestamp":1657219515,"volume":"0.01847860","buyTxId":"64d950823637054282115ba012a9d3ab3dea2430-3","sellTxId":"655356f3dbf0f166ed41789fb014372121a32eab"}
{"index": {"_index":"sim","_id":"3860393"}}
	{"id":3860393,"type":"buy","buyer":"konvik","seller":"forsakensushi","symbol":"SIM","quantity":"25000.000","price":"0.00040000","timestamp":1657219536,"volume":"10.00000000","buyTxId":"a5b1442e9506598a60d113b5175c066cba63206d-0","sellTxId":"4bfaa857b7a9b3ec0c4a906413dde41b82985b5c"}
{"index": {"_index":"sim","_id":"3860530"}}
	{"id":3860530,"type":"sell","buyer":"pi-trader","seller":"tmholdings","symbol":"SIM","quantity":"30653.744","price":"0.00038101","timestamp":1657220580,"volume":"11.67938300","buyTxId":"5f82c9876cc6d07b8f5d3bcd0dd07e10be74a212-1","sellTxId":"8095860279659ea6e1392cf1943780d71062f6b9"}
{"index": {"_index":"sim","_id":"3860561"}}
	{"id":3860561,"type":"buy","buyer":"hafiz34","seller":"nftmart.fees","symbol":"SIM","quantity":"21.000","price":"0.00041405","timestamp":1657220853,"volume":"0.00869505","buyTxId":"a14723eca7346e870a1f7ebc55a09d70e3f3495f","sellTxId":"d93acf23203a860b07de4b67879dd5251e258ca6-0"}
{"index": {"_index":"sim","_id":"3860562"}}
	{"id":3860562,"type":"buy","buyer":"hafiz34","seller":"dhedge-drips","symbol":"SIM","quantity":"27.499","price":"0.00041407","timestamp":1657220853,"volume":"0.01138651","buyTxId":"a14723eca7346e870a1f7ebc55a09d70e3f3495f","sellTxId":"8ee68a8888286018659df3117de6572d4d996602"}
{"index": {"_index":"sim","_id":"3860617"}}
	{"id":3860617,"type":"sell","buyer":"pi-trader","seller":"thranax","symbol":"SIM","quantity":"67.000","price":"0.00038101","timestamp":1657221744,"volume":"0.02552767","buyTxId":"f5f48d27a368da0de17e80ee4c75164f94f8a1db-3","sellTxId":"c40d4b826f1ae3cf2a3d7c3dd2235d6230f13905"}
{"index": {"_index":"sim","_id":"3860710"}}
	{"id":3860710,"type":"buy","buyer":"konvik","seller":"forsakensushi","symbol":"SIM","quantity":"14501.541","price":"0.00040500","timestamp":1657222692,"volume":"5.87312411","buyTxId":"42b99675a15c12fd2f1c9d43f262ad4e7d6d3b2e-0","sellTxId":"0bcddaa525c37b47ae0207f92ac92ffaa3fb0912"}
{"index": {"_index":"sim","_id":"3860797"}}
	{"id":3860797,"type":"sell","buyer":"ben.haase","seller":"medaymane","symbol":"SIM","quantity":"19.962","price":"0.00038102","timestamp":1657223454,"volume":"0.00760592","buyTxId":"ffc612a6395f88f64da8147782025b868d665335","sellTxId":"c43b1f4e50470f8f024a3679d5563528218e4547"}
{"index": {"_index":"sim","_id":"3860798"}}
	{"id":3860798,"type":"sell","buyer":"pi-trader","seller":"medaymane","symbol":"SIM","quantity":"34479.938","price":"0.00038101","timestamp":1657223454,"volume":"13.13720118","buyTxId":"3860faf3db7e263619a256f8fd6cca434372b028-1","sellTxId":"c43b1f4e50470f8f024a3679d5563528218e4547"}
{"index": {"_index":"sim","_id":"3860848"}}
	{"id":3860848,"type":"sell","buyer":"pi-trader","seller":"chekohler","symbol":"SIM","quantity":"2.428","price":"0.00038101","timestamp":1657223985,"volume":"0.00092509","buyTxId":"13fa1290be514fd8c0c55351fb918f1da60fae16-3","sellTxId":"f6c24d5b194e126a69ee961184071e8c09cec291"}
{"index": {"_index":"sim","_id":"3860972"}}
	{"id":3860972,"type":"sell","buyer":"pi-trader","seller":"solarpowers","symbol":"SIM","quantity":"20022.000","price":"0.00038101","timestamp":1657225269,"volume":"7.62858222","buyTxId":"72859b55f9fe806bd3ff8c8a9735d24afa549962-1","sellTxId":"04503b058dd8462a0c5dbc9ec6bc59e742e1c7f1"}
{"index": {"_index":"sim","_id":"3861054"}}
	{"id":3861054,"type":"sell","buyer":"pi-trader","seller":"jrcornel","symbol":"SIM","quantity":"150000.000","price":"0.00038101","timestamp":1657226040,"volume":"57.15150000","buyTxId":"7a2738c6da94a3239e3ebc4269c68439460f3a28-3","sellTxId":"e2042f70a63ca97472f76cbeb41c8fd03ae99e12"}
{"index": {"_index":"sim","_id":"3861055"}}
	{"id":3861055,"type":"buy","buyer":"svirus","seller":"jrcornel","symbol":"SIM","quantity":"16964.000","price":"0.00038101","timestamp":1657226043,"volume":"6.46345364","buyTxId":"6cd867e373fe6f6898421d361f2e918baef4324e-0","sellTxId":"e2042f70a63ca97472f76cbeb41c8fd03ae99e12"}
{"index": {"_index":"sim","_id":"3861057"}}
	{"id":3861057,"type":"buy","buyer":"cryptogillone","seller":"nftmart.fees","symbol":"SIM","quantity":"18.000","price":"0.00041402","timestamp":1657226058,"volume":"0.00745236","buyTxId":"106fd086ab2b9ee2dd616b3792f3d94d0a99c64b","sellTxId":"f3f347c4a4c65ff1d30eebcca90e1ccb1d653889-0"}
{"index": {"_index":"sim","_id":"3861058"}}
	{"id":3861058,"type":"buy","buyer":"cryptogillone","seller":"eshr92","symbol":"SIM","quantity":"212.000","price":"0.00041406","timestamp":1657226058,"volume":"0.08778072","buyTxId":"106fd086ab2b9ee2dd616b3792f3d94d0a99c64b","sellTxId":"fb1676a88db3cc99ae746cbf112f0e4f555360c7"}
{"index": {"_index":"sim","_id":"3861059"}}
	{"id":3861059,"type":"buy","buyer":"cryptogillone","seller":"dhedge-drips","symbol":"SIM","quantity":"21.000","price":"0.00041407","timestamp":1657226058,"volume":"0.00869547","buyTxId":"106fd086ab2b9ee2dd616b3792f3d94d0a99c64b","sellTxId":"8ee68a8888286018659df3117de6572d4d996602"}
{"index": {"_index":"sim","_id":"3861060"}}
	{"id":3861060,"type":"buy","buyer":"cryptogillone","seller":"jelly-cz","symbol":"SIM","quantity":"171.661","price":"0.00041408","timestamp":1657226058,"volume":"0.07108145","buyTxId":"106fd086ab2b9ee2dd616b3792f3d94d0a99c64b","sellTxId":"MM-P-18932948-65925761-3-32-0"}
{"index": {"_index":"sim","_id":"3861149"}}
	{"id":3861149,"type":"buy","buyer":"nastyforce","seller":"nftmart.fees","symbol":"SIM","quantity":"18.000","price":"0.00041255","timestamp":1657227294,"volume":"0.00742590","buyTxId":"8644ee073d5a3d992ab9f3cf5a79ead275ca5f4a","sellTxId":"2b746a0b29442dce745ff93f6e9a5feed6762f45-0"}
{"index": {"_index":"sim","_id":"3861272"}}
	{"id":3861272,"type":"buy","buyer":"nastyforce","seller":"nftmart.fees","symbol":"SIM","quantity":"16.000","price":"0.00041255","timestamp":1657228509,"volume":"0.00660080","buyTxId":"e4f7fc553dfb1bc732295dcfbfe490296eb87648","sellTxId":"5dac6008d26e5651d7cdd31e1db5ff8f426c09e7-0"}
{"index": {"_index":"sim","_id":"3861305"}}
	{"id":3861305,"type":"sell","buyer":"pi-trader","seller":"poliwalt10","symbol":"SIM","quantity":"3112.000","price":"0.00038101","timestamp":1657229070,"volume":"1.18570312","buyTxId":"ef01e808574249f952ea66762b60968dfc933d6f-3","sellTxId":"897b124cfdd76111f0c7c86d8def72f25242c131"}
{"index": {"_index":"sim","_id":"3861412"}}
	{"id":3861412,"type":"sell","buyer":"pi-trader","seller":"he-index","symbol":"SIM","quantity":"18.743","price":"0.00038101","timestamp":1657230378,"volume":"0.00714127","buyTxId":"f7277019ee03cd3680ea09c04a540da10ff178d4-3","sellTxId":"a7dd36c6817abec412d84cece822f61a2f03f472"}
{"index": {"_index":"sim","_id":"3861717"}}
	{"id":3861717,"type":"sell","buyer":"pi-trader","seller":"bearbear613","symbol":"SIM","quantity":"1641.000","price":"0.00038101","timestamp":1657233879,"volume":"0.62523741","buyTxId":"56422a579915034c387439a49973cf4a4a02832a-2","sellTxId":"5b78e7401e6df42064c58fd1e9026d27087e0cd6"}
{"index": {"_index":"sim","_id":"3861720"}}
	{"id":3861720,"type":"sell","buyer":"pi-trader","seller":"elevator09","symbol":"SIM","quantity":"6178.323","price":"0.00038101","timestamp":1657233963,"volume":"2.35400285","buyTxId":"f1f2874154c9eba3a6345515be337afbe712d0bf-7","sellTxId":"2b62209325c1952cb3ec3cfaade736c1fd5574df"}
{"index": {"_index":"sim","_id":"3861727"}}
	{"id":3861727,"type":"buy","buyer":"nastyforce","seller":"nftmart.fees","symbol":"SIM","quantity":"12.000","price":"0.00041253","timestamp":1657234053,"volume":"0.00495036","buyTxId":"1509e59a8475c3e4df462a53f610e904a046ab7c","sellTxId":"54e9de0c20db63fa44ae867528bd06cc6d9ddd6f-0"}
{"index": {"_index":"sim","_id":"3861747"}}
	{"id":3861747,"type":"sell","buyer":"pi-trader","seller":"taitux","symbol":"SIM","quantity":"4542.000","price":"0.00038104","timestamp":1657234398,"volume":"1.73068368","buyTxId":"cf6744af6817c1e51fdfd063ca7c0de4142a6250-1","sellTxId":"ae44a4dc3100b6f06b5bc2ee725eb5cbcd1fda21"}
{"index": {"_index":"sim","_id":"3861764"}}
	{"id":3861764,"type":"sell","buyer":"pi-trader","seller":"fnvdesigns","symbol":"SIM","quantity":"47.650","price":"0.00038104","timestamp":1657234548,"volume":"0.01815656","buyTxId":"e2a2b5d0ba3b903e71d570d86a9a7817886d50e4-7","sellTxId":"564d94a018e451faa803f8533e71bba19122a644"}
{"index": {"_index":"sim","_id":"3861765"}}
	{"id":3861765,"type":"buy","buyer":"cryptogillone","seller":"jelly-cz","symbol":"SIM","quantity":"429.028","price":"0.00041256","timestamp":1657234560,"volume":"0.177","buyTxId":"b703814d865f5ce3777033c4ad109cfe54cb8230","sellTxId":"MM-P-18935845-65928658-3-32-0"}
{"index": {"_index":"sim","_id":"3861836"}}
	{"id":3861836,"type":"buy","buyer":"nastyforce","seller":"nftmart.fees","symbol":"SIM","quantity":"12.000","price":"0.00041255","timestamp":1657235778,"volume":"0.00495060","buyTxId":"2376f25cbf4feeec5b7e628bf72beb1b221dd212","sellTxId":"9f67f94da2ad1093471ead808f13b19db8c797fd-0"}
{"index": {"_index":"sim","_id":"3861930"}}
	{"id":3861930,"type":"buy","buyer":"nastyforce","seller":"nftmart.fees","symbol":"SIM","quantity":"11.000","price":"0.00041255","timestamp":1657237263,"volume":"0.00453805","buyTxId":"60d53497b9355f5a31ecd21ccf06b82cf324f01b","sellTxId":"22e976e186bb5f3e42bb18021cc6d5b85b965fbf-0"}
{"index": {"_index":"sim","_id":"3861954"}}
	{"id":3861954,"type":"buy","buyer":"nastyforce","seller":"nftmart.fees","symbol":"SIM","quantity":"10.000","price":"0.00041255","timestamp":1657237743,"volume":"0.00412550","buyTxId":"741281865ae302b3fb40031fd4c068ae34e41ae2","sellTxId":"1a9aa338389a14e3b8486aa2ddf72feb1e099af1-0"}
{"index": {"_index":"sim","_id":"3862020"}}
	{"id":3862020,"type":"buy","buyer":"nastyforce","seller":"nftmart.fees","symbol":"SIM","quantity":"8.000","price":"0.00041255","timestamp":1657239015,"volume":"0.00330040","buyTxId":"e7c82a22e1779dc4259fdaa45a2e09abad20e739","sellTxId":"fa04c47b62b82ae1d9ce44a337cdd5d341230583-0"}
{"index": {"_index":"sim","_id":"3862043"}}
	{"id":3862043,"type":"sell","buyer":"pi-trader","seller":"andy4475","symbol":"SIM","quantity":"344.838","price":"0.00038104","timestamp":1657239648,"volume":"0.13139707","buyTxId":"0cdc948692317d81901c27497d8c18ed624da9ee-1","sellTxId":"7da8a274533d03aaa865cb5b72ef092d56e86ae8"}
{"index": {"_index":"sim","_id":"3862084"}}
	{"id":3862084,"type":"buy","buyer":"nastyforce","seller":"nftmart.fees","symbol":"SIM","quantity":"7.000","price":"0.00041255","timestamp":1657240152,"volume":"0.00288785","buyTxId":"5910ab0b77837c73b08c3a1d5bf318721f3ec939","sellTxId":"cabf7a02695a6965234e539797d8d5704b93d80f-0"}
{"index": {"_index":"sim","_id":"3862091"}}
	{"id":3862091,"type":"sell","buyer":"pi-trader","seller":"dustindivitto","symbol":"SIM","quantity":"150000.000","price":"0.00038104","timestamp":1657240248,"volume":"57.15600000","buyTxId":"6dd07dfd9c9b1ec4acf26761cdd50eec9ffb2368-4","sellTxId":"05c9abff187b84b6bb640b70e36f4bd90bd14055"}
{"index": {"_index":"sim","_id":"3862099"}}
	{"id":3862099,"type":"buy","buyer":"pi-trader","seller":"dustindivitto","symbol":"SIM","quantity":"3958.000","price":"0.00038104","timestamp":1657240278,"volume":"1.50815632","buyTxId":"b154a85911055d71209f7675b611fdd4f9b109bc-4","sellTxId":"05c9abff187b84b6bb640b70e36f4bd90bd14055"}
{"index": {"_index":"sim","_id":"3862182"}}
	{"id":3862182,"type":"sell","buyer":"pi-trader","seller":"dhedge-drips","symbol":"SIM","quantity":"0.001","price":"0.00038104","timestamp":1657241115,"volume":"0.00000038","buyTxId":"6ff99b2d5b1267f9b097e18cbaf238723b5528dd-3","sellTxId":"d3bb90e6207dc58c00579f1051d77eab082fb267"}
{"index": {"_index":"sim","_id":"3862244"}}
	{"id":3862244,"type":"sell","buyer":"pi-trader","seller":"thatcryptodave","symbol":"SIM","quantity":"834.139","price":"0.00038104","timestamp":1657242096,"volume":"0.31784032","buyTxId":"07d144aec9fad8ef3def447f86729dc41b8a6fa1-3","sellTxId":"3bb87fee29bb7ea416194732d565734e0d3113c0"}
{"index": {"_index":"sim","_id":"3862416"}}
	{"id":3862416,"type":"buy","buyer":"nastyforce","seller":"nftmart.fees","symbol":"SIM","quantity":"6.000","price":"0.00040952","timestamp":1657245159,"volume":"0.00245712","buyTxId":"b7ad871b7450fe23b3304d754b801a906d79420e","sellTxId":"d153d6bf554556a22288534fde50ab2ad18adef0-0"}
