{"index": {"_index":"sim","_id":"3086683"}}
	{"id":3086683,"type":"sell","buyer":"pi-trader","seller":"snorebear","symbol":"SIM","quantity":"245.070","price":"0.00038103","timestamp":1648606497,"volume":"0.09337902","buyTxId":"ea0aee511c46e9b804bc735ad1961ab86e369548-3","sellTxId":"e3efb8c3251821eeb3b084d78e5d36a72e4ddb27"}
{"index": {"_index":"sim","_id":"3086689"}}
	{"id":3086689,"type":"sell","buyer":"pi-trader","seller":"dswap","symbol":"SIM","quantity":"1000","price":"0.00038103","timestamp":1648606674,"volume":"0.38103000","buyTxId":"5a410e46d379e499622079651da53027291bd87d-3","sellTxId":"d0f4eaf0df8740c39e5b02b0f6d67c1dc8915b6a"}
{"index": {"_index":"sim","_id":"3086740"}}
	{"id":3086740,"type":"sell","buyer":"pi-trader","seller":"votebetting","symbol":"SIM","quantity":"128.441","price":"0.00038103","timestamp":1648607877,"volume":"0.04893987","buyTxId":"a81e1197adf9711466eb73ac06bb0b67c225eab2-3","sellTxId":"199da771d3459949c4350c2c97110c9d9bea7031"}
{"index": {"_index":"sim","_id":"3086897"}}
	{"id":3086897,"type":"buy","buyer":"gsauce1989","seller":"pi-trader","symbol":"SIM","quantity":"8000.000","price":"0.00040318","timestamp":1648610013,"volume":"3.22544000","buyTxId":"ee8c4dd0eade199a552bd288ee3bcd72e1f89a97","sellTxId":"bc3f67ae0ef8a8f9a5174ba9417eb3034dc07d91-2"}
{"index": {"_index":"sim","_id":"3086970"}}
	{"id":3086970,"type":"sell","buyer":"pi-trader","seller":"theguruasia","symbol":"SIM","quantity":"10211.081","price":"0.00038103","timestamp":1648611249,"volume":"3.89072819","buyTxId":"30afbff977f2178b9b20d2ac84614c7eff5e14e7-1","sellTxId":"907c30edcad4cafc3ad35bc36aeb0b3f50e403b7"}
{"index": {"_index":"sim","_id":"3087117"}}
	{"id":3087117,"type":"sell","buyer":"pi-trader","seller":"brofi-market","symbol":"SIM","quantity":"0.001","price":"0.00038103","timestamp":1648613460,"volume":"0.00000038","buyTxId":"34e91fc1efb73305d73d205693584691b2b7d97e-5","sellTxId":"ae78cf3b0fccfa77fc3956a4ea11a4d36df6a93a"}
{"index": {"_index":"sim","_id":"3087310"}}
	{"id":3087310,"type":"sell","buyer":"pi-trader","seller":"tonytrillions","symbol":"SIM","quantity":"0.004","price":"0.00038103","timestamp":1648614918,"volume":"0.00000152","buyTxId":"e66e639fd2b1c0d55154c0050852b98e996d7de1-1","sellTxId":"319c7928fcdbc295a1c6f80e808f5233731c19cb"}
{"index": {"_index":"sim","_id":"3087360"}}
	{"id":3087360,"type":"sell","buyer":"pi-trader","seller":"theshaki","symbol":"SIM","quantity":"164.979","price":"0.00038103","timestamp":1648615818,"volume":"0.06286195","buyTxId":"0775f902272dc199bb20e4053dcf5d494d7b7984-1","sellTxId":"bfe9d940f76a7d3170ad2dd1ca029266e046ecf5"}
{"index": {"_index":"sim","_id":"3087477"}}
	{"id":3087477,"type":"sell","buyer":"pi-trader","seller":"boycharlieplays","symbol":"SIM","quantity":"150000.000","price":"0.00038103","timestamp":1648618383,"volume":"57.15450000","buyTxId":"9d7ba47f7a748a6309b80c0c870397be47cfa804-3","sellTxId":"d0337dd3523934fedf5bb4f3cffa09d647bdf3de"}
{"index": {"_index":"sim","_id":"3087478"}}
	{"id":3087478,"type":"sell","buyer":"chaoabunga","seller":"goldcoin","symbol":"SIM","quantity":"92.081","price":"0.00038102","timestamp":1648618386,"volume":"0.03508470","buyTxId":"82df932cebf1a7704ca4f51ed5cf7ed3b63e22ad","sellTxId":"e4259934a618eedc0c532c09a179a8eba853278b"}
{"index": {"_index":"sim","_id":"3087720"}}
	{"id":3087720,"type":"buy","buyer":"chronocrypto","seller":"pi-trader","symbol":"SIM","quantity":"37252.936","price":"0.00040318","timestamp":1648621830,"volume":"15.01963874","buyTxId":"9c494ad820c5d2cba9d9d4db2427a709a6012ea7","sellTxId":"0b4ada4bc6353ab6ca24ade198de309bbe8dd36a-4"}
{"index": {"_index":"sim","_id":"3088016"}}
	{"id":3088016,"type":"sell","buyer":"pi-trader","seller":"justinparke","symbol":"SIM","quantity":"13519.2","price":"0.00038103","timestamp":1648625940,"volume":"5.15122078","buyTxId":"485ce61c4ea8ecf4d4ab06a7f1da3ec559747d91-2","sellTxId":"e9647aaeeee598b10592789d3b0f15e9870ad972"}
{"index": {"_index":"sim","_id":"3088118"}}
	{"id":3088118,"type":"sell","buyer":"pi-trader","seller":"taintedblood","symbol":"SIM","quantity":"0.965","price":"0.00038103","timestamp":1648627704,"volume":"0.00036769","buyTxId":"3278f01e568378efc4d1bb5f6ba245a66e0b38a7-3","sellTxId":"076358851541c74ee3152e3f4b611ef3a7e5e319"}
{"index": {"_index":"sim","_id":"3088255"}}
	{"id":3088255,"type":"sell","buyer":"pi-trader","seller":"desyfit","symbol":"SIM","quantity":"50000.000","price":"0.00038103","timestamp":1648629513,"volume":"19.05150000","buyTxId":"c8a052e1971a723ac5a4ab0d9584f178cafe60df-1","sellTxId":"58271967213e88654132ce183a372a567bc6329c"}
{"index": {"_index":"sim","_id":"3088356"}}
	{"id":3088356,"type":"sell","buyer":"pi-trader","seller":"valor2s","symbol":"SIM","quantity":"93.892","price":"0.00038103","timestamp":1648631937,"volume":"0.03577567","buyTxId":"16ec042ee14d5dd6d5c47c42c859da9aedba7753-3","sellTxId":"d07f68b185529b71dd08d971aa293d9d78d703e9"}
{"index": {"_index":"sim","_id":"3088693"}}
	{"id":3088693,"type":"sell","buyer":"pi-trader","seller":"karmaa13","symbol":"SIM","quantity":"1313.84","price":"0.00038103","timestamp":1648638420,"volume":"0.50061246","buyTxId":"2a02fe6b1fa90eb5234b6ef87a2a9aaced4cf333-1","sellTxId":"a0266bf44c131f4afc9f9564d0456d1fb359008e"}
{"index": {"_index":"sim","_id":"3089006"}}
	{"id":3089006,"type":"sell","buyer":"pi-trader","seller":"willsaldeno","symbol":"SIM","quantity":"939.190","price":"0.00038103","timestamp":1648643424,"volume":"0.35785957","buyTxId":"a0045f4d35143d1d5baca7a817d5d17beeb4dcb4-7","sellTxId":"a684eedf27961954b170679b53b71d210fd5781d"}
{"index": {"_index":"sim","_id":"3089009"}}
	{"id":3089009,"type":"buy","buyer":"barski","seller":"pi-trader","symbol":"SIM","quantity":"24290.001","price":"0.00040317","timestamp":1648643460,"volume":"9.79299970","buyTxId":"b355a01704840d65482432bd0e1dbfb2ba9b5ff6","sellTxId":"069e26d4961adde67f314cd07759470adcbd63c8-2"}
{"index": {"_index":"sim","_id":"3089163"}}
	{"id":3089163,"type":"buy","buyer":"der-prophet","seller":"pi-trader","symbol":"SIM","quantity":"28292.979","price":"0.00040316","timestamp":1648645323,"volume":"11.40659741","buyTxId":"4d515378616695a24d5d79ef68943c0d8da40f73","sellTxId":"ce637e461f448704cb0c6fb14f87401fd11e89c2-4"}
{"index": {"_index":"sim","_id":"3089484"}}
	{"id":3089484,"type":"sell","buyer":"pi-trader","seller":"monsterjamgold","symbol":"SIM","quantity":"242.121","price":"0.00038103","timestamp":1648649304,"volume":"0.09225536","buyTxId":"d7f8585749594b4cca8954d251d5b4483ae815ed-3","sellTxId":"f9437de6f7316f2ef289d34388fa953704e6f9a4"}
{"index": {"_index":"sim","_id":"3089498"}}
	{"id":3089498,"type":"buy","buyer":"peter-stone","seller":"nftmart.fees","symbol":"SIM","quantity":"38.000","price":"0.00040313","timestamp":1648649514,"volume":"0.01531894","buyTxId":"aff3ad3539909726f5f81c02888e17b4857a5c3b","sellTxId":"18219babe7667d1d4927d7c4e62f793e9b6009f6-0"}
{"index": {"_index":"sim","_id":"3089500"}}
	{"id":3089500,"type":"buy","buyer":"peter-stone","seller":"pi-trader","symbol":"SIM","quantity":"5525.550","price":"0.00040316","timestamp":1648649535,"volume":"2.22768074","buyTxId":"424354f39a4fd13dee453b4676c8b2a61aa8cd33","sellTxId":"57d0846ad2c8fa03c7f41257853a80ca244f2358-2"}
{"index": {"_index":"sim","_id":"3089567"}}
	{"id":3089567,"type":"sell","buyer":"pi-trader","seller":"operahoser","symbol":"SIM","quantity":"0.001","price":"0.00038103","timestamp":1648650399,"volume":"0.00000038","buyTxId":"6362d6540529276ab62f39a48c998c0f11df0c7d-3","sellTxId":"436add9df9c696dcf3bca744d8bd52aabaad0e3e"}
{"index": {"_index":"sim","_id":"3090068"}}
	{"id":3090068,"type":"sell","buyer":"pi-trader","seller":"bearbear613","symbol":"SIM","quantity":"28.398","price":"0.00038103","timestamp":1648655220,"volume":"0.01082049","buyTxId":"9297e655258912150985f09e11816f60fa872cb3-1","sellTxId":"3d4dd0f7a2de17400466544eefb6c5e6cec66b84"}
{"index": {"_index":"sim","_id":"3090218"}}
	{"id":3090218,"type":"sell","buyer":"pi-trader","seller":"brofi-market","symbol":"SIM","quantity":"0.003","price":"0.00038103","timestamp":1648656699,"volume":"0.00000114","buyTxId":"6c98d74cfe82de6dcf8dc70b0bf03b3bd91d7068-1","sellTxId":"2f34daea9222b4a936213d4f643174a293be3cd8"}
{"index": {"_index":"sim","_id":"3090362"}}
	{"id":3090362,"type":"sell","buyer":"pi-trader","seller":"myvest","symbol":"SIM","quantity":"163.755","price":"0.00038103","timestamp":1648658139,"volume":"0.06239557","buyTxId":"24b70cbfc3ee192d0e377f7e9f212674bd6a8529-2","sellTxId":"34585ecfc11af8827028e4959ca4d826128f3b2b"}
{"index": {"_index":"sim","_id":"3090533"}}
	{"id":3090533,"type":"sell","buyer":"pi-trader","seller":"leizerstark","symbol":"SIM","quantity":"459.000","price":"0.00038103","timestamp":1648659237,"volume":"0.17489277","buyTxId":"a8898f0aca56e43e3c6a37fb8c2c64c56a5f39d1-3","sellTxId":"b5f423c70216f4a2c48fa838c7cf9cb3ac694fa2"}
{"index": {"_index":"sim","_id":"3090628"}}
	{"id":3090628,"type":"sell","buyer":"pi-trader","seller":"hive-127788","symbol":"SIM","quantity":"0.068","price":"0.00038103","timestamp":1648660182,"volume":"0.00002591","buyTxId":"e0be4ae44a33696f971b770413359177414480dc-3","sellTxId":"11374fc0b921db7842c51666baba1de8ab3fde31"}
{"index": {"_index":"sim","_id":"3090629"}}
	{"id":3090629,"type":"sell","buyer":"pi-trader","seller":"tonytrillions","symbol":"SIM","quantity":"0.004","price":"0.00038103","timestamp":1648660197,"volume":"0.00000152","buyTxId":"e0be4ae44a33696f971b770413359177414480dc-3","sellTxId":"beee393e96abf6fbce88adb465b64f4696c01b9f"}
{"index": {"_index":"sim","_id":"3090914"}}
	{"id":3090914,"type":"buy","buyer":"bormi203","seller":"nftmart.fees","symbol":"SIM","quantity":"34.000","price":"0.00040305","timestamp":1648662597,"volume":"0.01370370","buyTxId":"91677cd897390937048bf4884edfb47a1acb20e3","sellTxId":"16998aaac8210baec234a89d168de0261916b987-0"}
{"index": {"_index":"sim","_id":"3090915"}}
	{"id":3090915,"type":"buy","buyer":"bormi203","seller":"brofi-market","symbol":"SIM","quantity":"0.003","price":"0.00040310","timestamp":1648662597,"volume":"0.00000121","buyTxId":"91677cd897390937048bf4884edfb47a1acb20e3","sellTxId":"099db729f808087310c09df5f42e0edd5a0cbe18"}
{"index": {"_index":"sim","_id":"3090916"}}
	{"id":3090916,"type":"buy","buyer":"bormi203","seller":"pi-trader","symbol":"SIM","quantity":"4841.926","price":"0.00040316","timestamp":1648662597,"volume":"1.95207089","buyTxId":"91677cd897390937048bf4884edfb47a1acb20e3","sellTxId":"2c1b24cb3019a3bcd147a1036ddd81afdb191ebd-2"}
{"index": {"_index":"sim","_id":"3090918"}}
	{"id":3090918,"type":"sell","buyer":"pi-trader","seller":"atomcollector","symbol":"SIM","quantity":"150000.000","price":"0.00038103","timestamp":1648662621,"volume":"57.15450000","buyTxId":"89e9778c8a5aecda6c5f203c3e6c31cf416c01da-1","sellTxId":"88ec4e473c54bc599dee6b8e9d692ce51fe885d9"}
{"index": {"_index":"sim","_id":"3091165"}}
	{"id":3091165,"type":"sell","buyer":"pi-trader","seller":"jrcornel","symbol":"SIM","quantity":"51724.000","price":"0.00038103","timestamp":1648665057,"volume":"19.70839572","buyTxId":"ddd5a3fead4f89f731c5414b81f1181afacd2f3a-2","sellTxId":"9f5ceb8e05b6b7f9e3fc83cad3551714010165a1"}
{"index": {"_index":"sim","_id":"3091207"}}
	{"id":3091207,"type":"sell","buyer":"pi-trader","seller":"lolzorr","symbol":"SIM","quantity":"1233.100","price":"0.00038103","timestamp":1648665444,"volume":"0.46984809","buyTxId":"847af2878e96395e152b7af2aab4df88682d9a56-3","sellTxId":"4d5be62ff6abea6c572c51fe378d22a2f2e96a76"}
{"index": {"_index":"sim","_id":"3091216"}}
	{"id":3091216,"type":"sell","buyer":"pi-trader","seller":"dcityexperiment","symbol":"SIM","quantity":"100177.500","price":"0.00038103","timestamp":1648665555,"volume":"38.17063283","buyTxId":"82cf81fdf34a44b584a9c60c82cf9788340b3273-1","sellTxId":"c16a8d055f4b97a7af1351abe72385e60626ab5e"}
{"index": {"_index":"sim","_id":"3091225"}}
	{"id":3091225,"type":"sell","buyer":"pi-trader","seller":"elevator09","symbol":"SIM","quantity":"1957.042","price":"0.00038103","timestamp":1648665660,"volume":"0.74569171","buyTxId":"4ef03f759096eeaa931a0eb6fbb4d3fa46304487-3","sellTxId":"58d75411124bd2981cbb9bdea3826a01da14b73e"}
{"index": {"_index":"sim","_id":"3091356"}}
	{"id":3091356,"type":"sell","buyer":"pi-trader","seller":"dcityexperiment","symbol":"SIM","quantity":"79933.000","price":"0.00038103","timestamp":1648666758,"volume":"30.45687099","buyTxId":"96d316fc34f5c57f834a8919d2fb4114c6a01b79-4","sellTxId":"c1b69a766ec1bc8407fc5fd107c50d1b82910552"}
{"index": {"_index":"sim","_id":"3091433"}}
	{"id":3091433,"type":"sell","buyer":"pi-trader","seller":"elevator09","symbol":"SIM","quantity":"1483.000","price":"0.00038103","timestamp":1648667487,"volume":"0.56506749","buyTxId":"a07fafaa8242ab0b0b2355eab60c337aa21ed657-3","sellTxId":"afd5858813bfb6a282759a9002202f35dba2c744"}
{"index": {"_index":"sim","_id":"3091454"}}
	{"id":3091454,"type":"sell","buyer":"pi-trader","seller":"lolzorr","symbol":"SIM","quantity":"3132.150","price":"0.00038103","timestamp":1648667748,"volume":"1.19344311","buyTxId":"7f459f93c562dfc0f410fcf053349d9e4cff7581-3","sellTxId":"effd64633c4c0d0b55053d371beee5ca9c418db6"}
{"index": {"_index":"sim","_id":"3091467"}}
	{"id":3091467,"type":"sell","buyer":"pi-trader","seller":"bearbear613","symbol":"SIM","quantity":"182.000","price":"0.00038103","timestamp":1648667934,"volume":"0.06934746","buyTxId":"ecaef5059c42ec7057a8cc5e335e9c95f2f37ec2-3","sellTxId":"7b468326e32f3cf798346b6e4c74a7069efccc64"}
{"index": {"_index":"sim","_id":"3091470"}}
	{"id":3091470,"type":"sell","buyer":"pi-trader","seller":"thahodler","symbol":"SIM","quantity":"732.169","price":"0.00038103","timestamp":1648667964,"volume":"0.27897835","buyTxId":"40dbed04310f9649d92ba80352df2c52211317cc-4","sellTxId":"d73b70fa51605de20be3c8745c832261cd6f3348"}
{"index": {"_index":"sim","_id":"3091500"}}
	{"id":3091500,"type":"buy","buyer":"maryjane.main","seller":"pi-trader","symbol":"SIM","quantity":"14306.000","price":"0.00040004","timestamp":1648668228,"volume":"5.72297224","buyTxId":"3960df8b20d44e0743db00cb63da383a59a09d5c","sellTxId":"e2cfed172a15c4859c99af6865ac42d1b34ba429-5"}
{"index": {"_index":"sim","_id":"3091773"}}
	{"id":3091773,"type":"sell","buyer":"pi-trader","seller":"gamsam","symbol":"SIM","quantity":"42647","price":"0.00038201","timestamp":1648670886,"volume":"16.29158047","buyTxId":"25cb04b50def5aab8682140eaaf20b0821b38ff2-4","sellTxId":"c837f9c4d91f50955da95180216ad6dcfc92bdf4"}
{"index": {"_index":"sim","_id":"3091816"}}
	{"id":3091816,"type":"sell","buyer":"pi-trader","seller":"brofi-market","symbol":"SIM","quantity":"0.001","price":"0.00038201","timestamp":1648671510,"volume":"0.00000038","buyTxId":"5b45a47e0a39843145bf9676da3e076e30e09d98-3","sellTxId":"6f68c4ce41a04732df9984359d1e4e0222c360b7"}
{"index": {"_index":"sim","_id":"3091890"}}
	{"id":3091890,"type":"sell","buyer":"pi-trader","seller":"loganhate","symbol":"SIM","quantity":"80.000","price":"0.00038201","timestamp":1648672062,"volume":"0.03056080","buyTxId":"0eaa78750856902b83df27e915bece54284e2259-1","sellTxId":"13351a575e508d3e56c40d2f7be4181281582b63"}
{"index": {"_index":"sim","_id":"3091969"}}
	{"id":3091969,"type":"sell","buyer":"sbi-tokens","seller":"bosmob","symbol":"SIM","quantity":"16413.000","price":"0.00038200","timestamp":1648672830,"volume":"6.26976600","buyTxId":"10fa47565473a9873331e893615537f8ba12f66c","sellTxId":"cf55e7f2b990a469b40c575440443f3b732cf5d5"}
{"index": {"_index":"sim","_id":"3091970"}}
	{"id":3091970,"type":"buy","buyer":"svirus","seller":"bosmob","symbol":"SIM","quantity":"5203.960","price":"0.00038200","timestamp":1648672833,"volume":"1.98791272","buyTxId":"83f3399e2dea1f2da388fd92275ba9c557a2335a-0","sellTxId":"cf55e7f2b990a469b40c575440443f3b732cf5d5"}
{"index": {"_index":"sim","_id":"3092361"}}
	{"id":3092361,"type":"buy","buyer":"ana-maria","seller":"nftmart.fees","symbol":"SIM","quantity":"46.000","price":"0.00038197","timestamp":1648675860,"volume":"0.01757062","buyTxId":"ecb57beba14b8725252facc3870c1f25e2ffe619","sellTxId":"816ae7c2c474d7ee31974812c9776006d60b5bb2-0"}
{"index": {"_index":"sim","_id":"3092532"}}
	{"id":3092532,"type":"sell","buyer":"ana-maria","seller":"reaverza","symbol":"SIM","quantity":"769.083","price":"0.00038103","timestamp":1648677927,"volume":"0.29304370","buyTxId":"b33c775a180971d6e680f3bf083b5a6abdced8d6","sellTxId":"011d8c6a774224f3879f433b7049d29125113c05"}
{"index": {"_index":"sim","_id":"3092606"}}
	{"id":3092606,"type":"buy","buyer":"cabalcoffers","seller":"nftmart.fees","symbol":"SIM","quantity":"40.000","price":"0.00038196","timestamp":1648679214,"volume":"0.01527840","buyTxId":"8930aa9c5ccf9027f0e9b6608e0178e02378502a","sellTxId":"676d851a4415e10a09a2122feed5f39a6166cd78-0"}
{"index": {"_index":"sim","_id":"3092607"}}
	{"id":3092607,"type":"buy","buyer":"cabalcoffers","seller":"he-index","symbol":"SIM","quantity":"114.273","price":"0.00038197","timestamp":1648679214,"volume":"0.04364886","buyTxId":"8930aa9c5ccf9027f0e9b6608e0178e02378502a","sellTxId":"f2dbf5baa4f360109f68aba297fd1b41b9179d97"}
{"index": {"_index":"sim","_id":"3092608"}}
	{"id":3092608,"type":"buy","buyer":"cabalcoffers","seller":"bosmob","symbol":"SIM","quantity":"0.006","price":"0.00038200","timestamp":1648679214,"volume":"0.00000229","buyTxId":"8930aa9c5ccf9027f0e9b6608e0178e02378502a","sellTxId":"cf55e7f2b990a469b40c575440443f3b732cf5d5"}
{"index": {"_index":"sim","_id":"3092609"}}
	{"id":3092609,"type":"buy","buyer":"cabalcoffers","seller":"jelly-cz","symbol":"SIM","quantity":"5512.326","price":"0.00038556","timestamp":1648679214,"volume":"2.12533241","buyTxId":"8930aa9c5ccf9027f0e9b6608e0178e02378502a","sellTxId":"MM-P-16096969-63085575-3-29-0"}
{"index": {"_index":"sim","_id":"3092929"}}
	{"id":3092929,"type":"sell","buyer":"ana-maria","seller":"medaymane","symbol":"SIM","quantity":"658.000","price":"0.00038103","timestamp":1648682784,"volume":"0.25071774","buyTxId":"b33c775a180971d6e680f3bf083b5a6abdced8d6","sellTxId":"b3030641994c0650b4f894817e4519f76fbfe00a"}
{"index": {"_index":"sim","_id":"3092953"}}
	{"id":3092953,"type":"buy","buyer":"lisergicus","seller":"nftmart.fees","symbol":"SIM","quantity":"91.000","price":"0.00038553","timestamp":1648682847,"volume":"0.03508323","buyTxId":"ab2d20970bcc2208d866cf96d10ca761ce343917","sellTxId":"abee539ed5ca53401d00892ce508b60529641145-0"}
{"index": {"_index":"sim","_id":"3092969"}}
	{"id":3092969,"type":"buy","buyer":"lisergicus","seller":"jelly-cz","symbol":"SIM","quantity":"401.674","price":"0.00038556","timestamp":1648682943,"volume":"0.15486943","buyTxId":"f59e4d8173740bf898f1f89c65993270a667f6c8","sellTxId":"MM-P-16096969-63085575-3-29-0"}
{"index": {"_index":"sim","_id":"3093057"}}
	{"id":3093057,"type":"sell","buyer":"ana-maria","seller":"bearbear613","symbol":"SIM","quantity":"176.892","price":"0.00038103","timestamp":1648683642,"volume":"0.06740116","buyTxId":"b33c775a180971d6e680f3bf083b5a6abdced8d6","sellTxId":"0a041714455da0392f2c4f5df342bc2ed3d81f04"}
{"index": {"_index":"sim","_id":"3093107"}}
	{"id":3093107,"type":"buy","buyer":"otherbrandt","seller":"nftmart.fees","symbol":"SIM","quantity":"90.000","price":"0.00038555","timestamp":1648684023,"volume":"0.03469950","buyTxId":"fef54b30031560a4003212cb04113227fabaee27","sellTxId":"25d20b36be2e48eec9e69e1642eb4dde1e070887-0"}
{"index": {"_index":"sim","_id":"3093108"}}
	{"id":3093108,"type":"buy","buyer":"otherbrandt","seller":"jelly-cz","symbol":"SIM","quantity":"99910.000","price":"0.00038556","timestamp":1648684023,"volume":"38.52129960","buyTxId":"fef54b30031560a4003212cb04113227fabaee27","sellTxId":"MM-P-16096969-63085575-3-29-0"}
{"index": {"_index":"sim","_id":"3093148"}}
	{"id":3093148,"type":"sell","buyer":"ana-maria","seller":"rarej","symbol":"SIM","quantity":"1210.810","price":"0.00038103","timestamp":1648684530,"volume":"0.46135493","buyTxId":"b33c775a180971d6e680f3bf083b5a6abdced8d6","sellTxId":"dfc61ac28afe2390fc68323d0facf65953d22522"}
{"index": {"_index":"sim","_id":"3093276"}}
	{"id":3093276,"type":"sell","buyer":"ana-maria","seller":"brofi-market","symbol":"SIM","quantity":"0.002","price":"0.00038103","timestamp":1648685691,"volume":"0.00000076","buyTxId":"b33c775a180971d6e680f3bf083b5a6abdced8d6","sellTxId":"04db5e9be457d1ac248e52158c8620e6ee40698b"}
{"index": {"_index":"sim","_id":"3093315"}}
	{"id":3093315,"type":"sell","buyer":"ana-maria","seller":"kevinnag58","symbol":"SIM","quantity":"582.027","price":"0.00038103","timestamp":1648685853,"volume":"0.22176975","buyTxId":"b33c775a180971d6e680f3bf083b5a6abdced8d6","sellTxId":"5785b748f8fe0b5963df0c480dc52de7c280b911"}
{"index": {"_index":"sim","_id":"3093357"}}
	{"id":3093357,"type":"buy","buyer":"forsakensushi","seller":"jelly-cz","symbol":"SIM","quantity":"30000.000","price":"0.00038504","timestamp":1648686372,"volume":"11.55120000","buyTxId":"fab9c02527edb7f9d6514bd40b6f10b6ebcf7cb0","sellTxId":"MM-P-16099953-63088566-3-29-0"}
{"index": {"_index":"sim","_id":"3093369"}}
	{"id":3093369,"type":"sell","buyer":"ana-maria","seller":"japanguide","symbol":"SIM","quantity":"4247.340","price":"0.00038103","timestamp":1648686567,"volume":"1.61836396","buyTxId":"b33c775a180971d6e680f3bf083b5a6abdced8d6","sellTxId":"02ae7f950b80c82ab1697d5f1469039edad5aea6"}
{"index": {"_index":"sim","_id":"3093370"}}
	{"id":3093370,"type":"buy","buyer":"forsakensushi","seller":"nftmart.fees","symbol":"SIM","quantity":"70.000","price":"0.00038503","timestamp":1648686591,"volume":"0.02695210","buyTxId":"55a22e6d370075cb0a702fcdc0fce63d2b50e3e3","sellTxId":"41bef7b55806a6333fe41e862533e7e3d1ebbcf8-0"}
{"index": {"_index":"sim","_id":"3093371"}}
	{"id":3093371,"type":"buy","buyer":"forsakensushi","seller":"jelly-cz","symbol":"SIM","quantity":"49930.000","price":"0.00038504","timestamp":1648686591,"volume":"19.22504720","buyTxId":"55a22e6d370075cb0a702fcdc0fce63d2b50e3e3","sellTxId":"MM-P-16099953-63088566-3-29-0"}
{"index": {"_index":"sim","_id":"3093451"}}
	{"id":3093451,"type":"sell","buyer":"ana-maria","seller":"dhedge-drips","symbol":"SIM","quantity":"10.500","price":"0.00038103","timestamp":1648687518,"volume":"0.00400082","buyTxId":"b33c775a180971d6e680f3bf083b5a6abdced8d6","sellTxId":"0a2481698b0394c06e9f858455e2cc92f2841021"}
{"index": {"_index":"sim","_id":"3093523"}}
	{"id":3093523,"type":"buy","buyer":"onestrong","seller":"nftmart.fees","symbol":"SIM","quantity":"73.000","price":"0.00038452","timestamp":1648688394,"volume":"0.02806996","buyTxId":"680906399fb048453e2357a27872d136210b5079","sellTxId":"cbae0dcc5a4bc4b5247d69e84260a2c55c642ccf-0"}
{"index": {"_index":"sim","_id":"3093757"}}
	{"id":3093757,"type":"buy","buyer":"libert","seller":"nftmart.fees","symbol":"SIM","quantity":"60.000","price":"0.00038451","timestamp":1648690854,"volume":"0.02307060","buyTxId":"c32539e8dca6495f727537c0dc5fb602d93334f4","sellTxId":"d7aa08827788329ea2887173611da01acb8755ce-0"}
{"index": {"_index":"sim","_id":"3093758"}}
	{"id":3093758,"type":"buy","buyer":"libert","seller":"jelly-cz","symbol":"SIM","quantity":"145884.000","price":"0.00038453","timestamp":1648690854,"volume":"56.09677452","buyTxId":"c32539e8dca6495f727537c0dc5fb602d93334f4","sellTxId":"MM-P-16100449-63089062-3-29-0"}
{"index": {"_index":"sim","_id":"3093759"}}
	{"id":3093759,"type":"buy","buyer":"libert","seller":"dhedge-drips","symbol":"SIM","quantity":"10.500","price":"0.00038504","timestamp":1648690854,"volume":"0.00404292","buyTxId":"c32539e8dca6495f727537c0dc5fb602d93334f4","sellTxId":"2bb0d46c3a41030652c69c64d5b461af2879cc90"}
{"index": {"_index":"sim","_id":"3093760"}}
	{"id":3093760,"type":"buy","buyer":"libert","seller":"brofi-market","symbol":"SIM","quantity":"0.002","price":"0.00038554","timestamp":1648690854,"volume":"0.00000077","buyTxId":"c32539e8dca6495f727537c0dc5fb602d93334f4","sellTxId":"be440c895e92339e54ff833edf580a57bc418350"}
{"index": {"_index":"sim","_id":"3093761"}}
	{"id":3093761,"type":"buy","buyer":"libert","seller":"brofi-market","symbol":"SIM","quantity":"0.001","price":"0.00039387","timestamp":1648690854,"volume":"0.00000039","buyTxId":"c32539e8dca6495f727537c0dc5fb602d93334f4","sellTxId":"574822748d1e7296cac57368de4f61dd216a1ad6"}
{"index": {"_index":"sim","_id":"3093762"}}
	{"id":3093762,"type":"buy","buyer":"libert","seller":"sbi-tokens","symbol":"SIM","quantity":"922.193","price":"0.00039700","timestamp":1648690854,"volume":"0.36611080","buyTxId":"c32539e8dca6495f727537c0dc5fb602d93334f4","sellTxId":"34eeeb3bb4093e156d4efd554089944100a07449"}
