{"index": {"_index":"sim","_id":"2178363"}}
	{"id":2178363,"type":"sell","buyer":"jelly-cz","seller":"brofi-market","symbol":"SIM","quantity":"0.001","price":"0.00051002","timestamp":1638677493,"volume":"0.00000051","buyTxId":"MM-P-12768436-59755187-3-28-0","sellTxId":"d397b7d70a18d1d0e50185b08e15f974ce6eaa06"}
{"index": {"_index":"sim","_id":"2178546"}}
	{"id":2178546,"type":"buy","buyer":"libert","seller":"pi-trader","symbol":"SIM","quantity":"25491.172","price":"0.00051998","timestamp":1638680580,"volume":"13.2549","buyTxId":"373f120720be7b38d1cb1190c9259465e1caf6b2","sellTxId":"6bbff4915dd0d388185a91d1462c50b0f6ac460e-4"}
{"index": {"_index":"sim","_id":"2178608"}}
	{"id":2178608,"type":"sell","buyer":"jelly-cz","seller":"nathanpieters","symbol":"SIM","quantity":"150.000","price":"0.00051002","timestamp":1638681957,"volume":"0.07650300","buyTxId":"MM-P-12768436-59755187-3-28-0","sellTxId":"e25aae8380d45177abe85ac7f696fba0688c3ab0"}
{"index": {"_index":"sim","_id":"2178623"}}
	{"id":2178623,"type":"sell","buyer":"jelly-cz","seller":"ironshield","symbol":"SIM","quantity":"4512.593","price":"0.00051002","timestamp":1638682308,"volume":"2.30151268","buyTxId":"MM-P-12768436-59755187-3-28-0","sellTxId":"ef3d680dd470a634de42475e4b17a7305900992a"}
{"index": {"_index":"sim","_id":"2178690"}}
	{"id":2178690,"type":"sell","buyer":"jelly-cz","seller":"invest4free","symbol":"SIM","quantity":"3468.000","price":"0.00051002","timestamp":1638683649,"volume":"1.76874936","buyTxId":"MM-P-12768436-59755187-3-28-0","sellTxId":"eca738f015f2cc4331df9b83d09d630c7dc838da"}
{"index": {"_index":"sim","_id":"2178697"}}
	{"id":2178697,"type":"buy","buyer":"theclasser1","seller":"pi-trader","symbol":"SIM","quantity":"800.000","price":"0.00051997","timestamp":1638683898,"volume":"0.41597600","buyTxId":"240dd5a875bf8c3c1dc60843c902cb3e5baed31c","sellTxId":"796f42d11b3e97c5dadec5d60d4dcc7151846b3e-4"}
{"index": {"_index":"sim","_id":"2178699"}}
	{"id":2178699,"type":"sell","buyer":"jelly-cz","seller":"gamsam","symbol":"SIM","quantity":"28619","price":"0.00051002","timestamp":1638683979,"volume":"14.59626238","buyTxId":"MM-P-12768436-59755187-3-28-0","sellTxId":"6968d26419c35ceeab2f137a188784d92829cec1"}
{"index": {"_index":"sim","_id":"2178732"}}
	{"id":2178732,"type":"buy","buyer":"soteyapanbot","seller":"pi-trader","symbol":"SIM","quantity":"12260.000","price":"0.00051997","timestamp":1638684672,"volume":"6.37483220","buyTxId":"3be7160bbcc3afcd99ca2306e81e61b55ab34f52","sellTxId":"3ace4c463e86347c2fb85259cb16d8711bee20fc-2"}
{"index": {"_index":"sim","_id":"2178733"}}
	{"id":2178733,"type":"sell","buyer":"jelly-cz","seller":"taitux","symbol":"SIM","quantity":"2550.976","price":"0.00051002","timestamp":1638684681,"volume":"1.30104878","buyTxId":"MM-P-12768436-59755187-3-28-0","sellTxId":"84d87ce396c8c781e38eaed2a6aa9424b5c80095"}
{"index": {"_index":"sim","_id":"2178734"}}
	{"id":2178734,"type":"sell","buyer":"d-pend","seller":"taitux","symbol":"SIM","quantity":"652.524","price":"0.00051000","timestamp":1638684681,"volume":"0.33278724","buyTxId":"ce796ef258edde9fd78b0f5cef0f7abb16c54e85","sellTxId":"84d87ce396c8c781e38eaed2a6aa9424b5c80095"}
{"index": {"_index":"sim","_id":"2179041"}}
	{"id":2179041,"type":"sell","buyer":"jelly-cz","seller":"loro68","symbol":"SIM","quantity":"2985.000","price":"0.00051002","timestamp":1638690342,"volume":"1.52240970","buyTxId":"MM-P-12776914-59763666-3-28-0","sellTxId":"8b037e4806479f849313916cf4da5eeae51bbc7d"}
{"index": {"_index":"sim","_id":"2179104"}}
	{"id":2179104,"type":"buy","buyer":"steinhammer","seller":"pi-trader","symbol":"SIM","quantity":"5481.000","price":"0.00051997","timestamp":1638691188,"volume":"2.84995557","buyTxId":"3b06d100c3e0b1f7411db29f5491dd2882133e4b","sellTxId":"eac4995ba052da11ea49bfac5741d536847a3790-2"}
{"index": {"_index":"sim","_id":"2179174"}}
	{"id":2179174,"type":"buy","buyer":"agolasol","seller":"pi-trader","symbol":"SIM","quantity":"250.000","price":"0.00051997","timestamp":1638692307,"volume":"0.12999250","buyTxId":"df20ea800ecb738cd82885f6021cd22a89d45f42","sellTxId":"e3a857a4ddfad66e48a128428fc7edaaeb27fa55-6"}
{"index": {"_index":"sim","_id":"2179248"}}
	{"id":2179248,"type":"sell","buyer":"jelly-cz","seller":"imperij4427","symbol":"SIM","quantity":"33567.000","price":"0.00051002","timestamp":1638693384,"volume":"17.11984134","buyTxId":"MM-P-12776914-59763666-3-28-0","sellTxId":"e0353e6295f1d4f7eac94b666258f5e6c4278656"}
{"index": {"_index":"sim","_id":"2179421"}}
	{"id":2179421,"type":"sell","buyer":"jelly-cz","seller":"heikki1337","symbol":"SIM","quantity":"6086.792","price":"0.00051002","timestamp":1638696525,"volume":"3.10438566","buyTxId":"MM-P-12776914-59763666-3-28-0","sellTxId":"5b307c09a2ce741823fa0368b762c4cedb4f8545"}
{"index": {"_index":"sim","_id":"2179598"}}
	{"id":2179598,"type":"sell","buyer":"jelly-cz","seller":"razam","symbol":"SIM","quantity":"4.000","price":"0.00051002","timestamp":1638699729,"volume":"0.00204008","buyTxId":"MM-P-12776914-59763666-3-28-0","sellTxId":"1c381d0384526276023d0a0d06ad97deec014b69"}
{"index": {"_index":"sim","_id":"2179685"}}
	{"id":2179685,"type":"buy","buyer":"monsterjamgold","seller":"pi-trader","symbol":"SIM","quantity":"17.000","price":"0.00051995","timestamp":1638700806,"volume":"0.00883915","buyTxId":"3f68e6c9fc2f5ccfe5ca0ff68adbdfd979258f2a","sellTxId":"bc91d1d508e0903dcede55f5cbad4baeb07cbb0b-7"}
{"index": {"_index":"sim","_id":"2179765"}}
	{"id":2179765,"type":"sell","buyer":"jelly-cz","seller":"zzz.accounting","symbol":"SIM","quantity":"39.000","price":"0.00051002","timestamp":1638701739,"volume":"0.01989078","buyTxId":"MM-P-12776914-59763666-3-28-0","sellTxId":"d863e0f6f1db6db7a1e8df17b27fb2f0ab2c620b"}
{"index": {"_index":"sim","_id":"2179770"}}
	{"id":2179770,"type":"sell","buyer":"jelly-cz","seller":"rarej","symbol":"SIM","quantity":"10810.000","price":"0.00051002","timestamp":1638701808,"volume":"5.51331620","buyTxId":"MM-P-12776914-59763666-3-28-0","sellTxId":"8127601b4b8fe761c9aedc15525a35eb5a5af16b"}
{"index": {"_index":"sim","_id":"2179771"}}
	{"id":2179771,"type":"sell","buyer":"jelly-cz","seller":"piotr42","symbol":"SIM","quantity":"471.000","price":"0.00051002","timestamp":1638701808,"volume":"0.24021942","buyTxId":"MM-P-12776914-59763666-3-28-0","sellTxId":"e7de7240cadc47d901577cb173b1e0d6c21a0739"}
{"index": {"_index":"sim","_id":"2179781"}}
	{"id":2179781,"type":"sell","buyer":"jelly-cz","seller":"luisveco88","symbol":"SIM","quantity":"1520.000","price":"0.00051002","timestamp":1638702363,"volume":"0.77523040","buyTxId":"MM-P-12776914-59763666-3-28-0","sellTxId":"1d85e38142b049da9173925b01b2a1451f997d42"}
{"index": {"_index":"sim","_id":"2179855"}}
	{"id":2179855,"type":"sell","buyer":"jelly-cz","seller":"bosmob","symbol":"SIM","quantity":"11554.172","price":"0.00051002","timestamp":1638703080,"volume":"5.89285880","buyTxId":"MM-P-12776914-59763666-3-28-0","sellTxId":"d3bbc5a2354ea48743b3590d00629624eeb31c2a"}
{"index": {"_index":"sim","_id":"2180020"}}
	{"id":2180020,"type":"sell","buyer":"jelly-cz","seller":"krenden","symbol":"SIM","quantity":"178.357","price":"0.00051002","timestamp":1638705129,"volume":"0.09096564","buyTxId":"MM-P-12776914-59763666-3-28-0","sellTxId":"4ceaeaa3fc916f5c240bc0beb00901a4f2855ee1"}
{"index": {"_index":"sim","_id":"2180198"}}
	{"id":2180198,"type":"sell","buyer":"jelly-cz","seller":"captaincryptic","symbol":"SIM","quantity":"834.010","price":"0.00051002","timestamp":1638707751,"volume":"0.42536178","buyTxId":"MM-P-12776914-59763666-3-28-0","sellTxId":"c4da8bea31e4de210d08e849c7d6c55d4c0c932d"}
{"index": {"_index":"sim","_id":"2180256"}}
	{"id":2180256,"type":"sell","buyer":"jelly-cz","seller":"eforucom","symbol":"SIM","quantity":"0.008","price":"0.00051002","timestamp":1638708447,"volume":"0.00000408","buyTxId":"MM-P-12776914-59763666-3-28-0","sellTxId":"a9d29073bc8d42056de41cff81395f4780ef79ba"}
{"index": {"_index":"sim","_id":"2180307"}}
	{"id":2180307,"type":"sell","buyer":"jelly-cz","seller":"tonytrillions","symbol":"SIM","quantity":"0.025","price":"0.00051002","timestamp":1638708921,"volume":"0.00001275","buyTxId":"MM-P-12776914-59763666-3-28-0","sellTxId":"6dc51dc4e1332c8c12d8c257e6df21ff8646735c"}
{"index": {"_index":"sim","_id":"2180342"}}
	{"id":2180342,"type":"buy","buyer":"evernoticethat","seller":"ricestrela","symbol":"SIM","quantity":"70.062","price":"0.00051994","timestamp":1638709251,"volume":"0.03642804","buyTxId":"339f8ef588d8856267b12bf764bb2437de3e2b7f","sellTxId":"f1fe14057bf0312c443d91615d3ddf4fd4bd3abc"}
{"index": {"_index":"sim","_id":"2180880"}}
	{"id":2180880,"type":"sell","buyer":"evernoticethat","seller":"lightcaptured","symbol":"SIM","quantity":"494.140","price":"0.00051994","timestamp":1638715053,"volume":"0.25692315","buyTxId":"339f8ef588d8856267b12bf764bb2437de3e2b7f","sellTxId":"3d10238333418216d76146c13d123d500ee2a59a"}
{"index": {"_index":"sim","_id":"2180899"}}
	{"id":2180899,"type":"sell","buyer":"evernoticethat","seller":"sharkthelion","symbol":"SIM","quantity":"435.798","price":"0.00051994","timestamp":1638715545,"volume":"0.22658881","buyTxId":"339f8ef588d8856267b12bf764bb2437de3e2b7f","sellTxId":"0801621ed0e4d73e501640211f1ee352f4ae438c"}
{"index": {"_index":"sim","_id":"2180900"}}
	{"id":2180900,"type":"sell","buyer":"jelly-cz","seller":"sharkthelion","symbol":"SIM","quantity":"1670.268","price":"0.00051002","timestamp":1638715545,"volume":"0.85187009","buyTxId":"MM-P-12776914-59763666-3-28-0","sellTxId":"0801621ed0e4d73e501640211f1ee352f4ae438c"}
{"index": {"_index":"sim","_id":"2180946"}}
	{"id":2180946,"type":"buy","buyer":"monsterjamgold","seller":"pi-trader","symbol":"SIM","quantity":"688.694","price":"0.00051995","timestamp":1638716037,"volume":"0.35808645","buyTxId":"8182574f313307c3f2e3758e724b5532b40dd07e","sellTxId":"efa0d82e3cfcb3b4dcbca9c99b1506e68473d388-11"}
{"index": {"_index":"sim","_id":"2181059"}}
	{"id":2181059,"type":"buy","buyer":"cryptobandito01","seller":"pi-trader","symbol":"SIM","quantity":"8700.000","price":"0.00051995","timestamp":1638717468,"volume":"4.52356500","buyTxId":"43ee02b0fb42f5a95cb3b77fd896841e9fdd4f97","sellTxId":"04136285b99ee60d50facd1ce2687efe8fb367e7-6"}
{"index": {"_index":"sim","_id":"2181100"}}
	{"id":2181100,"type":"sell","buyer":"jelly-cz","seller":"muenchen","symbol":"SIM","quantity":"0.890","price":"0.00051002","timestamp":1638718089,"volume":"0.00045392","buyTxId":"MM-P-12776914-59763666-3-28-0","sellTxId":"b3470d2636f6ad318c42048f81846c1873e8dcf9"}
{"index": {"_index":"sim","_id":"2181183"}}
	{"id":2181183,"type":"buy","buyer":"monsterjamgold","seller":"pi-trader","symbol":"SIM","quantity":"1002.000","price":"0.00051995","timestamp":1638718656,"volume":"0.52098990","buyTxId":"a05e0a3de794bc96ba65c0ef85a172cacc552268","sellTxId":"33526f01c0023da6d05f3a61c7863e6df0ee634e-6"}
{"index": {"_index":"sim","_id":"2181273"}}
	{"id":2181273,"type":"sell","buyer":"jelly-cz","seller":"jesuscarrion","symbol":"SIM","quantity":"131.000","price":"0.00051002","timestamp":1638719904,"volume":"0.06681262","buyTxId":"MM-P-12776914-59763666-3-28-0","sellTxId":"40ca73ec44f83401c6ec732560ab046c905f0022"}
{"index": {"_index":"sim","_id":"2181280"}}
	{"id":2181280,"type":"sell","buyer":"jelly-cz","seller":"flaxz","symbol":"SIM","quantity":"10.864","price":"0.00051002","timestamp":1638719988,"volume":"0.00554086","buyTxId":"MM-P-12776914-59763666-3-28-0","sellTxId":"424ccd807a8a04407dfca88dcd0a3f8aa032b390"}
{"index": {"_index":"sim","_id":"2181347"}}
	{"id":2181347,"type":"sell","buyer":"jelly-cz","seller":"nrg","symbol":"SIM","quantity":"9689.000","price":"0.00051002","timestamp":1638720612,"volume":"4.94158378","buyTxId":"MM-P-12776914-59763666-3-28-0","sellTxId":"c20b788ce23fcd25770258551c8be36299ab1bd8-3"}
{"index": {"_index":"sim","_id":"2181425"}}
	{"id":2181425,"type":"sell","buyer":"jelly-cz","seller":"brofi-market","symbol":"SIM","quantity":"0.006","price":"0.00051002","timestamp":1638720975,"volume":"0.00000306","buyTxId":"MM-P-12776914-59763666-3-28-0","sellTxId":"d8f7ead2991f68944295ecc1d8a7c2d1f363e19b"}
{"index": {"_index":"sim","_id":"2181528"}}
	{"id":2181528,"type":"sell","buyer":"jelly-cz","seller":"simplegame","symbol":"SIM","quantity":"40.428","price":"0.00051002","timestamp":1638722064,"volume":"0.02061909","buyTxId":"MM-P-12776914-59763666-3-28-0","sellTxId":"523e1a30ebb20f5c7d8e0535e64cccda11b32779"}
{"index": {"_index":"sim","_id":"2181571"}}
	{"id":2181571,"type":"sell","buyer":"jelly-cz","seller":"florian-glechner","symbol":"SIM","quantity":"18.000","price":"0.00051002","timestamp":1638722526,"volume":"0.00918036","buyTxId":"MM-P-12776914-59763666-3-28-0","sellTxId":"105d1d1a0e1e463c31cc46daf4ad71616ffc2161"}
{"index": {"_index":"sim","_id":"2181673"}}
	{"id":2181673,"type":"sell","buyer":"jelly-cz","seller":"postapocgamer","symbol":"SIM","quantity":"0.281","price":"0.00051002","timestamp":1638723348,"volume":"0.00014332","buyTxId":"MM-P-12776914-59763666-3-28-0","sellTxId":"eb223ad2dfa9a566c73dc7063c1aeabb827ffe8d"}
{"index": {"_index":"sim","_id":"2181719"}}
	{"id":2181719,"type":"buy","buyer":"draygyn","seller":"pi-trader","symbol":"SIM","quantity":"1500.000","price":"0.00051995","timestamp":1638723948,"volume":"0.77992500","buyTxId":"29176c8c3d906ad30e474b728888b49fb0260a56","sellTxId":"a5651ce50adeddc412e2a98cc7aec5cb11d082a8-6"}
{"index": {"_index":"sim","_id":"2181762"}}
	{"id":2181762,"type":"sell","buyer":"jelly-cz","seller":"jrcornel","symbol":"SIM","quantity":"30189.515","price":"0.00051002","timestamp":1638724254,"volume":"15.39725644","buyTxId":"MM-P-12776914-59763666-3-28-0","sellTxId":"ba9b6d778aace544d64cde62a70add34c7605060"}
{"index": {"_index":"sim","_id":"2181763"}}
	{"id":2181763,"type":"sell","buyer":"d-pend","seller":"jrcornel","symbol":"SIM","quantity":"47742.485","price":"0.00051000","timestamp":1638724254,"volume":"24.34866735","buyTxId":"ce796ef258edde9fd78b0f5cef0f7abb16c54e85","sellTxId":"ba9b6d778aace544d64cde62a70add34c7605060"}
{"index": {"_index":"sim","_id":"2181768"}}
	{"id":2181768,"type":"sell","buyer":"d-pend","seller":"choof","symbol":"SIM","quantity":"419.000","price":"0.00051000","timestamp":1638724308,"volume":"0.21369000","buyTxId":"ce796ef258edde9fd78b0f5cef0f7abb16c54e85","sellTxId":"2b9fbbd24d8761de7ed2374dd68c8f66757924c2"}
{"index": {"_index":"sim","_id":"2181771"}}
	{"id":2181771,"type":"sell","buyer":"d-pend","seller":"justinparke","symbol":"SIM","quantity":"8669.501","price":"0.00051000","timestamp":1638724344,"volume":"4.42144551","buyTxId":"ce796ef258edde9fd78b0f5cef0f7abb16c54e85","sellTxId":"8e797776f54113d6185add3ffdca80e89dc3f7c0"}
{"index": {"_index":"sim","_id":"2181785"}}
	{"id":2181785,"type":"sell","buyer":"d-pend","seller":"maya7","symbol":"SIM","quantity":"12925.000","price":"0.00051000","timestamp":1638724476,"volume":"6.59175000","buyTxId":"ce796ef258edde9fd78b0f5cef0f7abb16c54e85","sellTxId":"32a3cc0ca5f115407adfafe5ddaf8f69449bc085"}
{"index": {"_index":"sim","_id":"2181880"}}
	{"id":2181880,"type":"sell","buyer":"d-pend","seller":"artistparthoroy","symbol":"SIM","quantity":"3779.000","price":"0.00051000","timestamp":1638725571,"volume":"1.92729000","buyTxId":"ce796ef258edde9fd78b0f5cef0f7abb16c54e85","sellTxId":"c7b89efbfebc8f1f5edbc09ed025095b98ef17d5"}
{"index": {"_index":"sim","_id":"2181915"}}
	{"id":2181915,"type":"sell","buyer":"d-pend","seller":"eforucom","symbol":"SIM","quantity":"0.030","price":"0.00051000","timestamp":1638726021,"volume":"0.00001530","buyTxId":"ce796ef258edde9fd78b0f5cef0f7abb16c54e85","sellTxId":"281b760467fda417d05d63a63476d31d69a233d5"}
{"index": {"_index":"sim","_id":"2181925"}}
	{"id":2181925,"type":"sell","buyer":"d-pend","seller":"eforucom","symbol":"SIM","quantity":"0.001","price":"0.00051000","timestamp":1638726138,"volume":"0.00000051","buyTxId":"ce796ef258edde9fd78b0f5cef0f7abb16c54e85","sellTxId":"67768c6ecfd115c291ce890be19bf1731b5f025c"}
{"index": {"_index":"sim","_id":"2181964"}}
	{"id":2181964,"type":"sell","buyer":"d-pend","seller":"damla","symbol":"SIM","quantity":"0.661","price":"0.00051000","timestamp":1638726642,"volume":"0.00033711","buyTxId":"ce796ef258edde9fd78b0f5cef0f7abb16c54e85","sellTxId":"d163b122140e39044a81d4193eec61fc2f5cce01"}
{"index": {"_index":"sim","_id":"2182069"}}
	{"id":2182069,"type":"buy","buyer":"monsterjamgold","seller":"pi-trader","symbol":"SIM","quantity":"3723.000","price":"0.00051992","timestamp":1638727809,"volume":"1.93566216","buyTxId":"02833ccc92bf865a97c9bf066cfaffd3b2c384b7","sellTxId":"98c6d938350c239958cd2fede9c4f398af64589f-7"}
{"index": {"_index":"sim","_id":"2182377"}}
	{"id":2182377,"type":"sell","buyer":"d-pend","seller":"onealfa","symbol":"SIM","quantity":"1970","price":"0.00051000","timestamp":1638730830,"volume":"1.00470000","buyTxId":"ce796ef258edde9fd78b0f5cef0f7abb16c54e85","sellTxId":"f4c49e2ea479bb9cef8c137848b33e9566238da9"}
{"index": {"_index":"sim","_id":"2182497"}}
	{"id":2182497,"type":"sell","buyer":"d-pend","seller":"minerthreat","symbol":"SIM","quantity":"3302.000","price":"0.00051000","timestamp":1638732690,"volume":"1.68402000","buyTxId":"ce796ef258edde9fd78b0f5cef0f7abb16c54e85","sellTxId":"2e4ac7aee657fa435cc23c9624ec9f06636efee3"}
{"index": {"_index":"sim","_id":"2182498"}}
	{"id":2182498,"type":"sell","buyer":"d-pend","seller":"ga-sm","symbol":"SIM","quantity":"450.000","price":"0.00051000","timestamp":1638732696,"volume":"0.22950000","buyTxId":"ce796ef258edde9fd78b0f5cef0f7abb16c54e85","sellTxId":"5f662a2657de3b0010e9d9e3fc13a9f83756a8b2"}
{"index": {"_index":"sim","_id":"2182614"}}
	{"id":2182614,"type":"sell","buyer":"d-pend","seller":"minerthreat","symbol":"SIM","quantity":"1189.000","price":"0.00051000","timestamp":1638734007,"volume":"0.60639000","buyTxId":"ce796ef258edde9fd78b0f5cef0f7abb16c54e85","sellTxId":"c2da57f328515cd4a578a2524a6d1905f7c7c236"}
{"index": {"_index":"sim","_id":"2182619"}}
	{"id":2182619,"type":"sell","buyer":"d-pend","seller":"steem-hodler","symbol":"SIM","quantity":"440.449","price":"0.00051000","timestamp":1638734082,"volume":"0.22462899","buyTxId":"ce796ef258edde9fd78b0f5cef0f7abb16c54e85","sellTxId":"de81e204e75f93005d8548e37c562705ec065dca"}
{"index": {"_index":"sim","_id":"2182620"}}
	{"id":2182620,"type":"sell","buyer":"lulu-the-fizzgig","seller":"steem-hodler","symbol":"SIM","quantity":"925.000","price":"0.00050100","timestamp":1638734082,"volume":"0.46342500","buyTxId":"9777d237ca0ee45883f70cc46f985cea30142cbe","sellTxId":"de81e204e75f93005d8548e37c562705ec065dca"}
{"index": {"_index":"sim","_id":"2182621"}}
	{"id":2182621,"type":"sell","buyer":"jelly-cz","seller":"steem-hodler","symbol":"SIM","quantity":"30434.551","price":"0.00050005","timestamp":1638734082,"volume":"15.21879723","buyTxId":"MM-P-12790091-59776846-3-28-0","sellTxId":"de81e204e75f93005d8548e37c562705ec065dca"}
{"index": {"_index":"sim","_id":"2182643"}}
	{"id":2182643,"type":"buy","buyer":"gnatale","seller":"pi-trader","symbol":"SIM","quantity":"2964.174","price":"0.00051992","timestamp":1638734349,"volume":"1.54113335","buyTxId":"e74186ada0102405024f53824f35511aa4ad36d8","sellTxId":"c0241c7b70d5bda901c25926a73c1271cacb8644-8"}
{"index": {"_index":"sim","_id":"2182646"}}
	{"id":2182646,"type":"sell","buyer":"jelly-cz","seller":"valor2s","symbol":"SIM","quantity":"59.000","price":"0.00050005","timestamp":1638734412,"volume":"0.02950295","buyTxId":"MM-P-12790091-59776846-3-28-0","sellTxId":"a692dee819a9e92a8af090b7003c2b0cd7c670b3"}
{"index": {"_index":"sim","_id":"2182677"}}
	{"id":2182677,"type":"sell","buyer":"jelly-cz","seller":"brofi-market","symbol":"SIM","quantity":"0.001","price":"0.00050005","timestamp":1638734868,"volume":"0.00000050","buyTxId":"MM-P-12790091-59776846-3-28-0","sellTxId":"0edba89605a4a077e94da36124960ee9b6511b9e"}
{"index": {"_index":"sim","_id":"2182814"}}
	{"id":2182814,"type":"sell","buyer":"jelly-cz","seller":"magnacarta","symbol":"SIM","quantity":"7.694","price":"0.00050005","timestamp":1638736242,"volume":"0.00384738","buyTxId":"MM-P-12790091-59776846-3-28-0","sellTxId":"6723614f7869ab9cad720de1a5cd11adf8ad552c"}
{"index": {"_index":"sim","_id":"2182851"}}
	{"id":2182851,"type":"sell","buyer":"jelly-cz","seller":"vincentnijman","symbol":"SIM","quantity":"3553.250","price":"0.00050005","timestamp":1638736896,"volume":"1.77680266","buyTxId":"MM-P-12790091-59776846-3-28-0","sellTxId":"564fd74a2c4d87557472f25376fdd40658fdeec9"}
{"index": {"_index":"sim","_id":"2183015"}}
	{"id":2183015,"type":"sell","buyer":"jelly-cz","seller":"razam","symbol":"SIM","quantity":"5.000","price":"0.00050005","timestamp":1638739314,"volume":"0.00250025","buyTxId":"MM-P-12790091-59776846-3-28-0","sellTxId":"3878363f9ef0753bfa5a5fe66201f17486230982"}
{"index": {"_index":"sim","_id":"2183047"}}
	{"id":2183047,"type":"buy","buyer":"monsterjamgold","seller":"pi-trader","symbol":"SIM","quantity":"763.306","price":"0.00051992","timestamp":1638739623,"volume":"0.39685806","buyTxId":"c5f8111d819ec9d55af21f321f3d2a13c95e9078","sellTxId":"6f76fc81153eab543f2b99c7528e940a1ec5ee71-8"}
{"index": {"_index":"sim","_id":"2183073"}}
	{"id":2183073,"type":"buy","buyer":"monsterjamgold","seller":"pi-trader","symbol":"SIM","quantity":"132.000","price":"0.00051991","timestamp":1638739890,"volume":"0.06862812","buyTxId":"2c79477ee35a66cc57c009e34199648b8e454531","sellTxId":"4957ee4df1f8fe3d0351c0bdfbafd77f041b4808-2"}
{"index": {"_index":"sim","_id":"2183117"}}
	{"id":2183117,"type":"sell","buyer":"jelly-cz","seller":"lookplz","symbol":"SIM","quantity":"8183.620","price":"0.00050005","timestamp":1638740367,"volume":"4.09221918","buyTxId":"MM-P-12790091-59776846-3-28-0","sellTxId":"2494b6bf9b07455e6312988d23e1c4af3a0e8aef"}
{"index": {"_index":"sim","_id":"2183140"}}
	{"id":2183140,"type":"buy","buyer":"monsterjamgold","seller":"pi-trader","symbol":"SIM","quantity":"215.000","price":"0.00051991","timestamp":1638740712,"volume":"0.11178065","buyTxId":"b6bd3590d028a89bfb2297c41bf9692cf0707941","sellTxId":"5774864aa8856de113b10cdf2fd934147d455de6-4"}
{"index": {"_index":"sim","_id":"2183149"}}
	{"id":2183149,"type":"buy","buyer":"pompeylad","seller":"pi-trader","symbol":"SIM","quantity":"150.204","price":"0.00051991","timestamp":1638740760,"volume":"0.07809256","buyTxId":"c37d371b9d0e55af3cb5f6a026038c91823e021f","sellTxId":"18c525bee916e76383ed3400dd98192022307f25-4"}
{"index": {"_index":"sim","_id":"2183278"}}
	{"id":2183278,"type":"sell","buyer":"jelly-cz","seller":"elevator09","symbol":"SIM","quantity":"12107.500","price":"0.00050005","timestamp":1638742488,"volume":"6.05435538","buyTxId":"MM-P-12790091-59776846-3-28-0","sellTxId":"63103dd2a051847bc3a3fdadfa7178b747711be9"}
{"index": {"_index":"sim","_id":"2183286"}}
	{"id":2183286,"type":"sell","buyer":"jelly-cz","seller":"balte","symbol":"SIM","quantity":"8000.000","price":"0.00050005","timestamp":1638742560,"volume":"4.00040000","buyTxId":"MM-P-12790091-59776846-3-28-0","sellTxId":"4834fd1d01bc304b419f67e254533505deefcc5b"}
{"index": {"_index":"sim","_id":"2183376"}}
	{"id":2183376,"type":"sell","buyer":"mmrx","seller":"steem.services","symbol":"SIM","quantity":"10184.200","price":"0.00050006","timestamp":1638743634,"volume":"5.09271105","buyTxId":"MM-P-12796280-59783035-3-35-0","sellTxId":"2e62834e0b0e4280494270d3062a6dd12776a66e"}
{"index": {"_index":"sim","_id":"2183377"}}
	{"id":2183377,"type":"sell","buyer":"jelly-cz","seller":"steem.services","symbol":"SIM","quantity":"49638.185","price":"0.00050005","timestamp":1638743634,"volume":"24.82157441","buyTxId":"MM-P-12790091-59776846-3-28-0","sellTxId":"2e62834e0b0e4280494270d3062a6dd12776a66e"}
{"index": {"_index":"sim","_id":"2183378"}}
	{"id":2183378,"type":"sell","buyer":"pokerarema","seller":"steem.services","symbol":"SIM","quantity":"10983.615","price":"0.00050003","timestamp":1638743634,"volume":"5.49213701","buyTxId":"d0f3ef14e8a0504b4598eae0518a5cb5a54bafe5","sellTxId":"2e62834e0b0e4280494270d3062a6dd12776a66e"}
{"index": {"_index":"sim","_id":"2183499"}}
	{"id":2183499,"type":"sell","buyer":"jelly-cz","seller":"he-index","symbol":"SIM","quantity":"354.497","price":"0.00050005","timestamp":1638745626,"volume":"0.17726622","buyTxId":"MM-P-12796480-59783235-3-28-0","sellTxId":"c0e5a80ddf0b6a106f1543c13056b3bfae750fee"}
{"index": {"_index":"sim","_id":"2183644"}}
	{"id":2183644,"type":"sell","buyer":"mmrx","seller":"runridefly","symbol":"SIM","quantity":"127.628","price":"0.00050006","timestamp":1638746901,"volume":"0.06382166","buyTxId":"MM-P-12797379-59784135-3-35-0","sellTxId":"97355699b2b226e764792066cf834f4cf503c102"}
{"index": {"_index":"sim","_id":"2183672"}}
	{"id":2183672,"type":"buy","buyer":"methus","seller":"pi-trader","symbol":"SIM","quantity":"24000.000","price":"0.00051965","timestamp":1638747378,"volume":"12.47160000","buyTxId":"246684a1433a385621d08ede4d60a688be07426c","sellTxId":"b66d7514b96944d000e93c86753647725a9ced3b-5"}
{"index": {"_index":"sim","_id":"2183683"}}
	{"id":2183683,"type":"sell","buyer":"mmrx","seller":"jlmu1706","symbol":"SIM","quantity":"85.500","price":"0.00050006","timestamp":1638747573,"volume":"0.04275513","buyTxId":"MM-P-12797379-59784135-3-35-0","sellTxId":"126bfb259e0d366ee9e060af2d7028ddc93afd18"}
{"index": {"_index":"sim","_id":"2183839"}}
	{"id":2183839,"type":"sell","buyer":"mmrx","seller":"brofi-market","symbol":"SIM","quantity":"0.002","price":"0.00050006","timestamp":1638749541,"volume":"0.00000100","buyTxId":"MM-P-12797379-59784135-3-35-0","sellTxId":"8a98c442e48fa535ae2af483d1824e489bd0801a"}
{"index": {"_index":"sim","_id":"2183910"}}
	{"id":2183910,"type":"sell","buyer":"mmrx","seller":"travelgirl","symbol":"SIM","quantity":"13719.101","price":"0.00050006","timestamp":1638750282,"volume":"6.86037364","buyTxId":"MM-P-12797379-59784135-3-35-0","sellTxId":"07e1e3b4359af0d4ecd8af678d43030a7e93ca4a"}
{"index": {"_index":"sim","_id":"2183911"}}
	{"id":2183911,"type":"sell","buyer":"jelly-cz","seller":"travelgirl","symbol":"SIM","quantity":"2057.899","price":"0.00050005","timestamp":1638750282,"volume":"1.02905239","buyTxId":"MM-P-12796480-59783235-3-28-0","sellTxId":"07e1e3b4359af0d4ecd8af678d43030a7e93ca4a"}
{"index": {"_index":"sim","_id":"2184351"}}
	{"id":2184351,"type":"sell","buyer":"pi-trader","seller":"eforucom","symbol":"SIM","quantity":"0.010","price":"0.00050066","timestamp":1638757686,"volume":"0.00000501","buyTxId":"7dd8c65269b91cb648def6af2214f9c5a44b9a5a-3","sellTxId":"6cb645637fcc4f479ab40ab532855ad3976270f0"}
{"index": {"_index":"sim","_id":"2184361"}}
	{"id":2184361,"type":"sell","buyer":"pi-trader","seller":"thatcryptodave","symbol":"SIM","quantity":"1458.453","price":"0.00050066","timestamp":1638757731,"volume":"0.73018908","buyTxId":"a8350aa865fc66c8367bfec4a6703498b197ec37-4","sellTxId":"1e4552c7f3f71dbfeeed665299e1f70736186a29"}
{"index": {"_index":"sim","_id":"2184477"}}
	{"id":2184477,"type":"buy","buyer":"libert","seller":"mmrx","symbol":"SIM","quantity":"23235.749","price":"0.00050999","timestamp":1638759213,"volume":"11.85","buyTxId":"467f5e10e720bf0045cbf9fba49ac0e8f5005f8f","sellTxId":"MM-P-12798775-59785533-3-35-0"}
{"index": {"_index":"sim","_id":"2184500"}}
	{"id":2184500,"type":"sell","buyer":"jelly-cz","seller":"thegoliath","symbol":"SIM","quantity":"11636.882","price":"0.00050074","timestamp":1638759618,"volume":"5.82705229","buyTxId":"MM-P-12801370-59788128-3-28-0","sellTxId":"c82e86c0af4405be6d0de87217ebaec11d326959"}
{"index": {"_index":"sim","_id":"2184549"}}
	{"id":2184549,"type":"buy","buyer":"soteyapanbot","seller":"mmrx","symbol":"SIM","quantity":"880.682","price":"0.00050999","timestamp":1638760449,"volume":"0.44913901","buyTxId":"1b891c5b308415df5f8038871aadf78db782be89","sellTxId":"MM-P-12798775-59785533-3-35-0"}
{"index": {"_index":"sim","_id":"2184550"}}
	{"id":2184550,"type":"sell","buyer":"soteyapanbot","seller":"svirus","symbol":"SIM","quantity":"45812.310","price":"0.00050999","timestamp":1638760452,"volume":"23.36381998","buyTxId":"1b891c5b308415df5f8038871aadf78db782be89","sellTxId":"791bd92d519579f2a85e521e65edfdbfa52750ef-1"}
{"index": {"_index":"sim","_id":"2184677"}}
	{"id":2184677,"type":"sell","buyer":"soteyapanbot","seller":"theshaki","symbol":"SIM","quantity":"0.008","price":"0.00050999","timestamp":1638762651,"volume":"0.00000408","buyTxId":"1b891c5b308415df5f8038871aadf78db782be89","sellTxId":"ecab1e1537756740bb98181526b041886f752754"}
{"index": {"_index":"sim","_id":"2184694"}}
	{"id":2184694,"type":"sell","buyer":"pi-trader","seller":"hive.miner","symbol":"SIM","quantity":"206.982","price":"0.00050102","timestamp":1638762945,"volume":"0.10370212","buyTxId":"7eb7f549446c16398759a9006fdc93f2f009e3f6-5","sellTxId":"426ab75ebe00da9dbaebe200902e85a85156cac8"}
