{"index": {"_index":"sim","_id":"2191349"}}
	{"id":2191349,"type":"sell","buyer":"jelly-cz","seller":"jlmu1706","symbol":"SIM","quantity":"39.900","price":"0.00050126","timestamp":1638845910,"volume":"0.02000027","buyTxId":"MM-P-12827025-59813789-3-28-0","sellTxId":"1ef3c5c0eb0d0c61ad9f4be35a9fd6f82d5d0d77"}
{"index": {"_index":"sim","_id":"2191380"}}
	{"id":2191380,"type":"sell","buyer":"jelly-cz","seller":"bordel","symbol":"SIM","quantity":"702.183","price":"0.00050126","timestamp":1638846330,"volume":"0.35197625","buyTxId":"MM-P-12827025-59813789-3-28-0","sellTxId":"1b0ab8ca7957337d595c56175893b15bab9b16bd"}
{"index": {"_index":"sim","_id":"2191508"}}
	{"id":2191508,"type":"sell","buyer":"jelly-cz","seller":"artistparthoroy","symbol":"SIM","quantity":"1887.000","price":"0.00050126","timestamp":1638847800,"volume":"0.94587762","buyTxId":"MM-P-12827025-59813789-3-28-0","sellTxId":"e4bf78a9dec86fe1628a2be46b535d927de47f6b"}
{"index": {"_index":"sim","_id":"2191781"}}
	{"id":2191781,"type":"sell","buyer":"jelly-cz","seller":"seriousacorn223","symbol":"SIM","quantity":"62433.100","price":"0.00050126","timestamp":1638852024,"volume":"31.29521571","buyTxId":"MM-P-12827025-59813789-3-28-0","sellTxId":"dcdb012933f4094e0b64dae473bd5a9b0687b7fc"}
{"index": {"_index":"sim","_id":"2191820"}}
	{"id":2191820,"type":"buy","buyer":"soteyapanbot","seller":"pi-trader","symbol":"SIM","quantity":"5329.000","price":"0.00053993","timestamp":1638853002,"volume":"2.87728697","buyTxId":"fd480dfc74aafb6fed620a5b5835759922eaf8ed","sellTxId":"4afbe268cd2f252c3befcc6e4a16872d05bd9e93-9"}
{"index": {"_index":"sim","_id":"2191847"}}
	{"id":2191847,"type":"sell","buyer":"jelly-cz","seller":"nrg","symbol":"SIM","quantity":"10124.000","price":"0.00050126","timestamp":1638853686,"volume":"5.07475624","buyTxId":"MM-P-12827025-59813789-3-28-0","sellTxId":"12d20e1dc002f6a29dd813106ff2074aa158e071-3"}
{"index": {"_index":"sim","_id":"2191950"}}
	{"id":2191950,"type":"sell","buyer":"jelly-cz","seller":"thatcryptodave","symbol":"SIM","quantity":"755.079","price":"0.00050126","timestamp":1638855057,"volume":"0.37849090","buyTxId":"MM-P-12827025-59813789-3-28-0","sellTxId":"c26d1ef6b92589aa7d51a476c178c4bcd966fae9"}
{"index": {"_index":"sim","_id":"2191983"}}
	{"id":2191983,"type":"sell","buyer":"jelly-cz","seller":"hive.miner","symbol":"SIM","quantity":"210.979","price":"0.00050126","timestamp":1638855531,"volume":"0.10575533","buyTxId":"MM-P-12827025-59813789-3-28-0","sellTxId":"e98022bdb46fa9e57ac6a9fb83174818e9b8dae9"}
{"index": {"_index":"sim","_id":"2192042"}}
	{"id":2192042,"type":"sell","buyer":"jelly-cz","seller":"bordel","symbol":"SIM","quantity":"218.500","price":"0.00050126","timestamp":1638856191,"volume":"0.10952531","buyTxId":"MM-P-12827025-59813789-3-28-0","sellTxId":"4a8d420c03ae49e457ea9509648c581045504567"}
{"index": {"_index":"sim","_id":"2192143"}}
	{"id":2192143,"type":"sell","buyer":"jelly-cz","seller":"theshaki","symbol":"SIM","quantity":"46.036","price":"0.00050126","timestamp":1638857304,"volume":"0.02307601","buyTxId":"MM-P-12827025-59813789-3-28-0","sellTxId":"aa34e7e691449e054d0c806111ff5ece32f4ff87"}
{"index": {"_index":"sim","_id":"2192154"}}
	{"id":2192154,"type":"sell","buyer":"jelly-cz","seller":"medaymane","symbol":"SIM","quantity":"7874.000","price":"0.00050126","timestamp":1638857454,"volume":"3.94692124","buyTxId":"MM-P-12827025-59813789-3-28-0","sellTxId":"427c1dc6b802c206d4afcca55498abc07e026e4d"}
{"index": {"_index":"sim","_id":"2192195"}}
	{"id":2192195,"type":"sell","buyer":"jelly-cz","seller":"topdollar001","symbol":"SIM","quantity":"5000","price":"0.00050126","timestamp":1638858270,"volume":"2.50630000","buyTxId":"MM-P-12827025-59813789-3-28-0","sellTxId":"776b4559bc6d1da9936a42a0c370b1a69aefe65d"}
{"index": {"_index":"sim","_id":"2192206"}}
	{"id":2192206,"type":"buy","buyer":"dkid14","seller":"pi-trader","symbol":"SIM","quantity":"50000.000","price":"0.00053799","timestamp":1638858531,"volume":"26.89950000","buyTxId":"a05891d0f41d9da6d55a5e943ec89ef096284e57","sellTxId":"01642d00ed230cae84a3423d0ba6c31e8a8e58a6-3"}
{"index": {"_index":"sim","_id":"2192207"}}
	{"id":2192207,"type":"buy","buyer":"dkid14","seller":"axeman","symbol":"SIM","quantity":"6939.000","price":"0.00053800","timestamp":1638858531,"volume":"3.73318200","buyTxId":"a05891d0f41d9da6d55a5e943ec89ef096284e57","sellTxId":"37c6cd1b833e674891ef1b1319e3df829843ccc7"}
{"index": {"_index":"sim","_id":"2192208"}}
	{"id":2192208,"type":"buy","buyer":"dkid14","seller":"brofi-market","symbol":"SIM","quantity":"0.003","price":"0.00053994","timestamp":1638858531,"volume":"0.00000162","buyTxId":"a05891d0f41d9da6d55a5e943ec89ef096284e57","sellTxId":"30d7495e49e6fc766a860c3b32bbae5b62552567"}
{"index": {"_index":"sim","_id":"2192209"}}
	{"id":2192209,"type":"buy","buyer":"dkid14","seller":"enginemaker","symbol":"SIM","quantity":"19883.506","price":"0.00053995","timestamp":1638858531,"volume":"10.73609906","buyTxId":"a05891d0f41d9da6d55a5e943ec89ef096284e57","sellTxId":"MM-P-12683648-59670327-3-2-1"}
{"index": {"_index":"sim","_id":"2192210"}}
	{"id":2192210,"type":"sell","buyer":"dkid14","seller":"konvik","symbol":"SIM","quantity":"123177.491","price":"0.00054000","timestamp":1638858537,"volume":"66.51584514","buyTxId":"a05891d0f41d9da6d55a5e943ec89ef096284e57","sellTxId":"5c350ed52bb0fae3dce894feb1578f3c3f5395ab-1"}
{"index": {"_index":"sim","_id":"2192217"}}
	{"id":2192217,"type":"buy","buyer":"dkid14","seller":"brofi-market","symbol":"SIM","quantity":"0.003","price":"0.00054995","timestamp":1638858585,"volume":"0.00000165","buyTxId":"a2e7159950f5e94cc60b518fb7e367742312a94a","sellTxId":"529dde69069b8afad3a651f51a18ac73e917cf0c"}
{"index": {"_index":"sim","_id":"2192218"}}
	{"id":2192218,"type":"sell","buyer":"dkid14","seller":"svirus","symbol":"SIM","quantity":"27999.990","price":"0.00054995","timestamp":1638858588,"volume":"15.39859450","buyTxId":"a2e7159950f5e94cc60b518fb7e367742312a94a","sellTxId":"b6604895f4ef828b5ab8cc27285d8da6650eb6a8-1"}
{"index": {"_index":"sim","_id":"2192219"}}
	{"id":2192219,"type":"sell","buyer":"dkid14","seller":"konvik","symbol":"SIM","quantity":"0.007","price":"0.00054995","timestamp":1638858588,"volume":"0.00000385","buyTxId":"a2e7159950f5e94cc60b518fb7e367742312a94a","sellTxId":"8f9d6c2abbeea6ba5437d39e8caa54cd7edbb562-1"}
{"index": {"_index":"sim","_id":"2192252"}}
	{"id":2192252,"type":"buy","buyer":"dkid14","seller":"pi-trader","symbol":"SIM","quantity":"50000.000","price":"0.00056999","timestamp":1638859068,"volume":"28.49950000","buyTxId":"39d3b0b071d9652f609ac638a1cb4273ad1dc17a","sellTxId":"038f9ab561dc1241f7f0607b60165be7ea3c18a1-1"}
{"index": {"_index":"sim","_id":"2192253"}}
	{"id":2192253,"type":"sell","buyer":"dkid14","seller":"svirus","symbol":"SIM","quantity":"64692.120","price":"0.00056999","timestamp":1638859071,"volume":"36.87386148","buyTxId":"39d3b0b071d9652f609ac638a1cb4273ad1dc17a","sellTxId":"38c7a1382512585b21e360848b30cd576c481e65-1"}
{"index": {"_index":"sim","_id":"2192254"}}
	{"id":2192254,"type":"sell","buyer":"dkid14","seller":"pi-trader","symbol":"SIM","quantity":"0.002","price":"0.00056999","timestamp":1638859098,"volume":"0.00000114","buyTxId":"39d3b0b071d9652f609ac638a1cb4273ad1dc17a","sellTxId":"afd650dfd84b4df8dcd50fdb96028a624eee7d35-1"}
{"index": {"_index":"sim","_id":"2192499"}}
	{"id":2192499,"type":"sell","buyer":"pi-trader","seller":"digital-fortress","symbol":"SIM","quantity":"0.005","price":"0.00050160","timestamp":1638861738,"volume":"0.00000251","buyTxId":"57bf33b8bea30e1ca39d6f360774688c78eb35b0-3","sellTxId":"fba5359d0082df6ffc016f9339d0c2661083ffb0"}
{"index": {"_index":"sim","_id":"2192508"}}
	{"id":2192508,"type":"sell","buyer":"jelly-cz","seller":"khan.dayyanz","symbol":"SIM","quantity":"1442.760","price":"0.00050162","timestamp":1638861921,"volume":"0.72371727","buyTxId":"MM-P-12835808-59822573-3-28-0","sellTxId":"006a4d2010629575e83c9f35bed46d46d9170418"}
{"index": {"_index":"sim","_id":"2192573"}}
	{"id":2192573,"type":"sell","buyer":"pi-trader","seller":"steemwija","symbol":"SIM","quantity":"129.166","price":"0.00050169","timestamp":1638862773,"volume":"0.06480129","buyTxId":"7bd8c6e8b04d211adaea53f61489399ec9c219bd-3","sellTxId":"80e6284b0b5971ec626981de5235c3dd18e5cdc5"}
{"index": {"_index":"sim","_id":"2192658"}}
	{"id":2192658,"type":"sell","buyer":"pi-trader","seller":"gwilberiol","symbol":"SIM","quantity":"0.115","price":"0.00050184","timestamp":1638864111,"volume":"0.00005771","buyTxId":"fcb031d28b60edd5cccdd828c3b033f056be69cf-3","sellTxId":"7be577ec02733943fd15cff12032a16971d99ecc"}
{"index": {"_index":"sim","_id":"2192679"}}
	{"id":2192679,"type":"sell","buyer":"pi-trader","seller":"nathanpieters","symbol":"SIM","quantity":"78.000","price":"0.00050187","timestamp":1638864360,"volume":"0.03914586","buyTxId":"0109bcf1ad4856327c12c4daec211d8856b5876a-3","sellTxId":"4de39012e5cbc2f71d272614ad06b1b711b58f0d"}
{"index": {"_index":"sim","_id":"2192759"}}
	{"id":2192759,"type":"sell","buyer":"pi-trader","seller":"bashadow","symbol":"SIM","quantity":"26.575","price":"0.00050196","timestamp":1638865278,"volume":"0.01333959","buyTxId":"64c396779736a473668085bf9d0e925a4b475997-2","sellTxId":"7f6a54916fc69aa656612c70fd6a30732409abdb"}
{"index": {"_index":"sim","_id":"2192777"}}
	{"id":2192777,"type":"sell","buyer":"pi-trader","seller":"muenchen","symbol":"SIM","quantity":"0.010","price":"0.00050199","timestamp":1638865596,"volume":"0.00000502","buyTxId":"7f30613dfdd394a011ff38ffb9f4598dbc705a2e-1","sellTxId":"76292400888d18db659decd5f9c92a2e451be195"}
{"index": {"_index":"sim","_id":"2192791"}}
	{"id":2192791,"type":"sell","buyer":"pi-trader","seller":"eforucom","symbol":"SIM","quantity":"0.010","price":"0.00050199","timestamp":1638865758,"volume":"0.00000502","buyTxId":"eaca0a3e5b0844b86763ae49fb3bfa3cf3cfa93e-1","sellTxId":"e992cf1cd1c29676f8d8d548e65e806777cd858c"}
{"index": {"_index":"sim","_id":"2192919"}}
	{"id":2192919,"type":"sell","buyer":"jelly-cz","seller":"anosys","symbol":"SIM","quantity":"28.010","price":"0.00050219","timestamp":1638867747,"volume":"0.01406634","buyTxId":"MM-P-12837702-59824468-3-28-0","sellTxId":"6f627bcdcf9ad5c05351f2261f5ee05d990ab815"}
{"index": {"_index":"sim","_id":"2192938"}}
	{"id":2192938,"type":"sell","buyer":"jelly-cz","seller":"javier42","symbol":"SIM","quantity":"1314.000","price":"0.00050219","timestamp":1638868101,"volume":"0.65987766","buyTxId":"MM-P-12837702-59824468-3-28-0","sellTxId":"4a9520a2baa6e7e9d96af114aa983d1dd9900f7f"}
{"index": {"_index":"sim","_id":"2192944"}}
	{"id":2192944,"type":"buy","buyer":"rexikhan","seller":"augustbrown","symbol":"SIM","quantity":"20.000","price":"0.00056998","timestamp":1638868203,"volume":"0.01139960","buyTxId":"1d610452da6786339fe95efee5dd2b57384c6154","sellTxId":"af3ca1c8c28728ebb8938607d8ad29fce4916923"}
{"index": {"_index":"sim","_id":"2192945"}}
	{"id":2192945,"type":"sell","buyer":"rexikhan","seller":"svirus","symbol":"SIM","quantity":"3980.000","price":"0.00056998","timestamp":1638868206,"volume":"2.26852040","buyTxId":"1d610452da6786339fe95efee5dd2b57384c6154","sellTxId":"a40808c55ec886d4a11b3bc30c7a4f9586efedb1-1"}
{"index": {"_index":"sim","_id":"2193039"}}
	{"id":2193039,"type":"sell","buyer":"jelly-cz","seller":"rahul.stan","symbol":"SIM","quantity":"42619.020","price":"0.00050219","timestamp":1638869865,"volume":"21.40284565","buyTxId":"MM-P-12837702-59824468-3-28-0","sellTxId":"4e61990572d4a0c854f154e62bb1acc5fd1d70f2"}
{"index": {"_index":"sim","_id":"2193073"}}
	{"id":2193073,"type":"sell","buyer":"jelly-cz","seller":"razam","symbol":"SIM","quantity":"5.000","price":"0.00050219","timestamp":1638870438,"volume":"0.00251095","buyTxId":"MM-P-12837702-59824468-3-28-0","sellTxId":"9d9095b8e87e794d74436551eca60ee8db429885"}
{"index": {"_index":"sim","_id":"2193153"}}
	{"id":2193153,"type":"sell","buyer":"jelly-cz","seller":"inri","symbol":"SIM","quantity":"34140.000","price":"0.00050219","timestamp":1638871362,"volume":"17.14476660","buyTxId":"MM-P-12837702-59824468-3-28-0","sellTxId":"e16165913e18d491f13497e75bbe5acf090490e0"}
{"index": {"_index":"sim","_id":"2193266"}}
	{"id":2193266,"type":"sell","buyer":"jelly-cz","seller":"heikki1337","symbol":"SIM","quantity":"6332.216","price":"0.00050219","timestamp":1638873432,"volume":"3.17997555","buyTxId":"MM-P-12837702-59824468-3-28-0","sellTxId":"1aac0811331c8bbd067173b468857fd6affabe77"}
{"index": {"_index":"sim","_id":"2193276"}}
	{"id":2193276,"type":"sell","buyer":"jelly-cz","seller":"chesatochi","symbol":"SIM","quantity":"43.064","price":"0.00050219","timestamp":1638873528,"volume":"0.02162631","buyTxId":"MM-P-12837702-59824468-3-28-0","sellTxId":"59f4e8db77e8967bde89b280bf08a850402afe56"}
{"index": {"_index":"sim","_id":"2193393"}}
	{"id":2193393,"type":"sell","buyer":"jelly-cz","seller":"steem-hodler","symbol":"SIM","quantity":"27030.269","price":"0.00050219","timestamp":1638875013,"volume":"13.57433079","buyTxId":"MM-P-12837702-59824468-3-28-0","sellTxId":"c8c46b569604d5bba44a3fde1354a9c387e6a65f"}
{"index": {"_index":"sim","_id":"2193394"}}
	{"id":2193394,"type":"sell","buyer":"pi-trader","seller":"steem-hodler","symbol":"SIM","quantity":"5269.731","price":"0.00050217","timestamp":1638875013,"volume":"2.64630082","buyTxId":"dd24ba52812cf5ebdbafaba72c7ecb6f2a108c47-1","sellTxId":"c8c46b569604d5bba44a3fde1354a9c387e6a65f"}
{"index": {"_index":"sim","_id":"2193632"}}
	{"id":2193632,"type":"sell","buyer":"jelly-cz","seller":"fiberfrau","symbol":"SIM","quantity":"13.000","price":"0.00050219","timestamp":1638878301,"volume":"0.00652847","buyTxId":"MM-P-12840198-59826964-3-28-0","sellTxId":"fee2eb229cbeb5055e98a7c65f0a472d408575ef"}
{"index": {"_index":"sim","_id":"2193688"}}
	{"id":2193688,"type":"sell","buyer":"pi-trader","seller":"jesuscarrion","symbol":"SIM","quantity":"117.000","price":"0.00050223","timestamp":1638879096,"volume":"0.05876091","buyTxId":"c4030eb2ba8af01396a622f8483ef03203bb29a8-3","sellTxId":"6fe7f93af4e096fa664fa80253fc5252ee7a306a"}
{"index": {"_index":"sim","_id":"2193896"}}
	{"id":2193896,"type":"sell","buyer":"jelly-cz","seller":"tonytrillions","symbol":"SIM","quantity":"0.025","price":"0.00050355","timestamp":1638880998,"volume":"0.00001259","buyTxId":"MM-P-12842098-59828864-3-28-0","sellTxId":"d9e7e5dc3a665870e6cb5459c4a74b899b2e9f6f"}
{"index": {"_index":"sim","_id":"2194132"}}
	{"id":2194132,"type":"buy","buyer":"lxsxl","seller":"pi-trader","symbol":"SIM","quantity":"14400.180","price":"0.00056399","timestamp":1638884184,"volume":"8.12155752","buyTxId":"90670c5138b4b21113fd1631276d3a5f8dd627ef","sellTxId":"d7328e36c23500fcf92c4e8a658fcbe8d7bd0085-38"}
{"index": {"_index":"sim","_id":"2194284"}}
	{"id":2194284,"type":"sell","buyer":"h3m4n7","seller":"imperij4427","symbol":"SIM","quantity":"1500.000","price":"0.00054000","timestamp":1638886263,"volume":"0.81000000","buyTxId":"4afc4849521dee3049fb8ef19c63404030b0b20b","sellTxId":"7cee787ce6f3fb3919ffb694491d627751efbc0f"}
{"index": {"_index":"sim","_id":"2194285"}}
	{"id":2194285,"type":"sell","buyer":"jelly-cz","seller":"imperij4427","symbol":"SIM","quantity":"15676.000","price":"0.00050370","timestamp":1638886263,"volume":"7.89600120","buyTxId":"MM-P-12843695-59830461-3-28-0","sellTxId":"7cee787ce6f3fb3919ffb694491d627751efbc0f"}
{"index": {"_index":"sim","_id":"2194302"}}
	{"id":2194302,"type":"sell","buyer":"demotry","seller":"svirus","symbol":"SIM","quantity":"11857.860","price":"0.00056000","timestamp":1638886590,"volume":"6.64040160","buyTxId":"cf230b2f2ad5811bdfa8cb618bf965b6ab947086","sellTxId":"e436e061846f1570a3d130105e84ee811e00aa7c-1"}
{"index": {"_index":"sim","_id":"2194303"}}
	{"id":2194303,"type":"sell","buyer":"demotry","seller":"konvik","symbol":"SIM","quantity":"0.007","price":"0.00056000","timestamp":1638886590,"volume":"0.00000392","buyTxId":"cf230b2f2ad5811bdfa8cb618bf965b6ab947086","sellTxId":"f29ab59ac1fb9492689a5df226ab3544507a930a-1"}
{"index": {"_index":"sim","_id":"2194358"}}
	{"id":2194358,"type":"sell","buyer":"pi-trader","seller":"otherbrandt","symbol":"SIM","quantity":"60956.768","price":"0.00050380","timestamp":1638887325,"volume":"30.71001972","buyTxId":"81a8ecefa735eebba6cf042758c85539698414f9-3","sellTxId":"0a4c452465ba33ba95f9cc441720f20d465ae2f5"}
{"index": {"_index":"sim","_id":"2194438"}}
	{"id":2194438,"type":"sell","buyer":"pi-trader","seller":"gamsam","symbol":"SIM","quantity":"10901","price":"0.00050386","timestamp":1638887949,"volume":"5.49257786","buyTxId":"2403a741263eeb856f5ed585da66c4c4280b5395-5","sellTxId":"311d832c0201e111dbe6d9e4604b15e8f20d2857"}
{"index": {"_index":"sim","_id":"2194466"}}
	{"id":2194466,"type":"buy","buyer":"achimmertens","seller":"pi-trader","symbol":"SIM","quantity":"49000.000","price":"0.00056399","timestamp":1638888213,"volume":"27.63551000","buyTxId":"2493dbe0348580a5892f2b4bf8573c62c76f4bf8","sellTxId":"0969542717e664894fe95546941b3cb6b28f783d-5"}
{"index": {"_index":"sim","_id":"2194479"}}
	{"id":2194479,"type":"buy","buyer":"achimmertens","seller":"pi-trader","symbol":"SIM","quantity":"38000.000","price":"0.00056399","timestamp":1638888405,"volume":"21.43162000","buyTxId":"01c304d3e224b8291edb91eb41d4ce129d6917cd","sellTxId":"bfcdda11f211c27e51b9e5ebd9830de554161302-4"}
{"index": {"_index":"sim","_id":"2194534"}}
	{"id":2194534,"type":"sell","buyer":"pi-trader","seller":"emsonic","symbol":"SIM","quantity":"10745.000","price":"0.00050398","timestamp":1638889083,"volume":"5.41526510","buyTxId":"72c890dc95ce1d6cb1b87175391d7b6b2b43c2bb-7","sellTxId":"fca3214f77064ba4bb286b768de2604b9e2062d6"}
{"index": {"_index":"sim","_id":"2194543"}}
	{"id":2194543,"type":"buy","buyer":"theclasser1","seller":"pi-trader","symbol":"SIM","quantity":"1444.832","price":"0.00056399","timestamp":1638889260,"volume":"0.81487080","buyTxId":"00777db27d3c3179929b96de42c8596789ba6320","sellTxId":"dbf364a82e2182a600ec01b044dda4e09fa87f16-4"}
{"index": {"_index":"sim","_id":"2194544"}}
	{"id":2194544,"type":"sell","buyer":"pi-trader","seller":"bluenarcolepsy","symbol":"SIM","quantity":"40.010","price":"0.00050401","timestamp":1638889278,"volume":"0.02016544","buyTxId":"7279ee1bf99d85bec268285c79e0bdd84d41ab5f-5","sellTxId":"25a7b46194a52f0ded91b7d49667f85629b4e6b2"}
{"index": {"_index":"sim","_id":"2194604"}}
	{"id":2194604,"type":"sell","buyer":"jelly-cz","seller":"kobusu","symbol":"SIM","quantity":"25000.000","price":"0.00050406","timestamp":1638889827,"volume":"12.60150000","buyTxId":"MM-P-12845094-59831860-3-28-0","sellTxId":"07c4815031a4ef628d46c133f5b029ca4242a7ed"}
{"index": {"_index":"sim","_id":"2194625"}}
	{"id":2194625,"type":"sell","buyer":"pi-trader","seller":"rarej","symbol":"SIM","quantity":"1887.000","price":"0.00050407","timestamp":1638890052,"volume":"0.95118009","buyTxId":"1c45050f3227e98a38c6c80684ed9b6fcb4c5cb8-5","sellTxId":"d3e4f00eff24ccd13597fadd4c85e817088144ac"}
{"index": {"_index":"sim","_id":"2194664"}}
	{"id":2194664,"type":"sell","buyer":"pi-trader","seller":"darth-azrael","symbol":"SIM","quantity":"95.812","price":"0.00050413","timestamp":1638890553,"volume":"0.04830170","buyTxId":"dec643df3945c014cf48fafe5d3ef1a505a087fe-5","sellTxId":"0511673d61bc942746bf2342de62376824d41e1b"}
{"index": {"_index":"sim","_id":"2194668"}}
	{"id":2194668,"type":"sell","buyer":"pi-trader","seller":"knowhow92","symbol":"SIM","quantity":"1774.341","price":"0.00050413","timestamp":1638890598,"volume":"0.89449853","buyTxId":"a1746d75c57dfe613e18ff995a35f44bee7270e7-1","sellTxId":"2038a23b8b04b0cbc94f6f2890b1af6e9a0bfdcf"}
{"index": {"_index":"sim","_id":"2194764"}}
	{"id":2194764,"type":"sell","buyer":"pi-trader","seller":"andy4475","symbol":"SIM","quantity":"30.185","price":"0.00050428","timestamp":1638891969,"volume":"0.01522169","buyTxId":"3505e1d7e8427d06c77228e745bcf94aa6d2a736-4","sellTxId":"4dd2b2a94ee3ad2c0acd392cf7caba89dc7b0cee"}
{"index": {"_index":"sim","_id":"2194877"}}
	{"id":2194877,"type":"sell","buyer":"pi-trader","seller":"brofi-market","symbol":"SIM","quantity":"0.006","price":"0.00050443","timestamp":1638893430,"volume":"0.00000303","buyTxId":"56889b0a6bb9eb75fcae744c1d0edecf90e94125-5","sellTxId":"c95d4bcbbed55ddf99383c373e2dbced7c207036"}
{"index": {"_index":"sim","_id":"2195007"}}
	{"id":2195007,"type":"sell","buyer":"cryptoaeneas","seller":"svirus","symbol":"SIM","quantity":"20863.450","price":"0.00056000","timestamp":1638894843,"volume":"11.68353200","buyTxId":"799aa82a4c5c7fcfc519abcda0c27149bda84896","sellTxId":"1616bfa4c14bbcc4ae7d74376bcd0c27bb4b0a16-1"}
{"index": {"_index":"sim","_id":"2195008"}}
	{"id":2195008,"type":"sell","buyer":"cryptoaeneas","seller":"konvik","symbol":"SIM","quantity":"0.005","price":"0.00056000","timestamp":1638894843,"volume":"0.00000280","buyTxId":"799aa82a4c5c7fcfc519abcda0c27149bda84896","sellTxId":"0a2a8a864dbaa90708f3c8670867d05c16526170-1"}
{"index": {"_index":"sim","_id":"2195145"}}
	{"id":2195145,"type":"sell","buyer":"pi-trader","seller":"eforucom","symbol":"SIM","quantity":"0.040","price":"0.00050467","timestamp":1638895983,"volume":"0.00002019","buyTxId":"c3ab034e01c027ac29878da620268d9e8ebf1d4d-1","sellTxId":"e991b7dca186b751fc90f72406f7a189c361cd2c"}
{"index": {"_index":"sim","_id":"2195322"}}
	{"id":2195322,"type":"sell","buyer":"pi-trader","seller":"magnacarta","symbol":"SIM","quantity":"0.07","price":"0.00050479","timestamp":1638897093,"volume":"0.00003534","buyTxId":"78621e1211357f141db7e229420d749633b25f67-5","sellTxId":"cff884cfe9a1140973e2db4a5bf839015f10cf0a"}
{"index": {"_index":"sim","_id":"2195529"}}
	{"id":2195529,"type":"buy","buyer":"boycharliefamily","seller":"pi-trader","symbol":"SIM","quantity":"46991.006","price":"0.00056399","timestamp":1638898872,"volume":"26.50245747","buyTxId":"15882acb6345e60ec77588f1d53838d82b70e036","sellTxId":"05e254ff1c2ec43b6c24c3a12e67a3029115cda3-4"}
{"index": {"_index":"sim","_id":"2195592"}}
	{"id":2195592,"type":"buy","buyer":"boycharliefamily","seller":"pi-trader","symbol":"SIM","quantity":"1378.718","price":"0.00056398","timestamp":1638899745,"volume":"0.77756938","buyTxId":"64f9e8a2513cb0269329d708ca6fcd6a217a3484","sellTxId":"d884e8e8f7c1055d7e32c15f8afeb74c34f52c8e-4"}
{"index": {"_index":"sim","_id":"2195934"}}
	{"id":2195934,"type":"sell","buyer":"pi-trader","seller":"photoanthill","symbol":"SIM","quantity":"1981.030","price":"0.00050539","timestamp":1638903057,"volume":"1.00119275","buyTxId":"fcce0f0fed6f208ad2a8e8966edc359abc0a97f0-5","sellTxId":"5d221e0277d2b56be277608544365f8e2b09558f"}
{"index": {"_index":"sim","_id":"2195936"}}
	{"id":2195936,"type":"sell","buyer":"pi-trader","seller":"alive.chat","symbol":"SIM","quantity":"4.127","price":"0.00050539","timestamp":1638903066,"volume":"0.00208574","buyTxId":"fcce0f0fed6f208ad2a8e8966edc359abc0a97f0-5","sellTxId":"d467a088195ce21f80799fae570b1ca548282ced"}
{"index": {"_index":"sim","_id":"2196052"}}
	{"id":2196052,"type":"sell","buyer":"pi-trader","seller":"themightyvolcano","symbol":"SIM","quantity":"100000.000","price":"0.00050551","timestamp":1638904422,"volume":"50.55100000","buyTxId":"accf47d19d3d7f8c37690be809491c8fbcdf1555-6","sellTxId":"4fa4ba04c69de9916e54f3a6bd171a45ee476f6e"}
{"index": {"_index":"sim","_id":"2196053"}}
	{"id":2196053,"type":"sell","buyer":"jelly-cz","seller":"themightyvolcano","symbol":"SIM","quantity":"101476.000","price":"0.00050550","timestamp":1638904422,"volume":"51.29611800","buyTxId":"MM-P-12849881-59836650-3-28-0","sellTxId":"4fa4ba04c69de9916e54f3a6bd171a45ee476f6e"}
{"index": {"_index":"sim","_id":"2196054"}}
	{"id":2196054,"type":"buy","buyer":"boycharliefamily","seller":"pi-trader","symbol":"SIM","quantity":"50000.000","price":"0.00056398","timestamp":1638904440,"volume":"28.19900000","buyTxId":"7d906ebc0020c5c6932d12ac7e0fec1c395d62fd","sellTxId":"dafe5e8da8afee29d5858050f44c6bc7a078690b-2"}
{"index": {"_index":"sim","_id":"2196056"}}
	{"id":2196056,"type":"sell","buyer":"boycharliefamily","seller":"svirus","symbol":"SIM","quantity":"201466.360","price":"0.00056398","timestamp":1638904443,"volume":"113.62299771","buyTxId":"7d906ebc0020c5c6932d12ac7e0fec1c395d62fd","sellTxId":"4c0696c647d07bae5f65da565831ac362b9dfba3-1"}
{"index": {"_index":"sim","_id":"2196209"}}
	{"id":2196209,"type":"sell","buyer":"boycharliefamily","seller":"elricmoonslayer","symbol":"SIM","quantity":"0.004","price":"0.00056398","timestamp":1638906168,"volume":"0.00000226","buyTxId":"7d906ebc0020c5c6932d12ac7e0fec1c395d62fd","sellTxId":"1e655dbfffa425701a06dbb4f1cdd25d61105cc5"}
{"index": {"_index":"sim","_id":"2196239"}}
	{"id":2196239,"type":"sell","buyer":"pi-trader","seller":"pele23","symbol":"SIM","quantity":"0.008","price":"0.00050569","timestamp":1638906225,"volume":"0.00000405","buyTxId":"69b595b37b803aea200c05b9d8eabddc002bdf00-3","sellTxId":"d1fd4c3a9d203421b712d8b244a2f1ad4dbe721d"}
{"index": {"_index":"sim","_id":"2196242"}}
	{"id":2196242,"type":"buy","buyer":"evernoticethat","seller":"elricmoonslayer","symbol":"SIM","quantity":"85.008","price":"0.00056398","timestamp":1638906243,"volume":"0.04794281","buyTxId":"a903a9359083db992102f998f2d2c2072a38bbea","sellTxId":"1e655dbfffa425701a06dbb4f1cdd25d61105cc5"}
{"index": {"_index":"sim","_id":"2196247"}}
	{"id":2196247,"type":"sell","buyer":"evernoticethat","seller":"vincentnijman","symbol":"SIM","quantity":"786.992","price":"0.00056398","timestamp":1638906264,"volume":"0.44384775","buyTxId":"a903a9359083db992102f998f2d2c2072a38bbea","sellTxId":"c72fa3aa0a0354884a13687a5e3eb1f7b17eaf5d"}
{"index": {"_index":"sim","_id":"2196248"}}
	{"id":2196248,"type":"sell","buyer":"pi-trader","seller":"vincentnijman","symbol":"SIM","quantity":"595.575","price":"0.00050569","timestamp":1638906264,"volume":"0.30117632","buyTxId":"b1cf08d7dce700da9aba03f2f2c746b5991e90f6-2","sellTxId":"c72fa3aa0a0354884a13687a5e3eb1f7b17eaf5d"}
{"index": {"_index":"sim","_id":"2196280"}}
	{"id":2196280,"type":"sell","buyer":"pi-trader","seller":"m2nnari","symbol":"SIM","quantity":"542.000","price":"0.00050572","timestamp":1638906603,"volume":"0.27410024","buyTxId":"6aebec78bbb871c3fa382eda7b353c8249228e57-3","sellTxId":"0caf770866771e02eac7f6df2b8ee0535b2ed159"}
{"index": {"_index":"sim","_id":"2196394"}}
	{"id":2196394,"type":"sell","buyer":"pi-trader","seller":"manoldonchev","symbol":"SIM","quantity":"6000.000","price":"0.00050581","timestamp":1638907494,"volume":"3.03486000","buyTxId":"81a864bd1a96d3b98f1cb622781cb0b02ec983e8-4","sellTxId":"5823097f583436940e2a1a2f7c665a2ecd0e4a01"}
{"index": {"_index":"sim","_id":"2196416"}}
	{"id":2196416,"type":"sell","buyer":"pi-trader","seller":"curatorcat","symbol":"SIM","quantity":"80.093","price":"0.00050584","timestamp":1638907644,"volume":"0.04051424","buyTxId":"39f0900b0d345919cfd3e172860bb5fecf94fb3e-5","sellTxId":"3b81efa436467e05a22af86914788a6eb843d1ba"}
{"index": {"_index":"sim","_id":"2196441"}}
	{"id":2196441,"type":"buy","buyer":"chunkysoupsvc","seller":"steliosfan","symbol":"SIM","quantity":"290.000","price":"0.00051000","timestamp":1638907866,"volume":"0.14790000","buyTxId":"705d1069b93603f3fdafe398a58c3937d6a743bc","sellTxId":"c3c304c5a55e79bfce31dd9bd5566475415f6603"}
{"index": {"_index":"sim","_id":"2196443"}}
	{"id":2196443,"type":"sell","buyer":"chunkysoupsvc","seller":"faraicelebr8","symbol":"SIM","quantity":"4597.000","price":"0.00051000","timestamp":1638907896,"volume":"2.34447000","buyTxId":"705d1069b93603f3fdafe398a58c3937d6a743bc","sellTxId":"b05dd6f813c9724e1f0114c1362ec83acced32cb"}
{"index": {"_index":"sim","_id":"2196466"}}
	{"id":2196466,"type":"sell","buyer":"chunkysoupsvc","seller":"brofi-market","symbol":"SIM","quantity":"0.001","price":"0.00051000","timestamp":1638908085,"volume":"0.00000051","buyTxId":"705d1069b93603f3fdafe398a58c3937d6a743bc","sellTxId":"473c1b8e6a5127f2e6c53d867faed33244cb47d0"}
{"index": {"_index":"sim","_id":"2196777"}}
	{"id":2196777,"type":"buy","buyer":"tex73110","seller":"brofi-market","symbol":"SIM","quantity":"0.006","price":"0.00056399","timestamp":1638910863,"volume":"0.00000338","buyTxId":"e4bc722dd10b051e8846e31be7ddeb1caf068eb6","sellTxId":"f5216b4b9b6f8076bf24ef780481514f4974b834"}
{"index": {"_index":"sim","_id":"2196778"}}
	{"id":2196778,"type":"buy","buyer":"tex73110","seller":"pi-trader","symbol":"SIM","quantity":"499.994","price":"0.00056399","timestamp":1638910863,"volume":"0.28199162","buyTxId":"e4bc722dd10b051e8846e31be7ddeb1caf068eb6","sellTxId":"5d469c4c427f8c21134a7068e0d9cae07048d6c7-1"}
{"index": {"_index":"sim","_id":"2196860"}}
	{"id":2196860,"type":"sell","buyer":"chunkysoupsvc","seller":"elevator09","symbol":"SIM","quantity":"109.198","price":"0.00051000","timestamp":1638911619,"volume":"0.05569098","buyTxId":"705d1069b93603f3fdafe398a58c3937d6a743bc","sellTxId":"21918a82f9131012cfec8f6d0fae9997b7e7e57f"}
{"index": {"_index":"sim","_id":"2196861"}}
	{"id":2196861,"type":"sell","buyer":"pi-trader","seller":"elevator09","symbol":"SIM","quantity":"5566.802","price":"0.00050623","timestamp":1638911619,"volume":"2.81808218","buyTxId":"243bb2a2659a415a4557e41a4efec5283a2c6a80-5","sellTxId":"21918a82f9131012cfec8f6d0fae9997b7e7e57f"}
{"index": {"_index":"sim","_id":"2196914"}}
	{"id":2196914,"type":"buy","buyer":"svirus","seller":"steem-hodler","symbol":"SIM","quantity":"19200.000","price":"0.00051000","timestamp":1638912126,"volume":"9.79200000","buyTxId":"a5b2bdb354bb4d6b08018cdebae9daafd9ec91cb-0","sellTxId":"eeaad24370be0f65f642dd2097e93bd1c7039f07"}
{"index": {"_index":"sim","_id":"2197036"}}
	{"id":2197036,"type":"buy","buyer":"konvik","seller":"leonardoalmaguer","symbol":"SIM","quantity":"465.000","price":"0.00051000","timestamp":1638913809,"volume":"0.23715000","buyTxId":"7312977b708099d674a827b2814dd2d479b48b84-0","sellTxId":"a439cbab817e31f9a35f77ee6b49d7586f4ea0ff"}
{"index": {"_index":"sim","_id":"2197037"}}
	{"id":2197037,"type":"buy","buyer":"konvik","seller":"picciridda2","symbol":"SIM","quantity":"46039.000","price":"0.00051000","timestamp":1638913809,"volume":"23.47989000","buyTxId":"7312977b708099d674a827b2814dd2d479b48b84-0","sellTxId":"fb4d8c5de963c97696d82e5c17285ec54f7f5e83"}
{"index": {"_index":"sim","_id":"2197158"}}
	{"id":2197158,"type":"buy","buyer":"theclasser1","seller":"pi-trader","symbol":"SIM","quantity":"1885.000","price":"0.00056397","timestamp":1638915009,"volume":"1.06308345","buyTxId":"f9a1aaba56dc77636a72b48c0ac6df7515057742","sellTxId":"b444d084365a818a1eb1c8af2457bce81cf5da2d-10"}
{"index": {"_index":"sim","_id":"2197214"}}
	{"id":2197214,"type":"buy","buyer":"theiamultitude","seller":"kiwibloke","symbol":"SIM","quantity":"112.755","price":"0.00056396","timestamp":1638915450,"volume":"0.06358931","buyTxId":"b6584b9aae23ff43013acbd6115a45a575edc848","sellTxId":"4b4bd83ee9bebd3d56f34e52df65e9c8d8ab74a5"}
{"index": {"_index":"sim","_id":"2197239"}}
	{"id":2197239,"type":"buy","buyer":"evernoticethat","seller":"pi-trader","symbol":"SIM","quantity":"20000.000","price":"0.00056395","timestamp":1638915792,"volume":"11.27900000","buyTxId":"39e52a87680d7899c8e6c315526c35d0b0dec810","sellTxId":"8a9eb0e543c465b57346c05e5e572e35bc5083ba-3"}
{"index": {"_index":"sim","_id":"2197263"}}
	{"id":2197263,"type":"sell","buyer":"dadspardan","seller":"svirus","symbol":"SIM","quantity":"13000.000","price":"0.00056000","timestamp":1638916056,"volume":"7.28000000","buyTxId":"c9b00567f71eb6305f43a4b3f08324a483fc71fa","sellTxId":"bec6a37e72dd2377f55c39d96d8aaed97fd97e24-1"}
{"index": {"_index":"sim","_id":"2197300"}}
	{"id":2197300,"type":"sell","buyer":"pi-trader","seller":"rarej","symbol":"SIM","quantity":"1197.000","price":"0.00050671","timestamp":1638916236,"volume":"0.60653187","buyTxId":"02784bd209063b725364e71bed7742d0c62f5c5a-3","sellTxId":"d97be04f8442c938891ad68e8cda2cabaadf6b49"}
{"index": {"_index":"sim","_id":"2197326"}}
	{"id":2197326,"type":"sell","buyer":"pi-trader","seller":"balte","symbol":"SIM","quantity":"8000.000","price":"0.00050674","timestamp":1638916569,"volume":"4.05392000","buyTxId":"4bacaec5f80df35c7b776402555d119d679400d1-3","sellTxId":"359bef4c2ca0bd0461dec56e976f8dc2bd79ea40"}
{"index": {"_index":"sim","_id":"2197349"}}
	{"id":2197349,"type":"buy","buyer":"evernoticethat","seller":"pi-trader","symbol":"SIM","quantity":"20490.000","price":"0.00056395","timestamp":1638916767,"volume":"11.55533550","buyTxId":"f6815572d6fe9f4be1ad035d38c392354ec4445f","sellTxId":"2f8a0963921e7872132d12a11d81a29cb5596533-8"}
{"index": {"_index":"sim","_id":"2197413"}}
	{"id":2197413,"type":"sell","buyer":"pi-trader","seller":"trifenix","symbol":"SIM","quantity":"1349.342","price":"0.00050683","timestamp":1638917481,"volume":"0.68388701","buyTxId":"1482ea17ba5ac93353877439ff7f8b5fc7b956df-5","sellTxId":"10c777cd292a2615b05420c0302503a5a080fe92"}
{"index": {"_index":"sim","_id":"2197420"}}
	{"id":2197420,"type":"sell","buyer":"pi-trader","seller":"krenden","symbol":"SIM","quantity":"400.360","price":"0.00050683","timestamp":1638917556,"volume":"0.20291446","buyTxId":"01f8928daef5fa23e617eab95010b1c3765615c9-4","sellTxId":"3670887fd10ab6ac002819c076d9709259583244"}
{"index": {"_index":"sim","_id":"2197494"}}
	{"id":2197494,"type":"sell","buyer":"pi-trader","seller":"he-index","symbol":"SIM","quantity":"207.333","price":"0.00050698","timestamp":1638918978,"volume":"0.10511368","buyTxId":"81d8ccfe8ebf368486899d2d60e4581e81a7b639-5","sellTxId":"b4738514a83d82b442ff4994e5fc100f916aa747"}
{"index": {"_index":"sim","_id":"2197526"}}
	{"id":2197526,"type":"sell","buyer":"pi-trader","seller":"klye","symbol":"SIM","quantity":"502.000","price":"0.00050701","timestamp":1638919281,"volume":"0.25451902","buyTxId":"17a5ee1bd95452b64df849392f71eef0bc0a35ca-5","sellTxId":"2cbcf318d36e4c1ad724950a95b6e88fef3143ca"}
{"index": {"_index":"sim","_id":"2197767"}}
	{"id":2197767,"type":"buy","buyer":"theclasser1","seller":"pi-trader","symbol":"SIM","quantity":"612.000","price":"0.00056395","timestamp":1638921765,"volume":"0.34513740","buyTxId":"127873d0fdd9542a196f780bee154367f5b9f985","sellTxId":"afafb26a2933e79894fab57d384806c50dc373f6-5"}
{"index": {"_index":"sim","_id":"2197837"}}
	{"id":2197837,"type":"sell","buyer":"pi-trader","seller":"brofi-market","symbol":"SIM","quantity":"0.002","price":"0.00050736","timestamp":1638922458,"volume":"0.00000101","buyTxId":"939a4792554dc8c40e99d30bd98d264085a1ca78-5","sellTxId":"61fe29d6f2a644bdd4b9b027c6739dd5cda06ef7"}
{"index": {"_index":"sim","_id":"2197913"}}
	{"id":2197913,"type":"buy","buyer":"theclasser1","seller":"pi-trader","symbol":"SIM","quantity":"108.906","price":"0.00056395","timestamp":1638922956,"volume":"0.06141754","buyTxId":"7416f8b33b6c7f0b8884c36d2239605fe610918b","sellTxId":"439f6434115186af2f5c80d943e63c7a6b8f09e2-2"}
{"index": {"_index":"sim","_id":"2198024"}}
	{"id":2198024,"type":"sell","buyer":"pi-trader","seller":"thatcryptodave","symbol":"SIM","quantity":"719.626","price":"0.00050751","timestamp":1638923895,"volume":"0.36521739","buyTxId":"feb81f6575bbbee62f79013283cb1c38853e6b0b-4","sellTxId":"efd0e99c8db672f084d59367e0fe5e034ffea858"}
{"index": {"_index":"sim","_id":"2198054"}}
	{"id":2198054,"type":"sell","buyer":"pi-trader","seller":"darkluigi","symbol":"SIM","quantity":"2351.799","price":"0.00050754","timestamp":1638924207,"volume":"1.19363206","buyTxId":"6739baec8d30493913288120535ba8b947bcf714-5","sellTxId":"8dfc8e13159f07d8a2a209cc8f0dca77f20853ee"}
{"index": {"_index":"sim","_id":"2198189"}}
	{"id":2198189,"type":"buy","buyer":"nyxlabs","seller":"elianaicgomes","symbol":"SIM","quantity":"1000.000","price":"0.00051000","timestamp":1638925512,"volume":"0.51000000","buyTxId":"5059d9144a1e5f1c3ab953fbd0adc814b403d8c4","sellTxId":"b5b16526e0745352f012eabf0aa5736885e26f39"}
{"index": {"_index":"sim","_id":"2198312"}}
	{"id":2198312,"type":"sell","buyer":"pi-trader","seller":"jrs29","symbol":"SIM","quantity":"12.190","price":"0.00050781","timestamp":1638926787,"volume":"0.00619020","buyTxId":"36135cc7750beb0405158b874e770763af534cfd-4","sellTxId":"354adcf55aaad4d269cf6c1eb5948683cd86efbf"}
{"index": {"_index":"sim","_id":"2198326"}}
	{"id":2198326,"type":"buy","buyer":"d-pend","seller":"elianaicgomes","symbol":"SIM","quantity":"2066.395","price":"0.00051000","timestamp":1638926940,"volume":"1.05386145","buyTxId":"09d33c70c2656e92bb07ecff7012f6b4eb8511ff","sellTxId":"b5b16526e0745352f012eabf0aa5736885e26f39"}
{"index": {"_index":"sim","_id":"2198328"}}
	{"id":2198328,"type":"sell","buyer":"d-pend","seller":"zuldazane","symbol":"SIM","quantity":"1389.389","price":"0.00051000","timestamp":1638926970,"volume":"0.70858839","buyTxId":"09d33c70c2656e92bb07ecff7012f6b4eb8511ff","sellTxId":"88fae3543de194686e96c9dcdb0e2fd5c1f33bee"}
{"index": {"_index":"sim","_id":"2198424"}}
	{"id":2198424,"type":"sell","buyer":"jelly-cz","seller":"frugal-fun","symbol":"SIM","quantity":"200.000","price":"0.00051002","timestamp":1638928188,"volume":"0.10200400","buyTxId":"MM-P-12857463-59844234-3-28-0","sellTxId":"50dd692714ea7157a24f5583eb0947ea99675e5c"}
{"index": {"_index":"sim","_id":"2198458"}}
	{"id":2198458,"type":"sell","buyer":"jelly-cz","seller":"captaincryptic","symbol":"SIM","quantity":"715.005","price":"0.00051002","timestamp":1638928332,"volume":"0.36466685","buyTxId":"MM-P-12857463-59844234-3-28-0","sellTxId":"165e51f061b55917ddeea13d0d3f4142bdad427a"}
{"index": {"_index":"sim","_id":"2198479"}}
	{"id":2198479,"type":"sell","buyer":"jelly-cz","seller":"casilokodesing","symbol":"SIM","quantity":"214.000","price":"0.00051002","timestamp":1638928548,"volume":"0.10914428","buyTxId":"MM-P-12857463-59844234-3-28-0","sellTxId":"dc7ba8424cc22aebc7a95bd29b81b7aa04382ee1"}
{"index": {"_index":"sim","_id":"2198571"}}
	{"id":2198571,"type":"sell","buyer":"jelly-cz","seller":"magnacarta","symbol":"SIM","quantity":"3.231","price":"0.00051002","timestamp":1638929175,"volume":"0.00164787","buyTxId":"MM-P-12857463-59844234-3-28-0","sellTxId":"b52336cdffee3cab2003b645e5babdc0e07fffca"}
{"index": {"_index":"sim","_id":"2198672"}}
	{"id":2198672,"type":"sell","buyer":"jelly-cz","seller":"bordel","symbol":"SIM","quantity":"1885.851","price":"0.00051002","timestamp":1638930252,"volume":"0.96182173","buyTxId":"MM-P-12857463-59844234-3-28-0","sellTxId":"647c789a793283a43739068484f1027dc7bd512a"}
{"index": {"_index":"sim","_id":"2198692"}}
	{"id":2198692,"type":"sell","buyer":"jelly-cz","seller":"cryptounicorn420","symbol":"SIM","quantity":"996.000","price":"0.00051002","timestamp":1638930609,"volume":"0.50797992","buyTxId":"MM-P-12857463-59844234-3-28-0","sellTxId":"01854d7b8e2e0fe8292772f33919a0a82618e09f"}
{"index": {"_index":"sim","_id":"2198789"}}
	{"id":2198789,"type":"sell","buyer":"jelly-cz","seller":"cryptomaniacsgr","symbol":"SIM","quantity":"2263.000","price":"0.00051002","timestamp":1638931923,"volume":"1.15417526","buyTxId":"MM-P-12857463-59844234-3-28-0","sellTxId":"d616e37c8c2a4c227d41766999710acb9b0e5612"}
{"index": {"_index":"sim","_id":"2198801"}}
	{"id":2198801,"type":"sell","buyer":"jelly-cz","seller":"bosmob","symbol":"SIM","quantity":"4979.594","price":"0.00051002","timestamp":1638932136,"volume":"2.53969253","buyTxId":"MM-P-12857463-59844234-3-28-0","sellTxId":"bfabbec004bd563e709eab673ad901a31e4ad1ff"}
