{"index": {"_index":"sim","_id":"2874305"}}
	{"id":2874305,"type":"sell","buyer":"pi-trader","seller":"theguruasia","symbol":"SIM","quantity":"696.411","price":"0.00050501","timestamp":1646020470,"volume":"0.35169452","buyTxId":"8fee7e416e76e1fa18a1eb319a8ac2eef39b815b-3","sellTxId":"f23f81c215bad8af56f420b639cb2eeaec78c694"}
{"index": {"_index":"sim","_id":"2874337"}}
	{"id":2874337,"type":"sell","buyer":"pi-trader","seller":"steemwija","symbol":"SIM","quantity":"172.626","price":"0.00050501","timestamp":1646020839,"volume":"0.08717786","buyTxId":"91977c18d577e129e34f24c7865974a84c8c42ab-3","sellTxId":"43dab72992b04dbf933865a26fcc345516f41c0e"}
{"index": {"_index":"sim","_id":"2874396"}}
	{"id":2874396,"type":"buy","buyer":"libert","seller":"jelly-cz","symbol":"SIM","quantity":"11609.773","price":"0.00051939","timestamp":1646021511,"volume":"6.03","buyTxId":"9aea3258f2d97e66e6d688537ed450c6cbe9f381","sellTxId":"MM-P-15210935-62198617-3-29-0"}
{"index": {"_index":"sim","_id":"2874474"}}
	{"id":2874474,"type":"buy","buyer":"libert","seller":"jelly-cz","symbol":"SIM","quantity":"2021.602","price":"0.00051939","timestamp":1646022453,"volume":"1.05","buyTxId":"c712b09cfc41b9e93af461b4a426601fce78bfcb","sellTxId":"MM-P-15210935-62198617-3-29-0"}
{"index": {"_index":"sim","_id":"2874505"}}
	{"id":2874505,"type":"sell","buyer":"pi-trader","seller":"abirmahmud447","symbol":"SIM","quantity":"40000.000","price":"0.00050501","timestamp":1646023263,"volume":"20.20040000","buyTxId":"2f4f694df46da525ae5086b3fcd52c5878f87ef8-3","sellTxId":"248ad8819a8dc0ef3169eacbd8a6bc11c8fe24b4"}
{"index": {"_index":"sim","_id":"2875014"}}
	{"id":2875014,"type":"sell","buyer":"pi-trader","seller":"tonytrillions","symbol":"SIM","quantity":"0.019","price":"0.00050501","timestamp":1646029026,"volume":"0.00000960","buyTxId":"86fbd6f93da61d403e0b8c01a87ece5dae3c4d72-3","sellTxId":"3fac0b76c4deb230a825cdb24198527820c901cd"}
{"index": {"_index":"sim","_id":"2875330"}}
	{"id":2875330,"type":"sell","buyer":"pi-trader","seller":"kaeserotor","symbol":"SIM","quantity":"82000.000","price":"0.00050501","timestamp":1646033151,"volume":"41.41082000","buyTxId":"a052b339f580bef48946e48e2b83a5aa264a4fca-1","sellTxId":"66690464bbff37c4f85b28f7eb08b3c075b8637e"}
{"index": {"_index":"sim","_id":"2875516"}}
	{"id":2875516,"type":"sell","buyer":"pi-trader","seller":"mchero","symbol":"SIM","quantity":"150000.000","price":"0.00050501","timestamp":1646035815,"volume":"75.75150000","buyTxId":"3908bf89b4b219fc9929dc818e15e5e5d57847ad-3","sellTxId":"aaac0f7f625c8ef64bc998d813a291d96614b1ec"}
{"index": {"_index":"sim","_id":"2875517"}}
	{"id":2875517,"type":"sell","buyer":"pi-trader","seller":"mchero","symbol":"SIM","quantity":"11750.928","price":"0.00050501","timestamp":1646035887,"volume":"5.93433615","buyTxId":"666259c730f87418afba0f77705ebaa4ede5d5e3-2","sellTxId":"8603f5064bb3c23e277e3d380fec3b6b3452b02c"}
{"index": {"_index":"sim","_id":"2875767"}}
	{"id":2875767,"type":"sell","buyer":"pi-trader","seller":"independance","symbol":"SIM","quantity":"4.000","price":"0.00050501","timestamp":1646039262,"volume":"0.00202004","buyTxId":"b08ee6cbd626fc29332179c5ec7706c6861566d9-3","sellTxId":"b8bea11b0f221e2ed8140f3bdfc78e748101dae2"}
{"index": {"_index":"sim","_id":"2876139"}}
	{"id":2876139,"type":"sell","buyer":"pi-trader","seller":"inri","symbol":"SIM","quantity":"21972.000","price":"0.00050501","timestamp":1646043312,"volume":"11.09607972","buyTxId":"0b2d727814a21a04759260b10bb1096368106f40-1","sellTxId":"58bc976e2cb981b21c9cf7227fdbab59118c587a"}
{"index": {"_index":"sim","_id":"2876150"}}
	{"id":2876150,"type":"sell","buyer":"pi-trader","seller":"friendlymoose","symbol":"SIM","quantity":"8791.000","price":"0.00050501","timestamp":1646043438,"volume":"4.43954291","buyTxId":"fbe8f29029deca84748b7837bb5eb75cdc3b995b-3","sellTxId":"a766b4947ff2249e614546a93303d68a89358fa0"}
{"index": {"_index":"sim","_id":"2876276"}}
	{"id":2876276,"type":"sell","buyer":"pi-trader","seller":"kevinli","symbol":"SIM","quantity":"150000.000","price":"0.00050501","timestamp":1646046006,"volume":"75.75150000","buyTxId":"ac2c98b6a02b6c2dea0eebd1d7d93f2ec8212341-3","sellTxId":"297b313ba6dc42b93e473592fe4b19a52e01d90a"}
{"index": {"_index":"sim","_id":"2876603"}}
	{"id":2876603,"type":"sell","buyer":"pi-trader","seller":"brofi-market","symbol":"SIM","quantity":"0.004","price":"0.00050501","timestamp":1646050149,"volume":"0.00000202","buyTxId":"96bf5bc0e7be47866b0b673c859495acba53b4c9-3","sellTxId":"1e29a11298a22c38502d1abb8fca560f7356a8c3"}
{"index": {"_index":"sim","_id":"2876980"}}
	{"id":2876980,"type":"buy","buyer":"stickupcash","seller":"synergie","symbol":"SIM","quantity":"0.170","price":"0.00051000","timestamp":1646054913,"volume":"0.00008670","buyTxId":"36d97025a8221c61ef5456226ce53a35b9640ec4","sellTxId":"cd76b2808663cc4918e2f308fd7bccee67eb0971"}
{"index": {"_index":"sim","_id":"2876981"}}
	{"id":2876981,"type":"buy","buyer":"stickupcash","seller":"brofi-market","symbol":"SIM","quantity":"0.004","price":"0.00051000","timestamp":1646054913,"volume":"0.00000204","buyTxId":"36d97025a8221c61ef5456226ce53a35b9640ec4","sellTxId":"21760af5aed2d5dc2d3069cae4d135e6926eddd5"}
{"index": {"_index":"sim","_id":"2876987"}}
	{"id":2876987,"type":"sell","buyer":"stickupcash","seller":"justinparke","symbol":"SIM","quantity":"2006","price":"0.00051000","timestamp":1646054943,"volume":"1.02306000","buyTxId":"36d97025a8221c61ef5456226ce53a35b9640ec4","sellTxId":"d96cec0313b4de1a412edf83b54efc337cdf39a4"}
{"index": {"_index":"sim","_id":"2877117"}}
	{"id":2877117,"type":"sell","buyer":"stickupcash","seller":"pele23","symbol":"SIM","quantity":"0.027","price":"0.00051000","timestamp":1646056524,"volume":"0.00001377","buyTxId":"36d97025a8221c61ef5456226ce53a35b9640ec4","sellTxId":"a39fa7f0ebd7818b7174a8af73a78d75d88f8a6b"}
{"index": {"_index":"sim","_id":"2877497"}}
	{"id":2877497,"type":"sell","buyer":"atomcollector","seller":"linco","symbol":"SIM","quantity":"582.000","price":"0.00051020","timestamp":1646060532,"volume":"0.29693640","buyTxId":"6beb87a1956fe05286c8ee53ca8832d71e462360","sellTxId":"c5e165f9d77e22a7f621319918c5034c3bd3c38a"}
{"index": {"_index":"sim","_id":"2877530"}}
	{"id":2877530,"type":"sell","buyer":"atomcollector","seller":"bluenarcolepsy","symbol":"SIM","quantity":"0.230","price":"0.00051020","timestamp":1646060814,"volume":"0.00011735","buyTxId":"6beb87a1956fe05286c8ee53ca8832d71e462360","sellTxId":"8d4650afdc7202c6d2f8bc941ec0fae27f035140"}
{"index": {"_index":"sim","_id":"2877617"}}
	{"id":2877617,"type":"buy","buyer":"peerfinance","seller":"jelly-cz","symbol":"SIM","quantity":"100.000","price":"0.00051198","timestamp":1646061864,"volume":"0.05119800","buyTxId":"1ffb308da4d2931f7cc8c7643a5c823d782bf412","sellTxId":"MM-P-15226692-62214380-3-29-0"}
{"index": {"_index":"sim","_id":"2877942"}}
	{"id":2877942,"type":"buy","buyer":"manniman","seller":"atomcollector","symbol":"SIM","quantity":"500.000","price":"0.00051090","timestamp":1646065275,"volume":"0.25545000","buyTxId":"3124e9654d56594514ecd8a8e4ec2e8c679beff7","sellTxId":"c4a02d9cfe539924ffba757f2acda032bf3388d1"}
{"index": {"_index":"sim","_id":"2877943"}}
	{"id":2877943,"type":"buy","buyer":"manniman","seller":"allfabeta","symbol":"SIM","quantity":"1195.000","price":"0.00051100","timestamp":1646065275,"volume":"0.61064500","buyTxId":"3124e9654d56594514ecd8a8e4ec2e8c679beff7","sellTxId":"548b333587630057ba8c775c57bf295ce337f167"}
{"index": {"_index":"sim","_id":"2877944"}}
	{"id":2877944,"type":"buy","buyer":"manniman","seller":"jelly-cz","symbol":"SIM","quantity":"96305.000","price":"0.00051198","timestamp":1646065275,"volume":"49.30623390","buyTxId":"3124e9654d56594514ecd8a8e4ec2e8c679beff7","sellTxId":"MM-P-15226692-62214380-3-29-0"}
{"index": {"_index":"sim","_id":"2878292"}}
	{"id":2878292,"type":"sell","buyer":"atomcollector","seller":"yintercept","symbol":"SIM","quantity":"5.975","price":"0.00051020","timestamp":1646068104,"volume":"0.00304845","buyTxId":"6beb87a1956fe05286c8ee53ca8832d71e462360","sellTxId":"5fe379f291b67f2b8bb7a343664beb6959bd3211"}
{"index": {"_index":"sim","_id":"2878354"}}
	{"id":2878354,"type":"buy","buyer":"theia7","seller":"jelly-cz","symbol":"SIM","quantity":"85.240","price":"0.00051198","timestamp":1646068827,"volume":"0.04364118","buyTxId":"1f377a66bdfd3434f58951556d626ff36de9d7f2","sellTxId":"MM-P-15226692-62214380-3-29-0"}
{"index": {"_index":"sim","_id":"2878578"}}
	{"id":2878578,"type":"sell","buyer":"atomcollector","seller":"pinkfloyd878","symbol":"SIM","quantity":"411.795","price":"0.00051020","timestamp":1646070414,"volume":"0.21009780","buyTxId":"6beb87a1956fe05286c8ee53ca8832d71e462360","sellTxId":"4d2e7f448a06b00746cd5e1c0a8ef71347566747"}
{"index": {"_index":"sim","_id":"2878579"}}
	{"id":2878579,"type":"sell","buyer":"stickupcash","seller":"pinkfloyd878","symbol":"SIM","quantity":"1390.799","price":"0.00051000","timestamp":1646070414,"volume":"0.70930749","buyTxId":"36d97025a8221c61ef5456226ce53a35b9640ec4","sellTxId":"4d2e7f448a06b00746cd5e1c0a8ef71347566747"}
{"index": {"_index":"sim","_id":"2878626"}}
	{"id":2878626,"type":"buy","buyer":"cardi0","seller":"jelly-cz","symbol":"SIM","quantity":"3249.547","price":"0.00051198","timestamp":1646071023,"volume":"1.66370307","buyTxId":"26e2a54c9460717906709104f7746aef5c1fbab5","sellTxId":"MM-P-15226692-62214380-3-29-0"}
{"index": {"_index":"sim","_id":"2878979"}}
	{"id":2878979,"type":"sell","buyer":"pi-trader","seller":"jrcornel","symbol":"SIM","quantity":"25335.000","price":"0.00050506","timestamp":1646075193,"volume":"12.79569510","buyTxId":"f9c95f78af502f0e85a5f653f62a2768c2a6545b-0","sellTxId":"c62add42201c33b87549ce3fc29e96a077eff129"}
{"index": {"_index":"sim","_id":"2879020"}}
	{"id":2879020,"type":"sell","buyer":"pi-trader","seller":"drunksamurai","symbol":"SIM","quantity":"3.121","price":"0.00050506","timestamp":1646075844,"volume":"0.00157629","buyTxId":"fc47bae2c6c9399096a4743080fd59cd6aefdd2b-5","sellTxId":"893af76fcb47d6c70b8e82b872d1e029b77d8322"}
{"index": {"_index":"sim","_id":"2879114"}}
	{"id":2879114,"type":"sell","buyer":"pi-trader","seller":"captaincryptic","symbol":"SIM","quantity":"1005.024","price":"0.00050506","timestamp":1646077458,"volume":"0.50759742","buyTxId":"071d7b2b81473009e575c92c8a499663096d26f1-1","sellTxId":"902a99e4fdb2306ce77f6776fd1f2070ed72bfc3"}
{"index": {"_index":"sim","_id":"2879150"}}
	{"id":2879150,"type":"sell","buyer":"pi-trader","seller":"steem-hodler","symbol":"SIM","quantity":"84317.000","price":"0.00050506","timestamp":1646078022,"volume":"42.58514402","buyTxId":"b91f0669e39594ec1df4e3c90d1ab7c6ee651ca3-5","sellTxId":"7c79ba293da7c4a55132c9c85961342367af15a0"}
{"index": {"_index":"sim","_id":"2879286"}}
	{"id":2879286,"type":"sell","buyer":"pi-trader","seller":"rambo21","symbol":"SIM","quantity":"712.000","price":"0.00050506","timestamp":1646079528,"volume":"0.35960272","buyTxId":"953d2bddfe58ef66ca61fd4c5422567f545d5cf4-3","sellTxId":"961bf5416808a6b95383d01748a78fb678f732f0"}
{"index": {"_index":"sim","_id":"2879312"}}
	{"id":2879312,"type":"sell","buyer":"pi-trader","seller":"velourex","symbol":"SIM","quantity":"17349.782","price":"0.00050506","timestamp":1646079834,"volume":"8.76268090","buyTxId":"59c6aba1d4189f3917147cdc6e6e3b12c8d1c857-3","sellTxId":"b705ff92548bc7dad19141684d3b928dbbd78b24"}
{"index": {"_index":"sim","_id":"2879607"}}
	{"id":2879607,"type":"sell","buyer":"pi-trader","seller":"rarej","symbol":"SIM","quantity":"1400.200","price":"0.00050506","timestamp":1646082942,"volume":"0.70718501","buyTxId":"db91c89211ce6f87d8150ccb170d13e1ebc53da1-3","sellTxId":"72555500a30837ecd7977683aeafc1a7c49ff3c6"}
{"index": {"_index":"sim","_id":"2879687"}}
	{"id":2879687,"type":"buy","buyer":"godly-rich","seller":"pinkfloyd878","symbol":"SIM","quantity":"10000.000","price":"0.00051198","timestamp":1646083977,"volume":"5.11980000","buyTxId":"d5fe56b75aae01403e7951805181336d16eb0fbc","sellTxId":"0a7caa3dce1728ccb6f79fbe73c7c5ee5a9862d6"}
{"index": {"_index":"sim","_id":"2880060"}}
	{"id":2880060,"type":"sell","buyer":"atomcollector","seller":"nineclaws","symbol":"SIM","quantity":"0.043","price":"0.00050505","timestamp":1646087460,"volume":"0.00002172","buyTxId":"d66e0dc3144afe95aa64a614ac2feb359e69f082","sellTxId":"a3c8450343ca68f322b8a4a5d22f741fb71df70b"}
{"index": {"_index":"sim","_id":"2880220"}}
	{"id":2880220,"type":"sell","buyer":"atomcollector","seller":"bearbear613","symbol":"SIM","quantity":"990.000","price":"0.00050505","timestamp":1646088879,"volume":"0.49999950","buyTxId":"d66e0dc3144afe95aa64a614ac2feb359e69f082","sellTxId":"a896554354fe75274d0b66556e25c4c3aa356085"}
{"index": {"_index":"sim","_id":"2880254"}}
	{"id":2880254,"type":"sell","buyer":"atomcollector","seller":"he-index","symbol":"SIM","quantity":"9.957","price":"0.00050505","timestamp":1646089389,"volume":"0.00502878","buyTxId":"d66e0dc3144afe95aa64a614ac2feb359e69f082","sellTxId":"9b655c0767b17ce1b4fa43e51a0ab01d27a3f393"}
{"index": {"_index":"sim","_id":"2880462"}}
	{"id":2880462,"type":"sell","buyer":"pi-trader","seller":"thisisawesome","symbol":"SIM","quantity":"3.040","price":"0.00048501","timestamp":1646090472,"volume":"0.00147443","buyTxId":"398eedb349aafda0180b0f6597c3ed72a67b6758","sellTxId":"47e29c8624c51ddc91b74db19b1a6f49e1fd5bc6"}
{"index": {"_index":"sim","_id":"2880908"}}
	{"id":2880908,"type":"sell","buyer":"pi-trader","seller":"bitcoinflood","symbol":"SIM","quantity":"1817.244","price":"0.00048501","timestamp":1646094162,"volume":"0.88138151","buyTxId":"98ca11d71c886355001e1db62390c88443234765-1","sellTxId":"f0378236af330bac3c73e0585b4376645468d3df"}
{"index": {"_index":"sim","_id":"2881376"}}
	{"id":2881376,"type":"sell","buyer":"pi-trader","seller":"steemincome","symbol":"SIM","quantity":"7102.327","price":"0.00048501","timestamp":1646098494,"volume":"3.44469962","buyTxId":"4ccc686d7ec9c1038745ea487463e865b061a1f3-3","sellTxId":"634f9d6d8b7f0290605ea3c98d0f9f320b66322c"}
{"index": {"_index":"sim","_id":"2881478"}}
	{"id":2881478,"type":"sell","buyer":"pi-trader","seller":"gamsam","symbol":"SIM","quantity":"47999","price":"0.00048501","timestamp":1646099619,"volume":"23.27999499","buyTxId":"92a28b52d16bc5ac3bd24bc7c543583bd6b4f674-4","sellTxId":"fc49084b2bc4e92f7f3cf3e149d513c7a360c950"}
{"index": {"_index":"sim","_id":"2881530"}}
	{"id":2881530,"type":"sell","buyer":"pi-trader","seller":"txracer","symbol":"SIM","quantity":"1.483","price":"0.00048501","timestamp":1646100087,"volume":"0.00071927","buyTxId":"f55f245f261f2862bce0abf65d115332d2ec9284-4","sellTxId":"fdf5a915ca4fc16a70692cf19604e32a5c3a17c6"}
{"index": {"_index":"sim","_id":"2881562"}}
	{"id":2881562,"type":"buy","buyer":"jakkal","seller":"he-index","symbol":"SIM","quantity":"32.821","price":"0.00050505","timestamp":1646100315,"volume":"0.01657625","buyTxId":"fbae433ee125cfeb4061cc06b350443bd67caa04","sellTxId":"9b655c0767b17ce1b4fa43e51a0ab01d27a3f393"}
{"index": {"_index":"sim","_id":"2881564"}}
	{"id":2881564,"type":"sell","buyer":"jakkal","seller":"salexa5","symbol":"SIM","quantity":"300.000","price":"0.00050505","timestamp":1646100324,"volume":"0.15151500","buyTxId":"fbae433ee125cfeb4061cc06b350443bd67caa04","sellTxId":"4596cbb60b096435ca67ad3a4f84143f843d7b33"}
{"index": {"_index":"sim","_id":"2881575"}}
	{"id":2881575,"type":"buy","buyer":"jakkal","seller":"jelly-cz","symbol":"SIM","quantity":"645.000","price":"0.00051064","timestamp":1646100429,"volume":"0.32936280","buyTxId":"a898335dc30dfe5d00a1a30261789e4e7d672772","sellTxId":"MM-P-15241732-62229439-3-29-0"}
{"index": {"_index":"sim","_id":"2881605"}}
	{"id":2881605,"type":"buy","buyer":"jakkal","seller":"pinkfloyd878","symbol":"SIM","quantity":"2000.000","price":"0.00051063","timestamp":1646100903,"volume":"1.02126000","buyTxId":"3c1e91005d58d4966d0e3ee06e78e030f1ebb13a","sellTxId":"8bb2e19bb0d1dbd757ea40590d65b7481dae69d1"}
{"index": {"_index":"sim","_id":"2881610"}}
	{"id":2881610,"type":"buy","buyer":"jakkal","seller":"pinkfloyd878","symbol":"SIM","quantity":"2000.000","price":"0.00051063","timestamp":1646100945,"volume":"1.02126000","buyTxId":"1fe31c10b4693706549dc329332fdd7618fd7fdf","sellTxId":"8bb2e19bb0d1dbd757ea40590d65b7481dae69d1"}
{"index": {"_index":"sim","_id":"2881625"}}
	{"id":2881625,"type":"buy","buyer":"jakkal","seller":"pinkfloyd878","symbol":"SIM","quantity":"450.000","price":"0.00051063","timestamp":1646101095,"volume":"0.22978350","buyTxId":"395c43df99b5b2fed1fd2adb00da90769fbfc5ec","sellTxId":"8bb2e19bb0d1dbd757ea40590d65b7481dae69d1"}
{"index": {"_index":"sim","_id":"2881848"}}
	{"id":2881848,"type":"buy","buyer":"crypto-futurist","seller":"pinkfloyd878","symbol":"SIM","quantity":"3.285","price":"0.00051063","timestamp":1646104614,"volume":"0.00167742","buyTxId":"a9211bbd8aa10d17bc573e1cd529395ae7f94ba5","sellTxId":"8bb2e19bb0d1dbd757ea40590d65b7481dae69d1"}
{"index": {"_index":"sim","_id":"2881849"}}
	{"id":2881849,"type":"sell","buyer":"pi-trader","seller":"thatcryptodave","symbol":"SIM","quantity":"510.986","price":"0.00048501","timestamp":1646104629,"volume":"0.24783332","buyTxId":"59921003cb87795491c621cbd58203121b6142f6-3","sellTxId":"84ee45c4452df1ed580ab1806c723ca355508108"}
{"index": {"_index":"sim","_id":"2881926"}}
	{"id":2881926,"type":"buy","buyer":"sevenoh-fiveoh","seller":"pinkfloyd878","symbol":"SIM","quantity":"5546.715","price":"0.00051063","timestamp":1646105739,"volume":"2.83231908","buyTxId":"c12112f1f7b961597db284ad9e2b6fcf8d6621c9","sellTxId":"8bb2e19bb0d1dbd757ea40590d65b7481dae69d1"}
{"index": {"_index":"sim","_id":"2881927"}}
	{"id":2881927,"type":"buy","buyer":"sevenoh-fiveoh","seller":"jelly-cz","symbol":"SIM","quantity":"5005.285","price":"0.00051064","timestamp":1646105739,"volume":"2.55589873","buyTxId":"c12112f1f7b961597db284ad9e2b6fcf8d6621c9","sellTxId":"MM-P-15241732-62229439-3-29-0"}
{"index": {"_index":"sim","_id":"2881947"}}
	{"id":2881947,"type":"sell","buyer":"pi-trader","seller":"theguruasia","symbol":"SIM","quantity":"792.302","price":"0.00048501","timestamp":1646106081,"volume":"0.38427439","buyTxId":"7bd13ad586cdd2f55cb238aea5d00d0406605be2-5","sellTxId":"0af00d63d668efc6c29fc35392ccdd4ea3552388"}
{"index": {"_index":"sim","_id":"2881973"}}
	{"id":2881973,"type":"buy","buyer":"maryjane.main","seller":"jelly-cz","symbol":"SIM","quantity":"39000.000","price":"0.00051064","timestamp":1646106537,"volume":"19.91496000","buyTxId":"98676b4afae0188f117685e698538488d9154e91","sellTxId":"MM-P-15241732-62229439-3-29-0"}
