{"index": {"_index":"sim","_id":"3587313"}}
	{"id":3587313,"type":"sell","buyer":"methus","seller":"steem82868","symbol":"SIM","quantity":"0.100","price":"0.00049901","timestamp":1654139235,"volume":"0.00004990","buyTxId":"3dae70e2e9f8462652b8dde39ca1c1f85cf63afd","sellTxId":"9bbc64e899e0e918f5144a89150b2ead8d8608cc"}
{"index": {"_index":"sim","_id":"3587329"}}
	{"id":3587329,"type":"sell","buyer":"methus","seller":"dkid14","symbol":"SIM","quantity":"42356.994","price":"0.00049901","timestamp":1654139382,"volume":"21.13656357","buyTxId":"3dae70e2e9f8462652b8dde39ca1c1f85cf63afd","sellTxId":"5d94fcc67a42a20bf6637c9020b2601dd722b454"}
{"index": {"_index":"sim","_id":"3587449"}}
	{"id":3587449,"type":"sell","buyer":"d-pend","seller":"bearbear613","symbol":"SIM","quantity":"374.784","price":"0.00049700","timestamp":1654141101,"volume":"0.18626765","buyTxId":"4ba98dbc849f51b935abecf2941f8a9678ca6632","sellTxId":"661bf74cbecf51ab9b30c9ee96519273277ea8e9"}
{"index": {"_index":"sim","_id":"3587503"}}
	{"id":3587503,"type":"buy","buyer":"metzli","seller":"nftmart.fees","symbol":"SIM","quantity":"9.000","price":"0.00050496","timestamp":1654141776,"volume":"0.00454464","buyTxId":"365d7caebeb6039a620877b5359dd6d7e3a73c8b","sellTxId":"46b63d57892c23fbfe8ddbf9d4d0d1775a5413f9-0"}
{"index": {"_index":"sim","_id":"3587504"}}
	{"id":3587504,"type":"buy","buyer":"metzli","seller":"dhedge-drips","symbol":"SIM","quantity":"12.500","price":"0.00050498","timestamp":1654141803,"volume":"0.00631225","buyTxId":"8e3160d64d6487161cc08e021d6783762ece04f5","sellTxId":"8cc604d1e5262f4e53c5765dcb7851a7bf1e20ac"}
{"index": {"_index":"sim","_id":"3587511"}}
	{"id":3587511,"type":"buy","buyer":"metzli","seller":"indiebandguru","symbol":"SIM","quantity":"31.570","price":"0.00050499","timestamp":1654141890,"volume":"0.01594253","buyTxId":"97742d0880a867080cb6c2880417752e0337b6c9","sellTxId":"d762cb0b27c3de007fd4113696bf6085d7dd8c77"}
{"index": {"_index":"sim","_id":"3587523"}}
	{"id":3587523,"type":"buy","buyer":"metzli","seller":"sbi-tokens","symbol":"SIM","quantity":"189.711","price":"0.00050500","timestamp":1654141941,"volume":"0.09580406","buyTxId":"3d41643fb6757684c7f177563dfdaaee384f054d","sellTxId":"bcc38324109bebdb4cbf00e60f4e3febff001b20"}
{"index": {"_index":"sim","_id":"3587524"}}
	{"id":3587524,"type":"sell","buyer":"d-pend","seller":"theguruasia","symbol":"SIM","quantity":"1157.371","price":"0.00049700","timestamp":1654141971,"volume":"0.57521339","buyTxId":"4ba98dbc849f51b935abecf2941f8a9678ca6632","sellTxId":"c52dbc473c32ec166c80eb2035f2ce0b4eddbef7"}
{"index": {"_index":"sim","_id":"3587651"}}
	{"id":3587651,"type":"sell","buyer":"d-pend","seller":"denmarkguy","symbol":"SIM","quantity":"1.118","price":"0.00049700","timestamp":1654144176,"volume":"0.00055565","buyTxId":"4ba98dbc849f51b935abecf2941f8a9678ca6632","sellTxId":"97dd839c0f792c826f6f82a637f32e5ba3cb1d07"}
{"index": {"_index":"sim","_id":"3587716"}}
	{"id":3587716,"type":"sell","buyer":"d-pend","seller":"themarkymark","symbol":"SIM","quantity":"169.633","price":"0.00049700","timestamp":1654145031,"volume":"0.08430760","buyTxId":"4ba98dbc849f51b935abecf2941f8a9678ca6632","sellTxId":"cd095826d8948719014f56abb0ae93769458d7c2"}
{"index": {"_index":"sim","_id":"3587749"}}
	{"id":3587749,"type":"sell","buyer":"d-pend","seller":"curatorcat","symbol":"SIM","quantity":"1.590","price":"0.00049700","timestamp":1654145436,"volume":"0.00079023","buyTxId":"4ba98dbc849f51b935abecf2941f8a9678ca6632","sellTxId":"422cc18540f0d5c19959d93737d4f6e590afa43a"}
{"index": {"_index":"sim","_id":"3587818"}}
	{"id":3587818,"type":"sell","buyer":"d-pend","seller":"azj26","symbol":"SIM","quantity":"1365.000","price":"0.00049700","timestamp":1654147035,"volume":"0.67840500","buyTxId":"4ba98dbc849f51b935abecf2941f8a9678ca6632","sellTxId":"f4d7441275299485d32e0a59aeb0ce275dbb07f5"}
{"index": {"_index":"sim","_id":"3587995"}}
	{"id":3587995,"type":"buy","buyer":"looftee","seller":"nftmart.fees","symbol":"SIM","quantity":"9.000","price":"0.00050392","timestamp":1654149102,"volume":"0.00453528","buyTxId":"40db0ac32a232f2de445b4654f82579053f3f270","sellTxId":"229dd33f177e36467eddd6a4fb82d38a283503f1-0"}
{"index": {"_index":"sim","_id":"3588000"}}
	{"id":3588000,"type":"sell","buyer":"looftee","seller":"nftmart.fees","symbol":"SIM","quantity":"8.000","price":"0.00050392","timestamp":1654149213,"volume":"0.00403136","buyTxId":"40db0ac32a232f2de445b4654f82579053f3f270","sellTxId":"01e29682b3fa2ed0d8a84cd849609813ce729deb-0"}
{"index": {"_index":"sim","_id":"3588025"}}
	{"id":3588025,"type":"sell","buyer":"looftee","seller":"loganhate","symbol":"SIM","quantity":"171.000","price":"0.00050392","timestamp":1654149459,"volume":"0.08617032","buyTxId":"40db0ac32a232f2de445b4654f82579053f3f270","sellTxId":"593919c14f9c5ff1ee900c1a97bf616db28a21d6"}
{"index": {"_index":"sim","_id":"3588070"}}
	{"id":3588070,"type":"sell","buyer":"looftee","seller":"steem82868","symbol":"SIM","quantity":"0.300","price":"0.00050392","timestamp":1654149984,"volume":"0.00015118","buyTxId":"40db0ac32a232f2de445b4654f82579053f3f270","sellTxId":"b90b005fbdfb949cba16a6bcd20450df5559b022"}
{"index": {"_index":"sim","_id":"3588097"}}
	{"id":3588097,"type":"sell","buyer":"looftee","seller":"nftmart.fees","symbol":"SIM","quantity":"7.000","price":"0.00050392","timestamp":1654150413,"volume":"0.00352744","buyTxId":"40db0ac32a232f2de445b4654f82579053f3f270","sellTxId":"28b6b41f5313adee5323321e8fd6364ad137919e-0"}
{"index": {"_index":"sim","_id":"3588142"}}
	{"id":3588142,"type":"sell","buyer":"looftee","seller":"pjansen","symbol":"SIM","quantity":"2183.936","price":"0.00050392","timestamp":1654151007,"volume":"1.10052903","buyTxId":"40db0ac32a232f2de445b4654f82579053f3f270","sellTxId":"5abc791b797c985b89f9a879a7caaa073c5fad0e"}
{"index": {"_index":"sim","_id":"3588143"}}
	{"id":3588143,"type":"sell","buyer":"d-pend","seller":"pjansen","symbol":"SIM","quantity":"0.238","price":"0.00049700","timestamp":1654151007,"volume":"0.00011829","buyTxId":"4ba98dbc849f51b935abecf2941f8a9678ca6632","sellTxId":"5abc791b797c985b89f9a879a7caaa073c5fad0e"}
{"index": {"_index":"sim","_id":"3588221"}}
	{"id":3588221,"type":"sell","buyer":"d-pend","seller":"justinparke","symbol":"SIM","quantity":"1158.000","price":"0.00049700","timestamp":1654152510,"volume":"0.57552600","buyTxId":"4ba98dbc849f51b935abecf2941f8a9678ca6632","sellTxId":"3835f99a5fac7bef6fb315ccd3a19ac2a8f1a850"}
{"index": {"_index":"sim","_id":"3588254"}}
	{"id":3588254,"type":"sell","buyer":"d-pend","seller":"itharagaian","symbol":"SIM","quantity":"0.300","price":"0.00049700","timestamp":1654152885,"volume":"0.00014910","buyTxId":"4ba98dbc849f51b935abecf2941f8a9678ca6632","sellTxId":"08d208a5150db2ed5aaf15922a9dfff5956709f9"}
{"index": {"_index":"sim","_id":"3588387"}}
	{"id":3588387,"type":"buy","buyer":"ana-maria","seller":"nftmart.fees","symbol":"SIM","quantity":"6.000","price":"0.00050392","timestamp":1654154613,"volume":"0.00302352","buyTxId":"e68892800780505313af5663dc6df7f4e3165bd7","sellTxId":"00e0552e17b72fb148421b18596d6189a7eeffb4-0"}
{"index": {"_index":"sim","_id":"3588389"}}
	{"id":3588389,"type":"buy","buyer":"ana-maria","seller":"jelly-cz","symbol":"SIM","quantity":"224.000","price":"0.00050393","timestamp":1654154634,"volume":"0.11288032","buyTxId":"1cc0a732883fa3d5da2c692a53ab42546a0b01de","sellTxId":"MM-P-17913136-64903858-3-30-0"}
{"index": {"_index":"sim","_id":"3588510"}}
	{"id":3588510,"type":"sell","buyer":"d-pend","seller":"hirohurl","symbol":"SIM","quantity":"102.675","price":"0.00049700","timestamp":1654156275,"volume":"0.05102948","buyTxId":"4ba98dbc849f51b935abecf2941f8a9678ca6632","sellTxId":"63a43708906e2c5c6ce15e7808a4f6beb2fcbb2d"}
{"index": {"_index":"sim","_id":"3588663"}}
	{"id":3588663,"type":"sell","buyer":"ana-maria","seller":"steem82868","symbol":"SIM","quantity":"0.100","price":"0.00049701","timestamp":1654158588,"volume":"0.00004970","buyTxId":"ffa8c46c54b2004ed3ef1312bef53efcacb24b0a","sellTxId":"9c4a091bb47f19d56297b60db8f4b13e35e5a3ea"}
{"index": {"_index":"sim","_id":"3588948"}}
	{"id":3588948,"type":"buy","buyer":"gondek","seller":"nftmart.fees","symbol":"SIM","quantity":"5.000","price":"0.00050391","timestamp":1654162251,"volume":"0.00251955","buyTxId":"565a5c5ba5f9b1b512959e9503e422242f4940f6","sellTxId":"d42fe00a3aaa616e393331ccb4afb11e4e5fea5e-0"}
{"index": {"_index":"sim","_id":"3588949"}}
	{"id":3588949,"type":"buy","buyer":"gondek","seller":"jelly-cz","symbol":"SIM","quantity":"5995.000","price":"0.00050393","timestamp":1654162251,"volume":"3.02106035","buyTxId":"565a5c5ba5f9b1b512959e9503e422242f4940f6","sellTxId":"MM-P-17913136-64903858-3-30-0"}
{"index": {"_index":"sim","_id":"3589036"}}
	{"id":3589036,"type":"buy","buyer":"assassyn","seller":"nftmart.fees","symbol":"SIM","quantity":"5.000","price":"0.00050392","timestamp":1654163238,"volume":"0.00251960","buyTxId":"e97a9832b27e8248d9eeb8a4a039d319bf59e646","sellTxId":"37ad51c4891566921b78cb59dd321862e70255af-0"}
{"index": {"_index":"sim","_id":"3589058"}}
	{"id":3589058,"type":"sell","buyer":"assassyn","seller":"nftmart.fees","symbol":"SIM","quantity":"4.000","price":"0.00050392","timestamp":1654163613,"volume":"0.00201568","buyTxId":"e97a9832b27e8248d9eeb8a4a039d319bf59e646","sellTxId":"ef8759c232a8c402d5c2ca1efd4bf5c0ef637306-0"}
{"index": {"_index":"sim","_id":"3589157"}}
	{"id":3589157,"type":"sell","buyer":"assassyn","seller":"nftmart.fees","symbol":"SIM","quantity":"4.000","price":"0.00050392","timestamp":1654164813,"volume":"0.00201568","buyTxId":"e97a9832b27e8248d9eeb8a4a039d319bf59e646","sellTxId":"65e3392ba988296c635a7e61f03ae10863fd736e-0"}
{"index": {"_index":"sim","_id":"3589165"}}
	{"id":3589165,"type":"sell","buyer":"assassyn","seller":"pjansen","symbol":"SIM","quantity":"137.000","price":"0.00050392","timestamp":1654164897,"volume":"0.06903704","buyTxId":"e97a9832b27e8248d9eeb8a4a039d319bf59e646","sellTxId":"707357014d81eb0f7458692c34c2af57b36dfe1b"}
{"index": {"_index":"sim","_id":"3589166"}}
	{"id":3589166,"type":"sell","buyer":"ana-maria","seller":"pjansen","symbol":"SIM","quantity":"0.155","price":"0.00049701","timestamp":1654164897,"volume":"0.00007704","buyTxId":"ffa8c46c54b2004ed3ef1312bef53efcacb24b0a","sellTxId":"707357014d81eb0f7458692c34c2af57b36dfe1b"}
{"index": {"_index":"sim","_id":"3589207"}}
	{"id":3589207,"type":"buy","buyer":"nyxlabs","seller":"jelly-cz","symbol":"SIM","quantity":"4000.000","price":"0.00050393","timestamp":1654165182,"volume":"2.01572000","buyTxId":"df3373ca4eadce8597bd24cbf7ed5912671367ea","sellTxId":"MM-P-17913136-64903858-3-30-0"}
{"index": {"_index":"sim","_id":"3589215"}}
	{"id":3589215,"type":"sell","buyer":"ana-maria","seller":"andy4475","symbol":"SIM","quantity":"19.029","price":"0.00049701","timestamp":1654165257,"volume":"0.00945760","buyTxId":"ffa8c46c54b2004ed3ef1312bef53efcacb24b0a","sellTxId":"4fc501579afe216c9fd22153423fbbc7c92ad6be"}
{"index": {"_index":"sim","_id":"3589237"}}
	{"id":3589237,"type":"sell","buyer":"ana-maria","seller":"travelgirl","symbol":"SIM","quantity":"3407.000","price":"0.00049701","timestamp":1654165569,"volume":"1.69331307","buyTxId":"ffa8c46c54b2004ed3ef1312bef53efcacb24b0a","sellTxId":"e48c3409c65bfbb80488c7ca4312b36b6bcc4e2e"}
{"index": {"_index":"sim","_id":"3589286"}}
	{"id":3589286,"type":"sell","buyer":"ana-maria","seller":"chekohler","symbol":"SIM","quantity":"1.076","price":"0.00049701","timestamp":1654166277,"volume":"0.00053478","buyTxId":"ffa8c46c54b2004ed3ef1312bef53efcacb24b0a","sellTxId":"dba2d0a0bb682fc82240cb8330a3557e82fb41a0"}
{"index": {"_index":"sim","_id":"3589290"}}
	{"id":3589290,"type":"sell","buyer":"ana-maria","seller":"thatcryptodave","symbol":"SIM","quantity":"500.000","price":"0.00049701","timestamp":1654166337,"volume":"0.24850500","buyTxId":"ffa8c46c54b2004ed3ef1312bef53efcacb24b0a","sellTxId":"67c6cf31ea915e3a1d14bdc0b1dfcec3d63613e8"}
{"index": {"_index":"sim","_id":"3589341"}}
	{"id":3589341,"type":"sell","buyer":"ana-maria","seller":"theshaki","symbol":"SIM","quantity":"223.308","price":"0.00049701","timestamp":1654166682,"volume":"0.11098631","buyTxId":"ffa8c46c54b2004ed3ef1312bef53efcacb24b0a","sellTxId":"27ec519d7737dc1cf0ba153155eb99e0eb67e631"}
{"index": {"_index":"sim","_id":"3589625"}}
	{"id":3589625,"type":"buy","buyer":"assassyn","seller":"nftmart.fees","symbol":"SIM","quantity":"3.000","price":"0.00050392","timestamp":1654170624,"volume":"0.00151176","buyTxId":"fc7250af3e6fc3249104a58abeca42e8dbdec038","sellTxId":"152cc788921e292f761aab635ba929a596a49289-0"}
{"index": {"_index":"sim","_id":"3589631"}}
	{"id":3589631,"type":"sell","buyer":"assassyn","seller":"nftmart.fees","symbol":"SIM","quantity":"3.000","price":"0.00050392","timestamp":1654170813,"volume":"0.00151176","buyTxId":"fc7250af3e6fc3249104a58abeca42e8dbdec038","sellTxId":"c9d16e07a77bd486f7e6629f5bec25ae98c7c90c-0"}
{"index": {"_index":"sim","_id":"3589647"}}
	{"id":3589647,"type":"sell","buyer":"assassyn","seller":"nftmart.fees","symbol":"SIM","quantity":"22.000","price":"0.00050392","timestamp":1654171053,"volume":"0.01108624","buyTxId":"fc7250af3e6fc3249104a58abeca42e8dbdec038","sellTxId":"4dc215e772efa89ac18a0dcaf01314970afa99b4"}
{"index": {"_index":"sim","_id":"3589743"}}
	{"id":3589743,"type":"buy","buyer":"cryptogillone","seller":"jelly-cz","symbol":"SIM","quantity":"779.818","price":"0.00050393","timestamp":1654172676,"volume":"0.39297372","buyTxId":"cd68f90e2642bd5963780966f5fed65e0c0d9a4d","sellTxId":"MM-P-17913136-64903858-3-30-0"}
{"index": {"_index":"sim","_id":"3589752"}}
	{"id":3589752,"type":"sell","buyer":"assassyn","seller":"pjansen","symbol":"SIM","quantity":"35.000","price":"0.00050392","timestamp":1654172883,"volume":"0.01763720","buyTxId":"fc7250af3e6fc3249104a58abeca42e8dbdec038","sellTxId":"baa146d4b64cc34d6ed0fa54816c0c080193195b"}
{"index": {"_index":"sim","_id":"3589753"}}
	{"id":3589753,"type":"sell","buyer":"ana-maria","seller":"pjansen","symbol":"SIM","quantity":"0.096","price":"0.00049701","timestamp":1654172883,"volume":"0.00004771","buyTxId":"ffa8c46c54b2004ed3ef1312bef53efcacb24b0a","sellTxId":"baa146d4b64cc34d6ed0fa54816c0c080193195b"}
{"index": {"_index":"sim","_id":"3590050"}}
	{"id":3590050,"type":"sell","buyer":"pi-trader","seller":"steem82868","symbol":"SIM","quantity":"0.100","price":"0.00049702","timestamp":1654176096,"volume":"0.00004970","buyTxId":"aa5f420612d7e592c54600757544f9a2453f7b29","sellTxId":"b5c4b00e66769b07d50e3a2d36edaebeee40c9bc"}
{"index": {"_index":"sim","_id":"3590057"}}
	{"id":3590057,"type":"buy","buyer":"tommyl33","seller":"jelly-cz","symbol":"SIM","quantity":"8000.000","price":"0.00050393","timestamp":1654176171,"volume":"4.03144000","buyTxId":"ee78e2d96f70495d656da2c98de0b35b939fb22d","sellTxId":"MM-P-17913136-64903858-3-30-0"}
{"index": {"_index":"sim","_id":"3590073"}}
	{"id":3590073,"type":"sell","buyer":"pi-trader","seller":"dkid14","symbol":"SIM","quantity":"93053.819","price":"0.00049702","timestamp":1654176492,"volume":"46.24960912","buyTxId":"9a4df35eb9fa58e85acc27b9d2e359c8bf2a350d-1","sellTxId":"5d11780ee851bce4e97cf795756f9e179f04443e"}
{"index": {"_index":"sim","_id":"3590555"}}
	{"id":3590555,"type":"sell","buyer":"ana-maria","seller":"andy4475","symbol":"SIM","quantity":"207.265","price":"0.00049701","timestamp":1654182240,"volume":"0.10301278","buyTxId":"ffa8c46c54b2004ed3ef1312bef53efcacb24b0a","sellTxId":"e7d456ed4196b58e000b97ef7f694a3bc4c4bb34"}
{"index": {"_index":"sim","_id":"3590723"}}
	{"id":3590723,"type":"sell","buyer":"ana-maria","seller":"pompeylad","symbol":"SIM","quantity":"2500.000","price":"0.00049701","timestamp":1654183266,"volume":"1.24252500","buyTxId":"ffa8c46c54b2004ed3ef1312bef53efcacb24b0a","sellTxId":"81242c7c686b62d203e0f721fd38a0f49154bfb6"}
{"index": {"_index":"sim","_id":"3590891"}}
	{"id":3590891,"type":"sell","buyer":"ana-maria","seller":"galaxikiller","symbol":"SIM","quantity":"2.933","price":"0.00049701","timestamp":1654184541,"volume":"0.00145773","buyTxId":"ffa8c46c54b2004ed3ef1312bef53efcacb24b0a","sellTxId":"3d30365d4c6704b0d3babe4492492e1eb61f1b50"}
{"index": {"_index":"sim","_id":"3591125"}}
	{"id":3591125,"type":"buy","buyer":"jakkal","seller":"jelly-cz","symbol":"SIM","quantity":"2000.000","price":"0.00050393","timestamp":1654186554,"volume":"1.00786000","buyTxId":"53a66e04a6f40e4a3685300bbf06b1ee47c7c0ed","sellTxId":"MM-P-17913136-64903858-3-30-0"}
{"index": {"_index":"sim","_id":"3591292"}}
	{"id":3591292,"type":"buy","buyer":"stickupcash","seller":"jelly-cz","symbol":"SIM","quantity":"100000.000","price":"0.00050393","timestamp":1654187838,"volume":"50.39300000","buyTxId":"67e5bd28937d1d47b78b7be0378db3f4d8d03804","sellTxId":"MM-P-17913136-64903858-3-30-0"}
{"index": {"_index":"sim","_id":"3591396"}}
	{"id":3591396,"type":"buy","buyer":"cryptogillone","seller":"jelly-cz","symbol":"SIM","quantity":"731.369","price":"0.00050393","timestamp":1654188549,"volume":"0.368559","buyTxId":"0450e62f29934c7a7c4f3ae25757592ce8c7fd69","sellTxId":"MM-P-17913136-64903858-3-30-0"}
{"index": {"_index":"sim","_id":"3592329"}}
	{"id":3592329,"type":"sell","buyer":"he-index","seller":"sir-kennywayne","symbol":"SIM","quantity":"95.251","price":"0.00050393","timestamp":1654194771,"volume":"0.04799984","buyTxId":"44525fe3a35c80c15e7372c20c3fc2dbbc8a9f4a","sellTxId":"0a98d8e428c147be0c25ff0c6d1aeb00c9cdf6bf"}
{"index": {"_index":"sim","_id":"3592518"}}
	{"id":3592518,"type":"buy","buyer":"he-index","seller":"sir-kennywayne","symbol":"SIM","quantity":"228.206","price":"0.00050393","timestamp":1654196310,"volume":"0.11499985","buyTxId":"9fe728db6dda6140885afeda73a4d3f87a098921","sellTxId":"0a98d8e428c147be0c25ff0c6d1aeb00c9cdf6bf"}
{"index": {"_index":"sim","_id":"3592582"}}
	{"id":3592582,"type":"buy","buyer":"ana-maria","seller":"sir-kennywayne","symbol":"SIM","quantity":"46.846","price":"0.00050393","timestamp":1654197036,"volume":"0.02360710","buyTxId":"8dde0a97d89e6ab128a0b449af29d739642a7496","sellTxId":"0a98d8e428c147be0c25ff0c6d1aeb00c9cdf6bf"}
{"index": {"_index":"sim","_id":"3592593"}}
	{"id":3592593,"type":"buy","buyer":"ana-maria","seller":"jelly-cz","symbol":"SIM","quantity":"190.384","price":"0.00050468","timestamp":1654197150,"volume":"0.09608300","buyTxId":"ccfd357b9ca6ded1935f1b31db355a007c0ceb95","sellTxId":"MM-P-17930388-64921127-3-30-0"}
{"index": {"_index":"sim","_id":"3592718"}}
	{"id":3592718,"type":"buy","buyer":"assassyn","seller":"jelly-cz","symbol":"SIM","quantity":"95.000","price":"0.00050468","timestamp":1654198443,"volume":"0.04794460","buyTxId":"11710fc738127fd1d3fa82a7aa5593ff9d5648e9","sellTxId":"MM-P-17930388-64921127-3-30-0"}
{"index": {"_index":"sim","_id":"3592802"}}
	{"id":3592802,"type":"sell","buyer":"ana-maria","seller":"masty6","symbol":"SIM","quantity":"2907.000","price":"0.00049800","timestamp":1654199562,"volume":"1.44768600","buyTxId":"73e275051ff23d78fb18ff8bbee1c502fee78a1f","sellTxId":"aa26a18e122bcb66d2ed5943efa5432cabcd0d04"}
{"index": {"_index":"sim","_id":"3592964"}}
	{"id":3592964,"type":"sell","buyer":"ana-maria","seller":"hive-189742","symbol":"SIM","quantity":"1.935","price":"0.00049800","timestamp":1654201059,"volume":"0.00096363","buyTxId":"73e275051ff23d78fb18ff8bbee1c502fee78a1f","sellTxId":"971944b30b465ab5fb12aae86d9c0adcb1648daa"}
{"index": {"_index":"sim","_id":"3593190"}}
	{"id":3593190,"type":"sell","buyer":"ana-maria","seller":"poliwalt10","symbol":"SIM","quantity":"1251.000","price":"0.00049800","timestamp":1654202319,"volume":"0.62299800","buyTxId":"73e275051ff23d78fb18ff8bbee1c502fee78a1f","sellTxId":"9ce1e0e6accc501b602467ceb4bf83e012f4a34e"}
{"index": {"_index":"sim","_id":"3593739"}}
	{"id":3593739,"type":"sell","buyer":"ana-maria","seller":"he-index","symbol":"SIM","quantity":"80.947","price":"0.00049800","timestamp":1654207275,"volume":"0.04031161","buyTxId":"73e275051ff23d78fb18ff8bbee1c502fee78a1f","sellTxId":"5defae6ee9a55ec3a62350c9e92d6b395be1b7da"}
{"index": {"_index":"sim","_id":"3593907"}}
	{"id":3593907,"type":"sell","buyer":"ana-maria","seller":"gfrench","symbol":"SIM","quantity":"29","price":"0.00049800","timestamp":1654209153,"volume":"0.01444200","buyTxId":"73e275051ff23d78fb18ff8bbee1c502fee78a1f","sellTxId":"a3c958581e75ce8e71852b794b1f64157698e903"}
{"index": {"_index":"sim","_id":"3593909"}}
	{"id":3593909,"type":"sell","buyer":"ana-maria","seller":"elevator09","symbol":"SIM","quantity":"4102.617","price":"0.00049800","timestamp":1654209195,"volume":"2.04310327","buyTxId":"73e275051ff23d78fb18ff8bbee1c502fee78a1f","sellTxId":"7f6d34d1e0e096d66939d3d0b588de06db1a6a6b"}
{"index": {"_index":"sim","_id":"3593931"}}
	{"id":3593931,"type":"buy","buyer":"forsakensushi","seller":"jelly-cz","symbol":"SIM","quantity":"141000.616","price":"0.00050316","timestamp":1654209297,"volume":"70.94586995","buyTxId":"6bf0a221defe3d7a0e93a30f3af3b99d827f931f","sellTxId":"MM-P-17934485-64925224-3-30-0"}
{"index": {"_index":"sim","_id":"3594175"}}
	{"id":3594175,"type":"sell","buyer":"ana-maria","seller":"gfrench","symbol":"SIM","quantity":"9766.501","price":"0.00049800","timestamp":1654211382,"volume":"4.86371749","buyTxId":"73e275051ff23d78fb18ff8bbee1c502fee78a1f","sellTxId":"8ad73ad3c974dd7c7da62f231e840ae8887890ff"}
{"index": {"_index":"sim","_id":"3594176"}}
	{"id":3594176,"type":"sell","buyer":"d-pend","seller":"gfrench","symbol":"SIM","quantity":"11492.599","price":"0.00049799","timestamp":1654211382,"volume":"5.72319938","buyTxId":"24a7855d327954c10f1c9f7b691b2046d44b1b40","sellTxId":"8ad73ad3c974dd7c7da62f231e840ae8887890ff"}
{"index": {"_index":"sim","_id":"3594307"}}
	{"id":3594307,"type":"sell","buyer":"d-pend","seller":"themarkymark","symbol":"SIM","quantity":"169.900","price":"0.00049799","timestamp":1654212741,"volume":"0.08460850","buyTxId":"24a7855d327954c10f1c9f7b691b2046d44b1b40","sellTxId":"1f6a59750c5fbb929e23870193a0cc2dfdccd91d"}
{"index": {"_index":"sim","_id":"3594704"}}
	{"id":3594704,"type":"sell","buyer":"d-pend","seller":"dhedge-drips","symbol":"SIM","quantity":"12.500","price":"0.00049799","timestamp":1654217115,"volume":"0.00622488","buyTxId":"24a7855d327954c10f1c9f7b691b2046d44b1b40","sellTxId":"4b946e6fcbeb5ffedebdafbf151a0c7f4d4ee6bf"}
{"index": {"_index":"sim","_id":"3594874"}}
	{"id":3594874,"type":"buy","buyer":"cryptogillone","seller":"jelly-cz","symbol":"SIM","quantity":"625.942","price":"0.00050200","timestamp":1654219203,"volume":"0.3142233","buyTxId":"0831cb8cadf3f24d7a3fccc917ecad41e2e06990","sellTxId":"MM-P-17937178-64927918-3-30-0"}
{"index": {"_index":"sim","_id":"3594995"}}
	{"id":3594995,"type":"buy","buyer":"libert","seller":"jelly-cz","symbol":"SIM","quantity":"3545.816","price":"0.00050200","timestamp":1654221816,"volume":"1.78","buyTxId":"e45a16b422168b14cb1b1571ad7ee2b8984d334b","sellTxId":"MM-P-17937178-64927918-3-30-0"}
{"index": {"_index":"sim","_id":"3595057"}}
	{"id":3595057,"type":"sell","buyer":"d-pend","seller":"bitcoinflood","symbol":"SIM","quantity":"194.352","price":"0.00049799","timestamp":1654222647,"volume":"0.09678535","buyTxId":"24a7855d327954c10f1c9f7b691b2046d44b1b40","sellTxId":"36be61bb445cefeb6550ea43e8a3dad5cba3ec3e"}
{"index": {"_index":"sim","_id":"3595069"}}
	{"id":3595069,"type":"sell","buyer":"d-pend","seller":"valor2s","symbol":"SIM","quantity":"50.231","price":"0.00049799","timestamp":1654222833,"volume":"0.02501454","buyTxId":"24a7855d327954c10f1c9f7b691b2046d44b1b40","sellTxId":"31e31c8fc332d4eabc99e470b06df42484230626"}
{"index": {"_index":"sim","_id":"3595131"}}
	{"id":3595131,"type":"sell","buyer":"d-pend","seller":"todopoderoso","symbol":"SIM","quantity":"189.408","price":"0.00049799","timestamp":1654223901,"volume":"0.09432329","buyTxId":"24a7855d327954c10f1c9f7b691b2046d44b1b40","sellTxId":"aba11694efe1a7be7579e9de33f6c083000f30f1"}
