{"index": {"_index":"sim","_id":"1174421"}}
	{"id":1174421,"type":"buy","buyer":"libert","seller":"solovey6o2","symbol":"SIM","quantity":"9835.743","price":"0.00091503","timestamp":1624764546,"volume":"9","buyTxId":"ea211ab71c1b08b4d458176925aab37336e48e17","sellTxId":"343532f43840c3df3e0832c73bb23a65105590a0"}
{"index": {"_index":"sim","_id":"1174428"}}
	{"id":1174428,"type":"sell","buyer":"solovey6o2","seller":"brofi-market","symbol":"SIM","quantity":"14.970","price":"0.00088112","timestamp":1624764819,"volume":"0.01319037","buyTxId":"18bc228dd48ac7a622aa10ed9ca35ae4e4474755","sellTxId":"a922ef4ce4edbf738869a24c91b2d89cc19587fd"}
{"index": {"_index":"sim","_id":"1174451"}}
	{"id":1174451,"type":"sell","buyer":"solovey6o2","seller":"dhedge-drips","symbol":"SIM","quantity":"13.047","price":"0.00088178","timestamp":1624766643,"volume":"0.01150458","buyTxId":"68be218aa44f338b8f577fe3e14c09dbfa965155","sellTxId":"6e1e23b96228889e5a6f4934ac3d6ff320dce3bf"}
{"index": {"_index":"sim","_id":"1174525"}}
	{"id":1174525,"type":"sell","buyer":"solovey6o2","seller":"thesimguru","symbol":"SIM","quantity":"2609.338","price":"0.00088321","timestamp":1624770594,"volume":"2.30459341","buyTxId":"4fd3ba1cb570880851bb63879a528cb62d6d860f","sellTxId":"405290e48c1bcd08267f178de8e6177fb30ac5b0"}
{"index": {"_index":"sim","_id":"1174530"}}
	{"id":1174530,"type":"sell","buyer":"solovey6o2","seller":"winebank","symbol":"SIM","quantity":"982.000","price":"0.00088332","timestamp":1624770786,"volume":"0.86742024","buyTxId":"0b8805333f43d42690eb8b76158d4a2b2c5cb646","sellTxId":"9f33fe6e4f5a8108c1ce802da42b1aaffbec1e0b"}
{"index": {"_index":"sim","_id":"1174559"}}
	{"id":1174559,"type":"sell","buyer":"solovey6o2","seller":"mawit07","symbol":"SIM","quantity":"8800.000","price":"0.00088365","timestamp":1624771845,"volume":"7.77612000","buyTxId":"d8e2d4ee79123be0d8b7a175ecf34ac71c3c2287","sellTxId":"a3a7ea00ddfe4b8b5984a49281dfe1bb5d89b36d"}
{"index": {"_index":"sim","_id":"1174569"}}
	{"id":1174569,"type":"sell","buyer":"dcityfund","seller":"hjchilb","symbol":"SIM","quantity":"1.624","price":"0.00088100","timestamp":1624772274,"volume":"0.00143074","buyTxId":"a59b0678e165aa84acc2765521ff1163bd3b3cbf","sellTxId":"975eb042cda77e89e6f18f0f596576e2d4422ec3"}
{"index": {"_index":"sim","_id":"1174613"}}
	{"id":1174613,"type":"sell","buyer":"dcityfund","seller":"kishan006","symbol":"SIM","quantity":"23070.241","price":"0.00088100","timestamp":1624775052,"volume":"20.32488232","buyTxId":"a59b0678e165aa84acc2765521ff1163bd3b3cbf","sellTxId":"6b0582151bac775ea1136e4b45a122b8025c7708"}
{"index": {"_index":"sim","_id":"1174614"}}
	{"id":1174614,"type":"buy","buyer":"konvik","seller":"kishan006","symbol":"SIM","quantity":"17389.759","price":"0.00088100","timestamp":1624775055,"volume":"15.32037768","buyTxId":"e175e1f7d23120afa0d374ab7fe942fddcc23837-0","sellTxId":"6b0582151bac775ea1136e4b45a122b8025c7708"}
{"index": {"_index":"sim","_id":"1174644"}}
	{"id":1174644,"type":"sell","buyer":"dustindivitto","seller":"brofi-market","symbol":"SIM","quantity":"0.001","price":"0.00088000","timestamp":1624776183,"volume":"0.00000088","buyTxId":"dd5b865e8fbbc1d0ee8d69609d6188a94f411e5c","sellTxId":"7c581355c270c0ef1804595235b4800b216cd52d"}
{"index": {"_index":"sim","_id":"1174674"}}
	{"id":1174674,"type":"buy","buyer":"konvik","seller":"freebornsociety","symbol":"SIM","quantity":"25000.000","price":"0.00089989","timestamp":1624777917,"volume":"22.49725000","buyTxId":"52e42426ec5ecdd04f6c667ddaf86fc3b0d7b80e-0","sellTxId":"MM-P-8163229-55141430-3-4-1"}
{"index": {"_index":"sim","_id":"1174754"}}
	{"id":1174754,"type":"buy","buyer":"master-lamps","seller":"freebornsociety","symbol":"SIM","quantity":"67.962","price":"0.00088967","timestamp":1624782348,"volume":"0.06046375","buyTxId":"6bf331286240a4fce29a31b0ccc573acf4624fbd","sellTxId":"MM-P-8164409-55142629-3-4-1"}
{"index": {"_index":"sim","_id":"1174757"}}
	{"id":1174757,"type":"buy","buyer":"forykw","seller":"freebornsociety","symbol":"SIM","quantity":"3288.619","price":"0.00088967","timestamp":1624782549,"volume":"2.92578567","buyTxId":"4c757c6c6b7bf1acc6b0b2ce7c3b5390f060afb0","sellTxId":"MM-P-8164409-55142629-3-4-1"}
{"index": {"_index":"sim","_id":"1174758"}}
	{"id":1174758,"type":"buy","buyer":"forykw","seller":"nftmart.fees","symbol":"SIM","quantity":"30.000","price":"0.00088977","timestamp":1624782549,"volume":"0.02669310","buyTxId":"4c757c6c6b7bf1acc6b0b2ce7c3b5390f060afb0","sellTxId":"a03c89c402e8d5f722e09e13a9c901ea3c6e190b-0"}
{"index": {"_index":"sim","_id":"1174759"}}
	{"id":1174759,"type":"buy","buyer":"forykw","seller":"atomcollector","symbol":"SIM","quantity":"3433.016","price":"0.00089000","timestamp":1624782549,"volume":"3.05538424","buyTxId":"4c757c6c6b7bf1acc6b0b2ce7c3b5390f060afb0","sellTxId":"eb38f5faebb560176eb550856c8dd57db5a87c4b"}
{"index": {"_index":"sim","_id":"1174760"}}
	{"id":1174760,"type":"buy","buyer":"forykw","seller":"krakonos","symbol":"SIM","quantity":"74.555","price":"0.00090000","timestamp":1624782549,"volume":"0.06709950","buyTxId":"4c757c6c6b7bf1acc6b0b2ce7c3b5390f060afb0","sellTxId":"25b79a47113b662adf23b80ad610e5dfd685e348"}
{"index": {"_index":"sim","_id":"1174781"}}
	{"id":1174781,"type":"sell","buyer":"forykw","seller":"konvik","symbol":"SIM","quantity":"31143.458","price":"0.00091000","timestamp":1624783014,"volume":"28.34054678","buyTxId":"4c757c6c6b7bf1acc6b0b2ce7c3b5390f060afb0","sellTxId":"6cf6d72084fc23ead9345579624f510a73b8ff48-1"}
{"index": {"_index":"sim","_id":"1174802"}}
	{"id":1174802,"type":"buy","buyer":"dadspardan","seller":"nftmart.fees","symbol":"SIM","quantity":"31.000","price":"0.00091063","timestamp":1624784391,"volume":"0.02822953","buyTxId":"120c6847ec3b0cf0a7105baf6141682e9f3df7d1","sellTxId":"50044e9fa5a231b3babcdf0f6b110378bc858b91-0"}
{"index": {"_index":"sim","_id":"1174803"}}
	{"id":1174803,"type":"buy","buyer":"dadspardan","seller":"brofi-market","symbol":"SIM","quantity":"0.001","price":"0.00091064","timestamp":1624784391,"volume":"0.00000091","buyTxId":"120c6847ec3b0cf0a7105baf6141682e9f3df7d1","sellTxId":"50d132d3c24a0a0a086fd460d04901f0357aa78c"}
{"index": {"_index":"sim","_id":"1174804"}}
	{"id":1174804,"type":"buy","buyer":"dadspardan","seller":"dhedge-drips","symbol":"SIM","quantity":"13.047","price":"0.00091424","timestamp":1624784391,"volume":"0.01192809","buyTxId":"120c6847ec3b0cf0a7105baf6141682e9f3df7d1","sellTxId":"bb3ab92d64421fb3023ac26e7cbbc34ac6a1f480"}
{"index": {"_index":"sim","_id":"1174805"}}
	{"id":1174805,"type":"buy","buyer":"dadspardan","seller":"brofi-market","symbol":"SIM","quantity":"14.970","price":"0.00091491","timestamp":1624784391,"volume":"0.01369620","buyTxId":"120c6847ec3b0cf0a7105baf6141682e9f3df7d1","sellTxId":"86f21e3dfbafd599eb29a0fa44f74223222839c7"}
{"index": {"_index":"sim","_id":"1174806"}}
	{"id":1174806,"type":"buy","buyer":"dadspardan","seller":"eythorphoto","symbol":"SIM","quantity":"8179.302","price":"0.00091548","timestamp":1624784391,"volume":"7.48798739","buyTxId":"120c6847ec3b0cf0a7105baf6141682e9f3df7d1","sellTxId":"d8e7baad795b3052a995de460bd573bc7c2c832b"}
{"index": {"_index":"sim","_id":"1174826"}}
	{"id":1174826,"type":"sell","buyer":"dadspardan","seller":"slobberchops","symbol":"SIM","quantity":"1140.054","price":"0.00092000","timestamp":1624786164,"volume":"1.04884968","buyTxId":"120c6847ec3b0cf0a7105baf6141682e9f3df7d1","sellTxId":"4bab6c4176d9010ef6083956106e7a73430f0721"}
{"index": {"_index":"sim","_id":"1174849"}}
	{"id":1174849,"type":"sell","buyer":"dadspardan","seller":"joey1989","symbol":"SIM","quantity":"67.688","price":"0.00092000","timestamp":1624787385,"volume":"0.06227296","buyTxId":"120c6847ec3b0cf0a7105baf6141682e9f3df7d1","sellTxId":"97ff574682c7bcbc9a7e01455a2b0b2b1bbcb74e"}
{"index": {"_index":"sim","_id":"1174862"}}
	{"id":1174862,"type":"sell","buyer":"dadspardan","seller":"notaboutme","symbol":"SIM","quantity":"2553.000","price":"0.00092000","timestamp":1624787871,"volume":"2.34876000","buyTxId":"120c6847ec3b0cf0a7105baf6141682e9f3df7d1","sellTxId":"feae92957b2c039f0c0fd469fdd94650be18adbe"}
{"index": {"_index":"sim","_id":"1174863"}}
	{"id":1174863,"type":"sell","buyer":"dadspardan","seller":"theoddone","symbol":"SIM","quantity":"0.938","price":"0.00092000","timestamp":1624787994,"volume":"0.00086296","buyTxId":"120c6847ec3b0cf0a7105baf6141682e9f3df7d1","sellTxId":"7d162a6c1f00ad4851223c9f2f36d71554d01b3b"}
{"index": {"_index":"sim","_id":"1174864"}}
	{"id":1174864,"type":"sell","buyer":"freebornsociety","seller":"theoddone","symbol":"SIM","quantity":"44883.303","price":"0.00089120","timestamp":1624787994,"volume":"39.99999963","buyTxId":"MM-P-8166464-55144722-3-4-0","sellTxId":"7d162a6c1f00ad4851223c9f2f36d71554d01b3b"}
{"index": {"_index":"sim","_id":"1174865"}}
	{"id":1174865,"type":"sell","buyer":"dariusxd","seller":"theoddone","symbol":"SIM","quantity":"40000.000","price":"0.00089000","timestamp":1624787994,"volume":"35.60000000","buyTxId":"4c03026f33b55faf068a40ed771e3b0fea83d690","sellTxId":"7d162a6c1f00ad4851223c9f2f36d71554d01b3b"}
{"index": {"_index":"sim","_id":"1174866"}}
	{"id":1174866,"type":"sell","buyer":"dustindivitto","seller":"theoddone","symbol":"SIM","quantity":"33799.699","price":"0.00088000","timestamp":1624787994,"volume":"29.74373512","buyTxId":"dd5b865e8fbbc1d0ee8d69609d6188a94f411e5c","sellTxId":"7d162a6c1f00ad4851223c9f2f36d71554d01b3b"}
{"index": {"_index":"sim","_id":"1174869"}}
	{"id":1174869,"type":"buy","buyer":"egistar","seller":"nftmart.fees","symbol":"SIM","quantity":"27.000","price":"0.00094599","timestamp":1624788030,"volume":"0.02554173","buyTxId":"762a24f4fef4c35765b399e943c98fa4a824e5cf","sellTxId":"a31cb750618f7f2d5d4b3100f6e781a06134f1ee-0"}
{"index": {"_index":"sim","_id":"1174870"}}
	{"id":1174870,"type":"buy","buyer":"egistar","seller":"rachaeldwatson","symbol":"SIM","quantity":"2.667","price":"0.00094600","timestamp":1624788030,"volume":"0.00252298","buyTxId":"762a24f4fef4c35765b399e943c98fa4a824e5cf","sellTxId":"2d9f54cddd2c14287bfe94d0d636554a2befd263"}
{"index": {"_index":"sim","_id":"1174871"}}
	{"id":1174871,"type":"buy","buyer":"egistar","seller":"ecuaminte","symbol":"SIM","quantity":"2.043","price":"0.00094700","timestamp":1624788030,"volume":"0.00193529","buyTxId":"762a24f4fef4c35765b399e943c98fa4a824e5cf","sellTxId":"a55aeecd68483af7b8c1becdd23dc5c3e0e9efea"}
{"index": {"_index":"sim","_id":"1174918"}}
	{"id":1174918,"type":"sell","buyer":"dustindivitto","seller":"rencohada","symbol":"SIM","quantity":"15600.300","price":"0.00088000","timestamp":1624790280,"volume":"13.72826400","buyTxId":"dd5b865e8fbbc1d0ee8d69609d6188a94f411e5c","sellTxId":"b1e045a9baae922abbc22ad8817d1269d3ad6100"}
{"index": {"_index":"sim","_id":"1174937"}}
	{"id":1174937,"type":"sell","buyer":"dcityfund","seller":"cryptoblob","symbol":"SIM","quantity":"25.016","price":"0.00087400","timestamp":1624790934,"volume":"0.02186398","buyTxId":"d55043bbd411a69fe442229ccf91c448d4db55bc","sellTxId":"c005a020c25dc52c561fdcf48da5979556c16e64"}
{"index": {"_index":"sim","_id":"1174944"}}
	{"id":1174944,"type":"buy","buyer":"theoddone","seller":"freebornsociety","symbol":"SIM","quantity":"25000.000","price":"0.00094667","timestamp":1624791168,"volume":"23.66675000","buyTxId":"f1f36c241a798be2ba94abd03086b13ad9a80de5","sellTxId":"MM-P-8167544-55145821-3-4-1"}
{"index": {"_index":"sim","_id":"1174945"}}
	{"id":1174945,"type":"buy","buyer":"theoddone","seller":"nftmart.fees","symbol":"SIM","quantity":"20.000","price":"0.00094677","timestamp":1624791168,"volume":"0.01893540","buyTxId":"f1f36c241a798be2ba94abd03086b13ad9a80de5","sellTxId":"dcc554bf1bea090c510452c043a88122f0711ca3-0"}
{"index": {"_index":"sim","_id":"1174946"}}
	{"id":1174946,"type":"buy","buyer":"theoddone","seller":"ecuaminte","symbol":"SIM","quantity":"1308.457","price":"0.00094700","timestamp":1624791168,"volume":"1.23910878","buyTxId":"f1f36c241a798be2ba94abd03086b13ad9a80de5","sellTxId":"a55aeecd68483af7b8c1becdd23dc5c3e0e9efea"}
{"index": {"_index":"sim","_id":"1174947"}}
	{"id":1174947,"type":"buy","buyer":"theoddone","seller":"brofi-market","symbol":"SIM","quantity":"92.893","price":"0.00094945","timestamp":1624791168,"volume":"0.08819726","buyTxId":"f1f36c241a798be2ba94abd03086b13ad9a80de5","sellTxId":"927335321a7e71bab3c1ed7a0e5750502a5ac8c5"}
{"index": {"_index":"sim","_id":"1174948"}}
	{"id":1174948,"type":"buy","buyer":"theoddone","seller":"solovey6o2","symbol":"SIM","quantity":"66894.945","price":"0.00094948","timestamp":1624791168,"volume":"63.51541238","buyTxId":"f1f36c241a798be2ba94abd03086b13ad9a80de5","sellTxId":"3f3deb0bc97d01d451a8e7498f65295eb264dc79"}
{"index": {"_index":"sim","_id":"1174949"}}
	{"id":1174949,"type":"buy","buyer":"theoddone","seller":"jelly13","symbol":"SIM","quantity":"6683.705","price":"0.00094949","timestamp":1624791168,"volume":"6.34611106","buyTxId":"f1f36c241a798be2ba94abd03086b13ad9a80de5","sellTxId":"03313382cea16c34115910eee0beeba9c611218a"}
{"index": {"_index":"sim","_id":"1174990"}}
	{"id":1174990,"type":"buy","buyer":"sn0n","seller":"freebornsociety","symbol":"SIM","quantity":"2023.000","price":"0.00094689","timestamp":1624792935,"volume":"1.91555847","buyTxId":"9f699fd34427df6ba62e5471f6aa5956f5e2e371","sellTxId":"MM-P-8168130-55146419-3-4-1"}
{"index": {"_index":"sim","_id":"1175001"}}
	{"id":1175001,"type":"sell","buyer":"freebornsociety","seller":"balte","symbol":"SIM","quantity":"24666.000","price":"0.00087410","timestamp":1624793604,"volume":"21.56055060","buyTxId":"MM-P-8168330-55146619-3-4-0","sellTxId":"69f85d8a29a05bed6059989921e4199adcaf06ee"}
{"index": {"_index":"sim","_id":"1175008"}}
	{"id":1175008,"type":"sell","buyer":"minerthreat","seller":"techhype","symbol":"SIM","quantity":"342.950","price":"0.00088000","timestamp":1624793973,"volume":"0.30179600","buyTxId":"8e348392f6d8eda93672f8c9a7b5fc49fa8c33ea","sellTxId":"9605757adf1a39a31ea40411a3d688a061274f4f"}
{"index": {"_index":"sim","_id":"1175010"}}
	{"id":1175010,"type":"sell","buyer":"minerthreat","seller":"tonytrillions","symbol":"SIM","quantity":"0.002","price":"0.00088000","timestamp":1624794006,"volume":"0.00000176","buyTxId":"8e348392f6d8eda93672f8c9a7b5fc49fa8c33ea","sellTxId":"184e59301c3213930f1880ebe910cb5e62cf1b13"}
{"index": {"_index":"sim","_id":"1175017"}}
	{"id":1175017,"type":"sell","buyer":"minerthreat","seller":"theoddone","symbol":"SIM","quantity":"3519.048","price":"0.00088000","timestamp":1624794162,"volume":"3.09676224","buyTxId":"8e348392f6d8eda93672f8c9a7b5fc49fa8c33ea","sellTxId":"7b2a8a9d9d59c8ea375a9cb5f962b4455490d41d"}
{"index": {"_index":"sim","_id":"1175018"}}
	{"id":1175018,"type":"sell","buyer":"freebornsociety","seller":"theoddone","symbol":"SIM","quantity":"45756.120","price":"0.00087420","timestamp":1624794162,"volume":"40.00000010","buyTxId":"MM-P-8168529-55146818-3-4-0","sellTxId":"7b2a8a9d9d59c8ea375a9cb5f962b4455490d41d"}
{"index": {"_index":"sim","_id":"1175019"}}
	{"id":1175019,"type":"sell","buyer":"dcityfund","seller":"theoddone","symbol":"SIM","quantity":"24732.112","price":"0.00087400","timestamp":1624794162,"volume":"21.61586589","buyTxId":"d55043bbd411a69fe442229ccf91c448d4db55bc","sellTxId":"7b2a8a9d9d59c8ea375a9cb5f962b4455490d41d"}
{"index": {"_index":"sim","_id":"1175020"}}
	{"id":1175020,"type":"sell","buyer":"dcityfund","seller":"theoddone","symbol":"SIM","quantity":"25823.324","price":"0.00087300","timestamp":1624794162,"volume":"22.54376185","buyTxId":"f32f1d9ebb09feb5faacf8f8fba42a263f093acc","sellTxId":"7b2a8a9d9d59c8ea375a9cb5f962b4455490d41d"}
{"index": {"_index":"sim","_id":"1175021"}}
	{"id":1175021,"type":"sell","buyer":"dcityfund","seller":"theoddone","symbol":"SIM","quantity":"169.396","price":"0.00087200","timestamp":1624794162,"volume":"0.14771331","buyTxId":"9f9c7478487f32b8a5ac7fa4e35d37491b7427d8","sellTxId":"7b2a8a9d9d59c8ea375a9cb5f962b4455490d41d"}
{"index": {"_index":"sim","_id":"1175078"}}
	{"id":1175078,"type":"buy","buyer":"theoddone","seller":"freebornsociety","symbol":"SIM","quantity":"25000.000","price":"0.00093952","timestamp":1624796808,"volume":"23.48800000","buyTxId":"ec573979c0c4af37fe3e195e2f3cf53b5308479e","sellTxId":"MM-P-8169426-55147716-3-4-1"}
{"index": {"_index":"sim","_id":"1175079"}}
	{"id":1175079,"type":"buy","buyer":"theoddone","seller":"jelly-cz","symbol":"SIM","quantity":"83000.000","price":"0.00093962","timestamp":1624796808,"volume":"77.98846000","buyTxId":"ec573979c0c4af37fe3e195e2f3cf53b5308479e","sellTxId":"MM-P-8169396-55147686-3-25-0"}
{"index": {"_index":"sim","_id":"1175083"}}
	{"id":1175083,"type":"sell","buyer":"dcityfund","seller":"andy4475","symbol":"SIM","quantity":"44.113","price":"0.00087200","timestamp":1624796997,"volume":"0.03846654","buyTxId":"9f9c7478487f32b8a5ac7fa4e35d37491b7427d8","sellTxId":"ed514fbb1010324269cf224b55c9d611bcf9440f"}
{"index": {"_index":"sim","_id":"1175112"}}
	{"id":1175112,"type":"sell","buyer":"freebornsociety","seller":"tonytrillions","symbol":"SIM","quantity":"0.027","price":"0.00087210","timestamp":1624798257,"volume":"0.00002355","buyTxId":"MM-P-8169525-55147816-3-4-0","sellTxId":"0e9def3d075bd6737de735984fb72783d397191e"}
{"index": {"_index":"sim","_id":"1175142"}}
	{"id":1175142,"type":"sell","buyer":"freebornsociety","seller":"theoddone","symbol":"SIM","quantity":"45866.273","price":"0.00087210","timestamp":1624799055,"volume":"39.99997668","buyTxId":"MM-P-8169525-55147816-3-4-0","sellTxId":"18df5941c7765cde97a397ce7115047c3515e146"}
{"index": {"_index":"sim","_id":"1175143"}}
	{"id":1175143,"type":"sell","buyer":"dcityfund","seller":"theoddone","symbol":"SIM","quantity":"26732.792","price":"0.00087200","timestamp":1624799055,"volume":"23.31099462","buyTxId":"9f9c7478487f32b8a5ac7fa4e35d37491b7427d8","sellTxId":"18df5941c7765cde97a397ce7115047c3515e146"}
{"index": {"_index":"sim","_id":"1175144"}}
	{"id":1175144,"type":"sell","buyer":"dcityfund","seller":"theoddone","symbol":"SIM","quantity":"28253.473","price":"0.00087100","timestamp":1624799055,"volume":"24.60877498","buyTxId":"4b3c2b4d50d6973d68cd4ae3b0bb9850392b426e","sellTxId":"18df5941c7765cde97a397ce7115047c3515e146"}
{"index": {"_index":"sim","_id":"1175145"}}
	{"id":1175145,"type":"sell","buyer":"dcityfund","seller":"theoddone","symbol":"SIM","quantity":"7147.462","price":"0.00086400","timestamp":1624799055,"volume":"6.17540717","buyTxId":"af9ed2440958dba6460bba42f4e3a1abc9f6e5a7","sellTxId":"18df5941c7765cde97a397ce7115047c3515e146"}
{"index": {"_index":"sim","_id":"1175178"}}
	{"id":1175178,"type":"buy","buyer":"d-pend","seller":"jelly-cz","symbol":"SIM","quantity":"87224.000","price":"0.00092902","timestamp":1624800351,"volume":"81.03284048","buyTxId":"d84510392d8afafb87f48879690b62d57e4b298c","sellTxId":"MM-P-8170588-55148886-3-25-0"}
{"index": {"_index":"sim","_id":"1175179"}}
	{"id":1175179,"type":"buy","buyer":"d-pend","seller":"freebornsociety","symbol":"SIM","quantity":"25000.000","price":"0.00092904","timestamp":1624800351,"volume":"23.22600000","buyTxId":"d84510392d8afafb87f48879690b62d57e4b298c","sellTxId":"MM-P-8170519-55148816-3-4-1"}
{"index": {"_index":"sim","_id":"1175180"}}
	{"id":1175180,"type":"buy","buyer":"d-pend","seller":"nftmart.fees","symbol":"SIM","quantity":"18.000","price":"0.00092939","timestamp":1624800351,"volume":"0.01672902","buyTxId":"d84510392d8afafb87f48879690b62d57e4b298c","sellTxId":"7975a68a26276273f9129a61c78fa9c575bbb79d-0"}
{"index": {"_index":"sim","_id":"1175181"}}
	{"id":1175181,"type":"buy","buyer":"d-pend","seller":"dera123","symbol":"SIM","quantity":"35100.491","price":"0.00093000","timestamp":1624800351,"volume":"32.64345663","buyTxId":"d84510392d8afafb87f48879690b62d57e4b298c","sellTxId":"e3f9e38467def59e68eaa41be629db8483d26a79"}
{"index": {"_index":"sim","_id":"1175182"}}
	{"id":1175182,"type":"buy","buyer":"d-pend","seller":"megalithic","symbol":"SIM","quantity":"10000.000","price":"0.00094000","timestamp":1624800351,"volume":"9.40000000","buyTxId":"d84510392d8afafb87f48879690b62d57e4b298c","sellTxId":"2f6c1ce68f1d62dab4ff28cab00ee722458a555e"}
{"index": {"_index":"sim","_id":"1175183"}}
	{"id":1175183,"type":"buy","buyer":"d-pend","seller":"dcityfund","symbol":"SIM","quantity":"850.871","price":"0.00094000","timestamp":1624800351,"volume":"0.79981874","buyTxId":"d84510392d8afafb87f48879690b62d57e4b298c","sellTxId":"9d4c509061da3a51b1dde9268d76fa4dc46accd1"}
{"index": {"_index":"sim","_id":"1175184"}}
	{"id":1175184,"type":"buy","buyer":"d-pend","seller":"dcityfund","symbol":"SIM","quantity":"869.575","price":"0.00094000","timestamp":1624800351,"volume":"0.81740050","buyTxId":"d84510392d8afafb87f48879690b62d57e4b298c","sellTxId":"e1ca2903f3f4fac54d42e3032d8d68fcc27ec879"}
{"index": {"_index":"sim","_id":"1175185"}}
	{"id":1175185,"type":"buy","buyer":"d-pend","seller":"dcityfund","symbol":"SIM","quantity":"887.480","price":"0.00094000","timestamp":1624800351,"volume":"0.83423120","buyTxId":"d84510392d8afafb87f48879690b62d57e4b298c","sellTxId":"27477608df251123024c6122aa94696b3cec4504"}
{"index": {"_index":"sim","_id":"1175212"}}
	{"id":1175212,"type":"buy","buyer":"sirdemian","seller":"freebornsociety","symbol":"SIM","quantity":"12666.645","price":"0.00094737","timestamp":1624800828,"volume":"12","buyTxId":"27c1a31693961d52db196948dd7e445e3f9050b8","sellTxId":"MM-P-8170717-55149016-3-4-1"}
{"index": {"_index":"sim","_id":"1175213"}}
	{"id":1175213,"type":"sell","buyer":"d-pend","seller":"theoriginal86","symbol":"SIM","quantity":"1050.000","price":"0.00087000","timestamp":1624800840,"volume":"0.91350000","buyTxId":"e05c5d6fd74cae2b40d52ca24f58fe17fa6a5dbb","sellTxId":"c84e11e3b2a94546563064dbe39dadd6ccb9fd0e"}
{"index": {"_index":"sim","_id":"1175221"}}
	{"id":1175221,"type":"sell","buyer":"d-pend","seller":"flaxz","symbol":"SIM","quantity":"0.185","price":"0.00087000","timestamp":1624801143,"volume":"0.00016095","buyTxId":"e05c5d6fd74cae2b40d52ca24f58fe17fa6a5dbb","sellTxId":"5a65d3b75b1e2d719f1002e3594739e98256978f"}
{"index": {"_index":"sim","_id":"1175243"}}
	{"id":1175243,"type":"buy","buyer":"emergehealthier","seller":"freebornsociety","symbol":"SIM","quantity":"400.000","price":"0.00094701","timestamp":1624801677,"volume":"0.37880400","buyTxId":"ee17bdc5a49da82c7a990d48a7261571249556a3","sellTxId":"MM-P-8171016-55149316-3-4-1"}
{"index": {"_index":"sim","_id":"1175274"}}
	{"id":1175274,"type":"buy","buyer":"theoddone","seller":"jelly-cz","symbol":"SIM","quantity":"7000.000","price":"0.00094663","timestamp":1624802736,"volume":"6.62641000","buyTxId":"83ee44478374ecee0968327a6ca8a80261d46291","sellTxId":"MM-P-8171386-55149686-3-25-0"}
{"index": {"_index":"sim","_id":"1175402"}}
	{"id":1175402,"type":"sell","buyer":"dcityfund","seller":"threejay","symbol":"SIM","quantity":"1315.000","price":"0.00087100","timestamp":1624804923,"volume":"1.14536500","buyTxId":"1595874a7a71f23b3a8c7a09cfc56a61df44291f","sellTxId":"05eb0e85b560d94b55376c596c873edf9dec2d55"}
{"index": {"_index":"sim","_id":"1175442"}}
	{"id":1175442,"type":"buy","buyer":"gerber","seller":"jelly-cz","symbol":"SIM","quantity":"87224.000","price":"0.00094487","timestamp":1624805769,"volume":"82.41534088","buyTxId":"033c3340d6e837d7ec9617614789c6b66ee888bf","sellTxId":"MM-P-8172383-55150685-3-25-0"}
{"index": {"_index":"sim","_id":"1175443"}}
	{"id":1175443,"type":"buy","buyer":"gerber","seller":"freebornsociety","symbol":"SIM","quantity":"25000.000","price":"0.00094489","timestamp":1624805769,"volume":"23.62225000","buyTxId":"033c3340d6e837d7ec9617614789c6b66ee888bf","sellTxId":"MM-P-8172314-55150615-3-4-1"}
{"index": {"_index":"sim","_id":"1175444"}}
	{"id":1175444,"type":"buy","buyer":"gerber","seller":"nftmart.fees","symbol":"SIM","quantity":"16.000","price":"0.00094499","timestamp":1624805769,"volume":"0.01511984","buyTxId":"033c3340d6e837d7ec9617614789c6b66ee888bf","sellTxId":"6bcf3215228f074c25371ede85840dc9691f927d-0"}
{"index": {"_index":"sim","_id":"1175445"}}
	{"id":1175445,"type":"buy","buyer":"gerber","seller":"dcityfund","symbol":"SIM","quantity":"1200.249","price":"0.00094500","timestamp":1624805769,"volume":"1.13423531","buyTxId":"033c3340d6e837d7ec9617614789c6b66ee888bf","sellTxId":"1d09a00a57992497aa21f33e9b25441e491edd07"}
{"index": {"_index":"sim","_id":"1175446"}}
	{"id":1175446,"type":"buy","buyer":"gerber","seller":"dcityfund","symbol":"SIM","quantity":"1222.227","price":"0.00094500","timestamp":1624805769,"volume":"1.15500452","buyTxId":"033c3340d6e837d7ec9617614789c6b66ee888bf","sellTxId":"efc5ce64a7c8440cc92928e4b06b1d433ffafb99"}
{"index": {"_index":"sim","_id":"1175447"}}
	{"id":1175447,"type":"buy","buyer":"gerber","seller":"dcityfund","symbol":"SIM","quantity":"1243.244","price":"0.00094500","timestamp":1624805769,"volume":"1.17486558","buyTxId":"033c3340d6e837d7ec9617614789c6b66ee888bf","sellTxId":"61913fbdb4eb574fd1dc316aef812444e885bce2"}
{"index": {"_index":"sim","_id":"1175448"}}
	{"id":1175448,"type":"buy","buyer":"gerber","seller":"dcityfund","symbol":"SIM","quantity":"1263.307","price":"0.00094500","timestamp":1624805769,"volume":"1.19382512","buyTxId":"033c3340d6e837d7ec9617614789c6b66ee888bf","sellTxId":"608361a08954a4de7e89413780482334e8d2b7fa"}
{"index": {"_index":"sim","_id":"1175449"}}
	{"id":1175449,"type":"buy","buyer":"gerber","seller":"dcityfund","symbol":"SIM","quantity":"985.488","price":"0.00094600","timestamp":1624805769,"volume":"0.93227165","buyTxId":"033c3340d6e837d7ec9617614789c6b66ee888bf","sellTxId":"c492227569d776f246a658601b02b6081dbc66f4"}
{"index": {"_index":"sim","_id":"1175450"}}
	{"id":1175450,"type":"buy","buyer":"gerber","seller":"dcityfund","symbol":"SIM","quantity":"1068.571","price":"0.00094600","timestamp":1624805769,"volume":"1.01086817","buyTxId":"033c3340d6e837d7ec9617614789c6b66ee888bf","sellTxId":"ca5f5f00a10ec1ea23350ae68987884d47963896"}
{"index": {"_index":"sim","_id":"1175451"}}
	{"id":1175451,"type":"buy","buyer":"gerber","seller":"dcityfund","symbol":"SIM","quantity":"1102.104","price":"0.00094600","timestamp":1624805769,"volume":"1.04259038","buyTxId":"033c3340d6e837d7ec9617614789c6b66ee888bf","sellTxId":"7c09494a24cc09766139bb1e7b890cec53752e0f"}
{"index": {"_index":"sim","_id":"1175452"}}
	{"id":1175452,"type":"buy","buyer":"gerber","seller":"dcityfund","symbol":"SIM","quantity":"1128.236","price":"0.00094600","timestamp":1624805769,"volume":"1.06731126","buyTxId":"033c3340d6e837d7ec9617614789c6b66ee888bf","sellTxId":"ded77eb1bc83f25761580c16e31186a74827e0d3"}
{"index": {"_index":"sim","_id":"1175453"}}
	{"id":1175453,"type":"buy","buyer":"gerber","seller":"dcityfund","symbol":"SIM","quantity":"1153.213","price":"0.00094600","timestamp":1624805769,"volume":"1.09093950","buyTxId":"033c3340d6e837d7ec9617614789c6b66ee888bf","sellTxId":"4e8725035a2316746a0dffbead547452a541f525"}
{"index": {"_index":"sim","_id":"1175454"}}
	{"id":1175454,"type":"buy","buyer":"gerber","seller":"dcityfund","symbol":"SIM","quantity":"1177.217","price":"0.00094600","timestamp":1624805769,"volume":"1.11364728","buyTxId":"033c3340d6e837d7ec9617614789c6b66ee888bf","sellTxId":"b863695816d6c450e321ffc4d74335023f773076"}
{"index": {"_index":"sim","_id":"1175455"}}
	{"id":1175455,"type":"buy","buyer":"gerber","seller":"captaincryptic","symbol":"SIM","quantity":"806.274","price":"0.00094614","timestamp":1624805769,"volume":"0.76284808","buyTxId":"033c3340d6e837d7ec9617614789c6b66ee888bf","sellTxId":"a8ee11a7222d7704f4fb57a7002789b436991f10"}
{"index": {"_index":"sim","_id":"1175456"}}
	{"id":1175456,"type":"buy","buyer":"gerber","seller":"vetrnik","symbol":"SIM","quantity":"138000.000","price":"0.00094749","timestamp":1624805769,"volume":"130.75362000","buyTxId":"033c3340d6e837d7ec9617614789c6b66ee888bf","sellTxId":"04cb7cdfff04949a42736d83ffafad6494c17fe7"}
{"index": {"_index":"sim","_id":"1175457"}}
	{"id":1175457,"type":"buy","buyer":"gerber","seller":"jelly13","symbol":"SIM","quantity":"112181.552","price":"0.00094949","timestamp":1624805769,"volume":"106.51526243","buyTxId":"033c3340d6e837d7ec9617614789c6b66ee888bf","sellTxId":"03313382cea16c34115910eee0beeba9c611218a"}
{"index": {"_index":"sim","_id":"1175470"}}
	{"id":1175470,"type":"sell","buyer":"dcityfund","seller":"thelogicaldude","symbol":"SIM","quantity":"3731.774","price":"0.00087100","timestamp":1624806126,"volume":"3.25037515","buyTxId":"1595874a7a71f23b3a8c7a09cfc56a61df44291f","sellTxId":"34a4dd1d6202bc99f5799c6283cebd9341bec17e"}
{"index": {"_index":"sim","_id":"1175522"}}
	{"id":1175522,"type":"buy","buyer":"rishi556","seller":"freebornsociety","symbol":"SIM","quantity":"863.195","price":"0.00093952","timestamp":1624807959,"volume":"0.81098897","buyTxId":"9ade0f37ad3df10cbac596b148958e437f5e81ef","sellTxId":"MM-P-8173104-55151412-3-4-1"}
{"index": {"_index":"sim","_id":"1175536"}}
	{"id":1175536,"type":"buy","buyer":"eythorphoto","seller":"freebornsociety","symbol":"SIM","quantity":"6601.000","price":"0.00093916","timestamp":1624808865,"volume":"6.19939516","buyTxId":"3ad71295d14d57dfa473b618f4983b7a6c0620ad","sellTxId":"MM-P-8173400-55151710-3-4-1"}
{"index": {"_index":"sim","_id":"1175578"}}
	{"id":1175578,"type":"buy","buyer":"whitelightxpress","seller":"jelly-cz","symbol":"SIM","quantity":"34.100","price":"0.00093830","timestamp":1624811115,"volume":"0.03199603","buyTxId":"4c525fe80f3c13cd98c751de179e82fc37eb7adb","sellTxId":"MM-P-8174161-55152479-3-25-0"}
{"index": {"_index":"sim","_id":"1175581"}}
	{"id":1175581,"type":"sell","buyer":"freebornsociety","seller":"innyc","symbol":"SIM","quantity":"2146.550","price":"0.00088022","timestamp":1624811505,"volume":"1.88943624","buyTxId":"MM-P-8174290-55152609-3-4-0","sellTxId":"5c652c43ad28d4ae1c309bb29e25c47dc695384b"}
{"index": {"_index":"sim","_id":"1175588"}}
	{"id":1175588,"type":"buy","buyer":"bonustoken","seller":"jelly-cz","symbol":"SIM","quantity":"10145.000","price":"0.00093806","timestamp":1624811724,"volume":"9.51661870","buyTxId":"371a8d78909eaf3d6b085233f62a5032db74f1f9","sellTxId":"MM-P-8174360-55152679-3-25-0"}
{"index": {"_index":"sim","_id":"1175589"}}
	{"id":1175589,"type":"buy","buyer":"zelensky","seller":"jelly-cz","symbol":"SIM","quantity":"7000.346","price":"0.00093806","timestamp":1624811739,"volume":"6.56674457","buyTxId":"cf04544cf2df257040c7d7700dd97e334f85cf0c","sellTxId":"MM-P-8174360-55152679-3-25-0"}
{"index": {"_index":"sim","_id":"1175617"}}
	{"id":1175617,"type":"buy","buyer":"maryjane.tech4","seller":"freebornsociety","symbol":"SIM","quantity":"7064.000","price":"0.00093760","timestamp":1624812780,"volume":"6.62320640","buyTxId":"e805efc7aefc099df81342478d3c19afd1adbeb5","sellTxId":"MM-P-8174690-55153009-3-4-1"}
{"index": {"_index":"sim","_id":"1175634"}}
	{"id":1175634,"type":"sell","buyer":"freebornsociety","seller":"eforucom","symbol":"SIM","quantity":"0.090","price":"0.00088211","timestamp":1624813113,"volume":"0.00007939","buyTxId":"MM-P-8174788-55153109-3-4-0","sellTxId":"e75a223a614499ccacf7b2eeb6c4bdb9be726ad1"}
{"index": {"_index":"sim","_id":"1175636"}}
	{"id":1175636,"type":"buy","buyer":"notaboutme","seller":"freebornsociety","symbol":"SIM","quantity":"5500.000","price":"0.00093748","timestamp":1624813143,"volume":"5.15614000","buyTxId":"d42b6b02f8723a5fd09fcddf53d2cbc901092194","sellTxId":"MM-P-8174788-55153109-3-4-1"}
{"index": {"_index":"sim","_id":"1175643"}}
	{"id":1175643,"type":"buy","buyer":"lryz","seller":"jelly-cz","symbol":"SIM","quantity":"576.000","price":"0.00093746","timestamp":1624813221,"volume":"0.53997696","buyTxId":"a42ae645e919696fb0ec0aa8afd8b8172b90d322","sellTxId":"MM-P-8174858-55153179-3-25-0"}
{"index": {"_index":"sim","_id":"1175646"}}
	{"id":1175646,"type":"buy","buyer":"chroniccoin","seller":"freebornsociety","symbol":"SIM","quantity":"6245.000","price":"0.00093736","timestamp":1624813446,"volume":"5.85381320","buyTxId":"233c1324fab81b7ee240f7881a73c59cbb864445","sellTxId":"MM-P-8174888-55153209-3-4-1"}
{"index": {"_index":"sim","_id":"1175691"}}
	{"id":1175691,"type":"buy","buyer":"d-pend","seller":"freebornsociety","symbol":"SIM","quantity":"20000.000","price":"0.00089989","timestamp":1624815165,"volume":"17.99780000","buyTxId":"33c5e090cbdf845ae6600db18357cd6dbaac18e9","sellTxId":"MM-P-8175485-55153809-3-4-1"}
{"index": {"_index":"sim","_id":"1175718"}}
	{"id":1175718,"type":"sell","buyer":"d-pend","seller":"chorock","symbol":"SIM","quantity":"26431.000","price":"0.00089000","timestamp":1624815945,"volume":"23.52359000","buyTxId":"34b312901b0f843fdb1eb291c88fd4c2cf38dc55","sellTxId":"455fae161e62a7b5f2b75da7a2e4940356849c78"}
{"index": {"_index":"sim","_id":"1175746"}}
	{"id":1175746,"type":"sell","buyer":"d-pend","seller":"jrcornel","symbol":"SIM","quantity":"53422.000","price":"0.00089000","timestamp":1624816950,"volume":"47.54558000","buyTxId":"34b312901b0f843fdb1eb291c88fd4c2cf38dc55","sellTxId":"c2294acd656ca05f62e393ab88d18069094bd839"}
{"index": {"_index":"sim","_id":"1175752"}}
	{"id":1175752,"type":"buy","buyer":"vcelier","seller":"freebornsociety","symbol":"SIM","quantity":"1033.807","price":"0.00089978","timestamp":1624817106,"volume":"0.93019886","buyTxId":"c3d2a17179542b623c3010e299525991947a7ceb","sellTxId":"MM-P-8175882-55154208-3-4-1"}
{"index": {"_index":"sim","_id":"1175754"}}
	{"id":1175754,"type":"sell","buyer":"d-pend","seller":"erikah","symbol":"SIM","quantity":"24.352","price":"0.00089000","timestamp":1624817208,"volume":"0.02167328","buyTxId":"34b312901b0f843fdb1eb291c88fd4c2cf38dc55","sellTxId":"8f8eef67f25ba8e81276a33dacd22d594b8ebd03"}
{"index": {"_index":"sim","_id":"1175778"}}
	{"id":1175778,"type":"sell","buyer":"d-pend","seller":"muenchen","symbol":"SIM","quantity":"16682.000","price":"0.00089000","timestamp":1624818414,"volume":"14.84698000","buyTxId":"34b312901b0f843fdb1eb291c88fd4c2cf38dc55","sellTxId":"0404dbd775bc11d1c766d3edaf2bb9ede229d35e"}
{"index": {"_index":"sim","_id":"1175782"}}
	{"id":1175782,"type":"buy","buyer":"onecent","seller":"nftmart.fees","symbol":"SIM","quantity":"150.000","price":"0.00089977","timestamp":1624818576,"volume":"0.13496550","buyTxId":"bcb1a4f177a165b3e27213c306485d5d4a474162","sellTxId":"68896f633104e5f29bbaab5c52ea70438c45ed8e-0"}
{"index": {"_index":"sim","_id":"1175784"}}
	{"id":1175784,"type":"buy","buyer":"onecent","seller":"nftmart.fees","symbol":"SIM","quantity":"120.000","price":"0.00089976","timestamp":1624818618,"volume":"0.10797120","buyTxId":"3e225d5b5826f732b67a675eaedb03610cdb570f","sellTxId":"61fe2784e6fd0fe44de53c6ac701279a7af1b52c-0"}
{"index": {"_index":"sim","_id":"1175785"}}
	{"id":1175785,"type":"sell","buyer":"d-pend","seller":"mafia.wallet","symbol":"SIM","quantity":"1000.000","price":"0.00089000","timestamp":1624818690,"volume":"0.89000000","buyTxId":"34b312901b0f843fdb1eb291c88fd4c2cf38dc55","sellTxId":"0069a53c7a38439697bb89600eaea9e63a6648c2"}
{"index": {"_index":"sim","_id":"1175794"}}
	{"id":1175794,"type":"buy","buyer":"d-pend","seller":"nftmart.fees","symbol":"SIM","quantity":"47.000","price":"0.00089976","timestamp":1624818855,"volume":"0.04228872","buyTxId":"9d31673ac0325e75b58edfa38932d51be0831001","sellTxId":"61fe2784e6fd0fe44de53c6ac701279a7af1b52c-0"}
{"index": {"_index":"sim","_id":"1175795"}}
	{"id":1175795,"type":"buy","buyer":"d-pend","seller":"fiberfrau","symbol":"SIM","quantity":"60.000","price":"0.00090000","timestamp":1624818855,"volume":"0.05400000","buyTxId":"9d31673ac0325e75b58edfa38932d51be0831001","sellTxId":"1f68f118d046b89a41282004a444341bc794658c"}
{"index": {"_index":"sim","_id":"1175809"}}
	{"id":1175809,"type":"buy","buyer":"soteyapanbot","seller":"cryptofiloz","symbol":"SIM","quantity":"6352.000","price":"0.00093501","timestamp":1624819206,"volume":"5.93918352","buyTxId":"7289ec0a8165874cec63d7521610149927204e9d","sellTxId":"94240f3e5508abe348f3ae2b0ae4ed49382cd5cf"}
{"index": {"_index":"sim","_id":"1175826"}}
	{"id":1175826,"type":"buy","buyer":"notaboutme","seller":"nftmart.fees","symbol":"SIM","quantity":"256.000","price":"0.00093500","timestamp":1624819905,"volume":"0.23936000","buyTxId":"96707843f459709bd73cca2cbff608035ca77f1c","sellTxId":"fa19645b0a41533045b6258b0443789056bf3b70-0"}
{"index": {"_index":"sim","_id":"1175827"}}
	{"id":1175827,"type":"buy","buyer":"notaboutme","seller":"cryptofiloz","symbol":"SIM","quantity":"2056.313","price":"0.00093501","timestamp":1624819905,"volume":"1.92267322","buyTxId":"96707843f459709bd73cca2cbff608035ca77f1c","sellTxId":"94240f3e5508abe348f3ae2b0ae4ed49382cd5cf"}
{"index": {"_index":"sim","_id":"1175828"}}
	{"id":1175828,"type":"buy","buyer":"notaboutme","seller":"jelly-cz","symbol":"SIM","quantity":"18887.687","price":"0.00093674","timestamp":1624819905,"volume":"17.69285192","buyTxId":"96707843f459709bd73cca2cbff608035ca77f1c","sellTxId":"MM-P-8175455-55153779-3-25-0"}
{"index": {"_index":"sim","_id":"1175830"}}
	{"id":1175830,"type":"buy","buyer":"notaboutme","seller":"jelly-cz","symbol":"SIM","quantity":"21000.000","price":"0.00093674","timestamp":1624819971,"volume":"19.67154000","buyTxId":"191adb4100a8982585a834c5d9f4c2b36ca6dc07","sellTxId":"MM-P-8175455-55153779-3-25-0"}
{"index": {"_index":"sim","_id":"1175836"}}
	{"id":1175836,"type":"buy","buyer":"notaboutme","seller":"jelly-cz","symbol":"SIM","quantity":"20000.000","price":"0.00093674","timestamp":1624820022,"volume":"18.73480000","buyTxId":"c861c7ef1dbc6da2f1140c2af4ea2e3e51be6e8b","sellTxId":"MM-P-8175455-55153779-3-25-0"}
{"index": {"_index":"sim","_id":"1175844"}}
	{"id":1175844,"type":"buy","buyer":"notaboutme","seller":"jelly-cz","symbol":"SIM","quantity":"27336.313","price":"0.00093674","timestamp":1624820067,"volume":"25.60701784","buyTxId":"ca8c020f86593bacfc131bbe644c5d00c9a39ea5","sellTxId":"MM-P-8175455-55153779-3-25-0"}
{"index": {"_index":"sim","_id":"1175845"}}
	{"id":1175845,"type":"buy","buyer":"notaboutme","seller":"dcityfund","symbol":"SIM","quantity":"1521.348","price":"0.00093800","timestamp":1624820067,"volume":"1.42702442","buyTxId":"ca8c020f86593bacfc131bbe644c5d00c9a39ea5","sellTxId":"1c5babccaf435704dd39a45144eedfc66fcc60c2"}
{"index": {"_index":"sim","_id":"1175846"}}
	{"id":1175846,"type":"buy","buyer":"notaboutme","seller":"dcityfund","symbol":"SIM","quantity":"1142.339","price":"0.00093800","timestamp":1624820067,"volume":"1.07151398","buyTxId":"ca8c020f86593bacfc131bbe644c5d00c9a39ea5","sellTxId":"181ee72505ef184dcec73ebd026fb9b7dae7ead1"}
{"index": {"_index":"sim","_id":"1175849"}}
	{"id":1175849,"type":"buy","buyer":"notaboutme","seller":"dcityfund","symbol":"SIM","quantity":"442.939","price":"0.00093800","timestamp":1624820103,"volume":"0.41547678","buyTxId":"3ff8db03a5389b55ea8980b02da5b1bf0a3b1b98","sellTxId":"181ee72505ef184dcec73ebd026fb9b7dae7ead1"}
{"index": {"_index":"sim","_id":"1175850"}}
	{"id":1175850,"type":"buy","buyer":"notaboutme","seller":"ironshield","symbol":"SIM","quantity":"17161.622","price":"0.00094000","timestamp":1624820103,"volume":"16.13192468","buyTxId":"3ff8db03a5389b55ea8980b02da5b1bf0a3b1b98","sellTxId":"094a1e6f527e42f92b88f67e89d3785c2da8bae3"}
{"index": {"_index":"sim","_id":"1175851"}}
	{"id":1175851,"type":"buy","buyer":"notaboutme","seller":"tussar11","symbol":"SIM","quantity":"2395.439","price":"0.00094000","timestamp":1624820103,"volume":"2.25171266","buyTxId":"3ff8db03a5389b55ea8980b02da5b1bf0a3b1b98","sellTxId":"3cb9b53b87562230c2f6467ea063a902d42ae964"}
{"index": {"_index":"sim","_id":"1175858"}}
	{"id":1175858,"type":"buy","buyer":"notaboutme","seller":"jelly-cz","symbol":"SIM","quantity":"30000.000","price":"0.00093998","timestamp":1624820199,"volume":"28.19940000","buyTxId":"ef379393eaf285f26c97dcabe1d7a8681cdf71fe","sellTxId":"MM-P-8177144-55155478-3-25-0"}
{"index": {"_index":"sim","_id":"1175885"}}
	{"id":1175885,"type":"sell","buyer":"d-pend","seller":"worldfinances","symbol":"SIM","quantity":"3314.405","price":"0.00090000","timestamp":1624820850,"volume":"2.98296450","buyTxId":"9d31673ac0325e75b58edfa38932d51be0831001","sellTxId":"300af1ad20a3ed8200f9b9a3f1302c0b9ca3b3da"}
{"index": {"_index":"sim","_id":"1175902"}}
	{"id":1175902,"type":"buy","buyer":"emergehealthier","seller":"nftmart.fees","symbol":"SIM","quantity":"223.000","price":"0.00093997","timestamp":1624821183,"volume":"0.20961331","buyTxId":"1a26df8b18b4ba223e352de3f6dabfa5f3fc3463","sellTxId":"c73d2987263cd0d38ade19c569f95a760ee393f7-0"}
{"index": {"_index":"sim","_id":"1175906"}}
	{"id":1175906,"type":"buy","buyer":"emergehealthier","seller":"jelly-cz","symbol":"SIM","quantity":"200.000","price":"0.00093998","timestamp":1624821252,"volume":"0.18799600","buyTxId":"60f51ceb4c36ebdf3d23c9e2be93f15334fd8d5a","sellTxId":"MM-P-8177144-55155478-3-25-0"}
{"index": {"_index":"sim","_id":"1175916"}}
	{"id":1175916,"type":"buy","buyer":"dustindivitto","seller":"daveks","symbol":"SIM","quantity":"8250.000","price":"0.00092500","timestamp":1624821360,"volume":"7.63125000","buyTxId":"b9223da5ca5c47eb5a8f61001404babc1d0bbb4a","sellTxId":"0bd69afd3502f28161e6ac0c8026fdd5834fa01a"}
{"index": {"_index":"sim","_id":"1175917"}}
	{"id":1175917,"type":"buy","buyer":"dustindivitto","seller":"jelly-cz","symbol":"SIM","quantity":"57024.000","price":"0.00093998","timestamp":1624821360,"volume":"53.60141952","buyTxId":"b9223da5ca5c47eb5a8f61001404babc1d0bbb4a","sellTxId":"MM-P-8177144-55155478-3-25-0"}
{"index": {"_index":"sim","_id":"1175918"}}
	{"id":1175918,"type":"buy","buyer":"dustindivitto","seller":"tussar11","symbol":"SIM","quantity":"5726.000","price":"0.00094000","timestamp":1624821360,"volume":"5.38244000","buyTxId":"b9223da5ca5c47eb5a8f61001404babc1d0bbb4a","sellTxId":"3cb9b53b87562230c2f6467ea063a902d42ae964"}
{"index": {"_index":"sim","_id":"1175942"}}
	{"id":1175942,"type":"sell","buyer":"dustindivitto","seller":"robwillmann","symbol":"SIM","quantity":"2500.000","price":"0.00091000","timestamp":1624822086,"volume":"2.27500000","buyTxId":"602a22d421b6e555b7cdc56998fc389e2dec21f2","sellTxId":"2e913288e7977fbd21d4557af651ad853a0de0b3"}
{"index": {"_index":"sim","_id":"1175946"}}
	{"id":1175946,"type":"sell","buyer":"freebornsociety","seller":"robwillmann","symbol":"SIM","quantity":"180.708","price":"0.00090020","timestamp":1624822170,"volume":"0.16267334","buyTxId":"MM-P-8177766-55156107-3-4-0","sellTxId":"06c33cebba5a7efd2f1e332d52eb7fa80b23bf51"}
{"index": {"_index":"sim","_id":"1176007"}}
	{"id":1176007,"type":"buy","buyer":"holoferncro","seller":"freebornsociety","symbol":"SIM","quantity":"1102.661","price":"0.00093987","timestamp":1624822884,"volume":"1.03635799","buyTxId":"f908305f25e0babcd023c4b33d9677c6ec2d1a68","sellTxId":"MM-P-8177866-55156207-3-4-0"}
{"index": {"_index":"sim","_id":"1176008"}}
	{"id":1176008,"type":"buy","buyer":"holoferncro","seller":"nftmart.fees","symbol":"SIM","quantity":"194.000","price":"0.00093997","timestamp":1624822884,"volume":"0.18235418","buyTxId":"f908305f25e0babcd023c4b33d9677c6ec2d1a68","sellTxId":"13889a42d975300a7d7cc38d15d24919d6dba155-0"}
{"index": {"_index":"sim","_id":"1176009"}}
	{"id":1176009,"type":"buy","buyer":"holoferncro","seller":"jelly-cz","symbol":"SIM","quantity":"9083.339","price":"0.00093998","timestamp":1624822884,"volume":"8.53815699","buyTxId":"f908305f25e0babcd023c4b33d9677c6ec2d1a68","sellTxId":"MM-P-8177637-55155978-3-25-0"}
{"index": {"_index":"sim","_id":"1176010"}}
	{"id":1176010,"type":"sell","buyer":"d-pend","seller":"fantasycrypto","symbol":"SIM","quantity":"26781.000","price":"0.00090000","timestamp":1624822887,"volume":"24.10290000","buyTxId":"9d31673ac0325e75b58edfa38932d51be0831001","sellTxId":"3f10c7597031e9455c4f9dd1b2139454f07eeffe"}
{"index": {"_index":"sim","_id":"1176012"}}
	{"id":1176012,"type":"buy","buyer":"holoferncro","seller":"jelly-cz","symbol":"SIM","quantity":"111.000","price":"0.00093998","timestamp":1624822911,"volume":"0.10433778","buyTxId":"f9c519327404d212d3e4aae65069a484efe0ffc1","sellTxId":"MM-P-8177637-55155978-3-25-0"}
{"index": {"_index":"sim","_id":"1176055"}}
	{"id":1176055,"type":"sell","buyer":"d-pend","seller":"balte","symbol":"SIM","quantity":"9797.595","price":"0.00090000","timestamp":1624824732,"volume":"8.81783550","buyTxId":"9d31673ac0325e75b58edfa38932d51be0831001","sellTxId":"220320be1dc6ee3aa673cbfe2fb589047171a1b9"}
{"index": {"_index":"sim","_id":"1176056"}}
	{"id":1176056,"type":"sell","buyer":"freebornsociety","seller":"balte","symbol":"SIM","quantity":"16742.405","price":"0.00089080","timestamp":1624824732,"volume":"14.91413437","buyTxId":"MM-P-8178662-55157007-3-4-0","sellTxId":"220320be1dc6ee3aa673cbfe2fb589047171a1b9"}
{"index": {"_index":"sim","_id":"1176124"}}
	{"id":1176124,"type":"sell","buyer":"d-pend","seller":"deathwing","symbol":"SIM","quantity":"841","price":"0.00089000","timestamp":1624827306,"volume":"0.74849000","buyTxId":"34b312901b0f843fdb1eb291c88fd4c2cf38dc55","sellTxId":"3cde88a48061d84998c5546c1b39e0f903e2ec83-1"}
{"index": {"_index":"sim","_id":"1176132"}}
	{"id":1176132,"type":"buy","buyer":"udabeu","seller":"freebornsociety","symbol":"SIM","quantity":"444.000","price":"0.00093837","timestamp":1624827525,"volume":"0.41663628","buyTxId":"75adbfcd2cbfd513c583a0cf4e30828b381c53cf","sellTxId":"MM-P-8179559-55157906-3-4-1"}
{"index": {"_index":"sim","_id":"1176163"}}
	{"id":1176163,"type":"sell","buyer":"d-pend","seller":"florian-glechner","symbol":"SIM","quantity":"53.000","price":"0.00089000","timestamp":1624828002,"volume":"0.04717000","buyTxId":"34b312901b0f843fdb1eb291c88fd4c2cf38dc55","sellTxId":"f18b308e418f19e72f6c44a4b07e46976dbfd5fa"}
{"index": {"_index":"sim","_id":"1176167"}}
	{"id":1176167,"type":"sell","buyer":"d-pend","seller":"manoldonchev","symbol":"SIM","quantity":"1546.648","price":"0.00089000","timestamp":1624828236,"volume":"1.37651672","buyTxId":"34b312901b0f843fdb1eb291c88fd4c2cf38dc55","sellTxId":"fbc72305a09f1d87c800058643fcde4f20455908"}
{"index": {"_index":"sim","_id":"1176168"}}
	{"id":1176168,"type":"sell","buyer":"dcityfund","seller":"manoldonchev","symbol":"SIM","quantity":"22453.352","price":"0.00088200","timestamp":1624828236,"volume":"19.80385646","buyTxId":"16201b7de17eb143ac012d3486bab4a57a03d52e","sellTxId":"fbc72305a09f1d87c800058643fcde4f20455908"}
{"index": {"_index":"sim","_id":"1176229"}}
	{"id":1176229,"type":"sell","buyer":"mmrx","seller":"willsaldeno","symbol":"SIM","quantity":"1585.771","price":"0.00088201","timestamp":1624830591,"volume":"1.39866588","buyTxId":"MM-P-8180214-55158563-3-14-0","sellTxId":"94d02a3344c3af328d4fd61d335de38c730a8b61"}
{"index": {"_index":"sim","_id":"1176230"}}
	{"id":1176230,"type":"sell","buyer":"dcityfund","seller":"willsaldeno","symbol":"SIM","quantity":"887.229","price":"0.00088200","timestamp":1624830591,"volume":"0.78253598","buyTxId":"16201b7de17eb143ac012d3486bab4a57a03d52e","sellTxId":"94d02a3344c3af328d4fd61d335de38c730a8b61"}
{"index": {"_index":"sim","_id":"1176239"}}
	{"id":1176239,"type":"sell","buyer":"dcityfund","seller":"bearbear613","symbol":"SIM","quantity":"3322.606","price":"0.00088200","timestamp":1624830720,"volume":"2.93053849","buyTxId":"16201b7de17eb143ac012d3486bab4a57a03d52e","sellTxId":"3cb8b2d8c1ac9843852206dbf81218bb59dd2099"}
{"index": {"_index":"sim","_id":"1176252"}}
	{"id":1176252,"type":"buy","buyer":"thatcryptodave","seller":"mmrx","symbol":"SIM","quantity":"394.633","price":"0.00088199","timestamp":1624830912,"volume":"0.34806236","buyTxId":"41bba556755a61680942139b0f39f399041e9909","sellTxId":"MM-P-8180708-55159060-3-14-1"}
{"index": {"_index":"sim","_id":"1176254"}}
	{"id":1176254,"type":"sell","buyer":"mmrx","seller":"thegoliath","symbol":"SIM","quantity":"6000.000","price":"0.00088013","timestamp":1624830942,"volume":"5.28078000","buyTxId":"MM-P-8180708-55159060-3-14-0","sellTxId":"7426a48e4945018360e6fb11d172bf07eb14a0fc"}
{"index": {"_index":"sim","_id":"1176262"}}
	{"id":1176262,"type":"sell","buyer":"mmrx","seller":"kaelci","symbol":"SIM","quantity":"2052.150","price":"0.00088013","timestamp":1624831323,"volume":"1.80615878","buyTxId":"MM-P-8180708-55159060-3-14-0","sellTxId":"8bb96533aa5c0c4bfa34d22a1f9c257e91907bb9"}
{"index": {"_index":"sim","_id":"1176264"}}
	{"id":1176264,"type":"sell","buyer":"mmrx","seller":"enforcer48","symbol":"SIM","quantity":"4273.000","price":"0.00088013","timestamp":1624831362,"volume":"3.76079549","buyTxId":"MM-P-8180708-55159060-3-14-0","sellTxId":"e9a1ed46977282a9563dffca5bbae454307c250c"}
{"index": {"_index":"sim","_id":"1176315"}}
	{"id":1176315,"type":"sell","buyer":"mmrx","seller":"taitux","symbol":"SIM","quantity":"295.726","price":"0.00088013","timestamp":1624833987,"volume":"0.26027732","buyTxId":"MM-P-8180708-55159060-3-14-0","sellTxId":"60e304ec7342d94211d59657d140a2987e7825d4"}
{"index": {"_index":"sim","_id":"1176316"}}
	{"id":1176316,"type":"sell","buyer":"pinkfloyd878","seller":"taitux","symbol":"SIM","quantity":"25000.000","price":"0.00088012","timestamp":1624833987,"volume":"22.00300000","buyTxId":"1cc7583e9984603ba77575ea961ae97ba3269dfa","sellTxId":"60e304ec7342d94211d59657d140a2987e7825d4"}
{"index": {"_index":"sim","_id":"1176317"}}
	{"id":1176317,"type":"sell","buyer":"d-pend","seller":"taitux","symbol":"SIM","quantity":"539.704","price":"0.00088000","timestamp":1624833987,"volume":"0.47493952","buyTxId":"0dba83330defb13d6801c08b980a460d9bd9f68b","sellTxId":"60e304ec7342d94211d59657d140a2987e7825d4"}
{"index": {"_index":"sim","_id":"1176375"}}
	{"id":1176375,"type":"sell","buyer":"mmrx","seller":"he-index","symbol":"SIM","quantity":"718.276","price":"0.00088001","timestamp":1624836732,"volume":"0.63209006","buyTxId":"MM-P-8182091-55160456-3-14-0","sellTxId":"f2253c7f3cec4110d0298d2b5c274da816719253"}
{"index": {"_index":"sim","_id":"1176415"}}
	{"id":1176415,"type":"buy","buyer":"ironshield","seller":"jelly-cz","symbol":"SIM","quantity":"1000.000","price":"0.00088003","timestamp":1624837437,"volume":"0.88003000","buyTxId":"2049b9fcba4d374cc1d1ccc527eebfb53efcae32","sellTxId":"MM-P-8182601-55160968-3-25-0"}
{"index": {"_index":"sim","_id":"1176428"}}
	{"id":1176428,"type":"sell","buyer":"mmrx","seller":"solarpowers","symbol":"SIM","quantity":"2000.280","price":"0.00088001","timestamp":1624837818,"volume":"1.76026640","buyTxId":"MM-P-8182091-55160456-3-14-0","sellTxId":"c8e9667d998d8ea0268100d4447e48adfd3f25b7"}
{"index": {"_index":"sim","_id":"1176429"}}
	{"id":1176429,"type":"sell","buyer":"d-pend","seller":"solarpowers","symbol":"SIM","quantity":"11825.720","price":"0.00088000","timestamp":1624837818,"volume":"10.40663360","buyTxId":"0dba83330defb13d6801c08b980a460d9bd9f68b","sellTxId":"c8e9667d998d8ea0268100d4447e48adfd3f25b7"}
{"index": {"_index":"sim","_id":"1176430"}}
	{"id":1176430,"type":"sell","buyer":"d-pend","seller":"freebornsociety","symbol":"SIM","quantity":"16298.405","price":"0.00088000","timestamp":1624837902,"volume":"14.34259640","buyTxId":"0dba83330defb13d6801c08b980a460d9bd9f68b","sellTxId":"MM-P-8183030-55161398-3-4-0"}
{"index": {"_index":"sim","_id":"1176431"}}
	{"id":1176431,"type":"buy","buyer":"maryjane.tech4","seller":"nftmart.fees","symbol":"SIM","quantity":"157.000","price":"0.00088002","timestamp":1624838067,"volume":"0.13816314","buyTxId":"26e0a4da9ca0f3ebc6ef0698049895f98347938d","sellTxId":"ee385867e8737c06e025228ffa4f9370a0e193a8-0"}
{"index": {"_index":"sim","_id":"1176432"}}
	{"id":1176432,"type":"buy","buyer":"maryjane.tech4","seller":"jelly-cz","symbol":"SIM","quantity":"4601.000","price":"0.00088003","timestamp":1624838067,"volume":"4.04901803","buyTxId":"26e0a4da9ca0f3ebc6ef0698049895f98347938d","sellTxId":"MM-P-8182601-55160968-3-25-0"}
{"index": {"_index":"sim","_id":"1176433"}}
	{"id":1176433,"type":"sell","buyer":"d-pend","seller":"jelly-cz","symbol":"SIM","quantity":"87224.000","price":"0.00088000","timestamp":1624838112,"volume":"76.75712000","buyTxId":"0dba83330defb13d6801c08b980a460d9bd9f68b","sellTxId":"MM-P-8183098-55161468-3-25-0"}
{"index": {"_index":"sim","_id":"1176446"}}
	{"id":1176446,"type":"sell","buyer":"d-pend","seller":"jelly-cz","symbol":"SIM","quantity":"34112.171","price":"0.00088000","timestamp":1624838412,"volume":"30.01871048","buyTxId":"0dba83330defb13d6801c08b980a460d9bd9f68b","sellTxId":"MM-P-8183198-55161568-3-25-0"}
{"index": {"_index":"sim","_id":"1176502"}}
	{"id":1176502,"type":"buy","buyer":"mhuii","seller":"rachaeldwatson","symbol":"SIM","quantity":"3.171","price":"0.00087900","timestamp":1624840983,"volume":"0.00278731","buyTxId":"2d3b2c5018dadeded84d399f17d4de0a1baf2951","sellTxId":"52be3c72bb7b658601d3ee38311591203f9c7ae4"}
{"index": {"_index":"sim","_id":"1176509"}}
	{"id":1176509,"type":"buy","buyer":"mhuii","seller":"jelly-cz","symbol":"SIM","quantity":"11500.000","price":"0.00087973","timestamp":1624841208,"volume":"10.11689500","buyTxId":"6142e9e05382fb951ae6aaccab14d773453adeb0","sellTxId":"MM-P-8184095-55162467-3-25-0"}
{"index": {"_index":"sim","_id":"1176544"}}
	{"id":1176544,"type":"buy","buyer":"mhuii","seller":"jelly-cz","symbol":"SIM","quantity":"22581.022","price":"0.00087964","timestamp":1624842147,"volume":"19.86317019","buyTxId":"eabb85c3e3653e83d5dcb35dbc167f25f5a4b856","sellTxId":"MM-P-8184395-55162767-3-25-0"}
{"index": {"_index":"sim","_id":"1176556"}}
	{"id":1176556,"type":"buy","buyer":"mhuii","seller":"jelly-cz","symbol":"SIM","quantity":"20000.000","price":"0.00087955","timestamp":1624843065,"volume":"17.59100000","buyTxId":"b6a284f6b6c6eb5b5ee590ceeb823e915ea1a6d4","sellTxId":"MM-P-8184695-55163067-3-25-0"}
{"index": {"_index":"sim","_id":"1176564"}}
	{"id":1176564,"type":"sell","buyer":"ironshield","seller":"darmst5339","symbol":"SIM","quantity":"0.164","price":"0.00087200","timestamp":1624844094,"volume":"0.00014301","buyTxId":"4d38e96b91fd22e4f328d62e6f9b4afb269734cd","sellTxId":"6402ba675bd131f9433b553fc097c9bf3b14414b"}
{"index": {"_index":"sim","_id":"1176577"}}
	{"id":1176577,"type":"buy","buyer":"pinkfloyd878","seller":"jelly-cz","symbol":"SIM","quantity":"87224.000","price":"0.00087940","timestamp":1624844637,"volume":"76.70478560","buyTxId":"ecf487785d6c12796b59af5e27ae77c981b4ea90","sellTxId":"MM-P-8185193-55163567-3-25-0"}
{"index": {"_index":"sim","_id":"1176579"}}
	{"id":1176579,"type":"buy","buyer":"pinkfloyd878","seller":"mmrx","symbol":"SIM","quantity":"16530.570","price":"0.00087942","timestamp":1624844667,"volume":"14.53731387","buyTxId":"29a5d3ae7aecce145d9dc0c9f04eebcc73ab5133","sellTxId":"MM-P-8185182-55163556-3-14-0"}
{"index": {"_index":"sim","_id":"1176580"}}
	{"id":1176580,"type":"buy","buyer":"pinkfloyd878","seller":"nftmart.fees","symbol":"SIM","quantity":"139.000","price":"0.00087947","timestamp":1624844703,"volume":"0.12224633","buyTxId":"2b37df641c6902433f6b315907bb18d9ae71a3d7","sellTxId":"63c980c994fdcee29ecd3ae75032c3fe61f4975c-0"}
{"index": {"_index":"sim","_id":"1176593"}}
	{"id":1176593,"type":"buy","buyer":"pinkfloyd878","seller":"bearbear613","symbol":"SIM","quantity":"3262.499","price":"0.00088200","timestamp":1624844778,"volume":"2.87752412","buyTxId":"f239d1186d4e067cf0632d356910ae618b4f658f","sellTxId":"3cb8b2d8c1ac9843852206dbf81218bb59dd2099"}
{"index": {"_index":"sim","_id":"1176602"}}
	{"id":1176602,"type":"sell","buyer":"pinkfloyd878","seller":"goldcoin","symbol":"SIM","quantity":"32.951","price":"0.00087950","timestamp":1624845939,"volume":"0.02898040","buyTxId":"2b37df641c6902433f6b315907bb18d9ae71a3d7","sellTxId":"7e22c8caaf6ad006d42ca2f07d644749c0989ac1"}
{"index": {"_index":"sim","_id":"1176628"}}
	{"id":1176628,"type":"sell","buyer":"pinkfloyd878","seller":"theguruasia","symbol":"SIM","quantity":"300.483","price":"0.00087950","timestamp":1624846782,"volume":"0.26427480","buyTxId":"2b37df641c6902433f6b315907bb18d9ae71a3d7","sellTxId":"c0b8b7eaa93cbd37d3dee7e2db8739e0ee4b90a9"}
{"index": {"_index":"sim","_id":"1176632"}}
	{"id":1176632,"type":"sell","buyer":"pinkfloyd878","seller":"thesimguru","symbol":"SIM","quantity":"4527.566","price":"0.00087950","timestamp":1624846983,"volume":"3.98199430","buyTxId":"2b37df641c6902433f6b315907bb18d9ae71a3d7","sellTxId":"f0cf0ac82803c68e906b9aebae2a6d304eba879d"}
{"index": {"_index":"sim","_id":"1176633"}}
	{"id":1176633,"type":"sell","buyer":"freebornsociety","seller":"thesimguru","symbol":"SIM","quantity":"8897.918","price":"0.00087280","timestamp":1624847094,"volume":"7.76610283","buyTxId":"MM-P-8186016-55164396-3-4-0","sellTxId":"1ad21cbf4a034b8f14b2de2a731c1f29aadf1637"}
{"index": {"_index":"sim","_id":"1176661"}}
	{"id":1176661,"type":"sell","buyer":"ironshield","seller":"theguruasia","symbol":"SIM","quantity":"1705.759","price":"0.00087200","timestamp":1624848771,"volume":"1.48742185","buyTxId":"4d38e96b91fd22e4f328d62e6f9b4afb269734cd","sellTxId":"fd250f60f24b673a16fa6acd91ff8d35f0843e93"}
{"index": {"_index":"sim","_id":"1176668"}}
	{"id":1176668,"type":"sell","buyer":"ironshield","seller":"brofi-market","symbol":"SIM","quantity":"109.953","price":"0.00087200","timestamp":1624848885,"volume":"0.09587902","buyTxId":"4d38e96b91fd22e4f328d62e6f9b4afb269734cd","sellTxId":"01f4b309763dc2ca874f54beb230076a971d67c0"}
