{"id":3122785,"type":"buy","buyer":"ianmcg","seller":"jelly-cz","symbol":"SIM","quantity":"53000.000","price":"0.00037723","timestamp":1649041074,"volume":"19.99319000","buyTxId":"d84a93c04a4b2408f90a6259f0a6910e79288b01","sellTxId":"MM-P-16217484-63206410-3-29-0"
{"id":3122786,"type":"sell","buyer":"pi-trader","seller":"steemwija","symbol":"SIM","quantity":"343.223","price":"0.00035005","timestamp":1649041092,"volume":"0.12014521","buyTxId":"b918070426f62849fc6e0afbc303c7bab1db6883-3","sellTxId":"b9160af5033130d6080355502ebcd6501b2e27bb"
{"id":3122828,"type":"sell","buyer":"ianmcg","seller":"svirus","symbol":"SIM","quantity":"59744.710","price":"0.00037721","timestamp":1649041968,"volume":"22.53630206","buyTxId":"49f7d5a9739526cde02f6104d2e2eef8ed9e5e2a","sellTxId":"b3afd49822dac8916d71d082c2bac9a9fd040d37-1"
{"id":3122838,"type":"sell","buyer":"pi-trader","seller":"valor2s","symbol":"SIM","quantity":"49.664","price":"0.00035007","timestamp":1649042058,"volume":"0.01738588","buyTxId":"663462138264a6dbb740a910d29eec10bc4d92d8-3","sellTxId":"006793ad070a33d37f12de15306baecef4caef70"
{"id":3122884,"type":"sell","buyer":"pi-trader","seller":"theguruasia","symbol":"SIM","quantity":"1147.060","price":"0.00035005","timestamp":1649043054,"volume":"0.40152835","buyTxId":"13b3f5d1da24e158200cb16cd7f4e209e84fc45f-1","sellTxId":"ba8f1c64cdffd5f5a1c50697a687994ef15780ba"
{"id":3123036,"type":"sell","buyer":"pi-trader","seller":"bearbear613","symbol":"SIM","quantity":"160.004","price":"0.00035005","timestamp":1649044653,"volume":"0.05600940","buyTxId":"f84f49002dfd283311ec9973ed3fa25c8a0380d8-3","sellTxId":"c9232bd4bd362df710758d099040b0beceb091db"
{"id":3123045,"type":"buy","buyer":"sevenoh-fiveoh","seller":"nftmart.fees","symbol":"SIM","quantity":"15.000","price":"0.00037722","timestamp":1649044773,"volume":"0.00565830","buyTxId":"97361c41d829c684ef8897d874baf9c0d65097ec","sellTxId":"b693d56a2404cfe2c86edf62892bb003f7413152-0"
{"id":3123046,"type":"buy","buyer":"sevenoh-fiveoh","seller":"jelly-cz","symbol":"SIM","quantity":"10869.000","price":"0.00037723","timestamp":1649044773,"volume":"4.10011287","buyTxId":"97361c41d829c684ef8897d874baf9c0d65097ec","sellTxId":"MM-P-16217484-63206410-3-29-0"
{"id":3123154,"type":"buy","buyer":"thatsweeneyguy","seller":"nftmart.fees","symbol":"SIM","quantity":"13.000","price":"0.00037722","timestamp":1649046378,"volume":"0.00490386","buyTxId":"3745cce3136024229a4761c2c53c53323ec242bf","sellTxId":"1a9aae9394026faabdb5c3d3e52e1addd91908e0-0"
{"id":3123155,"type":"buy","buyer":"thatsweeneyguy","seller":"jelly-cz","symbol":"SIM","quantity":"6387.000","price":"0.00037723","timestamp":1649046378,"volume":"2.40936801","buyTxId":"3745cce3136024229a4761c2c53c53323ec242bf","sellTxId":"MM-P-16217484-63206410-3-29-0"
{"id":3123218,"type":"buy","buyer":"maryjane.main","seller":"nftmart.fees","symbol":"SIM","quantity":"11.000","price":"0.00037722","timestamp":1649047764,"volume":"0.00414942","buyTxId":"220123a87bc857b48405d99f12c21a91bef86c32","sellTxId":"230ef5fb853ff5e62b1d57bcb846943a38a83635-0"
{"id":3123224,"type":"buy","buyer":"maryjane.main","seller":"jelly-cz","symbol":"SIM","quantity":"58.054","price":"0.00037723","timestamp":1649047902,"volume":"0.02189971","buyTxId":"70f67eac32f83214aaf9cd190c7d94fc8c97a994","sellTxId":"MM-P-16217484-63206410-3-29-0"
{"id":3123241,"type":"sell","buyer":"pi-trader","seller":"ericburgoyne","symbol":"SIM","quantity":"157.758","price":"0.00035005","timestamp":1649048046,"volume":"0.05522319","buyTxId":"3dbbf99131ab1e1e134e266c3b8049aabb8746f4-3","sellTxId":"dec4184917b8ed48cd28d3f2461c191c9d8b97f3"
{"id":3123464,"type":"buy","buyer":"meanbees","seller":"nftmart.fees","symbol":"SIM","quantity":"189.000","price":"0.00037721","timestamp":1649051715,"volume":"0.07129269","buyTxId":"5707ba5a28e0f08034ab9695b8f5e7bb1445b740","sellTxId":"17d5169766a7c92b19a1a0a002391000106c234b-0"
{"id":3123465,"type":"buy","buyer":"meanbees","seller":"jelly-cz","symbol":"SIM","quantity":"175569.946","price":"0.00037723","timestamp":1649051715,"volume":"66.23025073","buyTxId":"5707ba5a28e0f08034ab9695b8f5e7bb1445b740","sellTxId":"MM-P-16217484-63206410-3-29-0"
{"id":3123627,"type":"sell","buyer":"meanbees","seller":"dcityexperiment","symbol":"SIM","quantity":"241.054","price":"0.00037723","timestamp":1649053245,"volume":"0.09093280","buyTxId":"5707ba5a28e0f08034ab9695b8f5e7bb1445b740","sellTxId":"1d007bec5950e06bacdfa90567ee46e3ef276b15"
{"id":3123628,"type":"sell","buyer":"pi-trader","seller":"dcityexperiment","symbol":"SIM","quantity":"149758.946","price":"0.00035005","timestamp":1649053245,"volume":"52.42311905","buyTxId":"da6b2e904714eca2b8c61efa6b535227db50bde4-3","sellTxId":"1d007bec5950e06bacdfa90567ee46e3ef276b15"
{"id":3123633,"type":"sell","buyer":"pi-trader","seller":"dcityexperiment","symbol":"SIM","quantity":"51231.500","price":"0.00035005","timestamp":1649053284,"volume":"17.93358658","buyTxId":"0f33ca76ec71d0523aac34484debffa33369a80c-3","sellTxId":"315f4c3abe35298e2070758fbcebe07721c492d4"
{"id":3123677,"type":"sell","buyer":"pi-trader","seller":"onealfa","symbol":"SIM","quantity":"8178","price":"0.00035005","timestamp":1649053938,"volume":"2.86270890","buyTxId":"9fce1b654953599afef39c218b352640340aa10e-5","sellTxId":"9f1e12d56859a8321fd09df08fc1d509f3e865f3"
{"id":3123786,"type":"sell","buyer":"pi-trader","seller":"lifeskills-tv","symbol":"SIM","quantity":"298.669","price":"0.00035005","timestamp":1649055489,"volume":"0.10454908","buyTxId":"f6c56aff2227dd7d63e91f2b55b99f6ec9ff4950-3","sellTxId":"9db975908212407df13bc636c6ba5853e4381a25"
{"id":3123910,"type":"buy","buyer":"mfblack","seller":"nftmart.fees","symbol":"SIM","quantity":"166.000","price":"0.00037618","timestamp":1649057409,"volume":"0.06244588","buyTxId":"6b39c2e02423ac31d1dfd99ee34edbfcf2ea6b6a","sellTxId":"eccd0dc7d13a58938f8c344120f6cf7a6c4dc564-0"
{"id":3123911,"type":"buy","buyer":"mfblack","seller":"jelly-cz","symbol":"SIM","quantity":"79834.000","price":"0.00037619","timestamp":1649057409,"volume":"30.03275246","buyTxId":"6b39c2e02423ac31d1dfd99ee34edbfcf2ea6b6a","sellTxId":"MM-P-16222367-63211296-3-29-0"
{"id":3123930,"type":"buy","buyer":"mfblack","seller":"jelly-cz","symbol":"SIM","quantity":"40000.000","price":"0.00037619","timestamp":1649057802,"volume":"15.04760000","buyTxId":"060c39f4a46c389ac2d83ae2de549414f0e6f6df","sellTxId":"MM-P-16222367-63211296-3-29-0"
{"id":3123933,"type":"buy","buyer":"mfblack","seller":"jelly-cz","symbol":"SIM","quantity":"1000.000","price":"0.00037619","timestamp":1649057835,"volume":"0.37619000","buyTxId":"cb8566de018d81645d91119a02c93267de6275f4","sellTxId":"MM-P-16222367-63211296-3-29-0"
{"id":3124005,"type":"buy","buyer":"mfblack","seller":"nftmart.fees","symbol":"SIM","quantity":"144.000","price":"0.00037618","timestamp":1649058543,"volume":"0.05416992","buyTxId":"1b0a0c00d0f47b3968c1f3ec61168bb487d931ae","sellTxId":"3962e0a7797dd15ccd38844797cd922c22fdb215-0"
{"id":3124006,"type":"sell","buyer":"mfblack","seller":"svirus","symbol":"SIM","quantity":"35856.000","price":"0.00037618","timestamp":1649058549,"volume":"13.48831008","buyTxId":"1b0a0c00d0f47b3968c1f3ec61168bb487d931ae","sellTxId":"299d0fdb6331d4ba1f4295985803cd5c833d3920-1"
{"id":3124011,"type":"buy","buyer":"mfblack","seller":"jelly-cz","symbol":"SIM","quantity":"80000.000","price":"0.00037619","timestamp":1649058642,"volume":"30.09520000","buyTxId":"0fefd250fa3c96426798d9d2715ce17b3c6d582f","sellTxId":"MM-P-16222367-63211296-3-29-0"
{"id":3124032,"type":"buy","buyer":"mfblack","seller":"jelly-cz","symbol":"SIM","quantity":"40000.000","price":"0.00037619","timestamp":1649059119,"volume":"15.04760000","buyTxId":"55a01510c1acae79637f9451e2c5c5d1795ea62a","sellTxId":"MM-P-16222367-63211296-3-29-0"
{"id":3124110,"type":"buy","buyer":"mfblack","seller":"pi-trader","symbol":"SIM","quantity":"40000.000","price":"0.00038190","timestamp":1649060592,"volume":"15.27600000","buyTxId":"a76dae7bb747e268103cfc0442b2cc5ba81a0c44","sellTxId":"2dc8371ad05a88086b5c999478128057b307ae06-5"
{"id":3124138,"type":"sell","buyer":"pi-trader","seller":"monsterjamgold","symbol":"SIM","quantity":"2026.558","price":"0.00035005","timestamp":1649061240,"volume":"0.70939663","buyTxId":"466bb3654cb02aea8e297d67d87512ebd1014263-3","sellTxId":"d4fef584688b5cf17f97820e611c0b91502a9c38"
{"id":3124161,"type":"buy","buyer":"mfblack","seller":"nftmart.fees","symbol":"SIM","quantity":"109.000","price":"0.00038033","timestamp":1649061597,"volume":"0.04145597","buyTxId":"a371cbf90573b8499e19d8afa6f20bbe97295d67","sellTxId":"ba521cab6caba6ce6aed3b4d7e7495e3d7ebaeb3-0"
{"id":3124162,"type":"buy","buyer":"mfblack","seller":"pi-trader","symbol":"SIM","quantity":"3891.000","price":"0.00038034","timestamp":1649061597,"volume":"1.47990294","buyTxId":"a371cbf90573b8499e19d8afa6f20bbe97295d67","sellTxId":"43b638afa84c51e23816b06dabc54bdeeeae8b7c-5"
{"id":3124273,"type":"sell","buyer":"pi-trader","seller":"morzex","symbol":"SIM","quantity":"1452.493","price":"0.00036001","timestamp":1649062842,"volume":"0.52291200","buyTxId":"9d400ae702577d3ebb98d2ed8157029e5f89eb9c-1","sellTxId":"bc706fc141a93724307299a05dfcccaf95919a57"
{"id":3124304,"type":"sell","buyer":"pi-trader","seller":"itharagaian","symbol":"SIM","quantity":"18.000","price":"0.00036001","timestamp":1649063202,"volume":"0.00648018","buyTxId":"c3ab4a844ef5c749418ceda559bed2a1668d60a3-3","sellTxId":"dbcafbfb33bc1d277887fe1c166b40df968da0cb"
{"id":3124321,"type":"sell","buyer":"pi-trader","seller":"pele23","symbol":"SIM","quantity":"0.014","price":"0.00036001","timestamp":1649063262,"volume":"0.00000504","buyTxId":"c8b4089b5254d57b9d3422892cf5e3964dd4ad70-5","sellTxId":"3ebaa0dd940745d2c7896100238fe3f0adaa0ac1"
{"id":3124342,"type":"buy","buyer":"morzex","seller":"jelly-cz","symbol":"SIM","quantity":"4288.265","price":"0.00037775","timestamp":1649063628,"volume":"1.61989224","buyTxId":"e285170f968bb5ea72c410ad15d77b6fa0304587","sellTxId":"MM-P-16224854-63213785-3-29-0"
{"id":3124665,"type":"sell","buyer":"pi-trader","seller":"axeman","symbol":"SIM","quantity":"2683.000","price":"0.00036001","timestamp":1649067453,"volume":"0.96590683","buyTxId":"df5642b1f141edb0a5e21e064cec58ffc59f6a9b-1","sellTxId":"80dd03f568da280fd5a4028e944703ff17db684f"
{"id":3124813,"type":"sell","buyer":"pi-trader","seller":"bitcoinflood","symbol":"SIM","quantity":"182.579","price":"0.00036001","timestamp":1649069085,"volume":"0.06573027","buyTxId":"f42995ceab14b9c273f58502c0b2df5d053cfe9d-3","sellTxId":"9a616071b7dc607dcb249fe2644c75c27a868cfd"
{"id":3124942,"type":"buy","buyer":"dswap","seller":"nftmart.fees","symbol":"SIM","quantity":"118.000","price":"0.00037518","timestamp":1649070822,"volume":"0.04427124","buyTxId":"07e38756eb13091d918085b6dec748fa8e924318","sellTxId":"8c4aabd2538deba73d7ce15528205d06e44c07da-0"
{"id":3124943,"type":"buy","buyer":"dswap","seller":"jelly-cz","symbol":"SIM","quantity":"3337.085","price":"0.00037519","timestamp":1649070822,"volume":"1.25204110","buyTxId":"07e38756eb13091d918085b6dec748fa8e924318","sellTxId":"MM-P-16225751-63214684-3-29-0"
{"id":3124976,"type":"buy","buyer":"dswap","seller":"jelly-cz","symbol":"SIM","quantity":"1839.068","price":"0.00037519","timestamp":1649071074,"volume":"0.69","buyTxId":"b7ac4c1638eec3a70ef0ad5b112f8ac05424e4ce","sellTxId":"MM-P-16225751-63214684-3-29-0"
{"id":3124995,"type":"sell","buyer":"pi-trader","seller":"tomhall","symbol":"SIM","quantity":"193.768","price":"0.00036001","timestamp":1649071308,"volume":"0.06975842","buyTxId":"02fa96b54bb8e7286596f102803deb7ede278fa2-5","sellTxId":"f99cdd319c336f1fd738ecb6efbffba17e1b1c9e"
{"id":3125038,"type":"sell","buyer":"pi-trader","seller":"sra1992","symbol":"SIM","quantity":"57407.739","price":"0.00036001","timestamp":1649071917,"volume":"20.66736012","buyTxId":"fe51a8c50e65c42393d1f15f4b5f74bec3616cfa-7","sellTxId":"9b9d89d5fc409b9078b39b920888704601846147"
{"id":3125099,"type":"sell","buyer":"pi-trader","seller":"bearmol","symbol":"SIM","quantity":"1.036","price":"0.00036001","timestamp":1649072568,"volume":"0.00037297","buyTxId":"ab7456fd875a31f58d7ffd970b03cd432cd7e3cd-3","sellTxId":"81889ac960a7f6e1ffb595b939fdd798af812e9d"
{"id":3125391,"type":"sell","buyer":"pi-trader","seller":"dhedge-drips","symbol":"SIM","quantity":"24.797","price":"0.00036001","timestamp":1649076324,"volume":"0.00892717","buyTxId":"14b60ca216a1009f796fda30cee82a3f221bd09a-4","sellTxId":"768682c3129be9df3671fa3c6dc2af30071f8381"
{"id":3125573,"type":"sell","buyer":"pi-trader","seller":"steem82868","symbol":"SIM","quantity":"0.001","price":"0.00036001","timestamp":1649078028,"volume":"0.00000036","buyTxId":"8994cf1c2e11a366fadb4c26b90162203b9c1ddb-3","sellTxId":"fae86f319b83e73806a85383b41f4f73ce3215bf"
{"id":3125774,"type":"sell","buyer":"pi-trader","seller":"miketr","symbol":"SIM","quantity":"402.895","price":"0.00036001","timestamp":1649080251,"volume":"0.14504623","buyTxId":"fe27e133d29be6dce9835d1e201ddc38f33e1b97-1","sellTxId":"7df00a89fd0d88a11a874cdf6b5c3a3a679fdf6f"
{"id":3125866,"type":"sell","buyer":"pi-trader","seller":"loganhate","symbol":"SIM","quantity":"262.000","price":"0.00036001","timestamp":1649081277,"volume":"0.09432262","buyTxId":"dfe6837df260c06029a506bd016e90dfa15c0a5e-3","sellTxId":"4a6168b7e355e0a7e92774bc1f606defd05f1c16"
{"id":3125950,"type":"sell","buyer":"pi-trader","seller":"dswap","symbol":"SIM","quantity":"0.579","price":"0.00036001","timestamp":1649082072,"volume":"0.00020845","buyTxId":"0a86354459a7fc2ebf2503d0415245aa0f579f2c-3","sellTxId":"1a9591c07a0a1a11769cb50cd77ee8a32b220225"
{"id":3125998,"type":"buy","buyer":"xezat","seller":"nftmart.fees","symbol":"SIM","quantity":"103.000","price":"0.00037517","timestamp":1649082477,"volume":"0.03864251","buyTxId":"3625e0c35359049effeb23777a91e4d4109d487d","sellTxId":"eb9457d026083a74b69063e3e7ab196a24ba89d8-0"
{"id":3125999,"type":"buy","buyer":"xezat","seller":"dhedge-drips","symbol":"SIM","quantity":"24.797","price":"0.00037518","timestamp":1649082477,"volume":"0.00930334","buyTxId":"3625e0c35359049effeb23777a91e4d4109d487d","sellTxId":"f5dcf0d440ccfa1fc73deb2a1895118e8de5be9a"
{"id":3126000,"type":"buy","buyer":"xezat","seller":"jelly-cz","symbol":"SIM","quantity":"3912.293","price":"0.00037519","timestamp":1649082477,"volume":"1.46785321","buyTxId":"3625e0c35359049effeb23777a91e4d4109d487d","sellTxId":"MM-P-16225751-63214684-3-29-0"
{"id":3126009,"type":"buy","buyer":"dswap","seller":"jelly-cz","symbol":"SIM","quantity":"2665.316","price":"0.00037519","timestamp":1649082642,"volume":"1","buyTxId":"dd1321b56a01750a94c8ebf4db3a891c28954621","sellTxId":"MM-P-16225751-63214684-3-29-0"
{"id":3126050,"type":"buy","buyer":"jakkal","seller":"nftmart.fees","symbol":"SIM","quantity":"90.000","price":"0.00037518","timestamp":1649083305,"volume":"0.03376620","buyTxId":"516aceae82e7a7781eeb28c76c5df589fc74de6d","sellTxId":"4c526503886b46fbae88a0b2003a2d115e100e65-0"
{"id":3126051,"type":"buy","buyer":"jakkal","seller":"jelly-cz","symbol":"SIM","quantity":"1510.000","price":"0.00037519","timestamp":1649083305,"volume":"0.56653690","buyTxId":"516aceae82e7a7781eeb28c76c5df589fc74de6d","sellTxId":"MM-P-16225751-63214684-3-29-0"
{"id":3126054,"type":"buy","buyer":"dswap","seller":"jelly-cz","symbol":"SIM","quantity":"3430.426","price":"0.00037519","timestamp":1649083317,"volume":"1.2870618","buyTxId":"1afa5d934a38add10e5725c710ad10553f99ad7d","sellTxId":"MM-P-16225751-63214684-3-29-0"
{"id":3126166,"type":"sell","buyer":"pi-trader","seller":"votebetting","symbol":"SIM","quantity":"89.471","price":"0.00036001","timestamp":1649084025,"volume":"0.03221045","buyTxId":"3a45729cd4f3869f140cc239782f7e551fc6e6e4-5","sellTxId":"d0e0908ac3b2de82bd0688d9911b7cf0b4183e76"
{"id":3126655,"type":"sell","buyer":"pi-trader","seller":"brofi-market","symbol":"SIM","quantity":"0.004","price":"0.00036001","timestamp":1649088645,"volume":"0.00000144","buyTxId":"d6768e6625f33eeab1f2974643d4ed2af931057e-3","sellTxId":"e7425f58012968c1f88f4a5b8dca397c9fa87a29"
{"id":3126802,"type":"sell","buyer":"pi-trader","seller":"bearbear613","symbol":"SIM","quantity":"68.995","price":"0.00036001","timestamp":1649090562,"volume":"0.02483889","buyTxId":"b7611547ecd2da6bf2507899ea1803834a1116ab-3","sellTxId":"7a50954270bfd106593058ebfabdfcbae0d46d53"
{"id":3127027,"type":"sell","buyer":"pi-trader","seller":"medaymane","symbol":"SIM","quantity":"411.000","price":"0.00036001","timestamp":1649092137,"volume":"0.14796411","buyTxId":"a2448bc3f827a4a3259a7d0f5b0818c236f1e3de-3","sellTxId":"b76b3fe389c9368f923eedaa62493da2459f8a84"
{"id":3127146,"type":"sell","buyer":"pi-trader","seller":"dcityexperiment","symbol":"SIM","quantity":"20496.250","price":"0.00036001","timestamp":1649093136,"volume":"7.37885496","buyTxId":"0dcb3fc46620f10cdcde205117f787c6bdfa51aa-3","sellTxId":"4ef76f9a64b913911b9e1f99c12c7365f88a3ee5"
{"id":3127504,"type":"sell","buyer":"pi-trader","seller":"hive-189742","symbol":"SIM","quantity":"2.973","price":"0.00036004","timestamp":1649095566,"volume":"0.00107040","buyTxId":"aac4a0588baef0716d13f56c0dc9b8e888d4c8e3-1","sellTxId":"94e72be9e21afbb67174758dde6d242c7a03f7c7"
{"id":3127587,"type":"sell","buyer":"pi-trader","seller":"curatorcat.pal","symbol":"SIM","quantity":"1.150","price":"0.00036004","timestamp":1649096133,"volume":"0.00041405","buyTxId":"3e3f3a052baf2ca4931d3a87e95d66c2164d697a-2","sellTxId":"40a44592c9e11ce3508bb9d9d2522fa43791efcf"
{"id":3127725,"type":"sell","buyer":"pi-trader","seller":"dhedge-drips","symbol":"SIM","quantity":"0.001","price":"0.00036006","timestamp":1649097921,"volume":"0.00000036","buyTxId":"fb7b9996ca908f408eeec1c228c3b0dcf4af862a-1","sellTxId":"193bb23511312e41793ceff68364cb671acb1ffa"
{"id":3127883,"type":"buy","buyer":"mfblack","seller":"brofi-market","symbol":"SIM","quantity":"0.004","price":"0.00037519","timestamp":1649098866,"volume":"0.00000150","buyTxId":"6c203fcb4b6632c886543d9e6ad5fe113cca6073","sellTxId":"2004a1f4a97e71fa3966f044ac73953f0b467165"
{"id":3127884,"type":"buy","buyer":"mfblack","seller":"dhedge-drips","symbol":"SIM","quantity":"0.001","price":"0.00037519","timestamp":1649098866,"volume":"0.00000038","buyTxId":"6c203fcb4b6632c886543d9e6ad5fe113cca6073","sellTxId":"3b035dc6495b3236714b61df27a44e63193eb591"
{"id":3127885,"type":"buy","buyer":"mfblack","seller":"pi-trader","symbol":"SIM","quantity":"50000.000","price":"0.00038294","timestamp":1649098866,"volume":"19.14700000","buyTxId":"6c203fcb4b6632c886543d9e6ad5fe113cca6073","sellTxId":"945690dbd1fbd79bc4a4db0504e84a765d6396bf"
{"id":3127886,"type":"buy","buyer":"mfblack","seller":"pinkfloyd878","symbol":"SIM","quantity":"3916.500","price":"0.00038295","timestamp":1649098866,"volume":"1.49982368","buyTxId":"6c203fcb4b6632c886543d9e6ad5fe113cca6073","sellTxId":"67befaf40f1e031ba667851ece26ac1f4e3bbf87"
{"id":3127887,"type":"buy","buyer":"mfblack","seller":"dhedge-drips","symbol":"SIM","quantity":"0.006","price":"0.00038297","timestamp":1649098866,"volume":"0.00000230","buyTxId":"6c203fcb4b6632c886543d9e6ad5fe113cca6073","sellTxId":"ef7c728cd243a9f9d185de59438864d32ce22483"
{"id":3127888,"type":"buy","buyer":"mfblack","seller":"dhedge-drips","symbol":"SIM","quantity":"3060.198","price":"0.00038298","timestamp":1649098866,"volume":"1.17199463","buyTxId":"6c203fcb4b6632c886543d9e6ad5fe113cca6073","sellTxId":"134da6d76ad79aa7cad3763278e35a0bcb1a8af8"
{"id":3127889,"type":"buy","buyer":"mfblack","seller":"desyfit","symbol":"SIM","quantity":"9023.291","price":"0.00038940","timestamp":1649098866,"volume":"3.51366952","buyTxId":"6c203fcb4b6632c886543d9e6ad5fe113cca6073","sellTxId":"efea69f5e2bfccbcbea8c22e87445b2627b83407"
{"id":3127902,"type":"buy","buyer":"mfblack","seller":"pi-trader","symbol":"SIM","quantity":"32000.000","price":"0.00038939","timestamp":1649099094,"volume":"12.46048000","buyTxId":"9e31165c38a45aaa9c37235d3678c409d382e257","sellTxId":"373829a183287998cbce2999c16c59804406acb4-6"
{"id":3127908,"type":"buy","buyer":"mfblack","seller":"pi-trader","symbol":"SIM","quantity":"32000.000","price":"0.00038939","timestamp":1649099172,"volume":"12.46048000","buyTxId":"3266263188d4520d9d675196af0182d8e905ce99","sellTxId":"242cf161fe988b1f2a98d5a54c7f317acca629f4-4"
{"id":3127915,"type":"buy","buyer":"mfblack","seller":"pi-trader","symbol":"SIM","quantity":"32000.000","price":"0.00038939","timestamp":1649099271,"volume":"12.46048000","buyTxId":"138c74364ae46233d4a01353b2c8fdac44470818","sellTxId":"33e1208f2ccfd53f1b75c52e267572554378a137-6"
{"id":3127928,"type":"buy","buyer":"mfblack","seller":"pi-trader","symbol":"SIM","quantity":"32000.000","price":"0.00038496","timestamp":1649099526,"volume":"12.31872000","buyTxId":"d8848d2afdc59b7373d69a18ddb9798ad0118d9a","sellTxId":"eda82c0416d1a0918be3e3cae42e4e8c46de30d9-3"
{"id":3127967,"type":"sell","buyer":"pi-trader","seller":"bitcoinflood","symbol":"SIM","quantity":"1243.775","price":"0.00036006","timestamp":1649100039,"volume":"0.44783363","buyTxId":"14cdbd1d076b4a312f1ece2a060c86ec66e870a8-1","sellTxId":"0ab1b23dff422fe5a9ff7d2f0a71e555294b2a88"
{"id":3127972,"type":"buy","buyer":"mfblack","seller":"pi-trader","symbol":"SIM","quantity":"50000.000","price":"0.00038344","timestamp":1649100087,"volume":"19.17200000","buyTxId":"b7d9b2257699357be022ab6ce3c094fc0170943e","sellTxId":"a5850dbce6257aaf58429719399cd2d497da1c4f-10"
{"id":3127973,"type":"buy","buyer":"mfblack","seller":"jelly-cz","symbol":"SIM","quantity":"30000.000","price":"0.00038345","timestamp":1649100087,"volume":"11.50350000","buyTxId":"b7d9b2257699357be022ab6ce3c094fc0170943e","sellTxId":"MM-P-16237096-63226044-3-29-0"
{"id":3128021,"type":"sell","buyer":"pi-trader","seller":"valor2s","symbol":"SIM","quantity":"69.000","price":"0.00036006","timestamp":1649100429,"volume":"0.02484414","buyTxId":"8d678791e6a3b998223af35661f08578c67ca8a6-3","sellTxId":"e459ce69f4706edc22d75340e6b2bee60a42d159"
{"id":3128073,"type":"buy","buyer":"mfblack","seller":"pi-trader","symbol":"SIM","quantity":"50000.000","price":"0.00037888","timestamp":1649101254,"volume":"18.94400000","buyTxId":"31fa66cc49170cc2d0f416fcb19f8ff1dce2e961","sellTxId":"d46c2ac048db792a112d761485168b229cb4d54e-7"
{"id":3128074,"type":"buy","buyer":"mfblack","seller":"jelly-cz","symbol":"SIM","quantity":"30000.000","price":"0.00037889","timestamp":1649101254,"volume":"11.36670000","buyTxId":"31fa66cc49170cc2d0f416fcb19f8ff1dce2e961","sellTxId":"MM-P-16237493-63226441-3-29-0"
{"id":3128158,"type":"buy","buyer":"d-pend","seller":"jelly-cz","symbol":"SIM","quantity":"245884.000","price":"0.00037737","timestamp":1649102577,"volume":"92.78924508","buyTxId":"4b63d96520c39f23fc985a34ce85e9335daffd81","sellTxId":"MM-P-16237593-63226541-3-29-0"
{"id":3128159,"type":"buy","buyer":"d-pend","seller":"medaymane","symbol":"SIM","quantity":"1219.000","price":"0.00038040","timestamp":1649102577,"volume":"0.46370760","buyTxId":"4b63d96520c39f23fc985a34ce85e9335daffd81","sellTxId":"dc93f72c8a62f4a55ed60a3796e3a42baf6cb7fa"
{"id":3128160,"type":"buy","buyer":"d-pend","seller":"hcsparta","symbol":"SIM","quantity":"52897.000","price":"0.00038649","timestamp":1649102577,"volume":"20.44416153","buyTxId":"4b63d96520c39f23fc985a34ce85e9335daffd81","sellTxId":"d37d5c91682060e0a5c33e045071acb8005b8054"
{"id":3128161,"type":"sell","buyer":"pi-trader","seller":"vincentnijman","symbol":"SIM","quantity":"6459.966","price":"0.00036101","timestamp":1649102589,"volume":"2.33211233","buyTxId":"a1652ff9a97a61171d1961bffb0e11bc3fcfcadc-3","sellTxId":"6521529e1df36b4e47437d6f578f888a970d3b16"
{"id":3128376,"type":"buy","buyer":"jakkal","seller":"jelly-cz","symbol":"SIM","quantity":"1000.000","price":"0.00037737","timestamp":1649104857,"volume":"0.37737000","buyTxId":"718b3a410e834c353085b54f20d9ddec3b6ad7f2","sellTxId":"MM-P-16238591-63227539-3-30-0"
{"id":3128388,"type":"sell","buyer":"pi-trader","seller":"thisisawesome","symbol":"SIM","quantity":"3.149","price":"0.00036101","timestamp":1649104983,"volume":"0.00113682","buyTxId":"ab7b2279c96ae621844c8a26bc9058fa76578d30-5","sellTxId":"5939cc8440585dd4f6bb25c78f688ee995dea08a"
{"id":3128389,"type":"buy","buyer":"jakkal","seller":"jelly-cz","symbol":"SIM","quantity":"800.000","price":"0.00037737","timestamp":1649104983,"volume":"0.30189600","buyTxId":"f6b78ef6c3ba4e700556631dc4deb173543b4389","sellTxId":"MM-P-16238591-63227539-3-30-0"
{"id":3128716,"type":"sell","buyer":"pi-trader","seller":"operahoser","symbol":"SIM","quantity":"19.352","price":"0.00036101","timestamp":1649108037,"volume":"0.00698627","buyTxId":"be3d6f1d3288af7bf644cc2129418dcd6a552ab8-1","sellTxId":"bb1b14a7857846a91aa25d190402b1883f114a36"
{"id":3128899,"type":"sell","buyer":"pi-trader","seller":"he-index","symbol":"SIM","quantity":"174.871","price":"0.00036101","timestamp":1649109849,"volume":"0.06313018","buyTxId":"402f71d9ecab40668bd9727e59c1bf6a07de2ef2-1","sellTxId":"2317603ec8976f18980ebdaeb186a859a5f247c6"
{"id":3128906,"type":"sell","buyer":"pi-trader","seller":"bitcoinflood","symbol":"SIM","quantity":"121.232","price":"0.00036101","timestamp":1649109972,"volume":"0.04376596","buyTxId":"2de80dd80633ac237c868e8f4fcad0e5a741457a-3","sellTxId":"4c92700d3225b7cc45c175563e26920d4f7b7aaf"
{"id":3128912,"type":"sell","buyer":"pi-trader","seller":"andy4475","symbol":"SIM","quantity":"18.870","price":"0.00036101","timestamp":1649110092,"volume":"0.00681226","buyTxId":"d4b8634989b15d4dfce58280bceb215c70a61b89-1","sellTxId":"846ce8b37007591de22b9d714cc38fc57dd774dd"
{"id":3129139,"type":"sell","buyer":"pi-trader","seller":"bearbear613","symbol":"SIM","quantity":"1460.000","price":"0.00036101","timestamp":1649113458,"volume":"0.52707460","buyTxId":"6446b97cb4798aa8ff93a3aa20c2faa7fa9dceef-1","sellTxId":"57533cbcd5423dcf28c398e77a0183ce7352680a"
{"id":3129172,"type":"buy","buyer":"stickupcash","seller":"jelly-cz","symbol":"SIM","quantity":"837.245","price":"0.00037433","timestamp":1649113935,"volume":"0.31340592","buyTxId":"ba220ac5fe5a90cf6b5ea5e50923c338e1a5e1a3","sellTxId":"MM-P-16241281-63230234-3-30-0"
{"id":3129186,"type":"buy","buyer":"maryjane.main","seller":"jelly-cz","symbol":"SIM","quantity":"13254.994","price":"0.00037433","timestamp":1649114127,"volume":"4.96174190","buyTxId":"10182aa8cf9cdfb883093a6efc0db545519e86cb","sellTxId":"MM-P-16241281-63230234-3-30-0"
{"id":3129197,"type":"sell","buyer":"pi-trader","seller":"travelgirl","symbol":"SIM","quantity":"1929.000","price":"0.00036101","timestamp":1649114310,"volume":"0.69638829","buyTxId":"2efc097b791217adffb71af9fbc6885161f3c6ce-3","sellTxId":"f45fe9debcc22cb3f3436bd8ecb8f523eb7534dd"
{"id":3129360,"type":"sell","buyer":"pi-trader","seller":"rarej","symbol":"SIM","quantity":"3217.806","price":"0.00036501","timestamp":1649116731,"volume":"1.17453137","buyTxId":"cd01ffcbe6512b63f1f3e30d976e2a420d8c67cb-1","sellTxId":"480df3c54e2a0699ca427adb1842355caf93635d"
{"id":3129412,"type":"sell","buyer":"pi-trader","seller":"brofi-market","symbol":"SIM","quantity":"0.003","price":"0.00036501","timestamp":1649117601,"volume":"0.00000110","buyTxId":"3b4bbf129170ad592660f69abbcfa3314445f84f-6","sellTxId":"9977fe32249d54dbc7c089cd68d00114edbea5d1"
{"id":3129562,"type":"sell","buyer":"pi-trader","seller":"dhedge-drips","symbol":"SIM","quantity":"34.999","price":"0.00036501","timestamp":1649119521,"volume":"0.01277498","buyTxId":"4bb3d6a32f32362368540e7a16bc59a243f24a84-4","sellTxId":"3adc71a15837c1ed553c85db2a983fcfb6bea847"
{"id":3129627,"type":"buy","buyer":"maryjane.main","seller":"jelly-cz","symbol":"SIM","quantity":"6022.009","price":"0.00037131","timestamp":1649120769,"volume":"2.23603216","buyTxId":"f5253524147073f2321b8d353f4cc08671e30be3","sellTxId":"MM-P-16243675-63232629-3-30-0"
{"id":3129819,"type":"sell","buyer":"pi-trader","seller":"digital-fortress","symbol":"SIM","quantity":"2.508","price":"0.00036501","timestamp":1649123829,"volume":"0.00091545","buyTxId":"6011ce8bfd0e95f807c7c4048bf9a9b71b6ffc9e-1","sellTxId":"f6d362e3238a71d51d8fd30e1a7bf2afac25d0bf"
{"id":3129867,"type":"sell","buyer":"pi-trader","seller":"igr6479","symbol":"SIM","quantity":"1000.000","price":"0.00036501","timestamp":1649124747,"volume":"0.36501000","buyTxId":"f37cb5b7254013ddbab0e57b5db67cf4a76cf011-3","sellTxId":"de7594cbbb1fd91e43b99615030a2c43e632ed6f"
{"id":3129944,"type":"sell","buyer":"pi-trader","seller":"dswap","symbol":"SIM","quantity":"4000","price":"0.00036501","timestamp":1649125674,"volume":"1.46004000","buyTxId":"3421453b0070397573484f98c544e9d8b5b91801-3","sellTxId":"b155cea52d75bbc1c5c40180b548ffffc016714e"
{"id":3129954,"type":"sell","buyer":"pi-trader","seller":"laritheghost","symbol":"SIM","quantity":"60.830","price":"0.00036501","timestamp":1649125821,"volume":"0.02220356","buyTxId":"03f932456c56d63524989a7f5dcf0a9fa7d4b5fa-3","sellTxId":"363b2cc86d45c66771c92bd10d8266ea5c2b998b"
{"id":3129964,"type":"buy","buyer":"libert","seller":"jelly-cz","symbol":"SIM","quantity":"6859.497","price":"0.00037131","timestamp":1649126040,"volume":"2.547","buyTxId":"262172f044f352616edb1b3af40723e42a1f166f","sellTxId":"MM-P-16243675-63232629-3-30-0"
{"id":3130051,"type":"sell","buyer":"pi-trader","seller":"loganhate","symbol":"SIM","quantity":"124.000","price":"0.00036501","timestamp":1649126565,"volume":"0.04526124","buyTxId":"d76df10c3a15dd8e831aa9b5ab77fcecdd1e87ec-1","sellTxId":"d631b1d4ac09bceec7604d0e4b4c7756ee2c157b"
{"id":3130124,"type":"sell","buyer":"pi-trader","seller":"elevator09","symbol":"SIM","quantity":"4300.393","price":"0.00036501","timestamp":1649127285,"volume":"1.56968645","buyTxId":"ac2d3c45a9a4802be3fd7b64259a4bfacd51a636-4","sellTxId":"5b9f2b75a59b8a9cc8bccc8c7e93ba7989c90132"