{"index": {"_index":"sim","_id":"2868194"}}
	{"id":2868194,"type":"sell","buyer":"boycharlieplays","seller":"brofi-market","symbol":"SIM","quantity":"0.001","price":"0.00049598","timestamp":1645935105,"volume":"0.00000050","buyTxId":"1227fefc59313752e9d5aa8f4ba9364ed55005c4","sellTxId":"18602866b061f5821075492ef3bdcd7c58373bb1"}
{"index": {"_index":"sim","_id":"2868369"}}
	{"id":2868369,"type":"sell","buyer":"boycharlieplays","seller":"tonytrillions","symbol":"SIM","quantity":"0.019","price":"0.00049598","timestamp":1645938144,"volume":"0.00000942","buyTxId":"1227fefc59313752e9d5aa8f4ba9364ed55005c4","sellTxId":"605857ff39525cd29195c7567d4f2cbfeff98baf"}
{"index": {"_index":"sim","_id":"2868480"}}
	{"id":2868480,"type":"sell","buyer":"boycharlieplays","seller":"mango-juice","symbol":"SIM","quantity":"2232.024","price":"0.00049598","timestamp":1645940550,"volume":"1.10703926","buyTxId":"1227fefc59313752e9d5aa8f4ba9364ed55005c4","sellTxId":"60fa6ad89d38b07ecd6e29c6796b769b764685a3"}
{"index": {"_index":"sim","_id":"2868853"}}
	{"id":2868853,"type":"sell","buyer":"boycharlieplays","seller":"leizerstark","symbol":"SIM","quantity":"622.010","price":"0.00049598","timestamp":1645944552,"volume":"0.30850452","buyTxId":"1227fefc59313752e9d5aa8f4ba9364ed55005c4","sellTxId":"488f846fe25b7270c246a0eaaaa7bf19aeb3a864"}
{"index": {"_index":"sim","_id":"2868904"}}
	{"id":2868904,"type":"sell","buyer":"boycharlieplays","seller":"monsterjamgold","symbol":"SIM","quantity":"845.593","price":"0.00049598","timestamp":1645945596,"volume":"0.41939722","buyTxId":"1227fefc59313752e9d5aa8f4ba9364ed55005c4","sellTxId":"c1fc05f78e4ac78fb5c9b8c5abd55100d3c88679"}
{"index": {"_index":"sim","_id":"2869062"}}
	{"id":2869062,"type":"buy","buyer":"forexbrokr","seller":"brofi-market","symbol":"SIM","quantity":"0.003","price":"0.00049849","timestamp":1645948968,"volume":"0.00000150","buyTxId":"b06d9937e9e8f0565166240fe07d6efb3de1d4a1","sellTxId":"7a72743bc7f73e80fd211d9bd54de8fd2dd88f48"}
{"index": {"_index":"sim","_id":"2869063"}}
	{"id":2869063,"type":"buy","buyer":"forexbrokr","seller":"stormz-y","symbol":"SIM","quantity":"299.997","price":"0.00049849","timestamp":1645948968,"volume":"0.14954550","buyTxId":"b06d9937e9e8f0565166240fe07d6efb3de1d4a1","sellTxId":"6bdd53e463d18ac90ca41a1bf051067143fc5ec0"}
{"index": {"_index":"sim","_id":"2869085"}}
	{"id":2869085,"type":"sell","buyer":"boycharlieplays","seller":"heikki1337","symbol":"SIM","quantity":"10819.827","price":"0.00049598","timestamp":1645949535,"volume":"5.36641780","buyTxId":"1227fefc59313752e9d5aa8f4ba9364ed55005c4","sellTxId":"c03fd716bb799e719ca7b3504a901bf60f9dd50b"}
{"index": {"_index":"sim","_id":"2869137"}}
	{"id":2869137,"type":"sell","buyer":"boycharlieplays","seller":"bilpcoin.pay","symbol":"SIM","quantity":"5.828","price":"0.00049598","timestamp":1645950126,"volume":"0.00289057","buyTxId":"1227fefc59313752e9d5aa8f4ba9364ed55005c4","sellTxId":"e05f0e62bd8918aa0c01575bfec298ac6d0b873b"}
{"index": {"_index":"sim","_id":"2869396"}}
	{"id":2869396,"type":"buy","buyer":"ana-maria","seller":"stormz-y","symbol":"SIM","quantity":"4706.963","price":"0.00049849","timestamp":1645954068,"volume":"2.34637399","buyTxId":"874ed4d3ddacb5c4e0311ab48065d6c639360d4c","sellTxId":"6bdd53e463d18ac90ca41a1bf051067143fc5ec0"}
{"index": {"_index":"sim","_id":"2869397"}}
	{"id":2869397,"type":"buy","buyer":"ana-maria","seller":"medaymane","symbol":"SIM","quantity":"1011.000","price":"0.00049849","timestamp":1645954068,"volume":"0.50397339","buyTxId":"874ed4d3ddacb5c4e0311ab48065d6c639360d4c","sellTxId":"6e1ea0db1a6ae2acf82861351fb391f98553e467"}
{"index": {"_index":"sim","_id":"2869398"}}
	{"id":2869398,"type":"buy","buyer":"ana-maria","seller":"brofi-market","symbol":"SIM","quantity":"0.001","price":"0.00049849","timestamp":1645954068,"volume":"0.00000050","buyTxId":"874ed4d3ddacb5c4e0311ab48065d6c639360d4c","sellTxId":"368d02ac4ce07e4525cf2be8990746ccc5255f8e"}
{"index": {"_index":"sim","_id":"2869415"}}
	{"id":2869415,"type":"sell","buyer":"ana-maria","seller":"vaporent","symbol":"SIM","quantity":"282.036","price":"0.00049849","timestamp":1645954440,"volume":"0.14059212","buyTxId":"874ed4d3ddacb5c4e0311ab48065d6c639360d4c","sellTxId":"be87589b145aa8d5ff6f3e9adea8d573a8bc6926"}
{"index": {"_index":"sim","_id":"2869419"}}
	{"id":2869419,"type":"buy","buyer":"ana-maria","seller":"vaporent","symbol":"SIM","quantity":"6553.214","price":"0.00049849","timestamp":1645954590,"volume":"3.26671165","buyTxId":"47cd821f155c40e0db5c75a844bffcfbe467e427","sellTxId":"be87589b145aa8d5ff6f3e9adea8d573a8bc6926"}
{"index": {"_index":"sim","_id":"2869457"}}
	{"id":2869457,"type":"buy","buyer":"ana-maria","seller":"sbi-tokens","symbol":"SIM","quantity":"10000.000","price":"0.00049900","timestamp":1645955037,"volume":"4.99000000","buyTxId":"31a9eb2340a012704327bd74488723a39e3b2500","sellTxId":"9281e5a1ed046e0e60865679bb19abdc39337b19"}
{"index": {"_index":"sim","_id":"2869474"}}
	{"id":2869474,"type":"buy","buyer":"atomcollector","seller":"sbi-tokens","symbol":"SIM","quantity":"1000.000","price":"0.00049900","timestamp":1645955349,"volume":"0.49900000","buyTxId":"383139546829af6ea5a61cc896316710bee5245d","sellTxId":"9281e5a1ed046e0e60865679bb19abdc39337b19"}
{"index": {"_index":"sim","_id":"2869511"}}
	{"id":2869511,"type":"buy","buyer":"ana-maria","seller":"sbi-tokens","symbol":"SIM","quantity":"41809.585","price":"0.00049900","timestamp":1645955886,"volume":"20.86298292","buyTxId":"b02ff7aad6f351c8c4295d80d0f2c345983a820b","sellTxId":"9281e5a1ed046e0e60865679bb19abdc39337b19"}
{"index": {"_index":"sim","_id":"2869539"}}
	{"id":2869539,"type":"buy","buyer":"akalmendral","seller":"themarkymark","symbol":"SIM","quantity":"2696.000","price":"0.00050000","timestamp":1645956279,"volume":"1.34800000","buyTxId":"62858f4415c7f4e77296c944155c4dc24f41bffb","sellTxId":"9caf9e95443443d8e9c3cc224bc90f540497f990"}
{"index": {"_index":"sim","_id":"2869547"}}
	{"id":2869547,"type":"buy","buyer":"ana-maria","seller":"themarkymark","symbol":"SIM","quantity":"3150.000","price":"0.00050000","timestamp":1645956393,"volume":"1.57500000","buyTxId":"24f8056608f13f36ae06411bb9d07feccb84a0c9","sellTxId":"9caf9e95443443d8e9c3cc224bc90f540497f990"}
{"index": {"_index":"sim","_id":"2869661"}}
	{"id":2869661,"type":"sell","buyer":"ana-maria","seller":"luca-legend","symbol":"SIM","quantity":"3316.786","price":"0.00049849","timestamp":1645957689,"volume":"1.65338465","buyTxId":"47cd821f155c40e0db5c75a844bffcfbe467e427","sellTxId":"c7c6b733abacc130bbf4447b9a265e8c3bef2ae4"}
{"index": {"_index":"sim","_id":"2869662"}}
	{"id":2869662,"type":"sell","buyer":"boycharlieplays","seller":"luca-legend","symbol":"SIM","quantity":"33398.214","price":"0.00049598","timestamp":1645957689,"volume":"16.56484618","buyTxId":"1227fefc59313752e9d5aa8f4ba9364ed55005c4","sellTxId":"c7c6b733abacc130bbf4447b9a265e8c3bef2ae4"}
{"index": {"_index":"sim","_id":"2869698"}}
	{"id":2869698,"type":"buy","buyer":"ana-maria","seller":"themarkymark","symbol":"SIM","quantity":"12904.317","price":"0.00050000","timestamp":1645958310,"volume":"6.45215850","buyTxId":"73fa29b49ab3ab4fab9d0e0676e82e1de10983de","sellTxId":"9caf9e95443443d8e9c3cc224bc90f540497f990"}
{"index": {"_index":"sim","_id":"2869699"}}
	{"id":2869699,"type":"buy","buyer":"ana-maria","seller":"travelgirl","symbol":"SIM","quantity":"3816.000","price":"0.00050000","timestamp":1645958310,"volume":"1.90800000","buyTxId":"73fa29b49ab3ab4fab9d0e0676e82e1de10983de","sellTxId":"4e0f0765b998b8700ebb7c2c0b0ced73db9d912b"}
{"index": {"_index":"sim","_id":"2869738"}}
	{"id":2869738,"type":"buy","buyer":"ana-maria","seller":"brofi-market","symbol":"SIM","quantity":"0.001","price":"0.00050649","timestamp":1645958793,"volume":"0.00000051","buyTxId":"a3b2c0fb645d7fe68476b60c8e71a8d56068dd9e","sellTxId":"418fe33a2a833257c0436d9b7ab1b48f2b95a964"}
{"index": {"_index":"sim","_id":"2869739"}}
	{"id":2869739,"type":"buy","buyer":"ana-maria","seller":"brofi-market","symbol":"SIM","quantity":"0.004","price":"0.00050752","timestamp":1645958793,"volume":"0.00000203","buyTxId":"a3b2c0fb645d7fe68476b60c8e71a8d56068dd9e","sellTxId":"738ecbbdf3deac81f5ed6ef3ec9dbe75d5bf4a0f"}
{"index": {"_index":"sim","_id":"2869740"}}
	{"id":2869740,"type":"buy","buyer":"ana-maria","seller":"pi-trader","symbol":"SIM","quantity":"1799.995","price":"0.00050844","timestamp":1645958793,"volume":"0.91518946","buyTxId":"a3b2c0fb645d7fe68476b60c8e71a8d56068dd9e","sellTxId":"6092f7a0e5241eb587dc17fe56f5394b48cc8e72-3"}
{"index": {"_index":"sim","_id":"2869763"}}
	{"id":2869763,"type":"sell","buyer":"boycharlieplays","seller":"elricmoonslayer","symbol":"SIM","quantity":"52.000","price":"0.00049598","timestamp":1645959033,"volume":"0.02579096","buyTxId":"1227fefc59313752e9d5aa8f4ba9364ed55005c4","sellTxId":"a79545bf68af39f9752858725a6a47d64e4fcdf1"}
{"index": {"_index":"sim","_id":"2869861"}}
	{"id":2869861,"type":"buy","buyer":"ana-maria","seller":"pi-trader","symbol":"SIM","quantity":"161.224","price":"0.00050532","timestamp":1645960701,"volume":"0.08146971","buyTxId":"109211be2ba11118c06d6c03ab6c4179f984b1ea","sellTxId":"809899e5954569f0b88316e4d3f7100ed2c3da62-1"}
{"index": {"_index":"sim","_id":"2869966"}}
	{"id":2869966,"type":"sell","buyer":"boycharlieplays","seller":"cunctator89","symbol":"SIM","quantity":"50000.000","price":"0.00049598","timestamp":1645962399,"volume":"24.79900000","buyTxId":"1227fefc59313752e9d5aa8f4ba9364ed55005c4","sellTxId":"dbb2a65c4f8fc905582d237a4044a0e91b761008"}
{"index": {"_index":"sim","_id":"2869973"}}
	{"id":2869973,"type":"sell","buyer":"boycharlieplays","seller":"cunctator89","symbol":"SIM","quantity":"8000.000","price":"0.00049598","timestamp":1645962615,"volume":"3.96784000","buyTxId":"1227fefc59313752e9d5aa8f4ba9364ed55005c4","sellTxId":"c3f3a127a7ded5d42cc37274e8b49669c8b649a0"}
{"index": {"_index":"sim","_id":"2870043"}}
	{"id":2870043,"type":"sell","buyer":"boycharlieplays","seller":"brofi-market","symbol":"SIM","quantity":"0.003","price":"0.00049598","timestamp":1645963899,"volume":"0.00000149","buyTxId":"1227fefc59313752e9d5aa8f4ba9364ed55005c4","sellTxId":"29e3d65d49d1f82da62603c6fab77584bbe4b17b"}
{"index": {"_index":"sim","_id":"2870060"}}
	{"id":2870060,"type":"sell","buyer":"boycharlieplays","seller":"m2nnari","symbol":"SIM","quantity":"2725.000","price":"0.00049598","timestamp":1645964055,"volume":"1.35154550","buyTxId":"1227fefc59313752e9d5aa8f4ba9364ed55005c4","sellTxId":"03844a43df03bb51c448208cb4844cd882adcc15"}
{"index": {"_index":"sim","_id":"2870305"}}
	{"id":2870305,"type":"sell","buyer":"boycharlieplays","seller":"balte","symbol":"SIM","quantity":"13000.000","price":"0.00049598","timestamp":1645968549,"volume":"6.44774000","buyTxId":"1227fefc59313752e9d5aa8f4ba9364ed55005c4","sellTxId":"5bd14ade857a43ab15b04fda5236473986f840d8"}
{"index": {"_index":"sim","_id":"2870436"}}
	{"id":2870436,"type":"sell","buyer":"boycharlieplays","seller":"electru","symbol":"SIM","quantity":"71982.143","price":"0.00049598","timestamp":1645970574,"volume":"35.70170329","buyTxId":"1227fefc59313752e9d5aa8f4ba9364ed55005c4","sellTxId":"87c298f0ec29a562cd1107aa273da47ecc161852"}
{"index": {"_index":"sim","_id":"2870902"}}
	{"id":2870902,"type":"sell","buyer":"boycharlieplays","seller":"brofi-market","symbol":"SIM","quantity":"0.001","price":"0.00049598","timestamp":1645978218,"volume":"0.00000050","buyTxId":"1227fefc59313752e9d5aa8f4ba9364ed55005c4","sellTxId":"22603575caea8bd82f25d881b61beffc0103421e"}
{"index": {"_index":"sim","_id":"2871172"}}
	{"id":2871172,"type":"sell","buyer":"pi-trader","seller":"goldcoin","symbol":"SIM","quantity":"33.676","price":"0.00049599","timestamp":1645982370,"volume":"0.01670296","buyTxId":"062123615515178e1561e8473d834b19132344f2-2","sellTxId":"2b1316efacd194f67b578dc0526d46879004df50"}
{"index": {"_index":"sim","_id":"2871184"}}
	{"id":2871184,"type":"sell","buyer":"pi-trader","seller":"thatcryptodave","symbol":"SIM","quantity":"512.071","price":"0.00049599","timestamp":1645982622,"volume":"0.25398210","buyTxId":"04056779ed13d28c6127cf6c4ba5647d7958cbb0-1","sellTxId":"9a35f46b4b8aa4793efaf3c078c7324b248ee7a5"}
{"index": {"_index":"sim","_id":"2871250"}}
	{"id":2871250,"type":"buy","buyer":"konvik","seller":"brofi-market","symbol":"SIM","quantity":"0.003","price":"0.00050481","timestamp":1645983114,"volume":"0.00000151","buyTxId":"9cad179fb2ccf21ffdedf5a99372f25c6af0280d-0","sellTxId":"5acb8e9bd166921368b7ba48492c1cf689ec0e52"}
{"index": {"_index":"sim","_id":"2871251"}}
	{"id":2871251,"type":"buy","buyer":"konvik","seller":"brofi-market","symbol":"SIM","quantity":"0.001","price":"0.00050481","timestamp":1645983114,"volume":"0.00000050","buyTxId":"9cad179fb2ccf21ffdedf5a99372f25c6af0280d-0","sellTxId":"4b3bd863f158156fbbddba7dbd8c0a498edeb037"}
{"index": {"_index":"sim","_id":"2871252"}}
	{"id":2871252,"type":"buy","buyer":"konvik","seller":"jelly-cz","symbol":"SIM","quantity":"145884.000","price":"0.00050949","timestamp":1645983114,"volume":"74.32643916","buyTxId":"9cad179fb2ccf21ffdedf5a99372f25c6af0280d-0","sellTxId":"MM-P-15202057-62189736-3-29-0"}
{"index": {"_index":"sim","_id":"2871253"}}
	{"id":2871253,"type":"buy","buyer":"konvik","seller":"brofi-market","symbol":"SIM","quantity":"0.003","price":"0.00050959","timestamp":1645983114,"volume":"0.00000153","buyTxId":"9cad179fb2ccf21ffdedf5a99372f25c6af0280d-0","sellTxId":"e0d6a5f80ea7adc74edb227d07d738b947c65f35"}
{"index": {"_index":"sim","_id":"2871254"}}
	{"id":2871254,"type":"buy","buyer":"konvik","seller":"desyfit","symbol":"SIM","quantity":"150000.000","price":"0.00051000","timestamp":1645983114,"volume":"76.50000000","buyTxId":"9cad179fb2ccf21ffdedf5a99372f25c6af0280d-0","sellTxId":"d325a5fe3e42dd75d539d482861a9762ff9ebd80"}
{"index": {"_index":"sim","_id":"2871302"}}
	{"id":2871302,"type":"sell","buyer":"pi-trader","seller":"theguruasia","symbol":"SIM","quantity":"790.530","price":"0.00049599","timestamp":1645983435,"volume":"0.39209497","buyTxId":"462a51cb595e6d54b7bffb78b64e532376ab651a-3","sellTxId":"f916b84d73ce5144b1ff3d794509053e21407b97"}
{"index": {"_index":"sim","_id":"2871729"}}
	{"id":2871729,"type":"sell","buyer":"pi-trader","seller":"medaymane","symbol":"SIM","quantity":"11000.000","price":"0.00050501","timestamp":1645987971,"volume":"5.55511000","buyTxId":"4a6bb2ff70d52ec8b8bb685051b0ba0e4d375c3e-1","sellTxId":"e6a91ecb3c1de482b1c95b7c07bea5149fd2191d"}
{"index": {"_index":"sim","_id":"2871865"}}
	{"id":2871865,"type":"sell","buyer":"pi-trader","seller":"medaymane","symbol":"SIM","quantity":"9000.000","price":"0.00050501","timestamp":1645989255,"volume":"4.54509000","buyTxId":"761c319fa2eef21ba64a18a1595f6dcc60c00733-3","sellTxId":"f1d47b96cbe5ba37a04bea88d3a8d2443e15164c"}
{"index": {"_index":"sim","_id":"2871913"}}
	{"id":2871913,"type":"buy","buyer":"dswap","seller":"brofi-market","symbol":"SIM","quantity":"0.003","price":"0.00051791","timestamp":1645990005,"volume":"0.00000155","buyTxId":"3ce9ece2292269b1a5c5d69ff79aa7e8fafc1bab","sellTxId":"60f536220ac086fcfcaccd25e18d68cc05c404d1"}
{"index": {"_index":"sim","_id":"2871914"}}
	{"id":2871914,"type":"buy","buyer":"dswap","seller":"richar1422","symbol":"SIM","quantity":"2.000","price":"0.00051791","timestamp":1645990005,"volume":"0.00103582","buyTxId":"3ce9ece2292269b1a5c5d69ff79aa7e8fafc1bab","sellTxId":"192ef5e3316c0cd7c931d8d6469cc61e6de76381"}
{"index": {"_index":"sim","_id":"2871915"}}
	{"id":2871915,"type":"buy","buyer":"dswap","seller":"brofi-market","symbol":"SIM","quantity":"0.001","price":"0.00052000","timestamp":1645990005,"volume":"0.00000052","buyTxId":"3ce9ece2292269b1a5c5d69ff79aa7e8fafc1bab","sellTxId":"39ea143d6b597e055fd31f0ee2982e09922d8d43"}
{"index": {"_index":"sim","_id":"2871916"}}
	{"id":2871916,"type":"buy","buyer":"dswap","seller":"boycharliefamily","symbol":"SIM","quantity":"3125.515","price":"0.00052000","timestamp":1645990005,"volume":"1.62526780","buyTxId":"3ce9ece2292269b1a5c5d69ff79aa7e8fafc1bab","sellTxId":"9e83c1e482f7053c76f62e03f11fad2c2c5723a9"}
{"index": {"_index":"sim","_id":"2871917"}}
	{"id":2871917,"type":"buy","buyer":"dswap","seller":"medaymane","symbol":"SIM","quantity":"15241.000","price":"0.00052180","timestamp":1645990005,"volume":"7.95275380","buyTxId":"3ce9ece2292269b1a5c5d69ff79aa7e8fafc1bab","sellTxId":"b9531630f2f8c9dbd329c6383ade1f915f033a08"}
{"index": {"_index":"sim","_id":"2871918"}}
	{"id":2871918,"type":"buy","buyer":"dswap","seller":"bearmol","symbol":"SIM","quantity":"0.604","price":"0.00052200","timestamp":1645990005,"volume":"0.00031529","buyTxId":"3ce9ece2292269b1a5c5d69ff79aa7e8fafc1bab","sellTxId":"e8c36fa0f293876a338571f8b62b2f5f7c558612"}
{"index": {"_index":"sim","_id":"2871919"}}
	{"id":2871919,"type":"buy","buyer":"dswap","seller":"brofi-market","symbol":"SIM","quantity":"0.002","price":"0.00052208","timestamp":1645990005,"volume":"0.00000104","buyTxId":"3ce9ece2292269b1a5c5d69ff79aa7e8fafc1bab","sellTxId":"472bf18706c9d9662e45d74e59b381bba54e0744"}
{"index": {"_index":"sim","_id":"2871920"}}
	{"id":2871920,"type":"buy","buyer":"dswap","seller":"pokerarema","symbol":"SIM","quantity":"7590.283","price":"0.00052259","timestamp":1645990005,"volume":"3.96660608","buyTxId":"3ce9ece2292269b1a5c5d69ff79aa7e8fafc1bab","sellTxId":"dd28333665313e693fb3dd3b0ebff8dc17b26184"}
{"index": {"_index":"sim","_id":"2871961"}}
	{"id":2871961,"type":"sell","buyer":"pi-trader","seller":"borjan","symbol":"SIM","quantity":"40.737","price":"0.00051001","timestamp":1645990422,"volume":"0.02077628","buyTxId":"97477f5711f40b8e72b890b3f876a434eb1c74b7-1","sellTxId":"7d6edc1c33c0c2492ce9de836a49426335adcdad"}
{"index": {"_index":"sim","_id":"2872018"}}
	{"id":2872018,"type":"sell","buyer":"pi-trader","seller":"bilpcoinbpc","symbol":"SIM","quantity":"8.800","price":"0.00051001","timestamp":1645991274,"volume":"0.00448809","buyTxId":"a77c395d794a3d01ddd69a645636f87dcc6b61c4-1","sellTxId":"e475ad1d64478cfaade1fd6ad97a70d3c9367b75"}
{"index": {"_index":"sim","_id":"2872053"}}
	{"id":2872053,"type":"buy","buyer":"boycharliefamily","seller":"pi-trader","symbol":"SIM","quantity":"3110.349","price":"0.00052258","timestamp":1645991736,"volume":"1.62540618","buyTxId":"a8bcffbe12e9c297af4173a18fd1cf98da457684","sellTxId":"adacdc98091c868bade29cab3322be644d6dacd2"}
{"index": {"_index":"sim","_id":"2872286"}}
	{"id":2872286,"type":"sell","buyer":"pi-trader","seller":"taitux","symbol":"SIM","quantity":"211.000","price":"0.00051001","timestamp":1645993152,"volume":"0.10761211","buyTxId":"8965efd35de804a8e26524454ebe3a1a44637811-2","sellTxId":"b74a00498ece5137e2e76ed69c7f4e77272d9ae3"}
{"index": {"_index":"sim","_id":"2872376"}}
	{"id":2872376,"type":"sell","buyer":"pi-trader","seller":"balte","symbol":"SIM","quantity":"10000.000","price":"0.00051001","timestamp":1645994205,"volume":"5.10010000","buyTxId":"b83cca911efd8b86658ba6db0bfecb52e5a9497f-5","sellTxId":"66bc6903f14dd44618a7f7bac3fa4ae750dfcb98"}
{"index": {"_index":"sim","_id":"2872511"}}
	{"id":2872511,"type":"buy","buyer":"rexikhan","seller":"decentropia","symbol":"SIM","quantity":"0.020","price":"0.00051700","timestamp":1645995879,"volume":"0.00001034","buyTxId":"c02cd310ff2079da8dcf7bec73351d9406a49908","sellTxId":"df155597450745cb836eeb90b50db9f3e8e44530"}
{"index": {"_index":"sim","_id":"2872529"}}
	{"id":2872529,"type":"buy","buyer":"princekappa","seller":"boycharlieplays","symbol":"SIM","quantity":"8000.000","price":"0.00052000","timestamp":1645996113,"volume":"4.16000000","buyTxId":"0f46c1aac24e41c441528cba44729796a9b47d3b","sellTxId":"26f343c3f82e507e83b0a166876b53cd41086eb1"}
{"index": {"_index":"sim","_id":"2872697"}}
	{"id":2872697,"type":"sell","buyer":"rexikhan","seller":"cursephantom","symbol":"SIM","quantity":"0.020","price":"0.00051700","timestamp":1645998003,"volume":"0.00001034","buyTxId":"c02cd310ff2079da8dcf7bec73351d9406a49908","sellTxId":"d3b19e7562bed55963f93c1f2470e4c655637f58"}
{"index": {"_index":"sim","_id":"2872705"}}
	{"id":2872705,"type":"buy","buyer":"mary-jane","seller":"boycharlieplays","symbol":"SIM","quantity":"6000.000","price":"0.00052000","timestamp":1645998261,"volume":"3.12000000","buyTxId":"58ea293b3c079b4cbcfb45be181047776cf7b87d","sellTxId":"26f343c3f82e507e83b0a166876b53cd41086eb1"}
{"index": {"_index":"sim","_id":"2872737"}}
	{"id":2872737,"type":"sell","buyer":"rexikhan","seller":"leonardoalmaguer","symbol":"SIM","quantity":"356.000","price":"0.00051700","timestamp":1645998702,"volume":"0.18405200","buyTxId":"c02cd310ff2079da8dcf7bec73351d9406a49908","sellTxId":"62679d2697ef4e46c0943860941c9cf3940b94a0"}
{"index": {"_index":"sim","_id":"2872773"}}
	{"id":2872773,"type":"sell","buyer":"rexikhan","seller":"bidding","symbol":"SIM","quantity":"127.519","price":"0.00051700","timestamp":1645999020,"volume":"0.06592732","buyTxId":"c02cd310ff2079da8dcf7bec73351d9406a49908","sellTxId":"67012d02854ca1e7d4bdbe211f65fd1abf1bd295"}
{"index": {"_index":"sim","_id":"2872905"}}
	{"id":2872905,"type":"sell","buyer":"pi-trader","seller":"rarej","symbol":"SIM","quantity":"1514.311","price":"0.00051001","timestamp":1646000583,"volume":"0.77231375","buyTxId":"3c73d7566d59428f9c2ca8943481df4524e6ea37-2","sellTxId":"52769986c946922a540ef601bd5c2b6f8f241c21"}
{"index": {"_index":"sim","_id":"2873035"}}
	{"id":2873035,"type":"buy","buyer":"maryjane.main","seller":"bidding","symbol":"SIM","quantity":"72.481","price":"0.00051700","timestamp":1646001918,"volume":"0.03747268","buyTxId":"79691033376c06a4079fdff99c93c689ce2ee28e","sellTxId":"67012d02854ca1e7d4bdbe211f65fd1abf1bd295"}
{"index": {"_index":"sim","_id":"2873036"}}
	{"id":2873036,"type":"buy","buyer":"maryjane.main","seller":"boycharlieplays","symbol":"SIM","quantity":"18643.401","price":"0.00052000","timestamp":1646001918,"volume":"9.69456852","buyTxId":"79691033376c06a4079fdff99c93c689ce2ee28e","sellTxId":"26f343c3f82e507e83b0a166876b53cd41086eb1"}
{"index": {"_index":"sim","_id":"2873037"}}
	{"id":2873037,"type":"buy","buyer":"maryjane.main","seller":"jelly-cz","symbol":"SIM","quantity":"2284.118","price":"0.00052198","timestamp":1646001918,"volume":"1.19226391","buyTxId":"79691033376c06a4079fdff99c93c689ce2ee28e","sellTxId":"MM-P-15208244-62195924-3-29-0"}
{"index": {"_index":"sim","_id":"2873108"}}
	{"id":2873108,"type":"sell","buyer":"pi-trader","seller":"andy4475","symbol":"SIM","quantity":"100.674","price":"0.00051001","timestamp":1646002557,"volume":"0.05134475","buyTxId":"cdc22b30a80beafb88241f0ee2a4049282b9a11f-3","sellTxId":"170afda6d2e00430d447c997ec20f56456db4523"}
{"index": {"_index":"sim","_id":"2873146"}}
	{"id":2873146,"type":"sell","buyer":"pi-trader","seller":"he-index","symbol":"SIM","quantity":"31.682","price":"0.00051001","timestamp":1646003049,"volume":"0.01615814","buyTxId":"043af5d5185225845ae9db165f37970fdf3eb06c-1","sellTxId":"9028438d735eb3959352a12c7b62fd56767c6a38"}
{"index": {"_index":"sim","_id":"2873162"}}
	{"id":2873162,"type":"sell","buyer":"pi-trader","seller":"dwayne16","symbol":"SIM","quantity":"918.000","price":"0.00051001","timestamp":1646003340,"volume":"0.46818918","buyTxId":"c96e279a5412f26c956753cfbfb99e44e89950ad-1","sellTxId":"d159901711344472d36edbb3254adcdd30879397"}
{"index": {"_index":"sim","_id":"2873257"}}
	{"id":2873257,"type":"sell","buyer":"pi-trader","seller":"desyfit","symbol":"SIM","quantity":"150000.000","price":"0.00051001","timestamp":1646004402,"volume":"76.50150000","buyTxId":"e7cf56b5286de4cc46d306446d61c0a9a5432e90-3","sellTxId":"54c2d2f934446ac83bdc008585b039272b6d4726"}
{"index": {"_index":"sim","_id":"2873288"}}
	{"id":2873288,"type":"buy","buyer":"stickupcash","seller":"pi-trader","symbol":"SIM","quantity":"3792.000","price":"0.00052145","timestamp":1646004840,"volume":"1.97733840","buyTxId":"98ace35f462f87103a414e4e7a630e260ba7eb99","sellTxId":"3f5192fc6854d90362efb697f63e7756dc268c98-8"}
{"index": {"_index":"sim","_id":"2873366"}}
	{"id":2873366,"type":"sell","buyer":"pi-trader","seller":"monsterjamgold","symbol":"SIM","quantity":"207.592","price":"0.00051001","timestamp":1646005539,"volume":"0.10587400","buyTxId":"20d6fde3395e4755857caf34735012c5e08cb131-0","sellTxId":"c522c5b174e7172c5e4a0d23e473c096ecfcdf4e"}
{"index": {"_index":"sim","_id":"2873427"}}
	{"id":2873427,"type":"sell","buyer":"pi-trader","seller":"nrg","symbol":"SIM","quantity":"47.383","price":"0.00051001","timestamp":1646006661,"volume":"0.02416580","buyTxId":"6948718dd1f3df52f267116d7af83b811adf09b9-7","sellTxId":"7c79cf8e292395e155950325c5eba72a2b03efe3-1"}
{"index": {"_index":"sim","_id":"2873484"}}
	{"id":2873484,"type":"sell","buyer":"pi-trader","seller":"brofi-market","symbol":"SIM","quantity":"0.003","price":"0.00051001","timestamp":1646007171,"volume":"0.00000153","buyTxId":"eee37def520fa56fa0090cc90fc0b5b1a809e2ec-6","sellTxId":"055447cee1e1561331e915c41e00ea36922410ed"}
{"index": {"_index":"sim","_id":"2873583"}}
	{"id":2873583,"type":"sell","buyer":"pi-trader","seller":"elevator09","symbol":"SIM","quantity":"2108.037","price":"0.00050501","timestamp":1646008338,"volume":"1.06457977","buyTxId":"d600501b246ff172e998db052c1e997ea2fac904-1","sellTxId":"50c9d000fd5f603dd37caf685b90192853f851ca"}
{"index": {"_index":"sim","_id":"2873626"}}
	{"id":2873626,"type":"sell","buyer":"pi-trader","seller":"quantumg","symbol":"SIM","quantity":"961.543","price":"0.00050501","timestamp":1646009091,"volume":"0.48558883","buyTxId":"4f948e07233bf2a6a16235a35353986d2d1acdf8-5","sellTxId":"6a98450281402fe748cc5f9601015966796df9e6"}
{"index": {"_index":"sim","_id":"2873681"}}
	{"id":2873681,"type":"sell","buyer":"pi-trader","seller":"bitcoinflood","symbol":"SIM","quantity":"891.884","price":"0.00050501","timestamp":1646009847,"volume":"0.45041034","buyTxId":"9c262ab0cf6f2c3346d47f40552645426391da4d-3","sellTxId":"f1e61c7dceea867a0d89fc7624d488ac1283e20e"}
{"index": {"_index":"sim","_id":"2873712"}}
	{"id":2873712,"type":"buy","buyer":"decentropia","seller":"jelly-cz","symbol":"SIM","quantity":"87.019","price":"0.00051939","timestamp":1646010462,"volume":"0.04519680","buyTxId":"9ec914581d72beafa4ac01d203e85328ff624673","sellTxId":"MM-P-15210935-62198617-3-29-0"}
{"index": {"_index":"sim","_id":"2873745"}}
	{"id":2873745,"type":"buy","buyer":"theia7","seller":"jelly-cz","symbol":"SIM","quantity":"82.000","price":"0.00051939","timestamp":1646010936,"volume":"0.04258998","buyTxId":"e7760086dfdf79c1cd01cd8cfdae04ba71e25f6d","sellTxId":"MM-P-15210935-62198617-3-29-0"}
{"index": {"_index":"sim","_id":"2873750"}}
	{"id":2873750,"type":"sell","buyer":"pi-trader","seller":"bearbear613","symbol":"SIM","quantity":"5016.750","price":"0.00050501","timestamp":1646011014,"volume":"2.53350892","buyTxId":"b23809e4df5ae452367b6ad04f0e6e1182f0a815-3","sellTxId":"01a0f8c66e1079f4b00c7f85e2d55f6e9d9dc90f"}
{"index": {"_index":"sim","_id":"2873960"}}
	{"id":2873960,"type":"sell","buyer":"pi-trader","seller":"theshaki","symbol":"SIM","quantity":"76.541","price":"0.00050501","timestamp":1646014539,"volume":"0.03865397","buyTxId":"ab99a647d515ace34fa3c39f78d327488923f3a3-3","sellTxId":"8ed4a03a6312db6afac8d834d31b2c0bbd2a9033"}
{"index": {"_index":"sim","_id":"2874019"}}
	{"id":2874019,"type":"buy","buyer":"dkid14","seller":"pinkfloyd878","symbol":"SIM","quantity":"7500.000","price":"0.00051938","timestamp":1646015586,"volume":"3.89535000","buyTxId":"8f3114f2c26355766127ebb39cdaa6e09da81e19","sellTxId":"2cc6e6412a5c149bf0d69ff3e9233cd52791421f"}
{"index": {"_index":"sim","_id":"2874020"}}
	{"id":2874020,"type":"sell","buyer":"dkid14","seller":"konvik","symbol":"SIM","quantity":"45010.572","price":"0.00051938","timestamp":1646015589,"volume":"23.37759089","buyTxId":"8f3114f2c26355766127ebb39cdaa6e09da81e19","sellTxId":"840fbd6b99addc26c5800aa0aae5110e9c831266-1"}
{"index": {"_index":"sim","_id":"2874111"}}
	{"id":2874111,"type":"sell","buyer":"dkid14","seller":"thatcryptodave","symbol":"SIM","quantity":"44.666","price":"0.00051938","timestamp":1646017500,"volume":"0.02319862","buyTxId":"8f3114f2c26355766127ebb39cdaa6e09da81e19","sellTxId":"ac798a3bb4b4d268e223b7a71128ed6048d3df88"}
{"index": {"_index":"sim","_id":"2874117"}}
	{"id":2874117,"type":"sell","buyer":"pi-trader","seller":"thatcryptodave","symbol":"SIM","quantity":"89.722","price":"0.00050501","timestamp":1646017599,"volume":"0.04531051","buyTxId":"cf21c1b4dcabd80f1f468bc31bfcaa35071007ec-2","sellTxId":"30aa67eb6a762773c668cb14f0cab8a35761b964"}
{"index": {"_index":"sim","_id":"2874228"}}
	{"id":2874228,"type":"sell","buyer":"pi-trader","seller":"heikki1337","symbol":"SIM","quantity":"1928.741","price":"0.00050501","timestamp":1646019423,"volume":"0.97403349","buyTxId":"be3ff4344546615b7f0630d61949bb9f1dd250e3-3","sellTxId":"0d38b70cddcb1e875690e3378a8336b958a5e3ce"}
{"index": {"_index":"sim","_id":"2874305"}}
	{"id":2874305,"type":"sell","buyer":"pi-trader","seller":"theguruasia","symbol":"SIM","quantity":"696.411","price":"0.00050501","timestamp":1646020470,"volume":"0.35169452","buyTxId":"8fee7e416e76e1fa18a1eb319a8ac2eef39b815b-3","sellTxId":"f23f81c215bad8af56f420b639cb2eeaec78c694"}
