{"index": {"_index":"sim","_id":"1250938"}}
	{"id":1250938,"type":"sell","buyer":"jelly-cz","seller":"trentonlundy1","symbol":"SIM","quantity":"0.151","price":"0.00086073","timestamp":1627181874,"volume":"0.00012997","buyTxId":"MM-P-8958669-55939518-3-34-0","sellTxId":"1c65d1931d29649083cbe660d47e824bca4ed179"}
{"index": {"_index":"sim","_id":"1251033"}}
	{"id":1251033,"type":"sell","buyer":"solovey6o2","seller":"macchiata","symbol":"SIM","quantity":"482.381","price":"0.00086119","timestamp":1627186461,"volume":"0.41542169","buyTxId":"609d3dbe423a9a5b36b5884669e5d42e165bc278","sellTxId":"bc039e5c60dbf609b5bf8c841ccbfdae8fe2289f"}
{"index": {"_index":"sim","_id":"1251148"}}
	{"id":1251148,"type":"sell","buyer":"solovey6o2","seller":"theguruasia","symbol":"SIM","quantity":"144.157","price":"0.00086152","timestamp":1627189860,"volume":"0.12419414","buyTxId":"16aed2062b04d03814c6c1d42151cb89fcddf7fc","sellTxId":"a47aa48920de412e04f260cc580a7ff5c92050ef"}
{"index": {"_index":"sim","_id":"1251193"}}
	{"id":1251193,"type":"sell","buyer":"solovey6o2","seller":"balte","symbol":"SIM","quantity":"23000.000","price":"0.00087001","timestamp":1627190784,"volume":"20.01023000","buyTxId":"72c1f1f35d00caa7c95bab544f3860af4893a137","sellTxId":"988a620da3264ef0563ea826e0d4d4259720ce70"}
{"index": {"_index":"sim","_id":"1251234"}}
	{"id":1251234,"type":"sell","buyer":"solovey6o2","seller":"pandygirl","symbol":"SIM","quantity":"62499.508","price":"0.00087010","timestamp":1627191723,"volume":"54.38082191","buyTxId":"31c8815cd09205b3cf524d9d3e8283291cc5b9cc","sellTxId":"8d7b95e0f0a2f2cf05de3edffcf18a3b74e5d302"}
{"index": {"_index":"sim","_id":"1251235"}}
	{"id":1251235,"type":"sell","buyer":"jelly-cz","seller":"pandygirl","symbol":"SIM","quantity":"33329.885","price":"0.00087009","timestamp":1627191723,"volume":"28.99999964","buyTxId":"MM-P-8961863-55942713-3-34-0","sellTxId":"8d7b95e0f0a2f2cf05de3edffcf18a3b74e5d302"}
{"index": {"_index":"sim","_id":"1251236"}}
	{"id":1251236,"type":"sell","buyer":"frugal-fun","seller":"pandygirl","symbol":"SIM","quantity":"18594.000","price":"0.00087000","timestamp":1627191723,"volume":"16.17678000","buyTxId":"6101b72f6ede0859e5bd90560b31ba1b55b3a902","sellTxId":"8d7b95e0f0a2f2cf05de3edffcf18a3b74e5d302"}
{"index": {"_index":"sim","_id":"1251237"}}
	{"id":1251237,"type":"sell","buyer":"methus","seller":"pandygirl","symbol":"SIM","quantity":"100000.000","price":"0.00086049","timestamp":1627191723,"volume":"86.04900000","buyTxId":"c10b2371e5499c73a4336f071e272695a2898a5b","sellTxId":"8d7b95e0f0a2f2cf05de3edffcf18a3b74e5d302"}
{"index": {"_index":"sim","_id":"1251238"}}
	{"id":1251238,"type":"sell","buyer":"reseller","seller":"pandygirl","symbol":"SIM","quantity":"100000.000","price":"0.00086000","timestamp":1627191723,"volume":"86.00000000","buyTxId":"1975643a479edcde6c6b1e3e4601f01f318bb96c","sellTxId":"8d7b95e0f0a2f2cf05de3edffcf18a3b74e5d302"}
{"index": {"_index":"sim","_id":"1251239"}}
	{"id":1251239,"type":"sell","buyer":"wizzitywillican","seller":"pandygirl","symbol":"SIM","quantity":"25434.475","price":"0.00086000","timestamp":1627191723,"volume":"21.87364850","buyTxId":"131fe769a6edb1aef4c4d88d671013e78e9c9692","sellTxId":"8d7b95e0f0a2f2cf05de3edffcf18a3b74e5d302"}
{"index": {"_index":"sim","_id":"1251274"}}
	{"id":1251274,"type":"sell","buyer":"jelly-cz","seller":"megalithic","symbol":"SIM","quantity":"8885.000","price":"0.00087002","timestamp":1627193211,"volume":"7.73012770","buyTxId":"MM-P-8961960-55942811-3-34-0","sellTxId":"6b518633bda3d93c5b255e561cef6d7a04e98f37"}
{"index": {"_index":"sim","_id":"1251378"}}
	{"id":1251378,"type":"sell","buyer":"jelly-cz","seller":"dhedge-drips","symbol":"SIM","quantity":"7.307","price":"0.00087002","timestamp":1627195518,"volume":"0.00635724","buyTxId":"MM-P-8961960-55942811-3-34-0","sellTxId":"20b37e1bd7abbdffcc9603892ce7058b14458278"}
{"index": {"_index":"sim","_id":"1251415"}}
	{"id":1251415,"type":"sell","buyer":"jelly-cz","seller":"thatcryptodave","symbol":"SIM","quantity":"757.071","price":"0.00087002","timestamp":1627195692,"volume":"0.65866691","buyTxId":"MM-P-8961960-55942811-3-34-0","sellTxId":"ab6b75aa2fba1d6b9094db089717469eb82a029f"}
{"index": {"_index":"sim","_id":"1251508"}}
	{"id":1251508,"type":"sell","buyer":"jelly-cz","seller":"muenchen","symbol":"SIM","quantity":"13890.250","price":"0.00089002","timestamp":1627197582,"volume":"12.36260031","buyTxId":"MM-P-8963456-55944307-3-34-0","sellTxId":"c91471058fec6d6589bc843b1cface5a0790078d"}
{"index": {"_index":"sim","_id":"1251556"}}
	{"id":1251556,"type":"sell","buyer":"jelly-cz","seller":"desyfit","symbol":"SIM","quantity":"18693.287","price":"0.00089002","timestamp":1627198770,"volume":"16.63739929","buyTxId":"MM-P-8963456-55944307-3-34-0","sellTxId":"5b0186291427ba760b3da6ee60ffde4af9b5173e"}
{"index": {"_index":"sim","_id":"1251557"}}
	{"id":1251557,"type":"sell","buyer":"eythorphoto","seller":"desyfit","symbol":"SIM","quantity":"40337.878","price":"0.00089000","timestamp":1627198770,"volume":"35.90071142","buyTxId":"fe482bb78848da26a8d8da88616403327706bb58","sellTxId":"5b0186291427ba760b3da6ee60ffde4af9b5173e"}
{"index": {"_index":"sim","_id":"1251558"}}
	{"id":1251558,"type":"sell","buyer":"enginemaker","seller":"desyfit","symbol":"SIM","quantity":"28735.632","price":"0.00087000","timestamp":1627198770,"volume":"24.99999984","buyTxId":"MM-P-8961960-55942811-3-2-0","sellTxId":"5b0186291427ba760b3da6ee60ffde4af9b5173e"}
{"index": {"_index":"sim","_id":"1251559"}}
	{"id":1251559,"type":"sell","buyer":"wizzitywillican","seller":"desyfit","symbol":"SIM","quantity":"12233.203","price":"0.00086000","timestamp":1627198770,"volume":"10.52055458","buyTxId":"131fe769a6edb1aef4c4d88d671013e78e9c9692","sellTxId":"5b0186291427ba760b3da6ee60ffde4af9b5173e"}
{"index": {"_index":"sim","_id":"1251581"}}
	{"id":1251581,"type":"buy","buyer":"konvik","seller":"nftmart.fees","symbol":"SIM","quantity":"69.000","price":"0.00090999","timestamp":1627199241,"volume":"0.06278931","buyTxId":"0933eda8ad34fe081534508297f3b562886e94c3-0","sellTxId":"ff22c00fe8db0d440e6a3581a1c5df954f67c5b6-0"}
{"index": {"_index":"sim","_id":"1251582"}}
	{"id":1251582,"type":"buy","buyer":"konvik","seller":"atomcollector","symbol":"SIM","quantity":"2987.013","price":"0.00091000","timestamp":1627199241,"volume":"2.71818183","buyTxId":"0933eda8ad34fe081534508297f3b562886e94c3-0","sellTxId":"8b3909044b3a50da4b1eb3c0c7209b9a80701ba9"}
{"index": {"_index":"sim","_id":"1251583"}}
	{"id":1251583,"type":"buy","buyer":"konvik","seller":"jelly-cz","symbol":"SIM","quantity":"66881.391","price":"0.00091694","timestamp":1627199241,"volume":"61.32622266","buyTxId":"0933eda8ad34fe081534508297f3b562886e94c3-0","sellTxId":"MM-P-8964453-55945304-3-34-0"}
{"index": {"_index":"sim","_id":"1251588"}}
	{"id":1251588,"type":"buy","buyer":"konvik","seller":"enginemaker","symbol":"SIM","quantity":"28735.632","price":"0.00090693","timestamp":1627199541,"volume":"26.06120673","buyTxId":"a7fb6e30e79800eaacb26e814eb8739a4e58bea3-0","sellTxId":"MM-P-8964552-55945403-3-2-0"}
{"index": {"_index":"sim","_id":"1251599"}}
	{"id":1251599,"type":"sell","buyer":"jelly-cz","seller":"anosys","symbol":"SIM","quantity":"21.011","price":"0.00087002","timestamp":1627199940,"volume":"0.01827999","buyTxId":"MM-P-8964353-55945204-3-34-0","sellTxId":"f2977c902c9ce261debd534a3fc379ac20b50aa9"}
{"index": {"_index":"sim","_id":"1251721"}}
	{"id":1251721,"type":"sell","buyer":"jelly-cz","seller":"taintedblood","symbol":"SIM","quantity":"13489.666","price":"0.00087002","timestamp":1627202961,"volume":"11.73627921","buyTxId":"MM-P-8964353-55945204-3-34-0","sellTxId":"5f3823955612b8c378d41819d20f69a7ba122701"}
{"index": {"_index":"sim","_id":"1251761"}}
	{"id":1251761,"type":"buy","buyer":"fratellodes","seller":"solovey6o2","symbol":"SIM","quantity":"4600.000","price":"0.00091654","timestamp":1627203573,"volume":"4.21608400","buyTxId":"2e861a6e6204c4e7548420c31b2526f96b82252b","sellTxId":"d2941a567631c27133ac8f8c7914a4599f95a30f"}
{"index": {"_index":"sim","_id":"1251798"}}
	{"id":1251798,"type":"sell","buyer":"jelly-cz","seller":"flaxz","symbol":"SIM","quantity":"6.474","price":"0.00087002","timestamp":1627204518,"volume":"0.00563251","buyTxId":"MM-P-8964353-55945204-3-34-0","sellTxId":"687b269bb13adbb851cfc1779b539562a7a6f83f"}
{"index": {"_index":"sim","_id":"1251904"}}
	{"id":1251904,"type":"buy","buyer":"sirdemian","seller":"solovey6o2","symbol":"SIM","quantity":"1091.417","price":"0.00091624","timestamp":1627206528,"volume":"1","buyTxId":"b423202929ebc4d515839e277506d1087cd77564","sellTxId":"2da6bf88257e5936ae7b37bacf8bd80bdf5e19c9"}
{"index": {"_index":"sim","_id":"1251964"}}
	{"id":1251964,"type":"buy","buyer":"vcelier","seller":"solovey6o2","symbol":"SIM","quantity":"6995.043","price":"0.00091597","timestamp":1627209177,"volume":"6.40724954","buyTxId":"0d5ebcd417e5627f1fc1cd6af694fb924cf8cb56","sellTxId":"7157bf0e84b437ae02aa2a72c728ecf617239d6b"}
{"index": {"_index":"sim","_id":"1252013"}}
	{"id":1252013,"type":"sell","buyer":"solovey6o2","seller":"shovelpile","symbol":"SIM","quantity":"8403.557","price":"0.00087003","timestamp":1627210791,"volume":"7.31134670","buyTxId":"c0cb006f571cad5c9f6a6c136b9ed1f78be1167f","sellTxId":"31811f78274181b1100cd7944c20b8e0b0132733"}
{"index": {"_index":"sim","_id":"1252014"}}
	{"id":1252014,"type":"sell","buyer":"solovey6o2","seller":"shovelpile","symbol":"SIM","quantity":"536.443","price":"0.00087003","timestamp":1627210791,"volume":"0.46672150","buyTxId":"aa4cb28650e3dc1bc295364c3f447018d40d8b00","sellTxId":"31811f78274181b1100cd7944c20b8e0b0132733"}
{"index": {"_index":"sim","_id":"1252065"}}
	{"id":1252065,"type":"sell","buyer":"udabeu","seller":"dera123","symbol":"SIM","quantity":"1111.000","price":"0.00088000","timestamp":1627212915,"volume":"0.97768000","buyTxId":"5762500b4bef1f9996b04b530109f34d83abbf4b","sellTxId":"41fcbb7c17372d0bb996bb4e7a55df7db3bda444"}
{"index": {"_index":"sim","_id":"1252066"}}
	{"id":1252066,"type":"buy","buyer":"konvik","seller":"dera123","symbol":"SIM","quantity":"25783.659","price":"0.00088000","timestamp":1627212918,"volume":"22.68961992","buyTxId":"68096482b9c0b6931df6f8bebde0e082271c61e6-0","sellTxId":"41fcbb7c17372d0bb996bb4e7a55df7db3bda444"}
{"index": {"_index":"sim","_id":"1252138"}}
	{"id":1252138,"type":"sell","buyer":"solovey6o2","seller":"tonytrillions","symbol":"SIM","quantity":"0.027","price":"0.00087003","timestamp":1627216692,"volume":"0.00002349","buyTxId":"aa4cb28650e3dc1bc295364c3f447018d40d8b00","sellTxId":"45a1e1fa22a2f36005f54c11a89bff63dbe27da9"}
{"index": {"_index":"sim","_id":"1252175"}}
	{"id":1252175,"type":"sell","buyer":"solovey6o2","seller":"bitcoinflood","symbol":"SIM","quantity":"5000.000","price":"0.00087003","timestamp":1627217385,"volume":"4.35015000","buyTxId":"aa4cb28650e3dc1bc295364c3f447018d40d8b00","sellTxId":"5f1e557f94cc5f6e4f62cdce0ce8a96b6cdb9a79"}
{"index": {"_index":"sim","_id":"1252236"}}
	{"id":1252236,"type":"buy","buyer":"egistar","seller":"elevator09","symbol":"SIM","quantity":"1703.296","price":"0.00091000","timestamp":1627218909,"volume":"1.55","buyTxId":"86cc00c32b4808e49be823179dc6b2f863094694","sellTxId":"e501e97e534c2148497228fd80f34d0501fa4f04"}
{"index": {"_index":"sim","_id":"1252254"}}
	{"id":1252254,"type":"sell","buyer":"solovey6o2","seller":"darmst5339","symbol":"SIM","quantity":"4.917","price":"0.00087003","timestamp":1627219206,"volume":"0.00427794","buyTxId":"aa4cb28650e3dc1bc295364c3f447018d40d8b00","sellTxId":"c8a2b9b1beb9e9a0319b662054dea7a3460d795b"}
{"index": {"_index":"sim","_id":"1252265"}}
	{"id":1252265,"type":"sell","buyer":"solovey6o2","seller":"luts","symbol":"SIM","quantity":"958.862","price":"0.00087003","timestamp":1627219944,"volume":"0.83423871","buyTxId":"aa4cb28650e3dc1bc295364c3f447018d40d8b00","sellTxId":"3b6aeaaf80f093013fb6c34d526ebf3a8f1a6e48"}
{"index": {"_index":"sim","_id":"1252266"}}
	{"id":1252266,"type":"sell","buyer":"jelly-cz","seller":"luts","symbol":"SIM","quantity":"19815.416","price":"0.00087002","timestamp":1627219944,"volume":"17.23980823","buyTxId":"MM-P-8964353-55945204-3-34-0","sellTxId":"3b6aeaaf80f093013fb6c34d526ebf3a8f1a6e48"}
{"index": {"_index":"sim","_id":"1252267"}}
	{"id":1252267,"type":"sell","buyer":"enginemaker","seller":"luts","symbol":"SIM","quantity":"28735.632","price":"0.00087000","timestamp":1627219944,"volume":"24.99999984","buyTxId":"MM-P-8964353-55945204-3-2-0","sellTxId":"3b6aeaaf80f093013fb6c34d526ebf3a8f1a6e48"}
{"index": {"_index":"sim","_id":"1252268"}}
	{"id":1252268,"type":"sell","buyer":"wizzitywillican","seller":"luts","symbol":"SIM","quantity":"34001.339","price":"0.00086000","timestamp":1627219944,"volume":"29.24115154","buyTxId":"131fe769a6edb1aef4c4d88d671013e78e9c9692","sellTxId":"3b6aeaaf80f093013fb6c34d526ebf3a8f1a6e48"}
{"index": {"_index":"sim","_id":"1252269"}}
	{"id":1252269,"type":"sell","buyer":"eirik","seller":"luts","symbol":"SIM","quantity":"1000.000","price":"0.00085000","timestamp":1627219944,"volume":"0.85000000","buyTxId":"4e22c8c4111ea36557fc416cdb54b9a0a606601a","sellTxId":"3b6aeaaf80f093013fb6c34d526ebf3a8f1a6e48"}
{"index": {"_index":"sim","_id":"1252270"}}
	{"id":1252270,"type":"sell","buyer":"dustindivitto","seller":"luts","symbol":"SIM","quantity":"725.000","price":"0.00085000","timestamp":1627219944,"volume":"0.61625000","buyTxId":"832cf77793e8e57e30f67499ba635b6747325afc","sellTxId":"3b6aeaaf80f093013fb6c34d526ebf3a8f1a6e48"}
{"index": {"_index":"sim","_id":"1252271"}}
	{"id":1252271,"type":"sell","buyer":"dustindivitto","seller":"luts","symbol":"SIM","quantity":"100000.000","price":"0.00084000","timestamp":1627219944,"volume":"84.00000000","buyTxId":"caada6bb0246ab71370f4b8291c1550422b4620d","sellTxId":"3b6aeaaf80f093013fb6c34d526ebf3a8f1a6e48"}
{"index": {"_index":"sim","_id":"1252272"}}
	{"id":1252272,"type":"sell","buyer":"dcityfund","seller":"luts","symbol":"SIM","quantity":"12945.928","price":"0.00083200","timestamp":1627219944,"volume":"10.77101209","buyTxId":"3f084b98afc75d986ec3c2dec508c6c1e1c63740","sellTxId":"3b6aeaaf80f093013fb6c34d526ebf3a8f1a6e48"}
{"index": {"_index":"sim","_id":"1252273"}}
	{"id":1252273,"type":"sell","buyer":"dcityfund","seller":"luts","symbol":"SIM","quantity":"12284.436","price":"0.00083100","timestamp":1627219944,"volume":"10.20836632","buyTxId":"54a7320b7cf9dc9028e5ef15b2dcfbdad3d04f75","sellTxId":"3b6aeaaf80f093013fb6c34d526ebf3a8f1a6e48"}
{"index": {"_index":"sim","_id":"1252274"}}
	{"id":1252274,"type":"sell","buyer":"dcityfund","seller":"luts","symbol":"SIM","quantity":"18307.289","price":"0.00083000","timestamp":1627219944,"volume":"15.19504987","buyTxId":"938aba251eedccdc024cc3ce199f7d469c018e99","sellTxId":"3b6aeaaf80f093013fb6c34d526ebf3a8f1a6e48"}
{"index": {"_index":"sim","_id":"1252275"}}
	{"id":1252275,"type":"sell","buyer":"dcityfund","seller":"luts","symbol":"SIM","quantity":"19034.827","price":"0.00082900","timestamp":1627219944,"volume":"15.77987158","buyTxId":"b62918d4682808977738eabedfa360ee578cce3d","sellTxId":"3b6aeaaf80f093013fb6c34d526ebf3a8f1a6e48"}
{"index": {"_index":"sim","_id":"1252276"}}
	{"id":1252276,"type":"sell","buyer":"dcityfund","seller":"luts","symbol":"SIM","quantity":"19805.966","price":"0.00082800","timestamp":1627219944,"volume":"16.39933985","buyTxId":"74b29d34dd54e30e77c6b9d3358942ccf7f46761","sellTxId":"3b6aeaaf80f093013fb6c34d526ebf3a8f1a6e48"}
{"index": {"_index":"sim","_id":"1252277"}}
	{"id":1252277,"type":"sell","buyer":"dcityfund","seller":"luts","symbol":"SIM","quantity":"20600.666","price":"0.00082700","timestamp":1627219944,"volume":"17.03675078","buyTxId":"aaf28c1bcd0083b9c711df864b25dd29a5252560","sellTxId":"3b6aeaaf80f093013fb6c34d526ebf3a8f1a6e48"}
{"index": {"_index":"sim","_id":"1252278"}}
	{"id":1252278,"type":"sell","buyer":"dcityfund","seller":"luts","symbol":"SIM","quantity":"21444.424","price":"0.00082600","timestamp":1627219944,"volume":"17.71309422","buyTxId":"b474494ee8da0ccb9cd74937f412a99b82e8bff6","sellTxId":"3b6aeaaf80f093013fb6c34d526ebf3a8f1a6e48"}
{"index": {"_index":"sim","_id":"1252279"}}
	{"id":1252279,"type":"sell","buyer":"dcityfund","seller":"luts","symbol":"SIM","quantity":"19981.279","price":"0.00082500","timestamp":1627219944,"volume":"16.48455517","buyTxId":"2dc2a5cf6876eb465172da1eccedba8bf37d3ca9","sellTxId":"3b6aeaaf80f093013fb6c34d526ebf3a8f1a6e48"}
{"index": {"_index":"sim","_id":"1252280"}}
	{"id":1252280,"type":"sell","buyer":"dcityfund","seller":"luts","symbol":"SIM","quantity":"23976.490","price":"0.00082400","timestamp":1627219944,"volume":"19.75662776","buyTxId":"2c897677d92566cb80a7a93e74af1867efda9b16","sellTxId":"3b6aeaaf80f093013fb6c34d526ebf3a8f1a6e48"}
{"index": {"_index":"sim","_id":"1252281"}}
	{"id":1252281,"type":"sell","buyer":"dcityfund","seller":"luts","symbol":"SIM","quantity":"25022.877","price":"0.00082300","timestamp":1627219944,"volume":"20.59382777","buyTxId":"6001e84f5fe4c88e44221fc8de8a95f3e2a8da81","sellTxId":"3b6aeaaf80f093013fb6c34d526ebf3a8f1a6e48"}
{"index": {"_index":"sim","_id":"1252282"}}
	{"id":1252282,"type":"sell","buyer":"dcityfund","seller":"luts","symbol":"SIM","quantity":"26090.845","price":"0.00082200","timestamp":1627219944,"volume":"21.44667459","buyTxId":"c7f210bebb896326e95f7a802965aa4ed9dfebb5","sellTxId":"3b6aeaaf80f093013fb6c34d526ebf3a8f1a6e48"}
{"index": {"_index":"sim","_id":"1252283"}}
	{"id":1252283,"type":"sell","buyer":"dcityfund","seller":"luts","symbol":"SIM","quantity":"27245.842","price":"0.00082100","timestamp":1627219944,"volume":"22.36883628","buyTxId":"cdd73a60a5c8f5440df8cdbfee7927110aaa0610","sellTxId":"3b6aeaaf80f093013fb6c34d526ebf3a8f1a6e48"}
{"index": {"_index":"sim","_id":"1252284"}}
	{"id":1252284,"type":"sell","buyer":"dcityfund","seller":"luts","symbol":"SIM","quantity":"28462.306","price":"0.00082000","timestamp":1627219944,"volume":"23.33909092","buyTxId":"0e5637c36072fff70ec970d2cf2e01269a50464d","sellTxId":"3b6aeaaf80f093013fb6c34d526ebf3a8f1a6e48"}
{"index": {"_index":"sim","_id":"1252285"}}
	{"id":1252285,"type":"sell","buyer":"morpheus0310","seller":"luts","symbol":"SIM","quantity":"11470.000","price":"0.00082000","timestamp":1627219944,"volume":"9.40540000","buyTxId":"bc865cd7404bbfeafc90d221e00b5d508f6562fb","sellTxId":"3b6aeaaf80f093013fb6c34d526ebf3a8f1a6e48"}
{"index": {"_index":"sim","_id":"1252286"}}
	{"id":1252286,"type":"sell","buyer":"dcityfund","seller":"luts","symbol":"SIM","quantity":"29743.815","price":"0.00081900","timestamp":1627219944,"volume":"24.36018449","buyTxId":"15a80fb8b1073d02b8b67a802f5d506110458f42","sellTxId":"3b6aeaaf80f093013fb6c34d526ebf3a8f1a6e48"}
{"index": {"_index":"sim","_id":"1252287"}}
	{"id":1252287,"type":"sell","buyer":"dcityfund","seller":"luts","symbol":"SIM","quantity":"31095.074","price":"0.00081800","timestamp":1627219944,"volume":"25.43577053","buyTxId":"61b1b9daf8fa8bbca558d347188b78dfd3aed066","sellTxId":"3b6aeaaf80f093013fb6c34d526ebf3a8f1a6e48"}
{"index": {"_index":"sim","_id":"1252288"}}
	{"id":1252288,"type":"sell","buyer":"dcityfund","seller":"luts","symbol":"SIM","quantity":"32520.444","price":"0.00081700","timestamp":1627219944,"volume":"26.56920275","buyTxId":"e832b443e1608affec3f66bbe792619f29ac1a53","sellTxId":"3b6aeaaf80f093013fb6c34d526ebf3a8f1a6e48"}
{"index": {"_index":"sim","_id":"1252289"}}
	{"id":1252289,"type":"sell","buyer":"dcityfund","seller":"luts","symbol":"SIM","quantity":"33967.512","price":"0.00081600","timestamp":1627219944,"volume":"27.71748979","buyTxId":"dd022bd1f370e13f8d083480895d1bb126ea89b7","sellTxId":"3b6aeaaf80f093013fb6c34d526ebf3a8f1a6e48"}
{"index": {"_index":"sim","_id":"1252290"}}
	{"id":1252290,"type":"sell","buyer":"dcityfund","seller":"luts","symbol":"SIM","quantity":"35550.197","price":"0.00081500","timestamp":1627219944,"volume":"28.97341056","buyTxId":"0d01ef5cd6882e556a48a927b707907f844368f1","sellTxId":"3b6aeaaf80f093013fb6c34d526ebf3a8f1a6e48"}
{"index": {"_index":"sim","_id":"1252291"}}
	{"id":1252291,"type":"sell","buyer":"clubfungus","seller":"luts","symbol":"SIM","quantity":"11361.384","price":"0.00081402","timestamp":1627219944,"volume":"9.24839380","buyTxId":"de188e42f1c011cefeb67e3bede51461b0f063cb","sellTxId":"3b6aeaaf80f093013fb6c34d526ebf3a8f1a6e48"}
{"index": {"_index":"sim","_id":"1252292"}}
	{"id":1252292,"type":"sell","buyer":"dcityfund","seller":"luts","symbol":"SIM","quantity":"37220.976","price":"0.00081400","timestamp":1627219944,"volume":"30.29787446","buyTxId":"e74354447177605da6dba6fdf9eb0433b8c343f2","sellTxId":"3b6aeaaf80f093013fb6c34d526ebf3a8f1a6e48"}
{"index": {"_index":"sim","_id":"1252293"}}
	{"id":1252293,"type":"sell","buyer":"dcityfund","seller":"luts","symbol":"SIM","quantity":"38991.396","price":"0.00081300","timestamp":1627219944,"volume":"31.70000495","buyTxId":"bb9bb5607341ac9e07c6159f5399e5765b26d6c7","sellTxId":"3b6aeaaf80f093013fb6c34d526ebf3a8f1a6e48"}
{"index": {"_index":"sim","_id":"1252294"}}
	{"id":1252294,"type":"sell","buyer":"dcityfund","seller":"luts","symbol":"SIM","quantity":"40780.177","price":"0.00081200","timestamp":1627219944,"volume":"33.11350372","buyTxId":"37a8f5db39dd0e5fbc52cac9614822f7c09b4f26","sellTxId":"3b6aeaaf80f093013fb6c34d526ebf3a8f1a6e48"}
{"index": {"_index":"sim","_id":"1252295"}}
	{"id":1252295,"type":"sell","buyer":"dcityfund","seller":"luts","symbol":"SIM","quantity":"42752.891","price":"0.00081100","timestamp":1627219944,"volume":"34.67259460","buyTxId":"472144a19d6c1be40ea71f8f2d1f3804fa7fdf90","sellTxId":"3b6aeaaf80f093013fb6c34d526ebf3a8f1a6e48"}
{"index": {"_index":"sim","_id":"1252296"}}
	{"id":1252296,"type":"sell","buyer":"dcityfund","seller":"luts","symbol":"SIM","quantity":"44843.332","price":"0.00081000","timestamp":1627219944,"volume":"36.32309892","buyTxId":"64fe2218bfd068b701b7cc596270aa7428a2fc6e","sellTxId":"3b6aeaaf80f093013fb6c34d526ebf3a8f1a6e48"}
{"index": {"_index":"sim","_id":"1252297"}}
	{"id":1252297,"type":"sell","buyer":"dustindivitto","seller":"luts","symbol":"SIM","quantity":"15000.000","price":"0.00081000","timestamp":1627219944,"volume":"12.15000000","buyTxId":"c905f0409ce98862b6e8480f3dc942e52db42fea","sellTxId":"3b6aeaaf80f093013fb6c34d526ebf3a8f1a6e48"}
{"index": {"_index":"sim","_id":"1252298"}}
	{"id":1252298,"type":"sell","buyer":"dcityfund","seller":"luts","symbol":"SIM","quantity":"46950.792","price":"0.00080900","timestamp":1627219944,"volume":"37.98319073","buyTxId":"63217f07015dd3a8051eeaf53d2b2d45e38b2032","sellTxId":"3b6aeaaf80f093013fb6c34d526ebf3a8f1a6e48"}
{"index": {"_index":"sim","_id":"1252299"}}
	{"id":1252299,"type":"sell","buyer":"clubfungus","seller":"luts","symbol":"SIM","quantity":"12194.563","price":"0.00080840","timestamp":1627219944,"volume":"9.85808473","buyTxId":"a83e7628bdb7660f82512a01b519952d6a9079b1","sellTxId":"3b6aeaaf80f093013fb6c34d526ebf3a8f1a6e48"}
{"index": {"_index":"sim","_id":"1252300"}}
	{"id":1252300,"type":"sell","buyer":"dcityfund","seller":"luts","symbol":"SIM","quantity":"49290.908","price":"0.00080800","timestamp":1627219944,"volume":"39.82705366","buyTxId":"f98fbac09bb1525ec5cfa700c0a4dbb018388174","sellTxId":"3b6aeaaf80f093013fb6c34d526ebf3a8f1a6e48"}
{"index": {"_index":"sim","_id":"1252301"}}
	{"id":1252301,"type":"sell","buyer":"dcityfund","seller":"luts","symbol":"SIM","quantity":"51776.644","price":"0.00080700","timestamp":1627219944,"volume":"41.78375171","buyTxId":"c7d39ad489cd6b9d81daccc259665b1938772185","sellTxId":"3b6aeaaf80f093013fb6c34d526ebf3a8f1a6e48"}
{"index": {"_index":"sim","_id":"1252302"}}
	{"id":1252302,"type":"sell","buyer":"clubfungus","seller":"luts","symbol":"SIM","quantity":"19271.526","price":"0.00080640","timestamp":1627219944,"volume":"15.54055857","buyTxId":"8aa083b600515ac6dde12b79da1dc0f3f3914124","sellTxId":"3b6aeaaf80f093013fb6c34d526ebf3a8f1a6e48"}
{"index": {"_index":"sim","_id":"1252303"}}
	{"id":1252303,"type":"sell","buyer":"dcityfund","seller":"luts","symbol":"SIM","quantity":"36489.980","price":"0.00080600","timestamp":1627219944,"volume":"29.41092388","buyTxId":"943008905adc493d25d40fcde713cbcdeae2bcfb","sellTxId":"3b6aeaaf80f093013fb6c34d526ebf3a8f1a6e48"}
{"index": {"_index":"sim","_id":"1252304"}}
	{"id":1252304,"type":"sell","buyer":"dcityfund","seller":"luts","symbol":"SIM","quantity":"37628.822","price":"0.00080500","timestamp":1627219944,"volume":"30.29120171","buyTxId":"0e801fb536916aae6facb922ef9bb56a0087e9be","sellTxId":"3b6aeaaf80f093013fb6c34d526ebf3a8f1a6e48"}
{"index": {"_index":"sim","_id":"1252305"}}
	{"id":1252305,"type":"sell","buyer":"eirik","seller":"luts","symbol":"SIM","quantity":"1500.000","price":"0.00080000","timestamp":1627219944,"volume":"1.20000000","buyTxId":"cf9faba93b3b3a26a3b0906a12104085d54aa637","sellTxId":"3b6aeaaf80f093013fb6c34d526ebf3a8f1a6e48"}
{"index": {"_index":"sim","_id":"1252306"}}
	{"id":1252306,"type":"sell","buyer":"dustindivitto","seller":"luts","symbol":"SIM","quantity":"100000.000","price":"0.00079000","timestamp":1627219944,"volume":"79.00000000","buyTxId":"31d46c4e5bbe61dde163ba6b08b0ff8a917246be","sellTxId":"3b6aeaaf80f093013fb6c34d526ebf3a8f1a6e48"}
{"index": {"_index":"sim","_id":"1252307"}}
	{"id":1252307,"type":"sell","buyer":"eirik","seller":"luts","symbol":"SIM","quantity":"2000.000","price":"0.00075000","timestamp":1627219944,"volume":"1.50000000","buyTxId":"f951a4e02d9fe5a6c925187b98ccdb9fc3470afd","sellTxId":"3b6aeaaf80f093013fb6c34d526ebf3a8f1a6e48"}
{"index": {"_index":"sim","_id":"1252308"}}
	{"id":1252308,"type":"buy","buyer":"konvik","seller":"luts","symbol":"SIM","quantity":"1987700.180","price":"0.00075000","timestamp":1627219947,"volume":"1490.77513500","buyTxId":"281d896911fe2b581acbeff30e810ca8d57c1f8f-0","sellTxId":"3b6aeaaf80f093013fb6c34d526ebf3a8f1a6e48"}
{"index": {"_index":"sim","_id":"1252310"}}
	{"id":1252310,"type":"buy","buyer":"konvik","seller":"luts","symbol":"SIM","quantity":"265263.712","price":"0.00075000","timestamp":1627219968,"volume":"198.94778400","buyTxId":"f8c4803a867e2c5308487b89600eca9777b5ab48-0","sellTxId":"3b6aeaaf80f093013fb6c34d526ebf3a8f1a6e48"}
{"index": {"_index":"sim","_id":"1252312"}}
	{"id":1252312,"type":"buy","buyer":"konvik","seller":"luts","symbol":"SIM","quantity":"172650.555","price":"0.00075000","timestamp":1627219989,"volume":"129.48791625","buyTxId":"7269bb26cd95c8e5377a3fc1fe48cc133197b804-0","sellTxId":"3b6aeaaf80f093013fb6c34d526ebf3a8f1a6e48"}
{"index": {"_index":"sim","_id":"1252314"}}
	{"id":1252314,"type":"buy","buyer":"konvik","seller":"luts","symbol":"SIM","quantity":"37835.653","price":"0.00075000","timestamp":1627220010,"volume":"28.37673975","buyTxId":"258f2bbc56eaaadd39d9ef521188cd833b357b31-0","sellTxId":"3b6aeaaf80f093013fb6c34d526ebf3a8f1a6e48"}
{"index": {"_index":"sim","_id":"1252325"}}
	{"id":1252325,"type":"buy","buyer":"jywahaha","seller":"luts","symbol":"SIM","quantity":"1.000","price":"0.00075000","timestamp":1627220109,"volume":"0.00075000","buyTxId":"d3336ad9e701e65cffa3240f76631026dce3043f","sellTxId":"3b6aeaaf80f093013fb6c34d526ebf3a8f1a6e48"}
{"index": {"_index":"sim","_id":"1252332"}}
	{"id":1252332,"type":"buy","buyer":"jywahaha","seller":"luts","symbol":"SIM","quantity":"5.000","price":"0.00075000","timestamp":1627220232,"volume":"0.00375000","buyTxId":"accbb256d1ae09dafd3887b1a4fcbc53c9af0c8f","sellTxId":"3b6aeaaf80f093013fb6c34d526ebf3a8f1a6e48"}
{"index": {"_index":"sim","_id":"1252334"}}
	{"id":1252334,"type":"buy","buyer":"konvik","seller":"solovey6o2","symbol":"SIM","quantity":"123289.907","price":"0.00074999","timestamp":1627220319,"volume":"92.46619735","buyTxId":"e59fc96c2dc24fca1934e76cd4c10d85e50e93cf-0","sellTxId":"713060f82898fd546a6e805cfadf965036ac298e"}
{"index": {"_index":"sim","_id":"1252335"}}
	{"id":1252335,"type":"buy","buyer":"konvik","seller":"luts","symbol":"SIM","quantity":"255186.194","price":"0.00075000","timestamp":1627220319,"volume":"191.38964550","buyTxId":"e59fc96c2dc24fca1934e76cd4c10d85e50e93cf-0","sellTxId":"3b6aeaaf80f093013fb6c34d526ebf3a8f1a6e48"}
{"index": {"_index":"sim","_id":"1252337"}}
	{"id":1252337,"type":"buy","buyer":"clubfungus","seller":"luts","symbol":"SIM","quantity":"27329.842","price":"0.00075000","timestamp":1627220388,"volume":"20.49738150","buyTxId":"b9b78da0eaee6672148d61b9dc7a16174847b1d6","sellTxId":"3b6aeaaf80f093013fb6c34d526ebf3a8f1a6e48"}
{"index": {"_index":"sim","_id":"1252340"}}
	{"id":1252340,"type":"buy","buyer":"he-index","seller":"luts","symbol":"SIM","quantity":"689.333","price":"0.00075000","timestamp":1627220433,"volume":"0.51699975","buyTxId":"c7b19ff22f131c0475535e6d76f0b97f0b25e2f1","sellTxId":"3b6aeaaf80f093013fb6c34d526ebf3a8f1a6e48"}
{"index": {"_index":"sim","_id":"1252346"}}
	{"id":1252346,"type":"buy","buyer":"konvik","seller":"luts","symbol":"SIM","quantity":"382688.826","price":"0.00075000","timestamp":1627220544,"volume":"287.01661950","buyTxId":"404b824be727460e6af68a37e7ac16580436aced-0","sellTxId":"3b6aeaaf80f093013fb6c34d526ebf3a8f1a6e48"}
{"index": {"_index":"sim","_id":"1252355"}}
	{"id":1252355,"type":"buy","buyer":"konvik","seller":"nftmart.fees","symbol":"SIM","quantity":"60.000","price":"0.00074999","timestamp":1627220766,"volume":"0.04499940","buyTxId":"adbfba8bad5f58a6bf070772792d2df431af2a96-0","sellTxId":"3c496ed0e998033cf5cdb5e9b0e3873d0476a9ca-0"}
{"index": {"_index":"sim","_id":"1252356"}}
	{"id":1252356,"type":"buy","buyer":"konvik","seller":"luts","symbol":"SIM","quantity":"308310.441","price":"0.00075000","timestamp":1627220766,"volume":"231.23283075","buyTxId":"adbfba8bad5f58a6bf070772792d2df431af2a96-0","sellTxId":"3b6aeaaf80f093013fb6c34d526ebf3a8f1a6e48"}
{"index": {"_index":"sim","_id":"1252358"}}
	{"id":1252358,"type":"buy","buyer":"musiccccat","seller":"luts","symbol":"SIM","quantity":"56.917","price":"0.00075000","timestamp":1627220781,"volume":"0.04268775","buyTxId":"4b4e73df0c1a28224bcf9d9056dce3afcbe30045","sellTxId":"3b6aeaaf80f093013fb6c34d526ebf3a8f1a6e48"}
{"index": {"_index":"sim","_id":"1252373"}}
	{"id":1252373,"type":"buy","buyer":"musiccccat","seller":"enginemaker","symbol":"SIM","quantity":"28735.632","price":"0.00081300","timestamp":1627221153,"volume":"23.36206882","buyTxId":"a17ba49bf8921e674e9a2a654661aa658d28b626","sellTxId":"MM-P-8971730-55952585-3-2-0"}
{"index": {"_index":"sim","_id":"1252374"}}
	{"id":1252374,"type":"buy","buyer":"musiccccat","seller":"toni.curation","symbol":"SIM","quantity":"31256.368","price":"0.00082300","timestamp":1627221153,"volume":"25.72399086","buyTxId":"a17ba49bf8921e674e9a2a654661aa658d28b626","sellTxId":"eab12a45a0f64083df15cbe826a09a553d7d868a-1"}
{"index": {"_index":"sim","_id":"1252375"}}
	{"id":1252375,"type":"buy","buyer":"musiccccat","seller":"toni.curation","symbol":"SIM","quantity":"349.000","price":"0.00082300","timestamp":1627221174,"volume":"0.28722700","buyTxId":"a6b327bcdbcd4f84c8445ca71be016e1cd31a427","sellTxId":"eab12a45a0f64083df15cbe826a09a553d7d868a-1"}
{"index": {"_index":"sim","_id":"1252398"}}
	{"id":1252398,"type":"buy","buyer":"egistar","seller":"toni.curation","symbol":"SIM","quantity":"8037.667","price":"0.00082300","timestamp":1627221633,"volume":"6.615","buyTxId":"81253a3ef87a0b83e642e6c9766d20aceef8c46e","sellTxId":"8ad3e8d34980ceb632ad92c7ea136c5704589af4-1"}
{"index": {"_index":"sim","_id":"1252399"}}
	{"id":1252399,"type":"buy","buyer":"konvik","seller":"toni.curation","symbol":"SIM","quantity":"88444.191","price":"0.00082300","timestamp":1627221648,"volume":"72.78956919","buyTxId":"b07edc03218e11361840d69ad317b18716971dc6-0","sellTxId":"8ad3e8d34980ceb632ad92c7ea136c5704589af4-1"}
{"index": {"_index":"sim","_id":"1252414"}}
	{"id":1252414,"type":"sell","buyer":"solovey6o2","seller":"thesimguru","symbol":"SIM","quantity":"1775.400","price":"0.00075015","timestamp":1627222188,"volume":"1.33181631","buyTxId":"2a79c6f374ecf3e406d7f0ed09f52b5a823d811f","sellTxId":"478670a48aa8f9b975fc089867200fa84f35eefc"}
{"index": {"_index":"sim","_id":"1252445"}}
	{"id":1252445,"type":"buy","buyer":"imandurey","seller":"nftmart.fees","symbol":"SIM","quantity":"53.000","price":"0.00082299","timestamp":1627222935,"volume":"0.04361847","buyTxId":"78ed49223f4ef552521ec2f7afc34a486f09ceec","sellTxId":"328955b95b2e4954ed613f79a46fbcbc5cc1e01b-0"}
{"index": {"_index":"sim","_id":"1252524"}}
	{"id":1252524,"type":"sell","buyer":"jelly-cz","seller":"morzex","symbol":"SIM","quantity":"4750","price":"0.00082320","timestamp":1627225068,"volume":"3.91020000","buyTxId":"MM-P-8973023-55953881-3-34-0","sellTxId":"5f867313134ba8b17a0f8b3433eeeee396837e1b"}
{"index": {"_index":"sim","_id":"1252574"}}
	{"id":1252574,"type":"buy","buyer":"metzli","seller":"nftmart.fees","symbol":"SIM","quantity":"46.000","price":"0.00089099","timestamp":1627225890,"volume":"0.04098554","buyTxId":"746828551d46da3c4239c460401916da0e08eb78","sellTxId":"059a8b7abb7bb1c86a7851ae41bc0cb65646ef70-0"}
{"index": {"_index":"sim","_id":"1252577"}}
	{"id":1252577,"type":"buy","buyer":"metzli","seller":"onecent","symbol":"SIM","quantity":"1332.000","price":"0.00089100","timestamp":1627225932,"volume":"1.18681200","buyTxId":"c1af411500b73a6a01806958b7f575d688f65446","sellTxId":"fd279fe57dc179c37f59f39919a9a9678b027b27"}
{"index": {"_index":"sim","_id":"1252588"}}
	{"id":1252588,"type":"sell","buyer":"metzli","seller":"hdmed","symbol":"SIM","quantity":"206.060","price":"0.00083000","timestamp":1627226031,"volume":"0.17102980","buyTxId":"d479df1be3180155ff5adb2cc5c1c773ee9618d2","sellTxId":"3c904ce59ccec1ebe9af2187a424987d908d51a6"}
{"index": {"_index":"sim","_id":"1252614"}}
	{"id":1252614,"type":"buy","buyer":"egistar","seller":"elevator09","symbol":"SIM","quantity":"1517.032","price":"0.00091000","timestamp":1627226238,"volume":"1.3805","buyTxId":"85fb17e8d85539b18227b60e1bb423ba4f6c3f0d","sellTxId":"e501e97e534c2148497228fd80f34d0501fa4f04"}
{"index": {"_index":"sim","_id":"1252625"}}
	{"id":1252625,"type":"buy","buyer":"barrenwolfsbane","seller":"nftmart.fees","symbol":"SIM","quantity":"40.000","price":"0.00090999","timestamp":1627226646,"volume":"0.03639960","buyTxId":"7a0b7801237daa9bfd8137caa78dad6e395740fb","sellTxId":"1e595cb04224a6e96bb3d3319597dc0a4892e1ee-0"}
{"index": {"_index":"sim","_id":"1252626"}}
	{"id":1252626,"type":"buy","buyer":"barrenwolfsbane","seller":"elevator09","symbol":"SIM","quantity":"78.406","price":"0.00091000","timestamp":1627226646,"volume":"0.07134946","buyTxId":"7a0b7801237daa9bfd8137caa78dad6e395740fb","sellTxId":"e501e97e534c2148497228fd80f34d0501fa4f04"}
{"index": {"_index":"sim","_id":"1252651"}}
	{"id":1252651,"type":"sell","buyer":"anything123","seller":"chireerocks","symbol":"SIM","quantity":"206.638","price":"0.00085000","timestamp":1627227078,"volume":"0.17564230","buyTxId":"e435c1dfbb132f8dda54292d476983eb2cb13a22","sellTxId":"fc10b3950dc55cd5b2c344d3422653a3b479b166"}
{"index": {"_index":"sim","_id":"1252676"}}
	{"id":1252676,"type":"buy","buyer":"anything123","seller":"elevator09","symbol":"SIM","quantity":"209.266","price":"0.00091000","timestamp":1627227603,"volume":"0.19043206","buyTxId":"2599e2c7deac195ba3cdd590abffb22fe6195b92","sellTxId":"e501e97e534c2148497228fd80f34d0501fa4f04"}
{"index": {"_index":"sim","_id":"1252677"}}
	{"id":1252677,"type":"buy","buyer":"anything123","seller":"jelly-cz","symbol":"SIM","quantity":"66790.734","price":"0.00091500","timestamp":1627227603,"volume":"61.11352161","buyTxId":"2599e2c7deac195ba3cdd590abffb22fe6195b92","sellTxId":"MM-P-8971031-55951885-3-34-0"}
{"index": {"_index":"sim","_id":"1252765"}}
	{"id":1252765,"type":"sell","buyer":"jelly-cz","seller":"andy4475","symbol":"SIM","quantity":"38.881","price":"0.00085032","timestamp":1627230150,"volume":"0.03306129","buyTxId":"MM-P-8974715-55955577-3-34-0","sellTxId":"82d35e644dc6be84057f0829aa122aaffb9f30f8"}
{"index": {"_index":"sim","_id":"1252772"}}
	{"id":1252772,"type":"sell","buyer":"jelly-cz","seller":"videobooster","symbol":"SIM","quantity":"34103.604","price":"0.00085035","timestamp":1627230480,"volume":"28.99999966","buyTxId":"MM-P-8974815-55955677-3-34-0","sellTxId":"28319b4c6bf8a882487992665d0aeeb84d92ea0c"}
{"index": {"_index":"sim","_id":"1252773"}}
	{"id":1252773,"type":"buy","buyer":"solovey6o2","seller":"nftmart.fees","symbol":"SIM","quantity":"35.000","price":"0.00085032","timestamp":1627230498,"volume":"0.02976120","buyTxId":"a909a79a234d5b0800475fd691b9a1905369913b","sellTxId":"4e7caf2750faecdf53d08384b67d12df81720ffb-0"}
{"index": {"_index":"sim","_id":"1252774"}}
	{"id":1252774,"type":"buy","buyer":"solovey6o2","seller":"videobooster","symbol":"SIM","quantity":"67462.396","price":"0.00085033","timestamp":1627230498,"volume":"57.36529919","buyTxId":"a909a79a234d5b0800475fd691b9a1905369913b","sellTxId":"28319b4c6bf8a882487992665d0aeeb84d92ea0c"}
{"index": {"_index":"sim","_id":"1252786"}}
	{"id":1252786,"type":"sell","buyer":"metzli","seller":"tute","symbol":"SIM","quantity":"793.940","price":"0.00083000","timestamp":1627230909,"volume":"0.65897020","buyTxId":"d479df1be3180155ff5adb2cc5c1c773ee9618d2","sellTxId":"4d6bec75cb017dcc1d6f7243428b06c475692f8d"}
{"index": {"_index":"sim","_id":"1252787"}}
	{"id":1252787,"type":"sell","buyer":"solovey6o2","seller":"tute","symbol":"SIM","quantity":"6678.100","price":"0.00082303","timestamp":1627230909,"volume":"5.49627664","buyTxId":"e0507534a0f4f803a9d668f2af4b8d520d06c9bb","sellTxId":"4d6bec75cb017dcc1d6f7243428b06c475692f8d"}
{"index": {"_index":"sim","_id":"1252803"}}
	{"id":1252803,"type":"sell","buyer":"solovey6o2","seller":"morzex","symbol":"SIM","quantity":"631.75","price":"0.00082306","timestamp":1627231167,"volume":"0.51996816","buyTxId":"07136d7e68ac1a61b3b192cff03a4e19b222cde4","sellTxId":"fc9377f9b6cd20e7b137045fe8b78a16e489b6e7"}
{"index": {"_index":"sim","_id":"1252829"}}
	{"id":1252829,"type":"buy","buyer":"steinhammer","seller":"nftmart.fees","symbol":"SIM","quantity":"30.000","price":"0.00091498","timestamp":1627232256,"volume":"0.02744940","buyTxId":"b0aded5bd3f8e7b078a5999c7c1ab251cc94257c","sellTxId":"b785b3592919346208c42488dbc3dc07517ea126-0"}
{"index": {"_index":"sim","_id":"1252858"}}
	{"id":1252858,"type":"sell","buyer":"steinhammer","seller":"ironshield","symbol":"SIM","quantity":"2100.000","price":"0.00091498","timestamp":1627232730,"volume":"1.92145800","buyTxId":"b0aded5bd3f8e7b078a5999c7c1ab251cc94257c","sellTxId":"bb3a8db52f94bf07846afc450924d7234cc00ed7"}
{"index": {"_index":"sim","_id":"1252863"}}
	{"id":1252863,"type":"sell","buyer":"steinhammer","seller":"nftmart.fees","symbol":"SIM","quantity":"26.000","price":"0.00091498","timestamp":1627232892,"volume":"0.02378948","buyTxId":"b0aded5bd3f8e7b078a5999c7c1ab251cc94257c","sellTxId":"028110c73a262b5e7adc023bd7dd0a5f98bc950c-0"}
{"index": {"_index":"sim","_id":"1252892"}}
	{"id":1252892,"type":"buy","buyer":"soteyapanbot","seller":"solovey6o2","symbol":"SIM","quantity":"4328.000","price":"0.00091499","timestamp":1627233345,"volume":"3.96007672","buyTxId":"aa012671b8a36ebfde5d463c3207eb37004e40d7","sellTxId":"e2a6212f7c08797397d12771143286c2c245e8cf"}
{"index": {"_index":"sim","_id":"1252905"}}
	{"id":1252905,"type":"buy","buyer":"vcelier","seller":"solovey6o2","symbol":"SIM","quantity":"513.744","price":"0.00091499","timestamp":1627233708,"volume":"0.47007062","buyTxId":"742fadc06b1ad738054d6e8b00905adcecc6c232","sellTxId":"e2a6212f7c08797397d12771143286c2c245e8cf"}
{"index": {"_index":"sim","_id":"1252912"}}
	{"id":1252912,"type":"buy","buyer":"vcelier","seller":"solovey6o2","symbol":"SIM","quantity":"1923.219","price":"0.00091499","timestamp":1627233810,"volume":"1.75972615","buyTxId":"ade3a6ae666ee656eeef930c0ea3bd1be1678cd1","sellTxId":"e2a6212f7c08797397d12771143286c2c245e8cf"}
{"index": {"_index":"sim","_id":"1252922"}}
	{"id":1252922,"type":"sell","buyer":"steinhammer","seller":"ruchiari","symbol":"SIM","quantity":"19.000","price":"0.00091498","timestamp":1627233984,"volume":"0.01738462","buyTxId":"b0aded5bd3f8e7b078a5999c7c1ab251cc94257c","sellTxId":"0e9fabab134715596bfd276745c43663faf733e7"}
{"index": {"_index":"sim","_id":"1252927"}}
	{"id":1252927,"type":"sell","buyer":"pieternijmeijer","seller":"ruchiari","symbol":"SIM","quantity":"766.000","price":"0.00091000","timestamp":1627234050,"volume":"0.69706000","buyTxId":"5d4bef8ade3f797d5a2a23005740b43fb406e4a4","sellTxId":"c4e0618688d162521dea99d082cbcffb41df9647"}
{"index": {"_index":"sim","_id":"1252930"}}
	{"id":1252930,"type":"sell","buyer":"pieternijmeijer","seller":"ruchiari","symbol":"SIM","quantity":"500.000","price":"0.00091000","timestamp":1627234134,"volume":"0.45500000","buyTxId":"5d4bef8ade3f797d5a2a23005740b43fb406e4a4","sellTxId":"7338f319de32fce46eb128b20d7166db89769f48"}
{"index": {"_index":"sim","_id":"1252953"}}
	{"id":1252953,"type":"buy","buyer":"soteyapanbot","seller":"nftmart.fees","symbol":"SIM","quantity":"30.000","price":"0.00091494","timestamp":1627234731,"volume":"0.02744820","buyTxId":"20477d8992efff998e13b29cfbfdf093284d8951","sellTxId":"2ee49a2266c075e5a9d0db0e6bdb3cfe417f1b71-0"}
{"index": {"_index":"sim","_id":"1252954"}}
	{"id":1252954,"type":"sell","buyer":"soteyapanbot","seller":"konvik","symbol":"SIM","quantity":"11658.446","price":"0.00091494","timestamp":1627234734,"volume":"10.66677858","buyTxId":"20477d8992efff998e13b29cfbfdf093284d8951","sellTxId":"bfd6c63ac540cc797c5ee5eceaf016f84aaab6c4-1"}
{"index": {"_index":"sim","_id":"1252961"}}
	{"id":1252961,"type":"sell","buyer":"soteyapanbot","seller":"half-fast","symbol":"SIM","quantity":"11.554","price":"0.00091494","timestamp":1627234992,"volume":"0.01057122","buyTxId":"20477d8992efff998e13b29cfbfdf093284d8951","sellTxId":"70442b30b1b8c6fe91058fb276486629ec8ea6f3"}
{"index": {"_index":"sim","_id":"1252962"}}
	{"id":1252962,"type":"sell","buyer":"pieternijmeijer","seller":"half-fast","symbol":"SIM","quantity":"174.000","price":"0.00091000","timestamp":1627235034,"volume":"0.15834000","buyTxId":"5d4bef8ade3f797d5a2a23005740b43fb406e4a4","sellTxId":"5308e00064d60cce2040205b04daf076f96007e0"}
{"index": {"_index":"sim","_id":"1252987"}}
	{"id":1252987,"type":"buy","buyer":"anything123","seller":"eshr92","symbol":"SIM","quantity":"167.000","price":"0.00090000","timestamp":1627235772,"volume":"0.15030000","buyTxId":"539c957b56e7034d3fe2d58dd93ec81bb82194be","sellTxId":"ac1a5c8e3dbf391dedb76bb12984f15028aa57ec"}
{"index": {"_index":"sim","_id":"1252989"}}
	{"id":1252989,"type":"sell","buyer":"anything123","seller":"konvik","symbol":"SIM","quantity":"140693.563","price":"0.00091000","timestamp":1627235775,"volume":"128.03114233","buyTxId":"539c957b56e7034d3fe2d58dd93ec81bb82194be","sellTxId":"fe838c4f5b6cbf49b81f2c83b9a25e9f4033dfc4-1"}
{"index": {"_index":"sim","_id":"1253007"}}
	{"id":1253007,"type":"buy","buyer":"soteyapanbot","seller":"nftmart.fees","symbol":"SIM","quantity":"26.000","price":"0.00091498","timestamp":1627236249,"volume":"0.02378948","buyTxId":"c550a66fae13523642c4f8128e21d6b57ee4ad57","sellTxId":"bcb47f99fbe71caa57a638bc1d04d8237aa7f29b-0"}
{"index": {"_index":"sim","_id":"1253009"}}
	{"id":1253009,"type":"sell","buyer":"soteyapanbot","seller":"half-fast","symbol":"SIM","quantity":"1233.000","price":"0.00091498","timestamp":1627236363,"volume":"1.12817034","buyTxId":"c550a66fae13523642c4f8128e21d6b57ee4ad57","sellTxId":"6ac161d112620ee2e280d136c7b95b441f4dddd9"}
{"index": {"_index":"sim","_id":"1253027"}}
	{"id":1253027,"type":"sell","buyer":"anything123","seller":"jrcornel","symbol":"SIM","quantity":"139.437","price":"0.00091000","timestamp":1627237059,"volume":"0.12688767","buyTxId":"539c957b56e7034d3fe2d58dd93ec81bb82194be","sellTxId":"41a4642a49a5c5222379bce204f414e1c60e372d"}
{"index": {"_index":"sim","_id":"1253028"}}
	{"id":1253028,"type":"sell","buyer":"jelly-cz","seller":"jrcornel","symbol":"SIM","quantity":"35209.130","price":"0.00082365","timestamp":1627237059,"volume":"28.99999992","buyTxId":"MM-P-8977008-55957873-3-34-0","sellTxId":"41a4642a49a5c5222379bce204f414e1c60e372d"}
{"index": {"_index":"sim","_id":"1253029"}}
	{"id":1253029,"type":"sell","buyer":"imandurey","seller":"jrcornel","symbol":"SIM","quantity":"13101.257","price":"0.00082299","timestamp":1627237059,"volume":"10.78220350","buyTxId":"78ed49223f4ef552521ec2f7afc34a486f09ceec","sellTxId":"41a4642a49a5c5222379bce204f414e1c60e372d"}
{"index": {"_index":"sim","_id":"1253030"}}
	{"id":1253030,"type":"buy","buyer":"konvik","seller":"jrcornel","symbol":"SIM","quantity":"5381.748","price":"0.00082000","timestamp":1627237062,"volume":"4.41303336","buyTxId":"917225f748e609e63b5e2db481b77dd88fad92e9-0","sellTxId":"41a4642a49a5c5222379bce204f414e1c60e372d"}
{"index": {"_index":"sim","_id":"1253031"}}
	{"id":1253031,"type":"buy","buyer":"solovey6o2","seller":"jrcornel","symbol":"SIM","quantity":"33747.161","price":"0.00082000","timestamp":1627237071,"volume":"27.67267202","buyTxId":"6435d01d8e7b688077566424fab5b35d6bdda23e","sellTxId":"41a4642a49a5c5222379bce204f414e1c60e372d"}
{"index": {"_index":"sim","_id":"1253035"}}
	{"id":1253035,"type":"buy","buyer":"cryptobandito01","seller":"jrcornel","symbol":"SIM","quantity":"1.267","price":"0.00082000","timestamp":1627237152,"volume":"0.00103894","buyTxId":"08075b74655731fa46d88534336368fcc9b65840","sellTxId":"41a4642a49a5c5222379bce204f414e1c60e372d"}
{"index": {"_index":"sim","_id":"1253047"}}
	{"id":1253047,"type":"buy","buyer":"cryptobandito01","seller":"nftmart.fees","symbol":"SIM","quantity":"23.000","price":"0.00091498","timestamp":1627237371,"volume":"0.02104454","buyTxId":"b4e84223e3b332026cf40bf904a9e2d4cfaa96fa","sellTxId":"21cb9c824486b41efef589e1f2c9ddb74a30afd6-0"}
{"index": {"_index":"sim","_id":"1253048"}}
	{"id":1253048,"type":"buy","buyer":"cryptobandito01","seller":"solovey6o2","symbol":"SIM","quantity":"977.000","price":"0.00091499","timestamp":1627237371,"volume":"0.89394523","buyTxId":"b4e84223e3b332026cf40bf904a9e2d4cfaa96fa","sellTxId":"e2a6212f7c08797397d12771143286c2c245e8cf"}
{"index": {"_index":"sim","_id":"1253062"}}
	{"id":1253062,"type":"sell","buyer":"eirik","seller":"elricmoonslayer","symbol":"SIM","quantity":"696.008","price":"0.00080000","timestamp":1627237578,"volume":"0.55680640","buyTxId":"7efcceb9d30be398147c3021cbcf7ebb9d623e65","sellTxId":"e26bf13f7b4f32785311dd423d71a360ba40444e"}
{"index": {"_index":"sim","_id":"1253092"}}
	{"id":1253092,"type":"sell","buyer":"eirik","seller":"dhedge-drips","symbol":"SIM","quantity":"0.005","price":"0.00080000","timestamp":1627238721,"volume":"0.00000400","buyTxId":"7efcceb9d30be398147c3021cbcf7ebb9d623e65","sellTxId":"5db878a02c8b27d112f28bc2c03400258ce7f3cb"}
{"index": {"_index":"sim","_id":"1253108"}}
	{"id":1253108,"type":"buy","buyer":"reseller","seller":"solovey6o2","symbol":"SIM","quantity":"100000.000","price":"0.00088899","timestamp":1627238847,"volume":"88.89900000","buyTxId":"ca8efea70e2b7b7c938cf7403a5ab762754fa709","sellTxId":"af9f4797d3d4d068dacf35483b26f97b2b834a29"}
{"index": {"_index":"sim","_id":"1253140"}}
	{"id":1253140,"type":"sell","buyer":"eirik","seller":"frugal-fun","symbol":"SIM","quantity":"803.987","price":"0.00080000","timestamp":1627239597,"volume":"0.64318960","buyTxId":"7efcceb9d30be398147c3021cbcf7ebb9d623e65","sellTxId":"5829738d9f723072aa096f0dcfca10de7cbc8886"}
{"index": {"_index":"sim","_id":"1253149"}}
	{"id":1253149,"type":"sell","buyer":"solovey6o2","seller":"mary.janikowski","symbol":"SIM","quantity":"44694.000","price":"0.00076001","timestamp":1627239726,"volume":"33.96788694","buyTxId":"10e12a7b1e013b07e39c5dd2b811afa201a0a299","sellTxId":"48cee5398a9843606d46540b84bda62da19b4de6"}
{"index": {"_index":"sim","_id":"1253150"}}
	{"id":1253150,"type":"buy","buyer":"rambo21","seller":"nftmart.fees","symbol":"SIM","quantity":"20.000","price":"0.00088898","timestamp":1627239738,"volume":"0.01777960","buyTxId":"18da162cebf29691e239afcb0d382e8bca0f0be0","sellTxId":"bd50c642c41b9622afd216ab40fb41cf48ee7cad-0"}
{"index": {"_index":"sim","_id":"1253151"}}
	{"id":1253151,"type":"buy","buyer":"rambo21","seller":"solovey6o2","symbol":"SIM","quantity":"1980.000","price":"0.00088899","timestamp":1627239738,"volume":"1.76020020","buyTxId":"18da162cebf29691e239afcb0d382e8bca0f0be0","sellTxId":"af9f4797d3d4d068dacf35483b26f97b2b834a29"}
{"index": {"_index":"sim","_id":"1253160"}}
	{"id":1253160,"type":"sell","buyer":"solovey6o2","seller":"heikki1337","symbol":"SIM","quantity":"2271.100","price":"0.00076004","timestamp":1627239903,"volume":"1.72612684","buyTxId":"fbc27c8da067bedc542567c83f6af06217038c88","sellTxId":"22eb0997d5b53c43002e9797bde64a096d1b51b1"}
{"index": {"_index":"sim","_id":"1253168"}}
	{"id":1253168,"type":"buy","buyer":"rambo21","seller":"dhedge-drips","symbol":"SIM","quantity":"0.005","price":"0.00088899","timestamp":1627239972,"volume":"0.00000444","buyTxId":"66aed77c4e47f475f65e44ceadb1cc2f4570ce7f","sellTxId":"d15fa5f3bc50fa09356cf1d2dc5a39cb9b3bf985"}
{"index": {"_index":"sim","_id":"1253184"}}
	{"id":1253184,"type":"sell","buyer":"rambo21","seller":"agr8buzz","symbol":"SIM","quantity":"799.995","price":"0.00089000","timestamp":1627240230,"volume":"0.71199555","buyTxId":"66aed77c4e47f475f65e44ceadb1cc2f4570ce7f","sellTxId":"4dd053f00bf2992ad9a2c65c0694ecb3106d2033"}
{"index": {"_index":"sim","_id":"1253185"}}
	{"id":1253185,"type":"sell","buyer":"solovey6o2","seller":"agr8buzz","symbol":"SIM","quantity":"3503.669","price":"0.00076007","timestamp":1627240230,"volume":"2.66303370","buyTxId":"a65ef4c7867cf560ef40f2e56cc3fb04ab501f0f","sellTxId":"4dd053f00bf2992ad9a2c65c0694ecb3106d2033"}
{"index": {"_index":"sim","_id":"1253195"}}
	{"id":1253195,"type":"sell","buyer":"jelly-cz","seller":"casilokodesing","symbol":"SIM","quantity":"402.000","price":"0.00076009","timestamp":1627240380,"volume":"0.30555618","buyTxId":"MM-P-8978100-55958968-3-34-0","sellTxId":"9d76058cb32e84548a4ba8084a389b92fc23dbc4"}
{"index": {"_index":"sim","_id":"1253217"}}
	{"id":1253217,"type":"sell","buyer":"solovey6o2","seller":"trumpman","symbol":"SIM","quantity":"4227.838","price":"0.00076019","timestamp":1627241448,"volume":"3.21396017","buyTxId":"cfc28c5e33b03411871510d64c620ad4ddaebd28","sellTxId":"82644a01182a83af0cdfa1ce8df60359d69beefe"}
{"index": {"_index":"sim","_id":"1253218"}}
	{"id":1253218,"type":"sell","buyer":"solovey6o2","seller":"mary.janikowski","symbol":"SIM","quantity":"6865.000","price":"0.00076019","timestamp":1627241457,"volume":"5.21870435","buyTxId":"cfc28c5e33b03411871510d64c620ad4ddaebd28","sellTxId":"6da88541f1d11438568e9b4db2a0c39724ce1231"}
{"index": {"_index":"sim","_id":"1253225"}}
	{"id":1253225,"type":"buy","buyer":"egistar","seller":"nftmart.fees","symbol":"SIM","quantity":"416.913","price":"0.00089998","timestamp":1627241598,"volume":"0.3752139","buyTxId":"4d1dbcce41362665df8d56b0a1dbe954a94077d4","sellTxId":"8c3a9a6c478a43f87a797e5f874396a47df6d813-0"}
{"index": {"_index":"sim","_id":"1253245"}}
	{"id":1253245,"type":"sell","buyer":"solovey6o2","seller":"fitcoin","symbol":"SIM","quantity":"888.400","price":"0.00076028","timestamp":1627242414,"volume":"0.67543275","buyTxId":"ca90fad1910f18c820566e812694b37a224be278","sellTxId":"02140f1ae38efa8164fb60ccb957be3227c220db"}
{"index": {"_index":"sim","_id":"1253257"}}
	{"id":1253257,"type":"sell","buyer":"solovey6o2","seller":"bonustoken","symbol":"SIM","quantity":"254.000","price":"0.00076031","timestamp":1627242552,"volume":"0.19311874","buyTxId":"cca7e7072b6757be02bd28a42a48055795532d64","sellTxId":"0a04466e38d455dfdbcc627dc47e0a43998b2b52"}
{"index": {"_index":"sim","_id":"1253327"}}
	{"id":1253327,"type":"sell","buyer":"solovey6o2","seller":"fantasycrypto","symbol":"SIM","quantity":"22504.000","price":"0.00076037","timestamp":1627243230,"volume":"17.11136648","buyTxId":"8cece0d6ad4a9f90ec32cf703e818d9b3ddb6ddd","sellTxId":"be451a638c5c853aa17a4d11a4962b43557c2a89"}
{"index": {"_index":"sim","_id":"1253365"}}
	{"id":1253365,"type":"sell","buyer":"jelly-cz","seller":"chroniccoin","symbol":"SIM","quantity":"739.000","price":"0.00076048","timestamp":1627244241,"volume":"0.56199472","buyTxId":"MM-P-8979397-55960267-3-34-0","sellTxId":"2a5d06349e410857dd04889bc623ddad3109d354"}
{"index": {"_index":"sim","_id":"1253373"}}
	{"id":1253373,"type":"sell","buyer":"solovey6o2","seller":"willsaldeno","symbol":"SIM","quantity":"2121.000","price":"0.00076052","timestamp":1627244601,"volume":"1.61306292","buyTxId":"49e59cb2afc1946819db807c8ca2c09e751fee14","sellTxId":"039c56ff23b7becf28dbaaa7c68a43e98f5f885f"}
{"index": {"_index":"sim","_id":"1253388"}}
	{"id":1253388,"type":"buy","buyer":"ctrlyse","seller":"nftmart.fees","symbol":"SIM","quantity":"1033.000","price":"0.00089998","timestamp":1627244952,"volume":"0.92967934","buyTxId":"98658f7597dd98b2c77e2c3da4dfa47fde3b63c7","sellTxId":"bd62ca9b99effc1497592c7ddcfd9f4bbb05de54-0"}
{"index": {"_index":"sim","_id":"1253394"}}
	{"id":1253394,"type":"buy","buyer":"ctrlyse","seller":"solovey6o2","symbol":"SIM","quantity":"3078.746","price":"0.00089999","timestamp":1627245102,"volume":"2.77084061","buyTxId":"6192dbc7022ca7e8d733c3e9771222d2cebc084b","sellTxId":"009a8b90bd09048340bd83bf7934c440f8854f55"}
{"index": {"_index":"sim","_id":"1253450"}}
	{"id":1253450,"type":"buy","buyer":"konvik","seller":"joshh71390","symbol":"SIM","quantity":"50002.000","price":"0.00085000","timestamp":1627246419,"volume":"42.50170000","buyTxId":"83f7bf13645f4c2d715d6c49787a38521d9bb7a5-0","sellTxId":"78ef5d52bfd76cd7e0226bbb8694c5cb68d912fa"}
{"index": {"_index":"sim","_id":"1253460"}}
	{"id":1253460,"type":"sell","buyer":"solovey6o2","seller":"deathwing","symbol":"SIM","quantity":"726","price":"0.00076071","timestamp":1627246506,"volume":"0.55227546","buyTxId":"fa60dd43dc994896ef596e914d413ffd5233e9b6","sellTxId":"33429c784526847b6ff0f6dcb7352c161f2a97da-0"}
{"index": {"_index":"sim","_id":"1253465"}}
	{"id":1253465,"type":"buy","buyer":"juanmiguelsalas","seller":"nftmart.fees","symbol":"SIM","quantity":"899.000","price":"0.00089998","timestamp":1627246527,"volume":"0.80908202","buyTxId":"6cf78b8984075aca5c854b3db8d8d5e49b9c0491","sellTxId":"912d5fc60fcfce6b37dfef71c1b5fd009cdeae30-0"}
{"index": {"_index":"sim","_id":"1253466"}}
	{"id":1253466,"type":"buy","buyer":"juanmiguelsalas","seller":"solovey6o2","symbol":"SIM","quantity":"9071.000","price":"0.00089999","timestamp":1627246527,"volume":"8.16380929","buyTxId":"6cf78b8984075aca5c854b3db8d8d5e49b9c0491","sellTxId":"009a8b90bd09048340bd83bf7934c440f8854f55"}
{"index": {"_index":"sim","_id":"1253484"}}
	{"id":1253484,"type":"sell","buyer":"solovey6o2","seller":"balte","symbol":"SIM","quantity":"24000.000","price":"0.00076077","timestamp":1627247196,"volume":"18.25848000","buyTxId":"4fd9bf21c95ae6ad0d782d5b44d3cba945a6ab02","sellTxId":"e3d1c6f660d4e9287af9e5b566a1eac76ff41d58"}
{"index": {"_index":"sim","_id":"1253552"}}
	{"id":1253552,"type":"buy","buyer":"vokus","seller":"nftmart.fees","symbol":"SIM","quantity":"100.000","price":"0.00086899","timestamp":1627248765,"volume":"0.08689900","buyTxId":"47c6bad15b854f3a15ab7c57c86177a90a286624","sellTxId":"87f0142222203d383f25406bd681584195c88a2e-0"}
{"index": {"_index":"sim","_id":"1253577"}}
	{"id":1253577,"type":"buy","buyer":"juanmiguelsalas","seller":"solovey6o2","symbol":"SIM","quantity":"14564.000","price":"0.00085999","timestamp":1627249518,"volume":"12.52489436","buyTxId":"1d1c5d6b2d6d8b68d3f4c7449b837405fe2d4f06","sellTxId":"c3016535b12115d8c9ac1af19d7db8e3ccf7fa39"}
{"index": {"_index":"sim","_id":"1253599"}}
	{"id":1253599,"type":"sell","buyer":"solovey6o2","seller":"solarpowers","symbol":"SIM","quantity":"10781.000","price":"0.00076104","timestamp":1627250148,"volume":"8.20477224","buyTxId":"51c6d1de68ecfa5624c1122fd43d13f3055578f6","sellTxId":"bec1518d14bfe3cdf7a67f1635ba68914f1bed2a"}
{"index": {"_index":"sim","_id":"1253602"}}
	{"id":1253602,"type":"buy","buyer":"metzli","seller":"nftmart.fees","symbol":"SIM","quantity":"681.000","price":"0.00085998","timestamp":1627250343,"volume":"0.58564638","buyTxId":"92c87c6fd6b12a9deaa30f39434deb0dbe9604b8","sellTxId":"1130644b8e8a94628b29b5ed7cf99513fe5a5dc8-0"}
{"index": {"_index":"sim","_id":"1253624"}}
	{"id":1253624,"type":"sell","buyer":"solovey6o2","seller":"bigram13","symbol":"SIM","quantity":"17665.651","price":"0.00076113","timestamp":1627250928,"volume":"13.44585695","buyTxId":"a32ad60603a38db75cdc936392db2b0a26af0dca","sellTxId":"708335cf0069cb71a2a8056558fa006ca829dd5f"}
{"index": {"_index":"sim","_id":"1253625"}}
	{"id":1253625,"type":"sell","buyer":"jelly-cz","seller":"bigram13","symbol":"SIM","quantity":"7966.349","price":"0.00076112","timestamp":1627250928,"volume":"6.06334755","buyTxId":"MM-P-8981590-55962461-3-34-0","sellTxId":"708335cf0069cb71a2a8056558fa006ca829dd5f"}
{"index": {"_index":"sim","_id":"1253669"}}
	{"id":1253669,"type":"buy","buyer":"konvik","seller":"nftmart.fees","symbol":"SIM","quantity":"681.000","price":"0.00085998","timestamp":1627251696,"volume":"0.58564638","buyTxId":"f16ee295dc7a0b2ef9c89578543f8100f3f86dd8-0","sellTxId":"dfdf10306c2ef58e503d10770594de1e9d3d475a-0"}
{"index": {"_index":"sim","_id":"1253670"}}
	{"id":1253670,"type":"buy","buyer":"konvik","seller":"solovey6o2","symbol":"SIM","quantity":"17907.284","price":"0.00085999","timestamp":1627251696,"volume":"15.40008517","buyTxId":"f16ee295dc7a0b2ef9c89578543f8100f3f86dd8-0","sellTxId":"c3016535b12115d8c9ac1af19d7db8e3ccf7fa39"}
{"index": {"_index":"sim","_id":"1253683"}}
	{"id":1253683,"type":"sell","buyer":"solovey6o2","seller":"manoldonchev","symbol":"SIM","quantity":"23000.000","price":"0.00076116","timestamp":1627252026,"volume":"17.50668000","buyTxId":"9e3a463d4a4e82e3d18382f6b13e94eb34166ac2","sellTxId":"2501db78d29f9158ee61acd82f8878c370ab68b6"}
{"index": {"_index":"sim","_id":"1253689"}}
	{"id":1253689,"type":"sell","buyer":"solovey6o2","seller":"bwar-gg","symbol":"SIM","quantity":"273.500","price":"0.00076116","timestamp":1627252272,"volume":"0.20817726","buyTxId":"9e3a463d4a4e82e3d18382f6b13e94eb34166ac2","sellTxId":"c70ad6481bd6045404ab08a6ceb0e003fa3e892b"}
{"index": {"_index":"sim","_id":"1253708"}}
	{"id":1253708,"type":"buy","buyer":"konvik","seller":"nftmart.fees","symbol":"SIM","quantity":"592.000","price":"0.00085998","timestamp":1627253031,"volume":"0.50910816","buyTxId":"ded3f9554438878c3d1690c95fa8b1f8d5d4b997-0","sellTxId":"02e0c5c21948c94ba5d5786065832af6dc21ec42-0"}
{"index": {"_index":"sim","_id":"1253709"}}
	{"id":1253709,"type":"buy","buyer":"konvik","seller":"solovey6o2","symbol":"SIM","quantity":"680.815","price":"0.00085999","timestamp":1627253031,"volume":"0.58549409","buyTxId":"ded3f9554438878c3d1690c95fa8b1f8d5d4b997-0","sellTxId":"c3016535b12115d8c9ac1af19d7db8e3ccf7fa39"}
{"index": {"_index":"sim","_id":"1253710"}}
	{"id":1253710,"type":"buy","buyer":"konvik","seller":"solovey6o2","symbol":"SIM","quantity":"33552.923","price":"0.00085999","timestamp":1627253031,"volume":"28.85517825","buyTxId":"ded3f9554438878c3d1690c95fa8b1f8d5d4b997-0","sellTxId":"92fdb416a335439ceffd0bcc6cff9aba352fdeb8"}
{"index": {"_index":"sim","_id":"1253782"}}
	{"id":1253782,"type":"buy","buyer":"gerber","seller":"solovey6o2","symbol":"SIM","quantity":"33808.083","price":"0.00085999","timestamp":1627255218,"volume":"29.07461330","buyTxId":"e7c28adf9bd7e504bc2223962d12f3fadafb2153","sellTxId":"92fdb416a335439ceffd0bcc6cff9aba352fdeb8"}
{"index": {"_index":"sim","_id":"1253783"}}
	{"id":1253783,"type":"buy","buyer":"gerber","seller":"solovey6o2","symbol":"SIM","quantity":"10781.001","price":"0.00085999","timestamp":1627255218,"volume":"9.27155305","buyTxId":"e7c28adf9bd7e504bc2223962d12f3fadafb2153","sellTxId":"7a4a3fac3738bc449cf6c05718a974ca450c1b37"}
{"index": {"_index":"sim","_id":"1253784"}}
	{"id":1253784,"type":"buy","buyer":"gerber","seller":"solovey6o2","symbol":"SIM","quantity":"17665.651","price":"0.00085999","timestamp":1627255218,"volume":"15.19228320","buyTxId":"e7c28adf9bd7e504bc2223962d12f3fadafb2153","sellTxId":"1a818193dc0c89ba923a164295d4edc8c4e6200a"}
{"index": {"_index":"sim","_id":"1253785"}}
	{"id":1253785,"type":"buy","buyer":"gerber","seller":"solovey6o2","symbol":"SIM","quantity":"23000.000","price":"0.00085999","timestamp":1627255218,"volume":"19.77977000","buyTxId":"e7c28adf9bd7e504bc2223962d12f3fadafb2153","sellTxId":"3c40b820a15c425fff1388218931bb6e66fb8698"}
{"index": {"_index":"sim","_id":"1253786"}}
	{"id":1253786,"type":"buy","buyer":"gerber","seller":"bhoa","symbol":"SIM","quantity":"259736.533","price":"0.00086000","timestamp":1627255218,"volume":"223.37341838","buyTxId":"e7c28adf9bd7e504bc2223962d12f3fadafb2153","sellTxId":"5bb464e3114b0ed06383c80ac4a9a791f8d9910a"}
{"index": {"_index":"sim","_id":"1253787"}}
	{"id":1253787,"type":"buy","buyer":"gerber","seller":"dcityfund","symbol":"SIM","quantity":"967.693","price":"0.00086000","timestamp":1627255218,"volume":"0.83221598","buyTxId":"e7c28adf9bd7e504bc2223962d12f3fadafb2153","sellTxId":"7ae645d6523260225644cacaf140d5468939073b"}
{"index": {"_index":"sim","_id":"1253788"}}
	{"id":1253788,"type":"buy","buyer":"gerber","seller":"onecent","symbol":"SIM","quantity":"1234.000","price":"0.00086900","timestamp":1627255218,"volume":"1.07234600","buyTxId":"e7c28adf9bd7e504bc2223962d12f3fadafb2153","sellTxId":"0538f62789943d1fa5d8137bf880c9cfcde34783"}
{"index": {"_index":"sim","_id":"1253789"}}
	{"id":1253789,"type":"buy","buyer":"gerber","seller":"onecent","symbol":"SIM","quantity":"1221.000","price":"0.00088900","timestamp":1627255218,"volume":"1.08546900","buyTxId":"e7c28adf9bd7e504bc2223962d12f3fadafb2153","sellTxId":"ab6921a610bb5473adf26e503428de7c35c4250c"}
{"index": {"_index":"sim","_id":"1253790"}}
	{"id":1253790,"type":"buy","buyer":"gerber","seller":"toni.curation","symbol":"SIM","quantity":"353.705","price":"0.00089999","timestamp":1627255218,"volume":"0.31833109","buyTxId":"e7c28adf9bd7e504bc2223962d12f3fadafb2153","sellTxId":"327d93c16381113f2adfb89fa138c9b16c053286-1"}
{"index": {"_index":"sim","_id":"1253795"}}
	{"id":1253795,"type":"buy","buyer":"egistar","seller":"toni.curation","symbol":"SIM","quantity":"2296.745","price":"0.00089999","timestamp":1627255263,"volume":"2.06704753","buyTxId":"f6c47a44d3944a00a11a25ac27d66fd4c5440e7b","sellTxId":"6b1b548db87b722115e569cd939a1c0000cb85e2-1"}
{"index": {"_index":"sim","_id":"1253796"}}
	{"id":1253796,"type":"buy","buyer":"egistar","seller":"steem-hodler","symbol":"SIM","quantity":"8563.553","price":"0.00090000","timestamp":1627255263,"volume":"7.70719786","buyTxId":"f6c47a44d3944a00a11a25ac27d66fd4c5440e7b","sellTxId":"778ef08c1d4a2db348792a24d656282fefe93450"}
{"index": {"_index":"sim","_id":"1253813"}}
	{"id":1253813,"type":"sell","buyer":"solovey6o2","seller":"holoferncro","symbol":"SIM","quantity":"34353.006","price":"0.00077004","timestamp":1627256022,"volume":"26.45318874","buyTxId":"eafe19e2cfa81b490e07be1b85fc2417cee3441f","sellTxId":"c3d511f8a3ed6a49f5740bf22b03a6106597b814"}
{"index": {"_index":"sim","_id":"1253821"}}
	{"id":1253821,"type":"sell","buyer":"dcityfund","seller":"tsnaks","symbol":"SIM","quantity":"1379.004","price":"0.00077400","timestamp":1627256325,"volume":"1.06734910","buyTxId":"edfa9d3c0c546be19ededad6e99dcb3762104b24","sellTxId":"e0323a2279b810a4f9cf0f4dbacc469802ce9ada"}
{"index": {"_index":"sim","_id":"1253829"}}
	{"id":1253829,"type":"buy","buyer":"vokus","seller":"solovey6o2","symbol":"SIM","quantity":"200.000","price":"0.00089999","timestamp":1627256574,"volume":"0.17999800","buyTxId":"71323360bd0e4e869188ddc3c6d57437a95505d9","sellTxId":"45578d81dc1e63b88a0a8a2c569b27177754bd3e"}
{"index": {"_index":"sim","_id":"1253840"}}
	{"id":1253840,"type":"sell","buyer":"dcityfund","seller":"fiberfrau","symbol":"SIM","quantity":"57.571","price":"0.00078200","timestamp":1627257081,"volume":"0.04502052","buyTxId":"49de7851c3948d517ff536e56339c07b088406d8","sellTxId":"667c601c994ff9159a584956e1eb90e6b498c62b"}
{"index": {"_index":"sim","_id":"1253860"}}
	{"id":1253860,"type":"buy","buyer":"chunchun123","seller":"nftmart.fees","symbol":"SIM","quantity":"515.000","price":"0.00089998","timestamp":1627257654,"volume":"0.46348970","buyTxId":"64d33271aa856a85be8b99f4962544c755f3a072","sellTxId":"58ae92b18b3e8f8867c4eab2ef869b0ed7e32477-0"}
{"index": {"_index":"sim","_id":"1253861"}}
	{"id":1253861,"type":"buy","buyer":"chunchun123","seller":"solovey6o2","symbol":"SIM","quantity":"18485.000","price":"0.00089999","timestamp":1627257654,"volume":"16.63631515","buyTxId":"64d33271aa856a85be8b99f4962544c755f3a072","sellTxId":"45578d81dc1e63b88a0a8a2c569b27177754bd3e"}
{"index": {"_index":"sim","_id":"1253867"}}
	{"id":1253867,"type":"sell","buyer":"dcityfund","seller":"travelgirl","symbol":"SIM","quantity":"4996.002","price":"0.00079000","timestamp":1627257882,"volume":"3.94684158","buyTxId":"19d4ecbb64b7ca2a28a052b593d5f49ce72e39c9","sellTxId":"d0d5f4138595c5451d8de5ffc495199e73b69085"}
{"index": {"_index":"sim","_id":"1253899"}}
	{"id":1253899,"type":"sell","buyer":"dcityfund","seller":"theshaki","symbol":"SIM","quantity":"223.916","price":"0.00080300","timestamp":1627259094,"volume":"0.17980455","buyTxId":"d0e4c3a052c57530d2cd1d9ba7ea53caaa36871c","sellTxId":"4cac8c6481fcf631a282938208f2a6848e55933f"}
{"index": {"_index":"sim","_id":"1253936"}}
	{"id":1253936,"type":"sell","buyer":"dcityfund","seller":"dhedge-drips","symbol":"SIM","quantity":"2.790","price":"0.00080500","timestamp":1627260318,"volume":"0.00224595","buyTxId":"a2a6f89c6d30dd627a4aea6e708043c377acecef","sellTxId":"77b32290f0e8cfd4f7ffb1c12acb8c3f09c0bfa3"}
{"index": {"_index":"sim","_id":"1254072"}}
	{"id":1254072,"type":"sell","buyer":"dcityfund","seller":"kater1","symbol":"SIM","quantity":"118.750","price":"0.00080500","timestamp":1627262712,"volume":"0.09559375","buyTxId":"a2a6f89c6d30dd627a4aea6e708043c377acecef","sellTxId":"9331645928f7b997c7f2c7165acb315b21154a5c"}
{"index": {"_index":"sim","_id":"1254073"}}
	{"id":1254073,"type":"sell","buyer":"dcityfund","seller":"trentonlundy1","symbol":"SIM","quantity":"0.160","price":"0.00080500","timestamp":1627262736,"volume":"0.00012880","buyTxId":"a2a6f89c6d30dd627a4aea6e708043c377acecef","sellTxId":"3790d981856c5ca85439df61d37e062311f351c9"}
{"index": {"_index":"sim","_id":"1254124"}}
	{"id":1254124,"type":"sell","buyer":"dcityfund","seller":"he-index","symbol":"SIM","quantity":"639.148","price":"0.00080500","timestamp":1627263786,"volume":"0.51451414","buyTxId":"a2a6f89c6d30dd627a4aea6e708043c377acecef","sellTxId":"c46376363adcda37c6705db005571ff697437f80"}
{"index": {"_index":"sim","_id":"1254182"}}
	{"id":1254182,"type":"buy","buyer":"nastyforce","seller":"nftmart.fees","symbol":"SIM","quantity":"448.000","price":"0.00088399","timestamp":1627265901,"volume":"0.39602752","buyTxId":"72223b5f1d505a4e5cfcd1ab0e0b7ec1b2337c7d","sellTxId":"929593676ed020bf58945cc2fe225d811ea84d20-0"}
{"index": {"_index":"sim","_id":"1254186"}}
	{"id":1254186,"type":"sell","buyer":"nastyforce","seller":"ericburgoyne","symbol":"SIM","quantity":"61.000","price":"0.00088399","timestamp":1627266396,"volume":"0.05392339","buyTxId":"72223b5f1d505a4e5cfcd1ab0e0b7ec1b2337c7d","sellTxId":"3a150be2cb596fe05c816452f73287c118e7f79f"}
{"index": {"_index":"sim","_id":"1254192"}}
	{"id":1254192,"type":"sell","buyer":"dcityfund","seller":"ericburgoyne","symbol":"SIM","quantity":"53.254","price":"0.00080500","timestamp":1627266489,"volume":"0.04286947","buyTxId":"a2a6f89c6d30dd627a4aea6e708043c377acecef","sellTxId":"a2dc17ddcca5795a9bf19e0aa1b7332c4c3700d1"}
{"index": {"_index":"sim","_id":"1254197"}}
	{"id":1254197,"type":"sell","buyer":"dcityfund","seller":"thesimguru","symbol":"SIM","quantity":"1825.200","price":"0.00080500","timestamp":1627266621,"volume":"1.46928600","buyTxId":"a2a6f89c6d30dd627a4aea6e708043c377acecef","sellTxId":"4ddfbddc8f538c8b0229af8e8ef91bb26c48b0ce"}
{"index": {"_index":"sim","_id":"1254211"}}
	{"id":1254211,"type":"sell","buyer":"dcityfund","seller":"thatcryptodave","symbol":"SIM","quantity":"873.186","price":"0.00080500","timestamp":1627266975,"volume":"0.70291473","buyTxId":"a2a6f89c6d30dd627a4aea6e708043c377acecef","sellTxId":"e93083336f2d431cf060cb4f2ad800e8e4b6d6f3"}
{"index": {"_index":"sim","_id":"1254261"}}
	{"id":1254261,"type":"sell","buyer":"dcityfund","seller":"atongis","symbol":"SIM","quantity":"24.032","price":"0.00080500","timestamp":1627267887,"volume":"0.01934576","buyTxId":"a2a6f89c6d30dd627a4aea6e708043c377acecef","sellTxId":"91d62429c1a469f8b19483502dd1edce6541d549"}
