{"index": {"_index":"sim","_id":"1897488"}}
	{"id":1897488,"type":"buy","buyer":"kevinnag58","seller":"jelly-cz","symbol":"SIM","quantity":"1980.394","price":"0.00100990","timestamp":1636166712,"volume":"2","buyTxId":"2504b0d7e6f6232611fe3b68e7d8dfcd76cb3a2d","sellTxId":"MM-P-11937982-58923847-3-33-0"}
{"index": {"_index":"sim","_id":"1897551"}}
	{"id":1897551,"type":"sell","buyer":"petertag","seller":"andy4475","symbol":"SIM","quantity":"27.692","price":"0.00100300","timestamp":1636167408,"volume":"0.02777508","buyTxId":"f317712e05c4d9ec63d0c6377b4bcaf1551473ef","sellTxId":"ec5e20879ee827a85c7a0acd5074b30b0710091a"}
{"index": {"_index":"sim","_id":"1897775"}}
	{"id":1897775,"type":"buy","buyer":"epsilon-killer","seller":"jelly-cz","symbol":"SIM","quantity":"10013.563","price":"0.00100990","timestamp":1636170951,"volume":"10.11269727","buyTxId":"5dbd094755acaa021e4a90af1978e8db8cf00b7c","sellTxId":"MM-P-11937982-58923847-3-33-0"}
{"index": {"_index":"sim","_id":"1897846"}}
	{"id":1897846,"type":"sell","buyer":"pi-trader","seller":"brofi-market","symbol":"SIM","quantity":"0.001","price":"0.00099001","timestamp":1636171878,"volume":"0.00000099","buyTxId":"2eb4a7305a043c4ca6e8634153c712c97a653a2d-1","sellTxId":"bcb9b97bd4a45523617d07117e435f2fb0914aad"}
{"index": {"_index":"sim","_id":"1897971"}}
	{"id":1897971,"type":"sell","buyer":"pi-trader","seller":"theguruasia","symbol":"SIM","quantity":"2329.265","price":"0.00099001","timestamp":1636173756,"volume":"2.30599564","buyTxId":"6607410cc2bbe18dbaa828c61b65a5220a56c8cd-1","sellTxId":"92bf985400d3df648687c57dd66219f206abb787"}
{"index": {"_index":"sim","_id":"1898227"}}
	{"id":1898227,"type":"sell","buyer":"pi-trader","seller":"muenchen","symbol":"SIM","quantity":"8433.000","price":"0.00099001","timestamp":1636178037,"volume":"8.34875433","buyTxId":"b4a62a06a4a408e35bd29d41b09f88e0153514f9-3","sellTxId":"6c83d96f45d5f29986b2435e8accd94fb4cc72ed"}
{"index": {"_index":"sim","_id":"1898474"}}
	{"id":1898474,"type":"sell","buyer":"pi-trader","seller":"steemstreems","symbol":"SIM","quantity":"2311","price":"0.00099001","timestamp":1636180734,"volume":"2.28791311","buyTxId":"90b8fb1db881b23de0a98411b200276eb823db37-5","sellTxId":"eb1abb1291848b520719dfb5601f786429b33e35"}
{"index": {"_index":"sim","_id":"1898538"}}
	{"id":1898538,"type":"sell","buyer":"pi-trader","seller":"loganhate","symbol":"SIM","quantity":"1479.010","price":"0.00099001","timestamp":1636181202,"volume":"1.46423469","buyTxId":"c574a1b7aa8a1f39467922c14be0147c7cc45c10-5","sellTxId":"621081cb1b9b2aeb297b2f175b2a63b7799d39c0"}
{"index": {"_index":"sim","_id":"1898650"}}
	{"id":1898650,"type":"buy","buyer":"eythorphoto","seller":"jelly-cz","symbol":"SIM","quantity":"142.000","price":"0.00100986","timestamp":1636182426,"volume":"0.14340012","buyTxId":"bc1bb47ca72d32620b94b1a706bd35a4ff31e913","sellTxId":"MM-P-11945932-58931812-3-33-0"}
{"index": {"_index":"sim","_id":"1898762"}}
	{"id":1898762,"type":"buy","buyer":"libert","seller":"jelly-cz","symbol":"SIM","quantity":"3921.335","price":"0.00100986","timestamp":1636183419,"volume":"3.96","buyTxId":"51d05e779db04fcedb1d759e690876051d7b43f8","sellTxId":"MM-P-11945932-58931812-3-33-0"}
{"index": {"_index":"sim","_id":"1898962"}}
	{"id":1898962,"type":"buy","buyer":"stickupboys","seller":"jelly-cz","symbol":"SIM","quantity":"3000.000","price":"0.00100986","timestamp":1636186731,"volume":"3.02958000","buyTxId":"cce94ee25d7a295162b9500668f1763727f4a721","sellTxId":"MM-P-11945932-58931812-3-33-0"}
{"index": {"_index":"sim","_id":"1899056"}}
	{"id":1899056,"type":"sell","buyer":"mchero","seller":"dera123","symbol":"SIM","quantity":"11502.138","price":"0.00099500","timestamp":1636187652,"volume":"11.44462731","buyTxId":"708e5ce04f0ac113d4f0d2dad41cde7503d22021","sellTxId":"9b10c54b799618f05ae4dbfad84655f27f633b8c"}
{"index": {"_index":"sim","_id":"1899065"}}
	{"id":1899065,"type":"buy","buyer":"jrs29","seller":"jelly-cz","symbol":"SIM","quantity":"800.000","price":"0.00100986","timestamp":1636187811,"volume":"0.80788800","buyTxId":"f23cb445969cd1c137e83930530fd9c9caa080ee","sellTxId":"MM-P-11945932-58931812-3-33-0"}
{"index": {"_index":"sim","_id":"1899155"}}
	{"id":1899155,"type":"buy","buyer":"jrs29","seller":"jelly-cz","symbol":"SIM","quantity":"600.000","price":"0.00100986","timestamp":1636188684,"volume":"0.60591600","buyTxId":"32952eae2108a91c365b6d88965e425e30a5e74a","sellTxId":"MM-P-11945932-58931812-3-33-0"}
{"index": {"_index":"sim","_id":"1899165"}}
	{"id":1899165,"type":"buy","buyer":"bambukah","seller":"jelly-cz","symbol":"SIM","quantity":"3960.945","price":"0.00100986","timestamp":1636188804,"volume":"4","buyTxId":"da20682230296fe2a88b5ddf352a06d18b569969","sellTxId":"MM-P-11945932-58931812-3-33-0"}
{"index": {"_index":"sim","_id":"1899169"}}
	{"id":1899169,"type":"sell","buyer":"mchero","seller":"piotr42","symbol":"SIM","quantity":"924.000","price":"0.00099500","timestamp":1636188861,"volume":"0.91938000","buyTxId":"708e5ce04f0ac113d4f0d2dad41cde7503d22021","sellTxId":"2399aa314f423a3056c23c85309f9b7c4c30d499"}
{"index": {"_index":"sim","_id":"1899240"}}
	{"id":1899240,"type":"buy","buyer":"konvik","seller":"jelly-cz","symbol":"SIM","quantity":"78418.160","price":"0.00099998","timestamp":1636189398,"volume":"78.41659164","buyTxId":"2031a9524d2e88bed9c7cc465662463a57b73a3a-0","sellTxId":"MM-P-11948520-58934404-3-33-0"}
{"index": {"_index":"sim","_id":"1899268"}}
	{"id":1899268,"type":"buy","buyer":"jrs29","seller":"jelly-cz","symbol":"SIM","quantity":"750.000","price":"0.00099998","timestamp":1636189830,"volume":"0.74998500","buyTxId":"dc9eec3670077462a43cb06bc432ce2d8436d115","sellTxId":"MM-P-11948520-58934404-3-33-0"}
{"index": {"_index":"sim","_id":"1899446"}}
	{"id":1899446,"type":"sell","buyer":"mchero","seller":"hirohurl","symbol":"SIM","quantity":"22.532","price":"0.00099500","timestamp":1636191888,"volume":"0.02241934","buyTxId":"708e5ce04f0ac113d4f0d2dad41cde7503d22021","sellTxId":"13d0f975eabdb6aef0ac085df85e9539675af43d"}
{"index": {"_index":"sim","_id":"1899677"}}
	{"id":1899677,"type":"sell","buyer":"mchero","seller":"invest4free","symbol":"SIM","quantity":"858.000","price":"0.00099500","timestamp":1636193391,"volume":"0.85371000","buyTxId":"708e5ce04f0ac113d4f0d2dad41cde7503d22021","sellTxId":"7ec054293db610cec95d054b80e7bed9893a708b"}
{"index": {"_index":"sim","_id":"1899977"}}
	{"id":1899977,"type":"sell","buyer":"mchero","seller":"monsterjamgold","symbol":"SIM","quantity":"1602.464","price":"0.00099500","timestamp":1636195809,"volume":"1.59445168","buyTxId":"708e5ce04f0ac113d4f0d2dad41cde7503d22021","sellTxId":"84fe47d677667ae787e80a5bb602caf3d091ff3a"}
{"index": {"_index":"sim","_id":"1900215"}}
	{"id":1900215,"type":"buy","buyer":"seeyouinlumb","seller":"jelly-cz","symbol":"SIM","quantity":"100000.000","price":"0.00099998","timestamp":1636198806,"volume":"99.99800000","buyTxId":"a5266430b4bdccdcee1a0e5a712bfc70e90600f1","sellTxId":"MM-P-11948520-58934404-3-33-0"}
{"index": {"_index":"sim","_id":"1900312"}}
	{"id":1900312,"type":"sell","buyer":"mchero","seller":"iamalivechalleng","symbol":"SIM","quantity":"0.848","price":"0.00099500","timestamp":1636199763,"volume":"0.00084376","buyTxId":"708e5ce04f0ac113d4f0d2dad41cde7503d22021","sellTxId":"d4a5655e287905d90f767e1f9f1cf9d30854d91d"}
{"index": {"_index":"sim","_id":"1900345"}}
	{"id":1900345,"type":"sell","buyer":"mchero","seller":"iamalivechalleng","symbol":"SIM","quantity":"0.005","price":"0.00099500","timestamp":1636200069,"volume":"0.00000498","buyTxId":"708e5ce04f0ac113d4f0d2dad41cde7503d22021","sellTxId":"1ceb473eae88bbf9a81253127d2ca0d01adbf44b"}
{"index": {"_index":"sim","_id":"1900483"}}
	{"id":1900483,"type":"sell","buyer":"mchero","seller":"brofi-market","symbol":"SIM","quantity":"0.007","price":"0.00099500","timestamp":1636201062,"volume":"0.00000697","buyTxId":"708e5ce04f0ac113d4f0d2dad41cde7503d22021","sellTxId":"e0fc24f069a0b6264e28555c2c528d409e7b7946"}
{"index": {"_index":"sim","_id":"1900684"}}
	{"id":1900684,"type":"buy","buyer":"dswap","seller":"jelly-cz","symbol":"SIM","quantity":"1550.081","price":"0.00099998","timestamp":1636202754,"volume":"1.55005000","buyTxId":"82f9113414ce5f7b5263bef51d50d66f7b019df9","sellTxId":"MM-P-11948520-58934404-3-33-0"}
{"index": {"_index":"sim","_id":"1900773"}}
	{"id":1900773,"type":"buy","buyer":"wine-cellar","seller":"jelly-cz","symbol":"SIM","quantity":"758.759","price":"0.00099998","timestamp":1636203216,"volume":"0.75874382","buyTxId":"7651c4789c6a4474618c873d70240d87f1315a15","sellTxId":"MM-P-11948520-58934404-3-33-0"}
{"index": {"_index":"sim","_id":"1900774"}}
	{"id":1900774,"type":"buy","buyer":"wine-cellar","seller":"brofi-market","symbol":"SIM","quantity":"0.007","price":"0.00099998","timestamp":1636203216,"volume":"0.00000700","buyTxId":"7651c4789c6a4474618c873d70240d87f1315a15","sellTxId":"3be65ac06c2a8da57197299dfdc7a2c4ca4fdad6"}
{"index": {"_index":"sim","_id":"1900775"}}
	{"id":1900775,"type":"buy","buyer":"wine-cellar","seller":"vincentnijman","symbol":"SIM","quantity":"1500.000","price":"0.00099998","timestamp":1636203216,"volume":"1.49997000","buyTxId":"7651c4789c6a4474618c873d70240d87f1315a15","sellTxId":"282699f8e311688bd104bf69eab005233c62fcb0"}
{"index": {"_index":"sim","_id":"1900776"}}
	{"id":1900776,"type":"buy","buyer":"wine-cellar","seller":"mary.janikowski","symbol":"SIM","quantity":"10041.234","price":"0.00100000","timestamp":1636203216,"volume":"10.04123400","buyTxId":"7651c4789c6a4474618c873d70240d87f1315a15","sellTxId":"e060d80d262ba157009a939d7efd5bcda9df4ee6"}
{"index": {"_index":"sim","_id":"1900861"}}
	{"id":1900861,"type":"sell","buyer":"mchero","seller":"captaincryptic","symbol":"SIM","quantity":"348.021","price":"0.00099500","timestamp":1636204413,"volume":"0.34628090","buyTxId":"708e5ce04f0ac113d4f0d2dad41cde7503d22021","sellTxId":"7146a779193d47e3e02000f814c973dd98f0e7c4"}
{"index": {"_index":"sim","_id":"1900871"}}
	{"id":1900871,"type":"sell","buyer":"mchero","seller":"wine-cellar","symbol":"SIM","quantity":"12.344","price":"0.00099500","timestamp":1636204518,"volume":"0.01228228","buyTxId":"708e5ce04f0ac113d4f0d2dad41cde7503d22021","sellTxId":"1fa9350a0d05a322673a2fe6b8b964be962d6fda"}
{"index": {"_index":"sim","_id":"1901051"}}
	{"id":1901051,"type":"sell","buyer":"mchero","seller":"frugal-fun","symbol":"SIM","quantity":"4729.641","price":"0.00099500","timestamp":1636206387,"volume":"4.70599279","buyTxId":"708e5ce04f0ac113d4f0d2dad41cde7503d22021","sellTxId":"b876ad4b1a70e97026fdfca1a70c86a8d8c82b3d"}
{"index": {"_index":"sim","_id":"1901059"}}
	{"id":1901059,"type":"sell","buyer":"he-index","seller":"frugal-fun","symbol":"SIM","quantity":"356.784","price":"0.00099500","timestamp":1636206456,"volume":"0.35500008","buyTxId":"4d9aa4d139fbff1859d1b3dd69be2c0be2931a70","sellTxId":"ec2d9cfe2498b1c7f70691c1d079bd02fcc3bdbf"}
{"index": {"_index":"sim","_id":"1901060"}}
	{"id":1901060,"type":"sell","buyer":"boycharliefamily","seller":"frugal-fun","symbol":"SIM","quantity":"41589.784","price":"0.00099000","timestamp":1636206456,"volume":"41.17388616","buyTxId":"c7a871e60b5ed3b20c4672feb5f6cb7de826eb82","sellTxId":"ec2d9cfe2498b1c7f70691c1d079bd02fcc3bdbf"}
{"index": {"_index":"sim","_id":"1901061"}}
	{"id":1901061,"type":"sell","buyer":"sbi-tokens","seller":"frugal-fun","symbol":"SIM","quantity":"70310.000","price":"0.00098100","timestamp":1636206456,"volume":"68.97411000","buyTxId":"6b68525106e379b2db56a9e279447cc36251ace1","sellTxId":"ec2d9cfe2498b1c7f70691c1d079bd02fcc3bdbf"}
{"index": {"_index":"sim","_id":"1901062"}}
	{"id":1901062,"type":"sell","buyer":"mchero","seller":"frugal-fun","symbol":"SIM","quantity":"6154.732","price":"0.00098000","timestamp":1636206456,"volume":"6.03163736","buyTxId":"6cc02219d4821a97b24f47270dd73ccc228cd8b5","sellTxId":"ec2d9cfe2498b1c7f70691c1d079bd02fcc3bdbf"}
{"index": {"_index":"sim","_id":"1901063"}}
	{"id":1901063,"type":"sell","buyer":"mchero","seller":"frugal-fun","symbol":"SIM","quantity":"16659.225","price":"0.00098000","timestamp":1636206456,"volume":"16.32604050","buyTxId":"224461946753f40fff981d8ca82be2a38e17b09a","sellTxId":"ec2d9cfe2498b1c7f70691c1d079bd02fcc3bdbf"}
{"index": {"_index":"sim","_id":"1901064"}}
	{"id":1901064,"type":"sell","buyer":"mchero","seller":"frugal-fun","symbol":"SIM","quantity":"14929.475","price":"0.00097000","timestamp":1636206456,"volume":"14.48159075","buyTxId":"51b47f38c23b63857a436cfd1f8ffcf2e98f38ba","sellTxId":"ec2d9cfe2498b1c7f70691c1d079bd02fcc3bdbf"}
{"index": {"_index":"sim","_id":"1901078"}}
	{"id":1901078,"type":"sell","buyer":"pi-trader","seller":"frugal-fun","symbol":"SIM","quantity":"50000.000","price":"0.00097001","timestamp":1636206555,"volume":"48.50050000","buyTxId":"81c4e4e557af547a3ad39bc04224c9bf6bdf2c4a-2","sellTxId":"db880b10cc0a857a15f6a0656f97695d738b5bea"}
{"index": {"_index":"sim","_id":"1901079"}}
	{"id":1901079,"type":"sell","buyer":"mchero","seller":"frugal-fun","symbol":"SIM","quantity":"5000.000","price":"0.00097000","timestamp":1636206555,"volume":"4.85000000","buyTxId":"51b47f38c23b63857a436cfd1f8ffcf2e98f38ba","sellTxId":"db880b10cc0a857a15f6a0656f97695d738b5bea"}
{"index": {"_index":"sim","_id":"1901098"}}
	{"id":1901098,"type":"sell","buyer":"mchero","seller":"mfblack","symbol":"SIM","quantity":"70.525","price":"0.00097000","timestamp":1636206864,"volume":"0.06840925","buyTxId":"51b47f38c23b63857a436cfd1f8ffcf2e98f38ba","sellTxId":"682682c9e57da3f491be200df96ddcc158bded56"}
{"index": {"_index":"sim","_id":"1901099"}}
	{"id":1901099,"type":"sell","buyer":"pi-trader","seller":"mfblack","symbol":"SIM","quantity":"3785.557","price":"0.00096001","timestamp":1636206864,"volume":"3.63417258","buyTxId":"ec9f5cf79cd27a96c016669ce9125a38d91991c7-4","sellTxId":"682682c9e57da3f491be200df96ddcc158bded56"}
{"index": {"_index":"sim","_id":"1901241"}}
	{"id":1901241,"type":"sell","buyer":"pi-trader","seller":"ausbitbank","symbol":"SIM","quantity":"3138.240","price":"0.00096001","timestamp":1636208409,"volume":"3.01274178","buyTxId":"7165ea6fc1716531c5ff495778cae7ead7d298a2-4","sellTxId":"3846cfe4748d717847d954a72c2a2a2c6537de40"}
{"index": {"_index":"sim","_id":"1901361"}}
	{"id":1901361,"type":"sell","buyer":"pi-trader","seller":"theshaki","symbol":"SIM","quantity":"38.492","price":"0.00096001","timestamp":1636209528,"volume":"0.03695270","buyTxId":"f7de97515e21d10e76ce946347bd4486b7bc56c3-3","sellTxId":"6e36aee07f67a4e5b14d6e7ecde75c8972a30f72"}
{"index": {"_index":"sim","_id":"1901447"}}
	{"id":1901447,"type":"buy","buyer":"imagenius.dac","seller":"tussar11","symbol":"SIM","quantity":"4074.753","price":"0.00099700","timestamp":1636210359,"volume":"4.06252874","buyTxId":"ddcc8fc88171c73af9b36028e94b5a737f4efbe4","sellTxId":"69ddeaf0064137351679c2d022ea36111b50c3da"}
{"index": {"_index":"sim","_id":"1901532"}}
	{"id":1901532,"type":"sell","buyer":"pi-trader","seller":"magnacarta","symbol":"SIM","quantity":"0.005","price":"0.00096001","timestamp":1636210848,"volume":"0.00000480","buyTxId":"e0fe26eb7ccce7801f82b00588e00780e5cfee7d-1","sellTxId":"e623a3b76bb1877959e814fca54703891926e788"}
{"index": {"_index":"sim","_id":"1901695"}}
	{"id":1901695,"type":"sell","buyer":"pi-trader","seller":"wine-token","symbol":"SIM","quantity":"0.009","price":"0.00096001","timestamp":1636212192,"volume":"0.00000864","buyTxId":"438d7fc7038f100707cb6d20ac855cdc158c7e9c-1","sellTxId":"f60124542a347f701de2ad77a014269153f74ba9"}
{"index": {"_index":"sim","_id":"1901743"}}
	{"id":1901743,"type":"sell","buyer":"pi-trader","seller":"ctrlyse","symbol":"SIM","quantity":"0.010","price":"0.00096001","timestamp":1636212744,"volume":"0.00000960","buyTxId":"a9ec00c9c49d1f308b90e34ea4ae33ccdba02e2a-5","sellTxId":"a397a26662af0f2443c2d179a86aa9ecc58fdd4f"}
{"index": {"_index":"sim","_id":"1901823"}}
	{"id":1901823,"type":"buy","buyer":"princekham","seller":"tussar11","symbol":"SIM","quantity":"2072.247","price":"0.00099700","timestamp":1636213266,"volume":"2.06603026","buyTxId":"d63f38a258c310b71ce695ca2f2ca2b70b16b963","sellTxId":"69ddeaf0064137351679c2d022ea36111b50c3da"}
{"index": {"_index":"sim","_id":"1901824"}}
	{"id":1901824,"type":"buy","buyer":"princekham","seller":"jelly-cz","symbol":"SIM","quantity":"834.011","price":"0.00099995","timestamp":1636213266,"volume":"0.83396974","buyTxId":"d63f38a258c310b71ce695ca2f2ca2b70b16b963","sellTxId":"MM-P-11954981-58940877-3-33-0"}
{"index": {"_index":"sim","_id":"1901859"}}
	{"id":1901859,"type":"sell","buyer":"pi-trader","seller":"muenchen","symbol":"SIM","quantity":"56.328","price":"0.00096001","timestamp":1636213557,"volume":"0.05407544","buyTxId":"351f6d96e048bcd22c6628c7e8c0dd9e91ebdf53-3","sellTxId":"4726e468b7773fd7c2bccb6ca719783f58cb2e71"}
{"index": {"_index":"sim","_id":"1902037"}}
	{"id":1902037,"type":"sell","buyer":"pi-trader","seller":"brofi-market","symbol":"SIM","quantity":"0.001","price":"0.00096001","timestamp":1636215162,"volume":"0.00000096","buyTxId":"f655d52bd668ceab9afd8e3feef9c68edf39d104-3","sellTxId":"990942dc458c6c58230c3afc400fa4aeb3516f74"}
{"index": {"_index":"sim","_id":"1902190"}}
	{"id":1902190,"type":"sell","buyer":"pi-trader","seller":"taitux","symbol":"SIM","quantity":"7951.550","price":"0.00096001","timestamp":1636215789,"volume":"7.63356752","buyTxId":"820d6e39cadfedc1b8ec0b8537b2bd5d13e8c5e7-3","sellTxId":"daf296c10e839582407315562a110cacedde1406"}
{"index": {"_index":"sim","_id":"1902207"}}
	{"id":1902207,"type":"buy","buyer":"svirus","seller":"mchero","symbol":"SIM","quantity":"62920.950","price":"0.00099000","timestamp":1636215900,"volume":"62.29174050","buyTxId":"7469f3556e7616cd95780ee19afd66c369b62aae-0","sellTxId":"fff3ca942026f39a29046a71e768b3fb50dc07be"}
{"index": {"_index":"sim","_id":"1902208"}}
	{"id":1902208,"type":"buy","buyer":"konvik","seller":"mchero","symbol":"SIM","quantity":"0.007","price":"0.00099000","timestamp":1636215900,"volume":"0.00000693","buyTxId":"1fd4bc05f2f51992652dd8f929014b33540a2682-0","sellTxId":"fff3ca942026f39a29046a71e768b3fb50dc07be"}
{"index": {"_index":"sim","_id":"1902292"}}
	{"id":1902292,"type":"sell","buyer":"pi-trader","seller":"automaton","symbol":"SIM","quantity":"2100.000","price":"0.00096001","timestamp":1636216209,"volume":"2.01602100","buyTxId":"ecc0b693c243e14600f2c97a5b17708edd3e5d0b-3","sellTxId":"1f8980afa56c74ba3964c7160bfc3275e529c0d4"}
{"index": {"_index":"sim","_id":"1902330"}}
	{"id":1902330,"type":"sell","buyer":"pi-trader","seller":"lifeskills-tv","symbol":"SIM","quantity":"1307.431","price":"0.00096001","timestamp":1636216446,"volume":"1.25514683","buyTxId":"595b25777790bc7d8c97de1fd32b536aecb343f7-3","sellTxId":"f8005aaea36e23f2917f29da511ef49c2ce253c2"}
{"index": {"_index":"sim","_id":"1902500"}}
	{"id":1902500,"type":"sell","buyer":"pi-trader","seller":"steem-hodler","symbol":"SIM","quantity":"50000.000","price":"0.00096001","timestamp":1636216860,"volume":"48.00050000","buyTxId":"d13f386dd85350ef1805ebd31eed077a474e1dd7-7","sellTxId":"9ac6d98f8ff63ed178167f3d5ebc846496046e29"}
{"index": {"_index":"sim","_id":"1902501"}}
	{"id":1902501,"type":"sell","buyer":"mchero","seller":"steem-hodler","symbol":"SIM","quantity":"7200.000","price":"0.00096000","timestamp":1636216860,"volume":"6.91200000","buyTxId":"73ff27c1cb66083639850eb52bbd18a37314a1b7","sellTxId":"9ac6d98f8ff63ed178167f3d5ebc846496046e29"}
{"index": {"_index":"sim","_id":"1902518"}}
	{"id":1902518,"type":"sell","buyer":"pi-trader","seller":"news-today","symbol":"SIM","quantity":"19800.000","price":"0.00096001","timestamp":1636216989,"volume":"19.00819800","buyTxId":"ef0045670ca3b389f413ba056a61922088378b19-4","sellTxId":"889b2ec95a59b7e27417fe46ffb9d5fc9ab84007"}
{"index": {"_index":"sim","_id":"1902711"}}
	{"id":1902711,"type":"sell","buyer":"pi-trader","seller":"willsaldeno","symbol":"SIM","quantity":"7252.600","price":"0.00096001","timestamp":1636218099,"volume":"6.96256853","buyTxId":"21ce100de619bfeba91b37f099a85cb59e363172-5","sellTxId":"36981913ccd337405a10ef244faaa81e3fa4d692"}
{"index": {"_index":"sim","_id":"1902849"}}
	{"id":1902849,"type":"sell","buyer":"pi-trader","seller":"willsaldeno","symbol":"SIM","quantity":"1402.000","price":"0.00096002","timestamp":1636218666,"volume":"1.34594804","buyTxId":"87458f06f30811a96fbecc38f4210b34868e6ac5-3","sellTxId":"e37043b1352f8bfc5e0778cf46d678e59f99cdeb"}
{"index": {"_index":"sim","_id":"1902991"}}
	{"id":1902991,"type":"sell","buyer":"pi-trader","seller":"thatcryptodave","symbol":"SIM","quantity":"373.652","price":"0.00096002","timestamp":1636219812,"volume":"0.35871339","buyTxId":"277d5da60b450d9e64440afa1aea6365a26ef3bc-6","sellTxId":"3de90d4c930681b0a15964eca662ba98745729c3"}
{"index": {"_index":"sim","_id":"1903122"}}
	{"id":1903122,"type":"buy","buyer":"misuli","seller":"brofi-market","symbol":"SIM","quantity":"0.001","price":"0.00099995","timestamp":1636220946,"volume":"0.00000100","buyTxId":"00e56e43bd7cffe817c4f71e487078d5c1793c04","sellTxId":"f597300cca91f15dbb9495cf7ad66130ae6e899d"}
{"index": {"_index":"sim","_id":"1903123"}}
	{"id":1903123,"type":"buy","buyer":"misuli","seller":"atomcollector","symbol":"SIM","quantity":"2514.000","price":"0.00099997","timestamp":1636220946,"volume":"2.51392458","buyTxId":"00e56e43bd7cffe817c4f71e487078d5c1793c04","sellTxId":"a2229950e690f43331555ee66c44e2192882f60f"}
{"index": {"_index":"sim","_id":"1903124"}}
	{"id":1903124,"type":"buy","buyer":"misuli","seller":"jelly-cz","symbol":"SIM","quantity":"1.000","price":"0.00099998","timestamp":1636220946,"volume":"0.00099998","buyTxId":"00e56e43bd7cffe817c4f71e487078d5c1793c04","sellTxId":"MM-P-11958964-58944866-3-33-0"}
{"index": {"_index":"sim","_id":"1903125"}}
	{"id":1903125,"type":"buy","buyer":"misuli","seller":"mary.janikowski","symbol":"SIM","quantity":"1484.999","price":"0.00100000","timestamp":1636220946,"volume":"1.48499900","buyTxId":"00e56e43bd7cffe817c4f71e487078d5c1793c04","sellTxId":"e060d80d262ba157009a939d7efd5bcda9df4ee6"}
{"index": {"_index":"sim","_id":"1903135"}}
	{"id":1903135,"type":"sell","buyer":"pi-trader","seller":"taitux","symbol":"SIM","quantity":"9861.950","price":"0.00096002","timestamp":1636220997,"volume":"9.46766924","buyTxId":"b5ed73f3ff657aff38c96853e77b328777c0659a-8","sellTxId":"451e73b7ddd4a78aaaf7bccfa6b982bcb77d0482"}
{"index": {"_index":"sim","_id":"1903334"}}
	{"id":1903334,"type":"buy","buyer":"cardi0","seller":"jelly-cz","symbol":"SIM","quantity":"1.000","price":"0.00099998","timestamp":1636222854,"volume":"0.00099998","buyTxId":"6770b8d07a67a381a5757e99e38827dd14259ce1","sellTxId":"MM-P-11959063-58944966-3-33-0"}
{"index": {"_index":"sim","_id":"1903335"}}
	{"id":1903335,"type":"sell","buyer":"cardi0","seller":"svirus","symbol":"SIM","quantity":"13499.000","price":"0.00099998","timestamp":1636222857,"volume":"13.49873002","buyTxId":"6770b8d07a67a381a5757e99e38827dd14259ce1","sellTxId":"b952dd8291a5cec5fe5cf8be4aa7a8a63e1d18f8-1"}
{"index": {"_index":"sim","_id":"1903422"}}
	{"id":1903422,"type":"sell","buyer":"pi-trader","seller":"balte","symbol":"SIM","quantity":"6900.000","price":"0.00096002","timestamp":1636223460,"volume":"6.62413800","buyTxId":"609585e378a50e141dff5a4ce008c9caa8a60b42-3","sellTxId":"ddd72adfd402bb5577f7bd57a78ad9ee6f859b04"}
{"index": {"_index":"sim","_id":"1903509"}}
	{"id":1903509,"type":"sell","buyer":"pi-trader","seller":"leonardoalmaguer","symbol":"SIM","quantity":"222.290","price":"0.00096002","timestamp":1636224387,"volume":"0.21340285","buyTxId":"47c9dbe2a6024d71672a465b37f6963bdf791be4-3","sellTxId":"6a0678f5a34dd970f74534fee31cb9284cd41792"}
{"index": {"_index":"sim","_id":"1903514"}}
	{"id":1903514,"type":"sell","buyer":"pi-trader","seller":"drew0","symbol":"SIM","quantity":"50000.000","price":"0.00096002","timestamp":1636224429,"volume":"48.00100000","buyTxId":"ba4ecf31c1ba46dad2b5ae47e2e3070a06b8d8c9-5","sellTxId":"6e97b92e0a56ced1c5065ce84d6fc270927c8140"}
{"index": {"_index":"sim","_id":"1903515"}}
	{"id":1903515,"type":"buy","buyer":"svirus","seller":"drew0","symbol":"SIM","quantity":"492872.500","price":"0.00096002","timestamp":1636224432,"volume":"473.16745745","buyTxId":"cfe15cb26f2c617084b3e87c9ae406f6a7cfd99c-0","sellTxId":"6e97b92e0a56ced1c5065ce84d6fc270927c8140"}
{"index": {"_index":"sim","_id":"1903530"}}
	{"id":1903530,"type":"sell","buyer":"pi-trader","seller":"themarkymark","symbol":"SIM","quantity":"4292.256","price":"0.00096003","timestamp":1636224582,"volume":"4.12069453","buyTxId":"c27befb02129abea3c3beed5f7642da7e7e1b7a6-2","sellTxId":"5ad1ea67fe0892016ddba7a9a8d0ca3311b48fc6"}
{"index": {"_index":"sim","_id":"1903576"}}
	{"id":1903576,"type":"sell","buyer":"pi-trader","seller":"onealfa","symbol":"SIM","quantity":"1453.883","price":"0.00096002","timestamp":1636224819,"volume":"1.39575676","buyTxId":"168867d251c6d608d8f985f83a7da839ed2311d3-3","sellTxId":"e6d797426f8d7ef18b6f65336cf4f4d56fd65164"}
{"index": {"_index":"sim","_id":"1903664"}}
	{"id":1903664,"type":"sell","buyer":"pi-trader","seller":"jrcornel","symbol":"SIM","quantity":"35441.000","price":"0.00096002","timestamp":1636225590,"volume":"34.02406882","buyTxId":"dce20ad753bea828148911ba72678833852307b3-6","sellTxId":"03fb6fcce224d4788ddcfbebd6d5e788e0beb0b0"}
{"index": {"_index":"sim","_id":"1903711"}}
	{"id":1903711,"type":"sell","buyer":"pi-trader","seller":"vincentnijman","symbol":"SIM","quantity":"1373.000","price":"0.00096002","timestamp":1636226217,"volume":"1.31810746","buyTxId":"a9ebc5e4c96e271691be2684bf8abd1ce38615ad-3","sellTxId":"beb38a7b243aef4d3b487b3357265ca18faa8233"}
{"index": {"_index":"sim","_id":"1903810"}}
	{"id":1903810,"type":"sell","buyer":"pi-trader","seller":"rgondie","symbol":"SIM","quantity":"5000.000","price":"0.00096002","timestamp":1636227000,"volume":"4.80010000","buyTxId":"7aa25744ea6126208df52e2348eaf9b6772d28e9-3","sellTxId":"b0cb8e2c2ce67fc7fa78f80849c3371c89c78ccf"}
{"index": {"_index":"sim","_id":"1903818"}}
	{"id":1903818,"type":"sell","buyer":"pi-trader","seller":"kaeptn-iglo","symbol":"SIM","quantity":"20530.200","price":"0.00096002","timestamp":1636227060,"volume":"19.70940260","buyTxId":"e84d7e09e5127e130bb4b477f5ba913caae9bd33-3","sellTxId":"cbf47f76dd5f188f7af740299f04e2661ffc03aa"}
{"index": {"_index":"sim","_id":"1903834"}}
	{"id":1903834,"type":"sell","buyer":"pi-trader","seller":"willsaldeno","symbol":"SIM","quantity":"513.000","price":"0.00096002","timestamp":1636227297,"volume":"0.49249026","buyTxId":"be40230ea9fbaa8d21944b89a1af0f58d83f4166-3","sellTxId":"5e359626f59475e8ccc2bbb710101a83c248ffa2"}
{"index": {"_index":"sim","_id":"1903918"}}
	{"id":1903918,"type":"sell","buyer":"pi-trader","seller":"travelcontest","symbol":"SIM","quantity":"47.926","price":"0.00096002","timestamp":1636228086,"volume":"0.04600992","buyTxId":"a9d05f7d8656b280b3b75a4adf6e3cddc9a9de08-3","sellTxId":"7f897bd4f69b2986c7358b25cefc6257e0c65f9c"}
{"index": {"_index":"sim","_id":"1903937"}}
	{"id":1903937,"type":"sell","buyer":"pi-trader","seller":"lightcaptured","symbol":"SIM","quantity":"875.281","price":"0.00096002","timestamp":1636228221,"volume":"0.84028727","buyTxId":"cb62bab9b585b2237f894cf20f2946f5410c5ef4-3","sellTxId":"c25e5f24cb6201e8f0a5f8d96c817c8e7e1535e9"}
{"index": {"_index":"sim","_id":"1903972"}}
	{"id":1903972,"type":"sell","buyer":"pi-trader","seller":"justinparke","symbol":"SIM","quantity":"12782.204","price":"0.00096002","timestamp":1636228431,"volume":"12.27117148","buyTxId":"cee5c784bfa35237d401d65ab8af3c1fcd907c41-3","sellTxId":"e1fe811bea3c5a63b6e6a56ae9ca65940596b496"}
{"index": {"_index":"sim","_id":"1904374"}}
	{"id":1904374,"type":"sell","buyer":"pi-trader","seller":"solarpowers","symbol":"SIM","quantity":"9208.000","price":"0.00096002","timestamp":1636230672,"volume":"8.83986416","buyTxId":"0c0a95314471c2fb9a4eb4daa7aa7d5bff4dfe0f-2","sellTxId":"55f2bfb5e735d59e866a57555569767bc8b6ed94"}
{"index": {"_index":"sim","_id":"1904410"}}
	{"id":1904410,"type":"sell","buyer":"he-index","seller":"automaton","symbol":"SIM","quantity":"268.750","price":"0.00096001","timestamp":1636231089,"volume":"0.25800269","buyTxId":"ac087f446917f49b56b4457e148074f6dc733d5a","sellTxId":"e4f1135bd8227a0fd7fcf4d614ea72965eb56060"}
{"index": {"_index":"sim","_id":"1904411"}}
	{"id":1904411,"type":"sell","buyer":"mchero","seller":"automaton","symbol":"SIM","quantity":"2831.250","price":"0.00096000","timestamp":1636231089,"volume":"2.71800000","buyTxId":"73ff27c1cb66083639850eb52bbd18a37314a1b7","sellTxId":"e4f1135bd8227a0fd7fcf4d614ea72965eb56060"}
{"index": {"_index":"sim","_id":"1904421"}}
	{"id":1904421,"type":"sell","buyer":"mchero","seller":"razam","symbol":"SIM","quantity":"1.000","price":"0.00096000","timestamp":1636231164,"volume":"0.00096000","buyTxId":"73ff27c1cb66083639850eb52bbd18a37314a1b7","sellTxId":"0ccb89f777af51438ecad7e1fe5c975f2d07d40b"}
{"index": {"_index":"sim","_id":"1904497"}}
	{"id":1904497,"type":"buy","buyer":"nyxlabs","seller":"pi-trader","symbol":"SIM","quantity":"1000.000","price":"0.00098999","timestamp":1636231764,"volume":"0.98999000","buyTxId":"cc60fe7197406f1de872d035df333d9f8fc401da","sellTxId":"9dd5d22e96172997fbd35270ff92385bacddf793-2"}
{"index": {"_index":"sim","_id":"1904571"}}
	{"id":1904571,"type":"sell","buyer":"mchero","seller":"fantasycrypto","symbol":"SIM","quantity":"9967.750","price":"0.00096000","timestamp":1636232625,"volume":"9.56904000","buyTxId":"73ff27c1cb66083639850eb52bbd18a37314a1b7","sellTxId":"7f994f020134eec5d6ffa19cc968bcaf8f257fa6"}
{"index": {"_index":"sim","_id":"1904572"}}
	{"id":1904572,"type":"sell","buyer":"mchero","seller":"fantasycrypto","symbol":"SIM","quantity":"3424.436","price":"0.00096000","timestamp":1636232625,"volume":"3.28745856","buyTxId":"36769390534c6de46ba09f53cc4d03ea6040bd6b","sellTxId":"7f994f020134eec5d6ffa19cc968bcaf8f257fa6"}
{"index": {"_index":"sim","_id":"1904601"}}
	{"id":1904601,"type":"sell","buyer":"mchero","seller":"he-index","symbol":"SIM","quantity":"190.435","price":"0.00096000","timestamp":1636232772,"volume":"0.18281760","buyTxId":"36769390534c6de46ba09f53cc4d03ea6040bd6b","sellTxId":"91c5319518d1b9d4e89e9446f3dd5d02d6d0f5f4"}
{"index": {"_index":"sim","_id":"1905222"}}
	{"id":1905222,"type":"sell","buyer":"mchero","seller":"krenden","symbol":"SIM","quantity":"0.229","price":"0.00096000","timestamp":1636236972,"volume":"0.00021984","buyTxId":"36769390534c6de46ba09f53cc4d03ea6040bd6b","sellTxId":"e0452183cf65c8e09fdb2563564f42f52ad7f449"}
{"index": {"_index":"sim","_id":"1905261"}}
	{"id":1905261,"type":"sell","buyer":"mchero","seller":"koosventerza","symbol":"SIM","quantity":"917.406","price":"0.00096000","timestamp":1636237524,"volume":"0.88070976","buyTxId":"36769390534c6de46ba09f53cc4d03ea6040bd6b","sellTxId":"388c0f7eb9f6ef0c92bd3ddb34fbf9d91025e7dc"}
{"index": {"_index":"sim","_id":"1905272"}}
	{"id":1905272,"type":"sell","buyer":"mchero","seller":"eythorphoto","symbol":"SIM","quantity":"4974.294","price":"0.00096000","timestamp":1636237653,"volume":"4.77532224","buyTxId":"36769390534c6de46ba09f53cc4d03ea6040bd6b","sellTxId":"5c35733bddc25171568b98e102b2ff2000898969"}
{"index": {"_index":"sim","_id":"1905282"}}
	{"id":1905282,"type":"sell","buyer":"mchero","seller":"balte","symbol":"SIM","quantity":"3800.000","price":"0.00096000","timestamp":1636237869,"volume":"3.64800000","buyTxId":"36769390534c6de46ba09f53cc4d03ea6040bd6b","sellTxId":"7fa982c38878bb2c04e7e3ef5abbacd54005ef90"}
{"index": {"_index":"sim","_id":"1905379"}}
	{"id":1905379,"type":"sell","buyer":"mchero","seller":"magnacarta","symbol":"SIM","quantity":"0.177","price":"0.00096000","timestamp":1636238292,"volume":"0.00016992","buyTxId":"36769390534c6de46ba09f53cc4d03ea6040bd6b","sellTxId":"8939abca979781e24fe215135f096c7a58887c35"}
{"index": {"_index":"sim","_id":"1905426"}}
	{"id":1905426,"type":"sell","buyer":"mchero","seller":"elianaicgomes","symbol":"SIM","quantity":"1511.426","price":"0.00096000","timestamp":1636238814,"volume":"1.45096896","buyTxId":"36769390534c6de46ba09f53cc4d03ea6040bd6b","sellTxId":"9bb92f7ebaaaade8601be8574c5213ef432c96fb"}
{"index": {"_index":"sim","_id":"1905593"}}
	{"id":1905593,"type":"sell","buyer":"mchero","seller":"horstman5","symbol":"SIM","quantity":"0.002","price":"0.00096000","timestamp":1636240407,"volume":"0.00000192","buyTxId":"36769390534c6de46ba09f53cc4d03ea6040bd6b","sellTxId":"18e8dd77c42c0fe754968277d6619af1bcbf7ed8"}
{"index": {"_index":"sim","_id":"1906081"}}
	{"id":1906081,"type":"sell","buyer":"mchero","seller":"brofi-market","symbol":"SIM","quantity":"0.002","price":"0.00096000","timestamp":1636244061,"volume":"0.00000192","buyTxId":"36769390534c6de46ba09f53cc4d03ea6040bd6b","sellTxId":"822e7577466203c09984ae398fd2512d204ea6e9"}
{"index": {"_index":"sim","_id":"1906219"}}
	{"id":1906219,"type":"buy","buyer":"finris","seller":"pi-trader","symbol":"SIM","quantity":"5542.852","price":"0.00098999","timestamp":1636245207,"volume":"5.48736805","buyTxId":"d93535eb91e3744391d5f36c661d51b57eae6d66","sellTxId":"0d7896899ff304db103525e22bd80c749f455f22-3"}
{"index": {"_index":"sim","_id":"1906237"}}
	{"id":1906237,"type":"sell","buyer":"mchero","seller":"klye","symbol":"SIM","quantity":"281.000","price":"0.00096000","timestamp":1636245702,"volume":"0.26976000","buyTxId":"36769390534c6de46ba09f53cc4d03ea6040bd6b","sellTxId":"7ae906c5fb795c92edf8bba0ec384735f27b8194"}
{"index": {"_index":"sim","_id":"1906363"}}
	{"id":1906363,"type":"sell","buyer":"mchero","seller":"themarkymark","symbol":"SIM","quantity":"4713.779","price":"0.00096000","timestamp":1636246971,"volume":"4.52522784","buyTxId":"36769390534c6de46ba09f53cc4d03ea6040bd6b","sellTxId":"51e42ed6ef9e3449bec33b90d1bdc830e9049520"}
{"index": {"_index":"sim","_id":"1906405"}}
	{"id":1906405,"type":"buy","buyer":"jcrodriguez","seller":"pi-trader","symbol":"SIM","quantity":"254.000","price":"0.00098998","timestamp":1636247430,"volume":"0.25145492","buyTxId":"79865d06ecf8f7475fc1dd7cacc7c36278b85dab","sellTxId":"b36e74873ace20ca90bea254f97f97280fed9d82-4"}
{"index": {"_index":"sim","_id":"1906454"}}
	{"id":1906454,"type":"sell","buyer":"mchero","seller":"goldcoin","symbol":"SIM","quantity":"39.050","price":"0.00096000","timestamp":1636247964,"volume":"0.03748800","buyTxId":"36769390534c6de46ba09f53cc4d03ea6040bd6b","sellTxId":"c3f0e60ffe96e69d021ed1bfe309dd7bdc0f3cd1"}
{"index": {"_index":"sim","_id":"1906604"}}
	{"id":1906604,"type":"sell","buyer":"sbi-tokens","seller":"thatcryptodave","symbol":"SIM","quantity":"238.645","price":"0.00096100","timestamp":1636249908,"volume":"0.22933785","buyTxId":"dafb3af4e2144f42e2758914e3eee202851c9bb8","sellTxId":"7c1fdac3cf7c55ba395a603698d94d393747fa9d"}
{"index": {"_index":"sim","_id":"1906866"}}
	{"id":1906866,"type":"sell","buyer":"sbi-tokens","seller":"andy4475","symbol":"SIM","quantity":"24.523","price":"0.00096100","timestamp":1636252299,"volume":"0.02356660","buyTxId":"dafb3af4e2144f42e2758914e3eee202851c9bb8","sellTxId":"31bbf04a029a0cea6a1eae4b9ce67ed348aed48e"}
{"index": {"_index":"sim","_id":"1906929"}}
	{"id":1906929,"type":"buy","buyer":"jwjqu.wam","seller":"pi-trader","symbol":"SIM","quantity":"2820.000","price":"0.00097999","timestamp":1636253094,"volume":"2.76357180","buyTxId":"6a9428b13f1ee265914f22a6cb9a7106aec911e7","sellTxId":"595d7c558ea0a22aa309317a0464de1f6f7e4250-5"}
