{"index": {"_index":"sim","_id":"1722695"}}
	{"id":1722695,"type":"sell","buyer":"pi-trader","seller":"theshaki","symbol":"SIM","quantity":"187.608","price":"0.00091803","timestamp":1634525946,"volume":"0.17222977","buyTxId":"d65a969363d620bb308c1c9e529af3973b60eb37-3","sellTxId":"cca9c928ca8bc8503da82745e202a691974dda76"}
{"index": {"_index":"sim","_id":"1722821"}}
	{"id":1722821,"type":"sell","buyer":"pi-trader","seller":"muenchen","symbol":"SIM","quantity":"9276.000","price":"0.00091803","timestamp":1634526741,"volume":"8.51564628","buyTxId":"bfa46237fdbf75dc9f4f5097fe14810db71bb545-2","sellTxId":"3437dc3edb95007b0be6fb891087cb592518bf97"}
{"index": {"_index":"sim","_id":"1722858"}}
	{"id":1722858,"type":"sell","buyer":"pi-trader","seller":"hive.miner","symbol":"SIM","quantity":"45.055","price":"0.00091803","timestamp":1634527269,"volume":"0.04136184","buyTxId":"f0feb20b7e930ea6687e59441e32c36b440b48c7-4","sellTxId":"5fb0d0aebca1ed95004731450068b5e58ec8c0a5"}
{"index": {"_index":"sim","_id":"1722862"}}
	{"id":1722862,"type":"sell","buyer":"pi-trader","seller":"d-pend","symbol":"SIM","quantity":"50000.000","price":"0.00091803","timestamp":1634527305,"volume":"45.90150000","buyTxId":"ae7655146c42b40ff97ff4a6a2ab3d07e1d82a02-1","sellTxId":"5177a32b94087eaa81b53067c7329d56ca40a22f"}
{"index": {"_index":"sim","_id":"1722863"}}
	{"id":1722863,"type":"sell","buyer":"jelly13","seller":"d-pend","symbol":"SIM","quantity":"150000.000","price":"0.00091802","timestamp":1634527305,"volume":"137.70300000","buyTxId":"e08b2996de533e5f0deacaf92f3ffaa9945fdad3","sellTxId":"5177a32b94087eaa81b53067c7329d56ca40a22f"}
{"index": {"_index":"sim","_id":"1722885"}}
	{"id":1722885,"type":"sell","buyer":"pi-trader","seller":"d-pend","symbol":"SIM","quantity":"50000.000","price":"0.00091803","timestamp":1634527506,"volume":"45.90150000","buyTxId":"d595fef0b33c7a1bda515bff3d7686fbb27f27ae-3","sellTxId":"cf0810bc6297ea0f06507862b4c10c2e0c473a0b"}
{"index": {"_index":"sim","_id":"1722886"}}
	{"id":1722886,"type":"sell","buyer":"jelly13","seller":"d-pend","symbol":"SIM","quantity":"1900.270","price":"0.00091802","timestamp":1634527506,"volume":"1.74448587","buyTxId":"e08b2996de533e5f0deacaf92f3ffaa9945fdad3","sellTxId":"cf0810bc6297ea0f06507862b4c10c2e0c473a0b"}
{"index": {"_index":"sim","_id":"1722887"}}
	{"id":1722887,"type":"sell","buyer":"beco132","seller":"d-pend","symbol":"SIM","quantity":"258.860","price":"0.00086200","timestamp":1634527506,"volume":"0.22313732","buyTxId":"cc05db756edfbe3f40d8479c620edcd1d93d9515","sellTxId":"cf0810bc6297ea0f06507862b4c10c2e0c473a0b"}
{"index": {"_index":"sim","_id":"1722888"}}
	{"id":1722888,"type":"buy","buyer":"konvik","seller":"d-pend","symbol":"SIM","quantity":"7840.870","price":"0.00086000","timestamp":1634527509,"volume":"6.74314820","buyTxId":"892b5808ed18e929f9a472e7cdc83382c47e97c4-0","sellTxId":"cf0810bc6297ea0f06507862b4c10c2e0c473a0b"}
{"index": {"_index":"sim","_id":"1722890"}}
	{"id":1722890,"type":"sell","buyer":"pi-trader","seller":"d-pend","symbol":"SIM","quantity":"32000.000","price":"0.00080001","timestamp":1634527569,"volume":"25.60032000","buyTxId":"0488b97c99e670bd45d24b1e15a27c9f7cc861e7-2","sellTxId":"a760cc22b2d89c4fe3a7fd5454b7da3c6bf7ee80"}
{"index": {"_index":"sim","_id":"1722937"}}
	{"id":1722937,"type":"sell","buyer":"pi-trader","seller":"theguruasia","symbol":"SIM","quantity":"1631.746","price":"0.00080001","timestamp":1634528040,"volume":"1.30541312","buyTxId":"ab4f858e553ec311dedc32b364faad08b92132a8-3","sellTxId":"a5012476e4a70860ba9794e2cfe459b3522b1d6a"}
{"index": {"_index":"sim","_id":"1723379"}}
	{"id":1723379,"type":"sell","buyer":"pi-trader","seller":"razam","symbol":"SIM","quantity":"200.329","price":"0.00080001","timestamp":1634530227,"volume":"0.16026520","buyTxId":"b4a7ce6b61444d54239c71d8d10299ecc4cfb90e-3","sellTxId":"e058d7f32ddb15cb6c866c2fd2bf9c86228dc4fd"}
{"index": {"_index":"sim","_id":"1723412"}}
	{"id":1723412,"type":"buy","buyer":"dkid14","seller":"enginemaker","symbol":"SIM","quantity":"379.353","price":"0.00092997","timestamp":1634530275,"volume":"0.35278691","buyTxId":"f7b92c5a49c6a7ea06dce13b2d85ad8827cd4886","sellTxId":"MM-P-11390061-58375349-3-2-0"}
{"index": {"_index":"sim","_id":"1723785"}}
	{"id":1723785,"type":"buy","buyer":"dkid14","seller":"brofi-market","symbol":"SIM","quantity":"0.001","price":"0.00094999","timestamp":1634531199,"volume":"0.00000095","buyTxId":"dde24d75d6d84fb94afff3e17c6e5ae4389d79de","sellTxId":"747806c2ac3bde78834fd63fceb2d5fcdcb7f258"}
{"index": {"_index":"sim","_id":"1723786"}}
	{"id":1723786,"type":"buy","buyer":"dkid14","seller":"pi-trader","symbol":"SIM","quantity":"11677.060","price":"0.00094999","timestamp":1634531199,"volume":"11.09309023","buyTxId":"dde24d75d6d84fb94afff3e17c6e5ae4389d79de","sellTxId":"9c42633ed049a7ef2d5a6fa830564b9abc21fda1-8"}
{"index": {"_index":"sim","_id":"1724126"}}
	{"id":1724126,"type":"buy","buyer":"dkid14","seller":"pi-trader","symbol":"SIM","quantity":"20000.000","price":"0.00094998","timestamp":1634532477,"volume":"18.99960000","buyTxId":"c13b81a19d94db3b63f5807798ab9d5545537ead","sellTxId":"d3662f005101843df397ba869cf41e1207a473a8-6"}
{"index": {"_index":"sim","_id":"1724127"}}
	{"id":1724127,"type":"buy","buyer":"dkid14","seller":"ganjafarmer","symbol":"SIM","quantity":"3.562","price":"0.00094999","timestamp":1634532477,"volume":"0.00338386","buyTxId":"c13b81a19d94db3b63f5807798ab9d5545537ead","sellTxId":"4d29a47b11fd4ee4d689058b59077fd3bc5c400a"}
{"index": {"_index":"sim","_id":"1724128"}}
	{"id":1724128,"type":"buy","buyer":"dkid14","seller":"gribbles","symbol":"SIM","quantity":"8026.031","price":"0.00095000","timestamp":1634532477,"volume":"7.62472945","buyTxId":"c13b81a19d94db3b63f5807798ab9d5545537ead","sellTxId":"46ea809d1c22e4fa2931f141e39e936f3c628579"}
{"index": {"_index":"sim","_id":"1724129"}}
	{"id":1724129,"type":"buy","buyer":"dkid14","seller":"dhedge-drips","symbol":"SIM","quantity":"0.005","price":"0.00095000","timestamp":1634532477,"volume":"0.00000475","buyTxId":"c13b81a19d94db3b63f5807798ab9d5545537ead","sellTxId":"ae9662972ab1024f1352494866f8a6339affafbb"}
{"index": {"_index":"sim","_id":"1724186"}}
	{"id":1724186,"type":"sell","buyer":"dkid14","seller":"minus-pi","symbol":"SIM","quantity":"1970.402","price":"0.00095000","timestamp":1634532690,"volume":"1.87188190","buyTxId":"c13b81a19d94db3b63f5807798ab9d5545537ead","sellTxId":"6675e6399170346a98c517bc64c82085afe110b9"}
{"index": {"_index":"sim","_id":"1724254"}}
	{"id":1724254,"type":"sell","buyer":"pi-trader","seller":"outlinez","symbol":"SIM","quantity":"14107.510","price":"0.00080001","timestamp":1634532990,"volume":"11.28614908","buyTxId":"a60dd39f52067ffb5d21cca66d786b9c9a23e45d","sellTxId":"a370cc7d64a337642bedff34305f5e393c6f37f2"}
{"index": {"_index":"sim","_id":"1724697"}}
	{"id":1724697,"type":"sell","buyer":"pi-trader","seller":"dinkozemnoto","symbol":"SIM","quantity":"21754.240","price":"0.00080001","timestamp":1634535672,"volume":"17.40360954","buyTxId":"d8caaf37720cc1e4ef4a194b69f743d1c45f59cf-3","sellTxId":"7d8cee8df072a8b7a98cda96df72a37fae9de4be"}
{"index": {"_index":"sim","_id":"1725159"}}
	{"id":1725159,"type":"sell","buyer":"pi-trader","seller":"hirohurl","symbol":"SIM","quantity":"74.459","price":"0.00080001","timestamp":1634538453,"volume":"0.05956794","buyTxId":"2384dc4c65565745528c05a23ef3a6d217d45f18-5","sellTxId":"ee98e3d63e7572c35d5315b29abe239a14debd4a"}
{"index": {"_index":"sim","_id":"1725191"}}
	{"id":1725191,"type":"sell","buyer":"pi-trader","seller":"photoanthill","symbol":"SIM","quantity":"6460.490","price":"0.00080001","timestamp":1634538648,"volume":"5.16845660","buyTxId":"be113da7505a2f42d57610dbccc481943c3d318e-3","sellTxId":"7268052dba593f21f395ecc594b52ed50a6d48ee"}
{"index": {"_index":"sim","_id":"1725962"}}
	{"id":1725962,"type":"sell","buyer":"pi-trader","seller":"manoldonchev","symbol":"SIM","quantity":"4613.000","price":"0.00080001","timestamp":1634543685,"volume":"3.69044613","buyTxId":"5f2c0a625a16251b22fb72b3a9ff870ebf569cea-4","sellTxId":"b03e261ef3778cc9f85044fb112221982425ea07"}
{"index": {"_index":"sim","_id":"1726159"}}
	{"id":1726159,"type":"sell","buyer":"pi-trader","seller":"anderssinho","symbol":"SIM","quantity":"0.905","price":"0.00080001","timestamp":1634544936,"volume":"0.00072401","buyTxId":"b371857d3032a5d26888b24fc7d51b0c0d4439cb-3","sellTxId":"c021ff93e851cb5b4fe73dd0e3741ef618cf8d7c"}
{"index": {"_index":"sim","_id":"1726516"}}
	{"id":1726516,"type":"sell","buyer":"pi-trader","seller":"anosys","symbol":"SIM","quantity":"8.100","price":"0.00082001","timestamp":1634547804,"volume":"0.00664208","buyTxId":"c9d5734271ee92c4bba4e83fcd206e3c6e60ee58-1","sellTxId":"4fae604ba2521fc2ed330494c9dbf63c7bd1821f"}
{"index": {"_index":"sim","_id":"1726583"}}
	{"id":1726583,"type":"sell","buyer":"pi-trader","seller":"fantasycrypto","symbol":"SIM","quantity":"11294.972","price":"0.00082001","timestamp":1634548524,"volume":"9.26198999","buyTxId":"afcd3df1d7becb64aff07bb6ade26490e607d5b6-1","sellTxId":"ba0c80290f779df3d44ca8266ff6fe9112481c22"}
{"index": {"_index":"sim","_id":"1726584"}}
	{"id":1726584,"type":"buy","buyer":"desro","seller":"tonytrillions","symbol":"SIM","quantity":"0.089","price":"0.00090001","timestamp":1634548557,"volume":"0.00008010","buyTxId":"00f586220321b56128c40c6a46a5ef158493da19","sellTxId":"3fd5c290fcc612d0e90f53a7f364294ca18eed99"}
{"index": {"_index":"sim","_id":"1726866"}}
	{"id":1726866,"type":"buy","buyer":"frugal-fun","seller":"pi-trader","symbol":"SIM","quantity":"20000.000","price":"0.00098997","timestamp":1634551158,"volume":"19.79940000","buyTxId":"128ebb265701036216df375cbbfc1b7d670c1614","sellTxId":"b8333a2832f3137fbce80aba6829adfe969d589d-11"}
{"index": {"_index":"sim","_id":"1726867"}}
	{"id":1726867,"type":"buy","buyer":"frugal-fun","seller":"pimpstudio","symbol":"SIM","quantity":"1085.000","price":"0.00098998","timestamp":1634551158,"volume":"1.07412830","buyTxId":"128ebb265701036216df375cbbfc1b7d670c1614","sellTxId":"c441ad48a606a14423a183c1e3d90113bd32b413"}
{"index": {"_index":"sim","_id":"1726868"}}
	{"id":1726868,"type":"buy","buyer":"frugal-fun","seller":"brofi-market","symbol":"SIM","quantity":"0.008","price":"0.00098999","timestamp":1634551158,"volume":"0.00000792","buyTxId":"128ebb265701036216df375cbbfc1b7d670c1614","sellTxId":"11e2272fd0890ab83bfe9927fea1d8dabbd8e9d4"}
{"index": {"_index":"sim","_id":"1726869"}}
	{"id":1726869,"type":"buy","buyer":"frugal-fun","seller":"atomcollector","symbol":"SIM","quantity":"2795.077","price":"0.00099000","timestamp":1634551158,"volume":"2.76712623","buyTxId":"128ebb265701036216df375cbbfc1b7d670c1614","sellTxId":"6910733c386364cd653928dacfc25cb44e28c51a"}
{"index": {"_index":"sim","_id":"1726870"}}
	{"id":1726870,"type":"buy","buyer":"frugal-fun","seller":"jimre1","symbol":"SIM","quantity":"1000.000","price":"0.00099000","timestamp":1634551158,"volume":"0.99000000","buyTxId":"128ebb265701036216df375cbbfc1b7d670c1614","sellTxId":"ee8788915d80867820b96ae85d80e64592dac7f4"}
{"index": {"_index":"sim","_id":"1726871"}}
	{"id":1726871,"type":"buy","buyer":"frugal-fun","seller":"neozer0","symbol":"SIM","quantity":"472.150","price":"0.00099000","timestamp":1634551158,"volume":"0.46742850","buyTxId":"128ebb265701036216df375cbbfc1b7d670c1614","sellTxId":"10119af9fda4444da0647b3dac5c49e33a06bfe9"}
{"index": {"_index":"sim","_id":"1726872"}}
	{"id":1726872,"type":"buy","buyer":"frugal-fun","seller":"jimre1","symbol":"SIM","quantity":"2000.000","price":"0.00100000","timestamp":1634551158,"volume":"2.00000000","buyTxId":"128ebb265701036216df375cbbfc1b7d670c1614","sellTxId":"7b715aeece140225ba836de346034b0616780d33"}
{"index": {"_index":"sim","_id":"1726873"}}
	{"id":1726873,"type":"buy","buyer":"frugal-fun","seller":"mary.janikowski","symbol":"SIM","quantity":"12571.000","price":"0.00100000","timestamp":1634551158,"volume":"12.57100000","buyTxId":"128ebb265701036216df375cbbfc1b7d670c1614","sellTxId":"8a7350b61270df582598a54346f5159fa1bb02d5"}
{"index": {"_index":"sim","_id":"1726874"}}
	{"id":1726874,"type":"buy","buyer":"frugal-fun","seller":"jnn10","symbol":"SIM","quantity":"64.360","price":"0.00100000","timestamp":1634551158,"volume":"0.06436000","buyTxId":"128ebb265701036216df375cbbfc1b7d670c1614","sellTxId":"35a86362f02d07999c706b32c51d7c3edaf6f5f4"}
{"index": {"_index":"sim","_id":"1726875"}}
	{"id":1726875,"type":"buy","buyer":"frugal-fun","seller":"mary.janikowski","symbol":"SIM","quantity":"13463.000","price":"0.00100000","timestamp":1634551158,"volume":"13.46300000","buyTxId":"128ebb265701036216df375cbbfc1b7d670c1614","sellTxId":"7cce8f41b3734d1e542e97388269c93218c3f792"}
{"index": {"_index":"sim","_id":"1726876"}}
	{"id":1726876,"type":"buy","buyer":"frugal-fun","seller":"algotraderx","symbol":"SIM","quantity":"1029.030","price":"0.00100000","timestamp":1634551158,"volume":"1.02903000","buyTxId":"128ebb265701036216df375cbbfc1b7d670c1614","sellTxId":"39de7632d781c0bcfe54e9c66bc8c3610eb8270d"}
{"index": {"_index":"sim","_id":"1726877"}}
	{"id":1726877,"type":"buy","buyer":"frugal-fun","seller":"brofi-market","symbol":"SIM","quantity":"0.001","price":"0.00100998","timestamp":1634551158,"volume":"0.00000101","buyTxId":"128ebb265701036216df375cbbfc1b7d670c1614","sellTxId":"cdcdf38693367f396c3b8c5b94460f7da358239d"}
{"index": {"_index":"sim","_id":"1726878"}}
	{"id":1726878,"type":"buy","buyer":"frugal-fun","seller":"dhedge-drips","symbol":"SIM","quantity":"0.005","price":"0.00100999","timestamp":1634551158,"volume":"0.00000505","buyTxId":"128ebb265701036216df375cbbfc1b7d670c1614","sellTxId":"52865e52eb7142a3c1734ee8161bfcbd33ae4d59"}
{"index": {"_index":"sim","_id":"1726879"}}
	{"id":1726879,"type":"buy","buyer":"frugal-fun","seller":"dracrow","symbol":"SIM","quantity":"15520.369","price":"0.00100999","timestamp":1634551158,"volume":"15.67541749","buyTxId":"128ebb265701036216df375cbbfc1b7d670c1614","sellTxId":"75b17303ec62542cd66e01b32f19aa3dece325e9"}
{"index": {"_index":"sim","_id":"1726889"}}
	{"id":1726889,"type":"buy","buyer":"frugal-fun","seller":"pi-trader","symbol":"SIM","quantity":"20000.000","price":"0.00100998","timestamp":1634551206,"volume":"20.19960000","buyTxId":"6675f378de038885950e285ad3a2059f422614bc","sellTxId":"84e80e9b406b92ae1d9c1f50edc375b7eaffb54f-3"}
{"index": {"_index":"sim","_id":"1726890"}}
	{"id":1726890,"type":"buy","buyer":"frugal-fun","seller":"dracrow","symbol":"SIM","quantity":"108.631","price":"0.00100999","timestamp":1634551206,"volume":"0.10971622","buyTxId":"6675f378de038885950e285ad3a2059f422614bc","sellTxId":"75b17303ec62542cd66e01b32f19aa3dece325e9"}
{"index": {"_index":"sim","_id":"1726891"}}
	{"id":1726891,"type":"buy","buyer":"frugal-fun","seller":"jimre1","symbol":"SIM","quantity":"500.000","price":"0.00101000","timestamp":1634551206,"volume":"0.50500000","buyTxId":"6675f378de038885950e285ad3a2059f422614bc","sellTxId":"26e9788d265005299bb1d57d2dfb053e6e3c0d89"}
{"index": {"_index":"sim","_id":"1726892"}}
	{"id":1726892,"type":"buy","buyer":"frugal-fun","seller":"mchero","symbol":"SIM","quantity":"4300.901","price":"0.00101000","timestamp":1634551206,"volume":"4.34391001","buyTxId":"6675f378de038885950e285ad3a2059f422614bc","sellTxId":"e2d94eae53591eec99c2746df69929181c73c1d5"}
{"index": {"_index":"sim","_id":"1726893"}}
	{"id":1726893,"type":"buy","buyer":"frugal-fun","seller":"jimre1","symbol":"SIM","quantity":"700.000","price":"0.00102000","timestamp":1634551206,"volume":"0.71400000","buyTxId":"6675f378de038885950e285ad3a2059f422614bc","sellTxId":"6bc73a48ac3728512f8ee9e7f09df008ea259c3f"}
{"index": {"_index":"sim","_id":"1726894"}}
	{"id":1726894,"type":"buy","buyer":"frugal-fun","seller":"mary.janikowski","symbol":"SIM","quantity":"12544.000","price":"0.00103000","timestamp":1634551206,"volume":"12.92032000","buyTxId":"6675f378de038885950e285ad3a2059f422614bc","sellTxId":"d04f278e472e5650ff8096131805a3a85f654ba4"}
{"index": {"_index":"sim","_id":"1726895"}}
	{"id":1726895,"type":"buy","buyer":"frugal-fun","seller":"mpath","symbol":"SIM","quantity":"333.000","price":"0.00103000","timestamp":1634551206,"volume":"0.34299000","buyTxId":"6675f378de038885950e285ad3a2059f422614bc","sellTxId":"9f4c4ce8a022f5d4600febca756f690d7834e1a2"}
{"index": {"_index":"sim","_id":"1726896"}}
	{"id":1726896,"type":"buy","buyer":"frugal-fun","seller":"mary.janikowski","symbol":"SIM","quantity":"12565.000","price":"0.00104000","timestamp":1634551206,"volume":"13.06760000","buyTxId":"6675f378de038885950e285ad3a2059f422614bc","sellTxId":"829afc7a81e3ac8cb27fe48a56eb8090ffbfeb9e"}
{"index": {"_index":"sim","_id":"1726897"}}
	{"id":1726897,"type":"buy","buyer":"frugal-fun","seller":"jelly-cz","symbol":"SIM","quantity":"1.000","price":"0.00104997","timestamp":1634551206,"volume":"0.00104997","buyTxId":"6675f378de038885950e285ad3a2059f422614bc","sellTxId":"MM-P-11321716-58306956-3-35-0"}
{"index": {"_index":"sim","_id":"1726898"}}
	{"id":1726898,"type":"buy","buyer":"frugal-fun","seller":"mchero","symbol":"SIM","quantity":"23779.145","price":"0.00105000","timestamp":1634551206,"volume":"24.96810225","buyTxId":"6675f378de038885950e285ad3a2059f422614bc","sellTxId":"2f2d1e741c73ac270b0ccf53a34d7934e7575e36"}
{"index": {"_index":"sim","_id":"1726899"}}
	{"id":1726899,"type":"buy","buyer":"frugal-fun","seller":"mapac","symbol":"SIM","quantity":"333.000","price":"0.00105000","timestamp":1634551206,"volume":"0.34965000","buyTxId":"6675f378de038885950e285ad3a2059f422614bc","sellTxId":"273184f8ddd70cef74e5abfc8050865ee76be9e5"}
{"index": {"_index":"sim","_id":"1726900"}}
	{"id":1726900,"type":"buy","buyer":"frugal-fun","seller":"mchero","symbol":"SIM","quantity":"38835.323","price":"0.00106000","timestamp":1634551206,"volume":"41.16544238","buyTxId":"6675f378de038885950e285ad3a2059f422614bc","sellTxId":"be9afa7aaed92f787df000a980e0d3d3722a5be8"}
{"index": {"_index":"sim","_id":"1726996"}}
	{"id":1726996,"type":"sell","buyer":"pi-trader","seller":"manniman","symbol":"SIM","quantity":"30000.000","price":"0.00091001","timestamp":1634551821,"volume":"27.30030000","buyTxId":"d7e0209f1f8dd0c1f7fe30cb391ec87995f97b11-1","sellTxId":"91614d9683a02f941cc19c9ce47b0e0aaa4f259d"}
{"index": {"_index":"sim","_id":"1727140"}}
	{"id":1727140,"type":"buy","buyer":"frugal-fun","seller":"jelly-cz","symbol":"SIM","quantity":"1.000","price":"0.00104998","timestamp":1634552826,"volume":"0.00104998","buyTxId":"2572feda3e5b0f6a1ce9de5e54d2ff4c17ba8bab","sellTxId":"MM-P-11405121-58390421-3-35-0"}
{"index": {"_index":"sim","_id":"1727141"}}
	{"id":1727141,"type":"buy","buyer":"frugal-fun","seller":"pi-trader","symbol":"SIM","quantity":"20000.000","price":"0.00104999","timestamp":1634552826,"volume":"20.99980000","buyTxId":"2572feda3e5b0f6a1ce9de5e54d2ff4c17ba8bab","sellTxId":"e9972a9a1302cc53e2839ab5a99e37ed62284303-9"}
{"index": {"_index":"sim","_id":"1727142"}}
	{"id":1727142,"type":"buy","buyer":"frugal-fun","seller":"monsterjamgold","symbol":"SIM","quantity":"11159.550","price":"0.00105000","timestamp":1634552826,"volume":"11.71752750","buyTxId":"2572feda3e5b0f6a1ce9de5e54d2ff4c17ba8bab","sellTxId":"12bd4ed5465d469bd4ba327e58fe8b6c1a5c0864"}
{"index": {"_index":"sim","_id":"1727143"}}
	{"id":1727143,"type":"buy","buyer":"frugal-fun","seller":"mchero","symbol":"SIM","quantity":"8839.450","price":"0.00106000","timestamp":1634552826,"volume":"9.36981700","buyTxId":"2572feda3e5b0f6a1ce9de5e54d2ff4c17ba8bab","sellTxId":"be9afa7aaed92f787df000a980e0d3d3722a5be8"}
{"index": {"_index":"sim","_id":"1727219"}}
	{"id":1727219,"type":"sell","buyer":"pi-trader","seller":"gungunkrishu","symbol":"SIM","quantity":"36600.000","price":"0.00091003","timestamp":1634553534,"volume":"33.30709800","buyTxId":"b43f24b058ef4a87118290eed7bd5312ddcd6968-1","sellTxId":"877148268a45cfafd1d063b8707ace406d9c3c66"}
{"index": {"_index":"sim","_id":"1727256"}}
	{"id":1727256,"type":"sell","buyer":"pi-trader","seller":"gungunkrishu","symbol":"SIM","quantity":"29200.000","price":"0.00091003","timestamp":1634553888,"volume":"26.57287600","buyTxId":"d32d5418990521f1f9456312c34d178a665ed08c-3","sellTxId":"799e5f90226ff82d1e46b9450d232a6abb445fe1"}
{"index": {"_index":"sim","_id":"1727624"}}
	{"id":1727624,"type":"buy","buyer":"black095","seller":"jelly-cz","symbol":"SIM","quantity":"1.000","price":"0.00105997","timestamp":1634556459,"volume":"0.00105997","buyTxId":"ab39abdbe8b7891836aa5be6b9bfc7fd439c2af7","sellTxId":"MM-P-11405221-58390521-3-35-0"}
{"index": {"_index":"sim","_id":"1727625"}}
	{"id":1727625,"type":"sell","buyer":"black095","seller":"svirus","symbol":"SIM","quantity":"2971.000","price":"0.00105997","timestamp":1634556462,"volume":"3.14917087","buyTxId":"ab39abdbe8b7891836aa5be6b9bfc7fd439c2af7","sellTxId":"1c832ccb0d36449c88abfb570e173de547c6c4bd-1"}
{"index": {"_index":"sim","_id":"1727745"}}
	{"id":1727745,"type":"sell","buyer":"pi-trader","seller":"andy4475","symbol":"SIM","quantity":"25.149","price":"0.00091101","timestamp":1634557092,"volume":"0.02291099","buyTxId":"7b0f6921179d81dfbeff3fa9950f5b84b154a12d-1","sellTxId":"190ce8a97970bfef2610d29d43687771d6907fc0"}
{"index": {"_index":"sim","_id":"1728143"}}
	{"id":1728143,"type":"sell","buyer":"pi-trader","seller":"brofi-market","symbol":"SIM","quantity":"0.008","price":"0.00091001","timestamp":1634559351,"volume":"0.00000728","buyTxId":"0c55762ebd0ba80640af41ec560ca0c575e50f84-2","sellTxId":"840b498cceacfabfc2f884f55052400f9fca28ec"}
{"index": {"_index":"sim","_id":"1728304"}}
	{"id":1728304,"type":"buy","buyer":"frugal-fun","seller":"jelly-cz","symbol":"SIM","quantity":"1.000","price":"0.00105993","timestamp":1634560353,"volume":"0.00105993","buyTxId":"ca4d0bafb2cd4764c8167724ba45c09ffcbd2490","sellTxId":"MM-P-11406618-58391918-3-35-0"}
{"index": {"_index":"sim","_id":"1728305"}}
	{"id":1728305,"type":"buy","buyer":"frugal-fun","seller":"brofi-market","symbol":"SIM","quantity":"0.008","price":"0.00105993","timestamp":1634560353,"volume":"0.00000848","buyTxId":"ca4d0bafb2cd4764c8167724ba45c09ffcbd2490","sellTxId":"cc9928828461e1d9193a10baac5c8b005c8f1e20"}
{"index": {"_index":"sim","_id":"1728306"}}
	{"id":1728306,"type":"buy","buyer":"frugal-fun","seller":"pi-trader","symbol":"SIM","quantity":"20000.000","price":"0.00105995","timestamp":1634560353,"volume":"21.19900000","buyTxId":"ca4d0bafb2cd4764c8167724ba45c09ffcbd2490","sellTxId":"164f4c82ed56fbb918c3a28ad36108ffc5d234a5-6"}
{"index": {"_index":"sim","_id":"1728307"}}
	{"id":1728307,"type":"buy","buyer":"frugal-fun","seller":"alucard1260","symbol":"SIM","quantity":"1405.095","price":"0.00105996","timestamp":1634560353,"volume":"1.48934450","buyTxId":"ca4d0bafb2cd4764c8167724ba45c09ffcbd2490","sellTxId":"e55135c5c3c30376afd23da9148c479d1130ff26"}
{"index": {"_index":"sim","_id":"1728308"}}
	{"id":1728308,"type":"buy","buyer":"frugal-fun","seller":"mchero","symbol":"SIM","quantity":"325.227","price":"0.00106000","timestamp":1634560353,"volume":"0.34474062","buyTxId":"ca4d0bafb2cd4764c8167724ba45c09ffcbd2490","sellTxId":"be9afa7aaed92f787df000a980e0d3d3722a5be8"}
{"index": {"_index":"sim","_id":"1728309"}}
	{"id":1728309,"type":"buy","buyer":"frugal-fun","seller":"mapac","symbol":"SIM","quantity":"333.000","price":"0.00107000","timestamp":1634560353,"volume":"0.35631000","buyTxId":"ca4d0bafb2cd4764c8167724ba45c09ffcbd2490","sellTxId":"f05278b75deff896568096a3d47f9a98749636de"}
{"index": {"_index":"sim","_id":"1728310"}}
	{"id":1728310,"type":"buy","buyer":"frugal-fun","seller":"dhedge-drips","symbol":"SIM","quantity":"0.005","price":"0.00107960","timestamp":1634560353,"volume":"0.00000540","buyTxId":"ca4d0bafb2cd4764c8167724ba45c09ffcbd2490","sellTxId":"b8b774aeafae485f3ed778ff84af0336be1ab52b"}
{"index": {"_index":"sim","_id":"1728311"}}
	{"id":1728311,"type":"buy","buyer":"frugal-fun","seller":"mapac","symbol":"SIM","quantity":"333.000","price":"0.00108000","timestamp":1634560353,"volume":"0.35964000","buyTxId":"ca4d0bafb2cd4764c8167724ba45c09ffcbd2490","sellTxId":"0f28c449a8d63eaf5b9f71cfe4cce33dda429389"}
{"index": {"_index":"sim","_id":"1728312"}}
	{"id":1728312,"type":"buy","buyer":"frugal-fun","seller":"atomcollector","symbol":"SIM","quantity":"5000.000","price":"0.00109000","timestamp":1634560353,"volume":"5.45000000","buyTxId":"ca4d0bafb2cd4764c8167724ba45c09ffcbd2490","sellTxId":"da6a4776af7d216901a97e0c3849a611a4f7dcff"}
{"index": {"_index":"sim","_id":"1728313"}}
	{"id":1728313,"type":"buy","buyer":"frugal-fun","seller":"brofi-market","symbol":"SIM","quantity":"0.001","price":"0.00109999","timestamp":1634560353,"volume":"0.00000110","buyTxId":"ca4d0bafb2cd4764c8167724ba45c09ffcbd2490","sellTxId":"f2c6f713ddba145161d1214f6c493fa3d792528c"}
{"index": {"_index":"sim","_id":"1728314"}}
	{"id":1728314,"type":"buy","buyer":"frugal-fun","seller":"lcity","symbol":"SIM","quantity":"52602.664","price":"0.00110000","timestamp":1634560353,"volume":"57.86293040","buyTxId":"ca4d0bafb2cd4764c8167724ba45c09ffcbd2490","sellTxId":"3716c609258ece3f83d531c16b0f83e7db762080"}
{"index": {"_index":"sim","_id":"1728343"}}
	{"id":1728343,"type":"sell","buyer":"pi-trader","seller":"balte","symbol":"SIM","quantity":"35000.000","price":"0.00091001","timestamp":1634560686,"volume":"31.85035000","buyTxId":"0aff0d0f51846e07d7706d8d46f8b17659476653-1","sellTxId":"17f47e6ffa2b0fe0dcfad29530abdcc5f11d1356"}
{"index": {"_index":"sim","_id":"1728479"}}
	{"id":1728479,"type":"sell","buyer":"pi-trader","seller":"adalger","symbol":"SIM","quantity":"0.066","price":"0.00091001","timestamp":1634561577,"volume":"0.00006006","buyTxId":"dca6dd4120b1e604676aa95edfef8ae083c8c0c4-5","sellTxId":"c4f9b54f2dfb822de24a5a78c01762a561333f32"}
{"index": {"_index":"sim","_id":"1728928"}}
	{"id":1728928,"type":"sell","buyer":"frugal-fun","seller":"steem.drone","symbol":"SIM","quantity":"6000.000","price":"0.00092000","timestamp":1634564580,"volume":"5.52000000","buyTxId":"9f67930487e8e92c4655598f6b041a90b7d1b0b1","sellTxId":"79b27ca25abe5aa280a273267b3bc7ad0ba2a719"}
{"index": {"_index":"sim","_id":"1728943"}}
	{"id":1728943,"type":"sell","buyer":"frugal-fun","seller":"steem.drone","symbol":"SIM","quantity":"100.000","price":"0.00092000","timestamp":1634564658,"volume":"0.09200000","buyTxId":"9f67930487e8e92c4655598f6b041a90b7d1b0b1","sellTxId":"d798f9357b03df2f4a0fe777779632ad95398cf1"}
{"index": {"_index":"sim","_id":"1729156"}}
	{"id":1729156,"type":"sell","buyer":"frugal-fun","seller":"he-index","symbol":"SIM","quantity":"27.374","price":"0.00092000","timestamp":1634566272,"volume":"0.02518408","buyTxId":"9f67930487e8e92c4655598f6b041a90b7d1b0b1","sellTxId":"33ed33147d7ffce18ce1e711487ce9c385fac351"}
{"index": {"_index":"sim","_id":"1729160"}}
	{"id":1729160,"type":"sell","buyer":"frugal-fun","seller":"velourex","symbol":"SIM","quantity":"55233.865","price":"0.00092000","timestamp":1634566329,"volume":"50.81515580","buyTxId":"9f67930487e8e92c4655598f6b041a90b7d1b0b1","sellTxId":"479dbaa92110cf114bcf9ddb0ff6d69d257449bd"}
{"index": {"_index":"sim","_id":"1729324"}}
	{"id":1729324,"type":"buy","buyer":"frugal-fun","seller":"tonytrillions","symbol":"SIM","quantity":"0.089","price":"0.00100000","timestamp":1634567475,"volume":"0.00008900","buyTxId":"43df0ae0ca8cc1383d9a9b5983e1d43e4f1793fb","sellTxId":"f61c43b6471cf77240865c77eabe957b41465f87"}
{"index": {"_index":"sim","_id":"1729451"}}
	{"id":1729451,"type":"sell","buyer":"frugal-fun","seller":"ayhamyou","symbol":"SIM","quantity":"2992.030","price":"0.00092000","timestamp":1634568336,"volume":"2.75266760","buyTxId":"9f67930487e8e92c4655598f6b041a90b7d1b0b1","sellTxId":"b2bf643e7ab1140a85b8f396c2ed0ee0a662264c"}
{"index": {"_index":"sim","_id":"1729599"}}
	{"id":1729599,"type":"sell","buyer":"frugal-fun","seller":"sallhiddles","symbol":"SIM","quantity":"32369.920","price":"0.00092000","timestamp":1634569734,"volume":"29.78032640","buyTxId":"9f67930487e8e92c4655598f6b041a90b7d1b0b1","sellTxId":"02579ec9533bfba5942e2a5df46dda5385768d5d"}
{"index": {"_index":"sim","_id":"1729966"}}
	{"id":1729966,"type":"sell","buyer":"frugal-fun","seller":"ministickupboy","symbol":"SIM","quantity":"28.211","price":"0.00092000","timestamp":1634572308,"volume":"0.02595412","buyTxId":"9f67930487e8e92c4655598f6b041a90b7d1b0b1","sellTxId":"692ed84dc8e2e2ed3d0afd9e44133ce561b3ef15"}
{"index": {"_index":"sim","_id":"1730161"}}
	{"id":1730161,"type":"sell","buyer":"frugal-fun","seller":"brofi-market","symbol":"SIM","quantity":"0.001","price":"0.00092000","timestamp":1634573586,"volume":"0.00000092","buyTxId":"9f67930487e8e92c4655598f6b041a90b7d1b0b1","sellTxId":"a6598d59165c656ace591f2184bb5b5608c0fe7c"}
{"index": {"_index":"sim","_id":"1730637"}}
	{"id":1730637,"type":"sell","buyer":"wizzitywillican","seller":"chittysity","symbol":"SIM","quantity":"1030.456","price":"0.00100000","timestamp":1634575812,"volume":"1.03045600","buyTxId":"e55c95a4995cf7cbf1aed4089019d380cecec048","sellTxId":"d887c5af0cf3a4d4fac00bf18cb496341cd5729e"}
{"index": {"_index":"sim","_id":"1730742"}}
	{"id":1730742,"type":"buy","buyer":"spiritverve","seller":"pi-trader","symbol":"SIM","quantity":"2000.000","price":"0.00099999","timestamp":1634576760,"volume":"1.99998000","buyTxId":"bcbe0d273b25bf4988c894a3062bbc86b633d426","sellTxId":"364f3c52471d198e37b5c4d6d31e183e03a07d4a-6"}
{"index": {"_index":"sim","_id":"1730785"}}
	{"id":1730785,"type":"sell","buyer":"frugal-fun","seller":"blue.rabbit","symbol":"SIM","quantity":"22996.246","price":"0.00092000","timestamp":1634577231,"volume":"21.15654632","buyTxId":"9f67930487e8e92c4655598f6b041a90b7d1b0b1","sellTxId":"1286c92e35b55687d2321daf7451622a670937bb"}
{"index": {"_index":"sim","_id":"1731053"}}
	{"id":1731053,"type":"sell","buyer":"frugal-fun","seller":"damla","symbol":"SIM","quantity":"1.063","price":"0.00092000","timestamp":1634579670,"volume":"0.00097796","buyTxId":"9f67930487e8e92c4655598f6b041a90b7d1b0b1","sellTxId":"ccb4f22542a49266998ddc03e56816576a002653"}
{"index": {"_index":"sim","_id":"1731116"}}
	{"id":1731116,"type":"sell","buyer":"frugal-fun","seller":"automaton","symbol":"SIM","quantity":"2000.000","price":"0.00092000","timestamp":1634579925,"volume":"1.84000000","buyTxId":"9f67930487e8e92c4655598f6b041a90b7d1b0b1","sellTxId":"aac8e81d716609a159cb8dda462e54d735f97e1a"}
{"index": {"_index":"sim","_id":"1731243"}}
	{"id":1731243,"type":"sell","buyer":"frugal-fun","seller":"dripdropp","symbol":"SIM","quantity":"1087.000","price":"0.00092000","timestamp":1634580507,"volume":"1.00004000","buyTxId":"9f67930487e8e92c4655598f6b041a90b7d1b0b1","sellTxId":"35e4e75a00932d02e16210becc461be556b1b916"}
{"index": {"_index":"sim","_id":"1731310"}}
	{"id":1731310,"type":"buy","buyer":"stickupboys","seller":"pi-trader","symbol":"SIM","quantity":"10000.000","price":"0.00099999","timestamp":1634580741,"volume":"9.99990000","buyTxId":"5936c9175ebd9060d2bd8225ed5d3fbef7954e1b","sellTxId":"e55ebedbd38846b98f138d7d728d71a25d258de2-4"}
{"index": {"_index":"sim","_id":"1731374"}}
	{"id":1731374,"type":"sell","buyer":"frugal-fun","seller":"ctrlyse","symbol":"SIM","quantity":"0.001","price":"0.00092000","timestamp":1634581101,"volume":"0.00000092","buyTxId":"9f67930487e8e92c4655598f6b041a90b7d1b0b1","sellTxId":"dc9db12f51f6ce85ac8f7bde39c2c20a1070c398"}
{"index": {"_index":"sim","_id":"1731563"}}
	{"id":1731563,"type":"sell","buyer":"frugal-fun","seller":"hive-127788","symbol":"SIM","quantity":"266.411","price":"0.00092000","timestamp":1634582055,"volume":"0.24509812","buyTxId":"9f67930487e8e92c4655598f6b041a90b7d1b0b1","sellTxId":"0d10f32d14cda32a664378531ddd84744bcb25a7"}
{"index": {"_index":"sim","_id":"1731642"}}
	{"id":1731642,"type":"sell","buyer":"frugal-fun","seller":"dhedge-drips","symbol":"SIM","quantity":"0.005","price":"0.00092000","timestamp":1634582718,"volume":"0.00000460","buyTxId":"9f67930487e8e92c4655598f6b041a90b7d1b0b1","sellTxId":"a2b529dc6bc4fd061edeb35b27086f941600a620"}
{"index": {"_index":"sim","_id":"1731667"}}
	{"id":1731667,"type":"sell","buyer":"frugal-fun","seller":"monsterjamgold","symbol":"SIM","quantity":"432.404","price":"0.00092000","timestamp":1634582892,"volume":"0.39781168","buyTxId":"9f67930487e8e92c4655598f6b041a90b7d1b0b1","sellTxId":"6c5eb1e4ca4224d223eaf7fe4b3b341be5cd216b"}
{"index": {"_index":"sim","_id":"1731716"}}
	{"id":1731716,"type":"sell","buyer":"frugal-fun","seller":"alicemudgarden","symbol":"SIM","quantity":"730.396","price":"0.00092000","timestamp":1634583213,"volume":"0.67196432","buyTxId":"9f67930487e8e92c4655598f6b041a90b7d1b0b1","sellTxId":"97e70393fc5c0fa1a404bf18e5094f5d8dd9d484"}
{"index": {"_index":"sim","_id":"1731769"}}
	{"id":1731769,"type":"sell","buyer":"frugal-fun","seller":"gamsam","symbol":"SIM","quantity":"14610.073","price":"0.00092000","timestamp":1634584023,"volume":"13.44126716","buyTxId":"9f67930487e8e92c4655598f6b041a90b7d1b0b1","sellTxId":"79156a9ddb8e0ba64a0cf1fd5fc0d89a0fb36ad9"}
{"index": {"_index":"sim","_id":"1731770"}}
	{"id":1731770,"type":"sell","buyer":"yaluna","seller":"gamsam","symbol":"SIM","quantity":"2049.927","price":"0.00091200","timestamp":1634584023,"volume":"1.86953342","buyTxId":"43bdc2bcaca34f173c4620e4e3001903f3b00e45","sellTxId":"79156a9ddb8e0ba64a0cf1fd5fc0d89a0fb36ad9"}
{"index": {"_index":"sim","_id":"1731813"}}
	{"id":1731813,"type":"sell","buyer":"pi-trader","seller":"ayhamyou","symbol":"SIM","quantity":"1059.000","price":"0.00091201","timestamp":1634584554,"volume":"0.96581859","buyTxId":"fdd3594266a943d2c6a4b2781cebbb14e28c31a3-2","sellTxId":"cc01218b7768f92831e42b7df71168137f72cdb0"}
{"index": {"_index":"sim","_id":"1731841"}}
	{"id":1731841,"type":"sell","buyer":"pi-trader","seller":"monsterjamgold","symbol":"SIM","quantity":"865.000","price":"0.00091201","timestamp":1634585025,"volume":"0.78888865","buyTxId":"e242b7beb7313a170d0bc1af56255f9ddb22cf34-1","sellTxId":"117de339d47dcf66b5dc8dbae33c83f5ecf1866c"}
{"index": {"_index":"sim","_id":"1731881"}}
	{"id":1731881,"type":"sell","buyer":"pi-trader","seller":"alucard1260","symbol":"SIM","quantity":"474.535","price":"0.00091201","timestamp":1634585586,"volume":"0.43278067","buyTxId":"6e98e1f9f3431294d715ea2b3783b75bd151d54e-4","sellTxId":"b2009e6dae996fd12bcf1770a21296e9b72ac5bf"}
{"index": {"_index":"sim","_id":"1731899"}}
	{"id":1731899,"type":"sell","buyer":"pi-trader","seller":"balte","symbol":"SIM","quantity":"19000.000","price":"0.00091201","timestamp":1634585931,"volume":"17.32819000","buyTxId":"b2d52382fa7888bbb8abd65994c803a7477a9d90-6","sellTxId":"558f7ed9bd8d2a124d30bfebd9b536b856e84ed9"}
{"index": {"_index":"sim","_id":"1731925"}}
	{"id":1731925,"type":"sell","buyer":"pi-trader","seller":"jrcornel","symbol":"SIM","quantity":"50000.000","price":"0.00091201","timestamp":1634586276,"volume":"45.60050000","buyTxId":"5e3dd9b78737a314a4ac176a9acfda80d081605d-5","sellTxId":"d988c481ca44e6ca892eaa1c73b61d4af669e402"}
{"index": {"_index":"sim","_id":"1731928"}}
	{"id":1731928,"type":"buy","buyer":"pi-trader","seller":"jrcornel","symbol":"SIM","quantity":"1491.000","price":"0.00091201","timestamp":1634586300,"volume":"1.35980691","buyTxId":"45a6c39bdf8cd4dcd62bfb9d72d15d84de4876a1-8","sellTxId":"d988c481ca44e6ca892eaa1c73b61d4af669e402"}
{"index": {"_index":"sim","_id":"1732039"}}
	{"id":1732039,"type":"sell","buyer":"pi-trader","seller":"bearbear613","symbol":"SIM","quantity":"1015.025","price":"0.00091201","timestamp":1634586942,"volume":"0.92571295","buyTxId":"dff41ba5560c3d19df79eb2e911958bf5f220c2c-5","sellTxId":"2cb084c747a2981236b25e2ffb8fbea2fdb644e4"}
{"index": {"_index":"sim","_id":"1732159"}}
	{"id":1732159,"type":"sell","buyer":"pi-trader","seller":"fantasycrypto","symbol":"SIM","quantity":"13177.000","price":"0.00091201","timestamp":1634588460,"volume":"12.01755577","buyTxId":"648dd2fb95be0f37e91415dae2aec1a5e88c5382-6","sellTxId":"30d305c7784ea11d1267897b06c2749afdb43525"}
{"index": {"_index":"sim","_id":"1732332"}}
	{"id":1732332,"type":"sell","buyer":"pi-trader","seller":"deathwing","symbol":"SIM","quantity":"0.01","price":"0.00091201","timestamp":1634590506,"volume":"0.00000912","buyTxId":"c1bfbe362b26ae5c97f522bf70e9aa79217aea2d-3","sellTxId":"d383e7409411f9620be0a14583a291186298b0af-0"}
{"index": {"_index":"sim","_id":"1732418"}}
	{"id":1732418,"type":"sell","buyer":"pi-trader","seller":"peerfinance","symbol":"SIM","quantity":"331.620","price":"0.00091202","timestamp":1634591436,"volume":"0.30244407","buyTxId":"eb6c80de56662bab65eb7ec8e4ff05e14d220e7e-1","sellTxId":"bb748c6e6003075fa6312ec880aa9909d0b17a54"}
{"index": {"_index":"sim","_id":"1732583"}}
	{"id":1732583,"type":"sell","buyer":"pi-trader","seller":"ericburgoyne","symbol":"SIM","quantity":"43.522","price":"0.00091202","timestamp":1634592924,"volume":"0.03969293","buyTxId":"55e9ef39a03f3c6bea9946124095db169ab96415-3","sellTxId":"eab59da777827021fb88e14bb841a004008258bd"}
{"index": {"_index":"sim","_id":"1732622"}}
	{"id":1732622,"type":"sell","buyer":"pi-trader","seller":"bitcoinflood","symbol":"SIM","quantity":"1832.278","price":"0.00091202","timestamp":1634593398,"volume":"1.67107418","buyTxId":"7067d8cb6745639a39b3e3b17ba272090ae6c88a-1","sellTxId":"85380e9d1c32eb1f96bf8712cfba38c530c5fe7a"}
{"index": {"_index":"sim","_id":"1732625"}}
	{"id":1732625,"type":"buy","buyer":"stickupmusic","seller":"dhedge-drips","symbol":"SIM","quantity":"0.005","price":"0.00098999","timestamp":1634593404,"volume":"0.00000495","buyTxId":"65bd8864b8c15dc5150aacf43a93efd82c493800","sellTxId":"6852e892022e8a551ebf9a35823d3a57f0857a1c"}
{"index": {"_index":"sim","_id":"1732626"}}
	{"id":1732626,"type":"buy","buyer":"stickupmusic","seller":"pi-trader","symbol":"SIM","quantity":"411.026","price":"0.00098999","timestamp":1634593404,"volume":"0.40691163","buyTxId":"65bd8864b8c15dc5150aacf43a93efd82c493800","sellTxId":"dff41ba5560c3d19df79eb2e911958bf5f220c2c-6"}
{"index": {"_index":"sim","_id":"1732668"}}
	{"id":1732668,"type":"sell","buyer":"pi-trader","seller":"thisisawesome","symbol":"SIM","quantity":"4.853","price":"0.00091202","timestamp":1634593938,"volume":"0.00442603","buyTxId":"25bf0d203005994d4bf879b68590500992bc2024-5","sellTxId":"93ceb6344063d1702fb57aa6e5eae88216bdac5a"}
{"index": {"_index":"sim","_id":"1732740"}}
	{"id":1732740,"type":"buy","buyer":"frugal-fun","seller":"pi-trader","symbol":"SIM","quantity":"20000.000","price":"0.00098999","timestamp":1634594652,"volume":"19.79980000","buyTxId":"53481b20440b8bdb04c4493d6f1fee52839fcd83","sellTxId":"25bf0d203005994d4bf879b68590500992bc2024-13"}
{"index": {"_index":"sim","_id":"1732741"}}
	{"id":1732741,"type":"buy","buyer":"frugal-fun","seller":"adamdabeast","symbol":"SIM","quantity":"7465.000","price":"0.00099000","timestamp":1634594652,"volume":"7.39035000","buyTxId":"53481b20440b8bdb04c4493d6f1fee52839fcd83","sellTxId":"16fa4fc4df2beefcf83b3bff9fca6c5f578022d3"}
{"index": {"_index":"sim","_id":"1732742"}}
	{"id":1732742,"type":"buy","buyer":"frugal-fun","seller":"jimre1","symbol":"SIM","quantity":"5000.000","price":"0.00099000","timestamp":1634594652,"volume":"4.95000000","buyTxId":"53481b20440b8bdb04c4493d6f1fee52839fcd83","sellTxId":"071dc49dd62a6597c69017b763657adff8bc9383"}
{"index": {"_index":"sim","_id":"1732743"}}
	{"id":1732743,"type":"buy","buyer":"frugal-fun","seller":"chittysity","symbol":"SIM","quantity":"58535.000","price":"0.00100000","timestamp":1634594652,"volume":"58.53500000","buyTxId":"53481b20440b8bdb04c4493d6f1fee52839fcd83","sellTxId":"d887c5af0cf3a4d4fac00bf18cb496341cd5729e"}
{"index": {"_index":"sim","_id":"1732805"}}
	{"id":1732805,"type":"sell","buyer":"pi-trader","seller":"solarpowers","symbol":"SIM","quantity":"3678.000","price":"0.00091202","timestamp":1634595216,"volume":"3.35440956","buyTxId":"f23a39058ba43ae30fe1b5a163e6d8c51f870110-3","sellTxId":"6d05763b7315b5b1a78d4e230ee542cfd2a2fd92"}
{"index": {"_index":"sim","_id":"1732862"}}
	{"id":1732862,"type":"sell","buyer":"pi-trader","seller":"megalithic","symbol":"SIM","quantity":"13347.000","price":"0.00091202","timestamp":1634595891,"volume":"12.17273094","buyTxId":"241ca33e9958a991c8e3333b57ce53186dbd4c4d-3","sellTxId":"eed3aa5ceab9c42bbec1452f339cb34c6a02c9c8"}
{"index": {"_index":"sim","_id":"1733045"}}
	{"id":1733045,"type":"sell","buyer":"pi-trader","seller":"captaincryptic","symbol":"SIM","quantity":"517.017","price":"0.00091202","timestamp":1634597664,"volume":"0.47152984","buyTxId":"17184f89b0497e0b1a27d84f22605df10226a847-3","sellTxId":"1e50efc715dc2f15358f6269671d9e30ad9bf72c"}
{"index": {"_index":"sim","_id":"1733514"}}
	{"id":1733514,"type":"sell","buyer":"pi-trader","seller":"brofi-market","symbol":"SIM","quantity":"0.003","price":"0.00091202","timestamp":1634602215,"volume":"0.00000274","buyTxId":"3991ceae4bc7e385b4c5ffa17c842b63179ade51-3","sellTxId":"2734e479a71b62a1aabed5b07bb84bea36b26100"}
{"index": {"_index":"sim","_id":"1733617"}}
	{"id":1733617,"type":"buy","buyer":"kevinnag58","seller":"pi-trader","symbol":"SIM","quantity":"1000.010","price":"0.00099999","timestamp":1634603892,"volume":"1","buyTxId":"c97012ccbf309321cf1b105169b3e7a0ccdb2fd2","sellTxId":"a5da5b2bbb844e4d59d461cca5e35f452e99d505-6"}
{"index": {"_index":"sim","_id":"1733734"}}
	{"id":1733734,"type":"sell","buyer":"pi-trader","seller":"travelgirl","symbol":"SIM","quantity":"3025.000","price":"0.00091202","timestamp":1634605470,"volume":"2.75886050","buyTxId":"e91e4571316faeb148bde673c7e952dad3e296b3-4","sellTxId":"5e1be51f7662bac631c85aaf8fdaf399ba745b17"}
{"index": {"_index":"sim","_id":"1733924"}}
	{"id":1733924,"type":"buy","buyer":"jcrodriguez","seller":"pi-trader","symbol":"SIM","quantity":"302.000","price":"0.00099998","timestamp":1634607795,"volume":"0.30199396","buyTxId":"353d62ff84d4ddd09d2325b0564358366dce22f6","sellTxId":"ddfda4a4b9f8d6a91f246825d04880d1c190775f-6"}
{"index": {"_index":"sim","_id":"1734020"}}
	{"id":1734020,"type":"sell","buyer":"he-index","seller":"enjar","symbol":"SIM","quantity":"208.331","price":"0.00091201","timestamp":1634609052,"volume":"0.18999996","buyTxId":"c67031f250825064bf2ed4b8cca7f8537f092626","sellTxId":"fa8eee16e07fb8aca793e7eacf553222c4e063a7"}
{"index": {"_index":"sim","_id":"1734021"}}
	{"id":1734021,"type":"sell","buyer":"he-index","seller":"enjar","symbol":"SIM","quantity":"268.637","price":"0.00091201","timestamp":1634609052,"volume":"0.24499963","buyTxId":"c082c217a174210fca47ba9a8a2472cfb912c613","sellTxId":"fa8eee16e07fb8aca793e7eacf553222c4e063a7"}
{"index": {"_index":"sim","_id":"1734097"}}
	{"id":1734097,"type":"buy","buyer":"libert","seller":"enjar","symbol":"SIM","quantity":"1727.202","price":"0.00091201","timestamp":1634610051,"volume":"1.57522550","buyTxId":"4e127bcc0ec483e6bbb71a5635d5447ca0b14850","sellTxId":"fa8eee16e07fb8aca793e7eacf553222c4e063a7"}
{"index": {"_index":"sim","_id":"1734098"}}
	{"id":1734098,"type":"buy","buyer":"libert","seller":"brofi-market","symbol":"SIM","quantity":"0.003","price":"0.00099999","timestamp":1634610051,"volume":"0.00000300","buyTxId":"4e127bcc0ec483e6bbb71a5635d5447ca0b14850","sellTxId":"193ab6911acd97d8547293d51b68a2b61dd64c90"}
{"index": {"_index":"sim","_id":"1734099"}}
	{"id":1734099,"type":"buy","buyer":"libert","seller":"chittysity","symbol":"SIM","quantity":"3303.544","price":"0.00100000","timestamp":1634610051,"volume":"3.30354400","buyTxId":"4e127bcc0ec483e6bbb71a5635d5447ca0b14850","sellTxId":"d887c5af0cf3a4d4fac00bf18cb496341cd5729e"}
{"index": {"_index":"sim","_id":"1734100"}}
	{"id":1734100,"type":"buy","buyer":"libert","seller":"jimre1","symbol":"SIM","quantity":"5481.227","price":"0.00100000","timestamp":1634610051,"volume":"5.48122750","buyTxId":"4e127bcc0ec483e6bbb71a5635d5447ca0b14850","sellTxId":"fc124dbb430a30f1c5fc77b8d7dadaece986d6a3"}
{"index": {"_index":"sim","_id":"1734234"}}
	{"id":1734234,"type":"sell","buyer":"yaluna","seller":"themarkymark","symbol":"SIM","quantity":"9625.956","price":"0.00091200","timestamp":1634611761,"volume":"8.77887187","buyTxId":"43bdc2bcaca34f173c4620e4e3001903f3b00e45","sellTxId":"7ebd6e35eabc96087f235bbf7aa47815c5b94034"}
