{"id":2970042,"type":"sell","buyer":"pi-trader","seller":"hive.miner","symbol":"SIM","quantity":"265.000","price":"0.00045603","timestamp":1647229194,"volume":"0.12084795","buyTxId":"212a2552a0953d4fbc70387c32beb3fdda0c3096-1","sellTxId":"8fe54dc15909f2a0cf1ad6ca9c4134b7b18515f1"}
{"id":2970104,"type":"buy","buyer":"boycharlieplays","seller":"nftmart.fees","symbol":"SIM","quantity":"37.000","price":"0.00048254","timestamp":1647229974,"volume":"0.01785398","buyTxId":"8bc6a9e3333b961aaf822cd197e083618806f2fa","sellTxId":"4f389e23603fbf4c1902b68abb1f4ee9fd8509c9-0"}
{"id":2970110,"type":"buy","buyer":"boycharlieplays","seller":"jelly-cz","symbol":"SIM","quantity":"4500.000","price":"0.00048260","timestamp":1647230013,"volume":"2.17170000","buyTxId":"5c9750fa9290768c27cea76c5bbb41cbc6da584a","sellTxId":"MM-P-15609973-62598044-3-31-0"}
{"id":2970111,"type":"buy","buyer":"theclasser1","seller":"jelly-cz","symbol":"SIM","quantity":"16496.065","price":"0.00048260","timestamp":1647230022,"volume":"7.96100115","buyTxId":"ee9a9280e68b8503303515ba0ba50963dd146372","sellTxId":"MM-P-15609973-62598044-3-31-0"}
{"id":2970145,"type":"sell","buyer":"pi-trader","seller":"theguruasia","symbol":"SIM","quantity":"735.563","price":"0.00045603","timestamp":1647230655,"volume":"0.33543879","buyTxId":"dc0794e32052112a47ce94338069063dcfc9d012-3","sellTxId":"e284361d72cd70d9f83650046b44d2f76b79cb39"}
{"id":2970236,"type":"buy","buyer":"dustindivitto","seller":"nftmart.fees","symbol":"SIM","quantity":"32.000","price":"0.00048258","timestamp":1647232065,"volume":"0.01544256","buyTxId":"06f63fffa0d494ecab933eabaec71b04a186b8f0","sellTxId":"ab944ff8ef84d2dc5177205bd22e32814e5acc01-0"}
{"id":2970237,"type":"buy","buyer":"dustindivitto","seller":"jelly-cz","symbol":"SIM","quantity":"76092.446","price":"0.00048260","timestamp":1647232065,"volume":"36.72221444","buyTxId":"06f63fffa0d494ecab933eabaec71b04a186b8f0","sellTxId":"MM-P-15609973-62598044-3-31-0"}
{"id":2970261,"type":"buy","buyer":"boycharlieplays","seller":"jelly-cz","symbol":"SIM","quantity":"32.000","price":"0.00048260","timestamp":1647232788,"volume":"0.01544320","buyTxId":"72e9cc6885f427d347ae9265391c1a0dbef77818","sellTxId":"MM-P-15609973-62598044-3-31-0"}
{"id":2970296,"type":"sell","buyer":"pi-trader","seller":"eshr92","symbol":"SIM","quantity":"212.000","price":"0.00045889","timestamp":1647234174,"volume":"0.09728468","buyTxId":"c9de6ec2eb4e1259cb24a557d9d7cb7ba85cdce1-1","sellTxId":"9c70534492d80fa0b589fbb7996aea3a8fe2a1c8"}
{"id":2970509,"type":"buy","buyer":"mary.janikowski","seller":"nftmart.fees","symbol":"SIM","quantity":"29.000","price":"0.00048198","timestamp":1647238314,"volume":"0.01397742","buyTxId":"89c8bcbc33c3b0222ffe1b8c3f2a5b717f7ddd0f","sellTxId":"06ef949b68c9d850872f4bac8459face972a97ae-0"}
{"id":2970510,"type":"buy","buyer":"mary.janikowski","seller":"pi-trader","symbol":"SIM","quantity":"50000.000","price":"0.00048199","timestamp":1647238314,"volume":"24.09950000","buyTxId":"89c8bcbc33c3b0222ffe1b8c3f2a5b717f7ddd0f","sellTxId":"5cbe582d5867bc43146f79cb27a082ea3cb0632f-3"}
{"id":2970511,"type":"buy","buyer":"mary.janikowski","seller":"jelly-cz","symbol":"SIM","quantity":"19971.000","price":"0.00048200","timestamp":1647238314,"volume":"9.62602200","buyTxId":"89c8bcbc33c3b0222ffe1b8c3f2a5b717f7ddd0f","sellTxId":"MM-P-15619322-62607406-3-31-0"}
{"id":2970572,"type":"buy","buyer":"maryjane.main","seller":"nftmart.fees","symbol":"SIM","quantity":"29.000","price":"0.00048199","timestamp":1647239673,"volume":"0.01397771","buyTxId":"0a52fb3fa4ca8540474f59cb5abbcdb24545e618","sellTxId":"dbfe2b35a9064e88699a7a139e5d81175f12446e-0"}
{"id":2970573,"type":"sell","buyer":"maryjane.main","seller":"svirus","symbol":"SIM","quantity":"5471.000","price":"0.00048199","timestamp":1647239676,"volume":"2.63696729","buyTxId":"0a52fb3fa4ca8540474f59cb5abbcdb24545e618","sellTxId":"760bf1a2e34c240e03cce8ea7ed992dfa611de3e-1"}
{"id":2970579,"type":"buy","buyer":"maryjane.main","seller":"jelly-cz","symbol":"SIM","quantity":"700.000","price":"0.00048200","timestamp":1647239763,"volume":"0.33740000","buyTxId":"217b0c26420594bacd2f34734f184f21df7e4772","sellTxId":"MM-P-15619322-62607406-3-31-0"}
{"id":2970712,"type":"sell","buyer":"pi-trader","seller":"steemwija","symbol":"SIM","quantity":"197.760","price":"0.00045890","timestamp":1647241359,"volume":"0.09075206","buyTxId":"9a46370b74e013023db6869c50b76011a85cd9e6-3","sellTxId":"d85c8daf819646204ac704f7d444d6268cf5ea3c"}
{"id":2970784,"type":"buy","buyer":"imperij4427","seller":"nftmart.fees","symbol":"SIM","quantity":"22.000","price":"0.00048198","timestamp":1647242613,"volume":"0.01060356","buyTxId":"70b780409a8f18d6248cec158f7fec2ea801add2","sellTxId":"744fb66f265404e722dc5edc1294a76e63582986-0"}
{"id":2970785,"type":"buy","buyer":"imperij4427","seller":"jelly-cz","symbol":"SIM","quantity":"79978.000","price":"0.00048200","timestamp":1647242613,"volume":"38.54939600","buyTxId":"70b780409a8f18d6248cec158f7fec2ea801add2","sellTxId":"MM-P-15619322-62607406-3-31-0"}
{"id":2970790,"type":"sell","buyer":"pi-trader","seller":"sra1992","symbol":"SIM","quantity":"8578.520","price":"0.00045891","timestamp":1647242700,"volume":"3.93676861","buyTxId":"d41e7023f2c65e22630bff090c60e3ac7c2ac394-3","sellTxId":"a5b0515ef16c0b34fe4f122548eb663c76518318"}
{"id":2970832,"type":"sell","buyer":"pi-trader","seller":"elevator09","symbol":"SIM","quantity":"2147.000","price":"0.00045891","timestamp":1647243363,"volume":"0.98527977","buyTxId":"ae7065fd63e19711dfe311d6d638075f540f36df-5","sellTxId":"205595ec1de0b73079ae2f2ffe91d3e2135dbc1b"}
{"id":2970879,"type":"buy","buyer":"imperij4427","seller":"nftmart.fees","symbol":"SIM","quantity":"20.000","price":"0.00048196","timestamp":1647243987,"volume":"0.00963920","buyTxId":"36cacf9968cb6ff556e4997bde07927ac2c6cd0d","sellTxId":"a44156eddc0411dddb4d8ec445edc01754b696e6-0"}
{"id":2970880,"type":"buy","buyer":"imperij4427","seller":"atomcollector","symbol":"SIM","quantity":"1830.000","price":"0.00048198","timestamp":1647243987,"volume":"0.88202340","buyTxId":"36cacf9968cb6ff556e4997bde07927ac2c6cd0d","sellTxId":"fd28c62d8730ce5fc78643df265bbf08ba427cdf"}
{"id":2970881,"type":"buy","buyer":"imperij4427","seller":"jelly-cz","symbol":"SIM","quantity":"7194.717","price":"0.00048200","timestamp":1647243987,"volume":"3.46785359","buyTxId":"36cacf9968cb6ff556e4997bde07927ac2c6cd0d","sellTxId":"MM-P-15619322-62607406-3-31-0"}
{"id":2970882,"type":"buy","buyer":"imperij4427","seller":"he-index","symbol":"SIM","quantity":"36.074","price":"0.00048311","timestamp":1647243987,"volume":"0.01742771","buyTxId":"36cacf9968cb6ff556e4997bde07927ac2c6cd0d","sellTxId":"0fa433a83dcd7c65797d500d5d57edfc9e2d17fa"}
{"id":2970883,"type":"buy","buyer":"imperij4427","seller":"cryptospooge","symbol":"SIM","quantity":"14919.209","price":"0.00049000","timestamp":1647243987,"volume":"7.31041241","buyTxId":"36cacf9968cb6ff556e4997bde07927ac2c6cd0d","sellTxId":"3af421e3bb9363c69f97fe2a1758a22456d21d26"}
{"id":2970918,"type":"buy","buyer":"morzex","seller":"pi-trader","symbol":"SIM","quantity":"16326.863","price":"0.00048999","timestamp":1647244644,"volume":"8","buyTxId":"fce01c271d6032c3f9163824be8b49e4348db6d5","sellTxId":"474bf6fc54ee9c4fa6ef691eaa6f34a9d6d539a8-3"}
{"id":2970989,"type":"sell","buyer":"pi-trader","seller":"itharagaian","symbol":"SIM","quantity":"4.000","price":"0.00046001","timestamp":1647245559,"volume":"0.00184004","buyTxId":"5e5a9dc3e8b623d30f44c6000ea8df338c6e67dd-1","sellTxId":"494ada8c81c910cba086c0c9f1e300994dc765a9"}
{"id":2971164,"type":"sell","buyer":"pi-trader","seller":"zzz.accounting","symbol":"SIM","quantity":"0.009","price":"0.00046001","timestamp":1647248079,"volume":"0.00000414","buyTxId":"6b1877016d7973c1b71b72bcad0ec8c416e7dbd1-1","sellTxId":"a7a3e647d9a92e5ed881d979b570b68c604fce9d"}
{"id":2971385,"type":"sell","buyer":"pi-trader","seller":"monsterjamgold","symbol":"SIM","quantity":"1440.493","price":"0.00046001","timestamp":1647251544,"volume":"0.66264118","buyTxId":"1dca216d2c1a158f8ac97e5096b25ecbbd7ea638-1","sellTxId":"9e23eb0948e280f87287127ceda4bcd999021d40"}
{"id":2971391,"type":"sell","buyer":"pi-trader","seller":"justinparke","symbol":"SIM","quantity":"4741.6","price":"0.00046001","timestamp":1647251625,"volume":"2.18118342","buyTxId":"65cf85abf1227583116accc086334d3a7ee61b8e-3","sellTxId":"950bf265280351c815f7308e847cc7b732cec82b"}
{"id":2971504,"type":"sell","buyer":"pi-trader","seller":"toofasteddie","symbol":"SIM","quantity":"1000.000","price":"0.00046001","timestamp":1647253464,"volume":"0.46001000","buyTxId":"decbd989466d94e5cd308133ce253a95407d3fa7-3","sellTxId":"e0878d693315f3f5d39a52dcc8af1202d12eff72"}
{"id":2971586,"type":"sell","buyer":"pi-trader","seller":"pele23","symbol":"SIM","quantity":"0.004","price":"0.00046001","timestamp":1647255189,"volume":"0.00000184","buyTxId":"e9a365cd67bd0ab3be232acc9d39b248a67a288e-3","sellTxId":"aa73c1edc42cd0b3ecd6643a089acc3e62936e88"}
{"id":2971745,"type":"sell","buyer":"pi-trader","seller":"dswap","symbol":"SIM","quantity":"711.428","price":"0.00046001","timestamp":1647257349,"volume":"0.32726399","buyTxId":"3acff068441d6d43c47cca7c935f269b8e0ed1ba-1","sellTxId":"895adba0a60eb7a20bf831c8e47719a9f9b871ab"}
{"id":2971852,"type":"sell","buyer":"pi-trader","seller":"tonytrillions","symbol":"SIM","quantity":"0.004","price":"0.00046001","timestamp":1647258900,"volume":"0.00000184","buyTxId":"3c0f892052c95fcacdc880d72ce16b126e1f0b2e-4","sellTxId":"f21cd467f2424fd9653fdb57fa180005190fad46"}
{"id":2972166,"type":"sell","buyer":"pi-trader","seller":"franciscopr","symbol":"SIM","quantity":"1766.288","price":"0.00046003","timestamp":1647262824,"volume":"0.81254547","buyTxId":"36a1f20ee84487ed30588bc1891bc6863760584d-1","sellTxId":"2482c03cc5e3548d7bec8b09156b36c4bed61c99"}
{"id":2972493,"type":"buy","buyer":"jakkal","seller":"nftmart.fees","symbol":"SIM","quantity":"23.000","price":"0.00048992","timestamp":1647266394,"volume":"0.01126816","buyTxId":"284e2ff611dacfa560d6fd94333f8a6f64067b31","sellTxId":"78ab31105f91c5f7f75d09cad123ed99381d0980-0"}
{"id":2972494,"type":"buy","buyer":"jakkal","seller":"pi-trader","symbol":"SIM","quantity":"997.554","price":"0.00048993","timestamp":1647266394,"volume":"0.48873184","buyTxId":"284e2ff611dacfa560d6fd94333f8a6f64067b31","sellTxId":"87f9ef9c7e3d880b58facfcd26e6cec05973dd65-3"}
{"id":2972569,"type":"sell","buyer":"pi-trader","seller":"darmst5339","symbol":"SIM","quantity":"2.723","price":"0.00046003","timestamp":1647267285,"volume":"0.00125266","buyTxId":"fc161d0a986343ca8001802242091ed36d1b7772-3","sellTxId":"71e8b770ea28ec38f670e3113a61b854e4a6cc3f"}
{"id":2972764,"type":"sell","buyer":"pi-trader","seller":"miketr","symbol":"SIM","quantity":"513.000","price":"0.00046003","timestamp":1647269679,"volume":"0.23599539","buyTxId":"045810b2653a1ef6973858bd08c1778b7d933fa8-1","sellTxId":"5dffc1543fab82fa85ca1d96b66690830d802cf7"}
{"id":2972968,"type":"sell","buyer":"pi-trader","seller":"bearbear613","symbol":"SIM","quantity":"894.422","price":"0.00046003","timestamp":1647272433,"volume":"0.41146095","buyTxId":"59bff0f4312f046b38dc7941d4fb699c5ac2a7a0-3","sellTxId":"f108d9cc1a1a76ef691ae9c895bbeb9b64b2449f"}
{"id":2973149,"type":"sell","buyer":"pi-trader","seller":"brofi-market","symbol":"SIM","quantity":"0.004","price":"0.00046003","timestamp":1647274692,"volume":"0.00000184","buyTxId":"36b27a35d50cf6016f93687dd5723cffc28339a6-3","sellTxId":"56ad5ef7cc72f866c6ff31be7cdcfb44b2584315"}
{"id":2973334,"type":"buy","buyer":"dswap","seller":"nftmart.fees","symbol":"SIM","quantity":"17.000","price":"0.00048985","timestamp":1647276708,"volume":"0.00832745","buyTxId":"f9743a93f0287e6a9b61080ef718e769ba13d856","sellTxId":"80ffe3a6f9b3dcd158b32daf3189293fbd6b6c31-0"}
{"id":2973335,"type":"buy","buyer":"dswap","seller":"brofi-market","symbol":"SIM","quantity":"0.004","price":"0.00048987","timestamp":1647276708,"volume":"0.00000196","buyTxId":"f9743a93f0287e6a9b61080ef718e769ba13d856","sellTxId":"73ba46a3a192c80b476c949f35c96fa9d64e8847"}
{"id":2973336,"type":"buy","buyer":"dswap","seller":"pi-trader","symbol":"SIM","quantity":"1238.060","price":"0.00048993","timestamp":1647276708,"volume":"0.60656299","buyTxId":"f9743a93f0287e6a9b61080ef718e769ba13d856","sellTxId":"056e13df474766759d5cc78fafa09eb659a454ab-4"}
{"id":2973839,"type":"sell","buyer":"pi-trader","seller":"epilatero","symbol":"SIM","quantity":"311","price":"0.00046003","timestamp":1647282453,"volume":"0.14306933","buyTxId":"f2dacc6f7ca1ec3f2ccdb3de2ee6c9ad6fa7fa5b-1","sellTxId":"1399ac36a1bf5ae6df060c8755af480f7a7b03d3"}
{"id":2974109,"type":"sell","buyer":"pi-trader","seller":"manoldonchev","symbol":"SIM","quantity":"24284.700","price":"0.00046003","timestamp":1647285072,"volume":"11.17169054","buyTxId":"e09a679bb35728f915e3a6f1501a4aa5f4b6370a-3","sellTxId":"090e10c95fa2b56f9be2a5f2c97be571c8e646a9"}
{"id":2974131,"type":"buy","buyer":"technocrypton","seller":"nftmart.fees","symbol":"SIM","quantity":"15.000","price":"0.00048991","timestamp":1647285405,"volume":"0.00734865","buyTxId":"20441141276e8192f4858eddf45a34d4b918c324","sellTxId":"0b3b15f247db8de5e393ac32b650bef2119cc7b6-0"}
{"id":2974132,"type":"buy","buyer":"technocrypton","seller":"pi-trader","symbol":"SIM","quantity":"11985.000","price":"0.00048993","timestamp":1647285405,"volume":"5.87181105","buyTxId":"20441141276e8192f4858eddf45a34d4b918c324","sellTxId":"c8f1d714ce655b5f0f8764da006dfc89d2b8b234-6"}
{"id":2974181,"type":"buy","buyer":"technocrypton","seller":"nftmart.fees","symbol":"SIM","quantity":"92.000","price":"0.00048992","timestamp":1647285927,"volume":"0.04507264","buyTxId":"4404cabc91e7bd6d5a4bb935fab2b85a07b97966","sellTxId":"9411921031fc9c6916955a3f3f60ef5d2e2374b9-0"}
{"id":2974182,"type":"buy","buyer":"technocrypton","seller":"pi-trader","symbol":"SIM","quantity":"11908.000","price":"0.00048993","timestamp":1647285927,"volume":"5.83408644","buyTxId":"4404cabc91e7bd6d5a4bb935fab2b85a07b97966","sellTxId":"5e0c83a947e1ea736c2a449dcc2e5e1255f77d33-2"}
{"id":2974242,"type":"buy","buyer":"technocrypton","seller":"pi-trader","symbol":"SIM","quantity":"13500.000","price":"0.00048993","timestamp":1647286581,"volume":"6.61405500","buyTxId":"c614442156ce4dcf5c503adb702f2f1124b36b96","sellTxId":"e14f109d5ef1500922c5e0656c521f1af0124768-3"}
{"id":2974314,"type":"sell","buyer":"pi-trader","seller":"bosmob","symbol":"SIM","quantity":"9971.306","price":"0.00046003","timestamp":1647287397,"volume":"4.58709990","buyTxId":"eebf727135a13c335a810c98003c1cc36359c59e-3","sellTxId":"65005db101eeab39da0dace8278793cf28f69207"}
{"id":2974465,"type":"sell","buyer":"pi-trader","seller":"brofi-market","symbol":"SIM","quantity":"0.001","price":"0.00046003","timestamp":1647288726,"volume":"0.00000046","buyTxId":"4f2e3b3e6455a95921b065f7d21104ec4b47caed-3","sellTxId":"84bf7df2563cb31c507fb2494cac424aca8fb483"}
{"id":2974566,"type":"buy","buyer":"maryjane.main","seller":"nftmart.fees","symbol":"SIM","quantity":"144.000","price":"0.00048837","timestamp":1647289617,"volume":"0.07032528","buyTxId":"84e34b8a607f707c5611494ea987349726368da6","sellTxId":"897d68a88aec76c42df253fe131bd861c2d4922a-0"}
{"id":2974567,"type":"buy","buyer":"maryjane.main","seller":"jelly-cz","symbol":"SIM","quantity":"419.032","price":"0.00048838","timestamp":1647289617,"volume":"0.20464685","buyTxId":"84e34b8a607f707c5611494ea987349726368da6","sellTxId":"MM-P-15636205-62624336-3-31-0"}
{"id":2974568,"type":"buy","buyer":"maryjane.main","seller":"brofi-market","symbol":"SIM","quantity":"0.001","price":"0.00048838","timestamp":1647289617,"volume":"0.00000049","buyTxId":"84e34b8a607f707c5611494ea987349726368da6","sellTxId":"9e8e1e74053f8104d457dc7dab6e0ae49f7c72d4"}
{"id":2974569,"type":"buy","buyer":"maryjane.main","seller":"atomcollector","symbol":"SIM","quantity":"3325.690","price":"0.00048994","timestamp":1647289617,"volume":"1.62938856","buyTxId":"84e34b8a607f707c5611494ea987349726368da6","sellTxId":"cc5d4a8214c3be901592f475caf237b0342a8388"}
{"id":2974570,"type":"buy","buyer":"maryjane.main","seller":"desyfit","symbol":"SIM","quantity":"16111.277","price":"0.00048997","timestamp":1647289617,"volume":"7.89404239","buyTxId":"84e34b8a607f707c5611494ea987349726368da6","sellTxId":"62187a6bfc0f8961ca633b45e3f49c3d6bd2e961"}
{"id":2974572,"type":"sell","buyer":"pi-trader","seller":"otherbrandt","symbol":"SIM","quantity":"126711.000","price":"0.00046003","timestamp":1647289656,"volume":"58.29086133","buyTxId":"63476d363a6bfb4ee51c7065025d798b309aec30-1","sellTxId":"9885e0d9b9f56e08a44ecd8c213d0abeef377074"}
{"id":2974768,"type":"sell","buyer":"pi-trader","seller":"rarej","symbol":"SIM","quantity":"2157.004","price":"0.00046003","timestamp":1647291717,"volume":"0.99228655","buyTxId":"d3ea90ac2c460ddcf044e0d41bf8556ea26e047e-3","sellTxId":"37c91041f14d2afd4833d8387f8ae547fa8e178f"}
{"id":2974773,"type":"sell","buyer":"pi-trader","seller":"jrcornel","symbol":"SIM","quantity":"11148.000","price":"0.00046003","timestamp":1647291765,"volume":"5.12841444","buyTxId":"acf1f547c0c66f29ce91cf92c3aa4d2d712428cb-3","sellTxId":"3077c4f16a83f67cd5a6a57a6cbdb125ffbf650d"}
{"id":2974796,"type":"sell","buyer":"pi-trader","seller":"thisisawesome","symbol":"SIM","quantity":"2.783","price":"0.00046003","timestamp":1647291975,"volume":"0.00128026","buyTxId":"70f6549c0f108d346874f2523b61d3dc6be1b133-5","sellTxId":"3c0bf5390421540ca947248adedc679a3072b0f4"}
{"id":2974901,"type":"sell","buyer":"pi-trader","seller":"thahodler","symbol":"SIM","quantity":"1193.136","price":"0.00046003","timestamp":1647293025,"volume":"0.54887835","buyTxId":"455b355f674e05e45c33a76a0d5db485d337f778-1","sellTxId":"67fee4d25cf896adbd42528c199c20b982e442df"}
{"id":2974907,"type":"sell","buyer":"pi-trader","seller":"bitcoinflood","symbol":"SIM","quantity":"832.799","price":"0.00046003","timestamp":1647293058,"volume":"0.38311252","buyTxId":"d74972aada8b01420ec22c7308bbd58ea8353e36-5","sellTxId":"585b9ce9dbfe1d2981312f2a79813827858f6d28"}
{"id":2975076,"type":"sell","buyer":"pi-trader","seller":"nrg","symbol":"SIM","quantity":"1465.000","price":"0.00046003","timestamp":1647294636,"volume":"0.67394395","buyTxId":"cc8a4e535168bacc7c9bc555f6d3e19fba371551-3","sellTxId":"a83ce8567e734d7f0aef10a4b6652e11965c60bc-2"}
{"id":2975170,"type":"sell","buyer":"pi-trader","seller":"he-index","symbol":"SIM","quantity":"35.683","price":"0.00046003","timestamp":1647295278,"volume":"0.01641525","buyTxId":"2b9fd4a33604908b70b2e11b8e4d8e1e68f67d85-10","sellTxId":"882b6f43dc8f1ea7115d397399e210425d7769d0"}
{"id":2975270,"type":"buy","buyer":"gsauce1989","seller":"pi-trader","symbol":"SIM","quantity":"5000.000","price":"0.00048199","timestamp":1647296244,"volume":"2.40995000","buyTxId":"68e6a87e93a84739f9123800d26af6607c10e18a","sellTxId":"5b738ef49b13a92ffa05af3878fa0bfd10573a6a-3"}
{"id":2975325,"type":"sell","buyer":"pi-trader","seller":"aleister","symbol":"SIM","quantity":"7145.950","price":"0.00047001","timestamp":1647296973,"volume":"3.35866796","buyTxId":"b0fd759114bdfc0e656c78ec82a4b7961b2824fa-1","sellTxId":"85969050ce510c16d3005912c2542fdc13746a08"}
{"id":2975464,"type":"buy","buyer":"gsauce1989","seller":"nftmart.fees","symbol":"SIM","quantity":"139.000","price":"0.00048197","timestamp":1647299106,"volume":"0.06699383","buyTxId":"14266677aef825eb5f9dda95686b2f1d28e32f1a","sellTxId":"e824df3c33a8f610ba8b952b2b0498694fac2d07-0"}
{"id":2975465,"type":"buy","buyer":"gsauce1989","seller":"pi-trader","symbol":"SIM","quantity":"9861.000","price":"0.00048199","timestamp":1647299106,"volume":"4.75290339","buyTxId":"14266677aef825eb5f9dda95686b2f1d28e32f1a","sellTxId":"d27e0794d0e863d309042689d3b07eaaa2abc694-4"}
{"id":2975623,"type":"sell","buyer":"pi-trader","seller":"forsakensushi","symbol":"SIM","quantity":"17970.985","price":"0.00046003","timestamp":1647300957,"volume":"8.26719223","buyTxId":"5d334f8118502d186b779ed3c09bb6184f494929-1","sellTxId":"00d08cc97ec0becf9a11ebe49f94004f5c222602"}
{"id":2975804,"type":"sell","buyer":"pi-trader","seller":"brofi-market","symbol":"SIM","quantity":"0.002","price":"0.00046003","timestamp":1647303231,"volume":"0.00000092","buyTxId":"7a85e2df43787374f3439f8ffc39c2d63bc8b529-3","sellTxId":"2ce7ccb343b6c333b298f52dc79f25d04e24cf6c"}
{"id":2976146,"type":"buy","buyer":"onestrong","seller":"pi-trader","symbol":"SIM","quantity":"224.000","price":"0.00048190","timestamp":1647307995,"volume":"0.10794560","buyTxId":"042c0d8a183f379536e885706ce5f7969f0d4f56","sellTxId":"b51ecb6eb46ae81b2005d0bdc5992c38ef04607a"}
{"id":2976148,"type":"buy","buyer":"onestrong","seller":"pi-trader","symbol":"SIM","quantity":"11500.000","price":"0.00048190","timestamp":1647308052,"volume":"5.54185000","buyTxId":"3b336b343dc0e3359997bd0950b83e03f522c8bd","sellTxId":"bfa3479b5dff39c8b53ea89727f3d88496bed141-0"}
{"id":2976571,"type":"sell","buyer":"pi-trader","seller":"theguruasia","symbol":"SIM","quantity":"727.335","price":"0.00046003","timestamp":1647314091,"volume":"0.33459592","buyTxId":"d90cf99013a67dd059c04467e1a1bbfe0feaac43-1","sellTxId":"8cb7cf7fb10b62a7e40d024676e5f0f1764b0c7e"}
{"id":2976667,"type":"sell","buyer":"pi-trader","seller":"bearbear613","symbol":"SIM","quantity":"882.914","price":"0.00046003","timestamp":1647315369,"volume":"0.40616693","buyTxId":"6a51d8774846effc16d045612aa57aab72325597-3","sellTxId":"a36616c199c956769176a4fa8611ecf955e31f44"}