{"jsonrpc":"2.0","id":1,"result":[{"_id":5490154,"type":"sell","buyer":"mcbot","seller":"elevator09","symbol":"SIM","quantity":"2181.851","price":"0.00034748","timestamp":1676436870,"volume":"0.75814959","buyTxId":"1eb3e5c347eecf623d5126f3b5399f76afb3af05-1","sellTxId":"a958ac96a4aac62693936e70a246bc9e54b5a1b5"},{"_id":5490411,"type":"buy","buyer":"mcxii","seller":"nftmart.fees","symbol":"SIM","quantity":"7.000","price":"0.00036842","timestamp":1676440140,"volume":"0.00257894","buyTxId":"23dea6e2e8b3fb58473f8eba7ca5865c9ebbc746","sellTxId":"eeebbd86a037ac1b7e90eed0359b2026d4895148-0"},{"_id":5490412,"type":"buy","buyer":"mcxii","seller":"master-lamps","symbol":"SIM","quantity":"8.001","price":"0.00036843","timestamp":1676440140,"volume":"0.00294781","buyTxId":"23dea6e2e8b3fb58473f8eba7ca5865c9ebbc746","sellTxId":"591899d45f06028ee490330356fbad24f430886a"},{"_id":5490413,"type":"buy","buyer":"mcxii","seller":"jelly-cz","symbol":"SIM","quantity":"11984.999","price":"0.00036844","timestamp":1676440140,"volume":"4.41575303","buyTxId":"23dea6e2e8b3fb58473f8eba7ca5865c9ebbc746","sellTxId":"MM-P-25307329-72305462-3-28-0"},{"_id":5490463,"type":"buy","buyer":"mcxii","seller":"nftmart.fees","symbol":"SIM","quantity":"6.000","price":"0.00036843","timestamp":1676441208,"volume":"0.00221058","buyTxId":"f6942c4197ead84b87343f0e2bd0ea3538ac6543","sellTxId":"14855dea31088fa105f920f1dbb5c7ea3892d65d-0"},{"_id":5490464,"type":"buy","buyer":"mcxii","seller":"jelly-cz","symbol":"SIM","quantity":"5994.000","price":"0.00036844","timestamp":1676441208,"volume":"2.20842936","buyTxId":"f6942c4197ead84b87343f0e2bd0ea3538ac6543","sellTxId":"MM-P-25307329-72305462-3-28-0"},{"_id":5490514,"type":"buy","buyer":"mcxii","seller":"jelly-cz","symbol":"SIM","quantity":"6737.128","price":"0.00036844","timestamp":1676442195,"volume":"2.48222744","buyTxId":"97d583441893639fc6cdf8069fd015fe672d920d","sellTxId":"MM-P-25307329-72305462-3-28-0"},{"_id":5490524,"type":"buy","buyer":"mcxii","seller":"god0","symbol":"SIM","quantity":"6713.565","price":"0.00036834","timestamp":1676442306,"volume":"2.47287453","buyTxId":"b5ad77471c2bcce68cdf3cfe9266182129b61ec0","sellTxId":"16e9e5c1f42f7c90d205448b8c68a27a7f79e134-1"},{"_id":5490612,"type":"sell","buyer":"mcbot","seller":"marfonso","symbol":"SIM","quantity":"1862.000","price":"0.00034748","timestamp":1676443455,"volume":"0.64700776","buyTxId":"a5d61f2917c878827f030bd073351629e8e5bef5-1","sellTxId":"dfc6a8d0a644895aa6efe101e281137f39e4c077"},{"_id":5490647,"type":"sell","buyer":"mcbot","seller":"myothuzar005","symbol":"SIM","quantity":"2982.000","price":"0.00034759","timestamp":1676443827,"volume":"1.03651338","buyTxId":"c8c18b886f1e406397a67d9148e1c43d8e7f766a-1","sellTxId":"9eec61e1e5b491ae9c20b3a513650f36a4c4dcc2"},{"_id":5490685,"type":"buy","buyer":"assassyn","seller":"all.coin.hive","symbol":"SIM","quantity":"1500.000","price":"0.00036403","timestamp":1676444406,"volume":"0.54604500","buyTxId":"a2e6a93c78b69fdb373cd8bb60943ea5740e34df","sellTxId":"8dc6c3c75b4b9f76441d5be4d3fb237b05161d7f-6"},{"_id":5490807,"type":"buy","buyer":"konvik","seller":"jelly-cz","symbol":"SIM","quantity":"198339.000","price":"0.00035200","timestamp":1676446521,"volume":"69.81532800","buyTxId":"fb865808247ae25def9a86fbad5347249f19d537-0","sellTxId":"MM-P-25326105-72324241-3-28-0"},{"_id":5491285,"type":"buy","buyer":"konvik","seller":"jelly-cz","symbol":"SIM","quantity":"101665.413","price":"0.00035200","timestamp":1676453121,"volume":"35.78622538","buyTxId":"138a95016a2cf1c665fdb92caa701260fe85308f-0","sellTxId":"MM-P-25328303-72326439-3-28-0"},{"_id":5491869,"type":"sell","buyer":"mcbot","seller":"steven-patrick","symbol":"SIM","quantity":"47.000","price":"0.00034748","timestamp":1676461677,"volume":"0.01633156","buyTxId":"3d089ea9ff4b68f2177f5d57e62dcf75a8ea2a4e-1","sellTxId":"223f0b5c60e7bed517fd23887af37f23ef073a64"},{"_id":5492436,"type":"sell","buyer":"mcbot","seller":"joheredia21","symbol":"SIM","quantity":"20000.000","price":"0.00034748","timestamp":1676469861,"volume":"6.94960000","buyTxId":"367c0a4dce53bb3d604f0c303fcc0cc1b60edd31-1","sellTxId":"91529fb54e48c2df219234b6fc7dcd84c551c67a"},{"_id":5492437,"type":"sell","buyer":"master-lamps","seller":"joheredia21","symbol":"SIM","quantity":"6502.492","price":"0.00034748","timestamp":1676469861,"volume":"2.25948592","buyTxId":"077e482a8573309e7363d9f61f097295f95a0a27","sellTxId":"91529fb54e48c2df219234b6fc7dcd84c551c67a"},{"_id":5492438,"type":"sell","buyer":"master-lamps","seller":"joheredia21","symbol":"SIM","quantity":"2867.343","price":"0.00034747","timestamp":1676469861,"volume":"0.99631567","buyTxId":"4dbfa09540cfb49d4e8679a8acccf1d927e0d9c9","sellTxId":"91529fb54e48c2df219234b6fc7dcd84c551c67a"},{"_id":5492439,"type":"sell","buyer":"master-lamps","seller":"joheredia21","symbol":"SIM","quantity":"3923.009","price":"0.00034745","timestamp":1676469861,"volume":"1.36304948","buyTxId":"b6f978dfa0921dabd6641007768e7c973c6c0e04","sellTxId":"91529fb54e48c2df219234b6fc7dcd84c551c67a"},{"_id":5492440,"type":"sell","buyer":"master-lamps","seller":"joheredia21","symbol":"SIM","quantity":"723.156","price":"0.00034725","timestamp":1676469861,"volume":"0.25111592","buyTxId":"d2bca5cdf3cf4ae4c5a0b44bcc8874475be05fff","sellTxId":"91529fb54e48c2df219234b6fc7dcd84c551c67a"},{"_id":5492929,"type":"buy","buyer":"dswap","seller":"nftmart.fees","symbol":"SIM","quantity":"5.000","price":"0.00036393","timestamp":1676476104,"volume":"0.00181965","buyTxId":"f609efb628eaf3726baac3739df76fd62feabf57","sellTxId":"d0c6de7aa2686f8674c31ff7237c8936a6bc88bf-0"},{"_id":5492930,"type":"buy","buyer":"dswap","seller":"master-lamps","symbol":"SIM","quantity":"2742.705","price":"0.00036394","timestamp":1676476104,"volume":"0.99818035","buyTxId":"f609efb628eaf3726baac3739df76fd62feabf57","sellTxId":"8106d600c203d1a07185fd1a046ddf3a54e46a0c"},{"_id":5493118,"type":"sell","buyer":"mcbot","seller":"renovatio","symbol":"SIM","quantity":"20000.000","price":"0.00034726","timestamp":1676478090,"volume":"6.94520000","buyTxId":"886ba47affcb36096b7d8f602b2f2277d48a6c14-1","sellTxId":"5842ccb2bfe563dcb877e8a073cedbbb5ea57858"},{"_id":5493744,"type":"sell","buyer":"mcbot","seller":"loganhate","symbol":"SIM","quantity":"11.000","price":"0.00034726","timestamp":1676483847,"volume":"0.00381986","buyTxId":"922ec811a0d02048ac5c376ec4ec672bb5ba4fae-1","sellTxId":"8253023cc2887746a9041d8facf3dbf807210cc3"},{"_id":5493962,"type":"sell","buyer":"mcbot","seller":"archon-drips","symbol":"SIM","quantity":"11.589","price":"0.00034791","timestamp":1676485524,"volume":"0.00403193","buyTxId":"d2f770ef4a123c530d97aa951ab5034dd4890e2f-1","sellTxId":"932e952218b35df2e01bef6bb4b1e25cd873c8b2"},{"_id":5494098,"type":"buy","buyer":"feltoxxx","seller":"rcshad0w","symbol":"SIM","quantity":"0.001","price":"0.00035000","timestamp":1676486874,"volume":"0.00000035","buyTxId":"76ebd64d2393076538e0b486a95e7223b19470b7","sellTxId":"12dadd678f4bd939e0cebdf6081319a679e270fd"},{"_id":5494408,"type":"buy","buyer":"dragokazo","seller":"nftmart.fees","symbol":"SIM","quantity":"4.000","price":"0.00035609","timestamp":1676490150,"volume":"0.00142436","buyTxId":"4e2e91ad90cbecd7bb399185db10ffff6aee2c70","sellTxId":"9854b61794e50fb85aecbd1f268af90339d17878-0"},{"_id":5494409,"type":"buy","buyer":"dragokazo","seller":"maryjane.main","symbol":"SIM","quantity":"23248.760","price":"0.00035610","timestamp":1676490150,"volume":"8.27888344","buyTxId":"4e2e91ad90cbecd7bb399185db10ffff6aee2c70","sellTxId":"71562f3b6bd623b10b5f066c8c732429e246ccba"},{"_id":5494410,"type":"buy","buyer":"dragokazo","seller":"archon-drips","symbol":"SIM","quantity":"11.589","price":"0.00036393","timestamp":1676490150,"volume":"0.00421758","buyTxId":"4e2e91ad90cbecd7bb399185db10ffff6aee2c70","sellTxId":"66185085c2e1f624e650c987fbebb0e43cb0cfdc"},{"_id":5494411,"type":"buy","buyer":"dragokazo","seller":"master-lamps","symbol":"SIM","quantity":"4616.744","price":"0.00036394","timestamp":1676490150,"volume":"1.68021781","buyTxId":"4e2e91ad90cbecd7bb399185db10ffff6aee2c70","sellTxId":"8106d600c203d1a07185fd1a046ddf3a54e46a0c"},{"_id":5494577,"type":"sell","buyer":"desro","seller":"loganhate","symbol":"SIM","quantity":"11.000","price":"0.00035000","timestamp":1676492394,"volume":"0.00385000","buyTxId":"44827723e5b0ddc172055e447656438cc1d7b237","sellTxId":"dd976d2bf3cd1358f2f7adca0570253752a312f2"},{"_id":5494598,"type":"buy","buyer":"desro","seller":"nftmart.fees","symbol":"SIM","quantity":"4.000","price":"0.00036393","timestamp":1676492553,"volume":"0.00145572","buyTxId":"4cc2e8875f4e2e2a7af88b6a89252af775e33bc7","sellTxId":"5f9a4773ca6c392afb7a76d1b0bb16f7e8b396ea-0"},{"_id":5494599,"type":"buy","buyer":"desro","seller":"master-lamps","symbol":"SIM","quantity":"5844.276","price":"0.00036394","timestamp":1676492553,"volume":"2.12696581","buyTxId":"4cc2e8875f4e2e2a7af88b6a89252af775e33bc7","sellTxId":"8106d600c203d1a07185fd1a046ddf3a54e46a0c"},{"_id":5494772,"type":"sell","buyer":"mcbot","seller":"hivecurious","symbol":"SIM","quantity":"0.267","price":"0.00034726","timestamp":1676494416,"volume":"0.00009272","buyTxId":"224ee2d5340f7d130ccdebad4736d89586e0e7bd","sellTxId":"d7b23025d4720596a8b492a1bc761a30b40921f5"},{"_id":5494919,"type":"sell","buyer":"mcbot","seller":"rishi556","symbol":"SIM","quantity":"9.231","price":"0.00034726","timestamp":1676496510,"volume":"0.00320556","buyTxId":"e3c8e6f82cd40cd56fddb1c9445b84e8ce808916-1","sellTxId":"0778c205b98876f4deb658b0c6a9858a3e15ccdd"},{"_id":5495317,"type":"buy","buyer":"ana-maria","seller":"nftmart.fees","symbol":"SIM","quantity":"3.000","price":"0.00036393","timestamp":1676499174,"volume":"0.00109179","buyTxId":"735baaecdeb51c91abf63566b0852a1507311c21","sellTxId":"267a5b5225d9ccf9ba19566cb17c40c78cb44a77-0"},{"_id":5495318,"type":"buy","buyer":"ana-maria","seller":"master-lamps","symbol":"SIM","quantity":"1084.449","price":"0.00036394","timestamp":1676499174,"volume":"0.39467437","buyTxId":"735baaecdeb51c91abf63566b0852a1507311c21","sellTxId":"8106d600c203d1a07185fd1a046ddf3a54e46a0c"},{"_id":5495319,"type":"buy","buyer":"ana-maria","seller":"all.coin.hive","symbol":"SIM","quantity":"4912.551","price":"0.00036395","timestamp":1676499174,"volume":"1.78792294","buyTxId":"735baaecdeb51c91abf63566b0852a1507311c21","sellTxId":"e3c3ba359ce78ba2ce5abb1229d8bb7772c0f55a-2"},{"_id":5495522,"type":"buy","buyer":"bokica80","seller":"nftmart.fees","symbol":"SIM","quantity":"3.000","price":"0.00036384","timestamp":1676500884,"volume":"0.00109152","buyTxId":"a672f212dec1ce30d34d340cf9c55ea1d4f32ad0","sellTxId":"013f3517c430605d7a1ba8c9edca200d06f0240a-0"},{"_id":5495523,"type":"buy","buyer":"bokica80","seller":"all.coin.hive","symbol":"SIM","quantity":"97.000","price":"0.00036395","timestamp":1676500884,"volume":"0.03530315","buyTxId":"a672f212dec1ce30d34d340cf9c55ea1d4f32ad0","sellTxId":"e3c3ba359ce78ba2ce5abb1229d8bb7772c0f55a-2"},{"_id":5495527,"type":"buy","buyer":"bokica80","seller":"all.coin.hive","symbol":"SIM","quantity":"4075.769","price":"0.00036395","timestamp":1676500989,"volume":"1.48337613","buyTxId":"82a3bafeec14f945bec210a5d409aef644157d56","sellTxId":"e3c3ba359ce78ba2ce5abb1229d8bb7772c0f55a-2"},{"_id":5495756,"type":"sell","buyer":"mcbot","seller":"nftmart.fees","symbol":"SIM","quantity":"20.000","price":"0.00034726","timestamp":1676503914,"volume":"0.00694520","buyTxId":"a6aa9928255550223ec20e5d28e15abd6e4889ba-1","sellTxId":"d93b309371fd447815686757561c8aafcb7a8b29"},{"_id":5495780,"type":"sell","buyer":"mcbot","seller":"themarkymark","symbol":"SIM","quantity":"34.618","price":"0.00034727","timestamp":1676504178,"volume":"0.01202179","buyTxId":"38a1c5785e7fe6bc52b8e6b856112f94f37aafb5-1","sellTxId":"abc3b49a0e6084a75099a8462c199b76d39e3312"},{"_id":5496015,"type":"sell","buyer":"mcbot","seller":"nftmart.fees","symbol":"SIM","quantity":"2.000","price":"0.00034727","timestamp":1676508651,"volume":"0.00069454","buyTxId":"da9a0a4c7d7f1e5da2fb73ce64dc9d124c63ebf9-1","sellTxId":"16d89738277a9a2a2c082fec74650caae0a69028"},{"_id":5496128,"type":"buy","buyer":"desro","seller":"all.coin.hive","symbol":"SIM","quantity":"1978.107","price":"0.00035994","timestamp":1676510280,"volume":"0.71199983","buyTxId":"5d7b796e56a475268a09ca14e57c765cdcec4a0e","sellTxId":"6191a0fa5d60484f324b53918c374ceb94443161-4"},{"_id":5496514,"type":"sell","buyer":"mcbot","seller":"bitcoinflood","symbol":"SIM","quantity":"515.025","price":"0.00034727","timestamp":1676516022,"volume":"0.17885273","buyTxId":"48da60bd24614e49fad652fd8ce19b8d77f7844f-1","sellTxId":"efacdf4b5eb8a3447db673b31db68590d094e449"}]}