{"index": {"_index":"sim","_id":"2311853"}}
	{"id":2311853,"type":"sell","buyer":"jelly-cz","seller":"lifeskills-tv","symbol":"SIM","quantity":"1143.615","price":"0.00062520","timestamp":1639799661,"volume":"0.71498810","buyTxId":"MM-P-13143284-60130203-3-29-0","sellTxId":"59bb428d17b078bb1b62f162e0c8411fa6dd85ee"}
{"index": {"_index":"sim","_id":"2311932"}}
	{"id":2311932,"type":"sell","buyer":"jelly-cz","seller":"brofi-market","symbol":"SIM","quantity":"0.001","price":"0.00062520","timestamp":1639800603,"volume":"0.00000063","buyTxId":"MM-P-13143284-60130203-3-29-0","sellTxId":"4236db8801cf67cebb35e322cf65b38372170c69"}
{"index": {"_index":"sim","_id":"2312140"}}
	{"id":2312140,"type":"sell","buyer":"jelly-cz","seller":"he-index","symbol":"SIM","quantity":"36.304","price":"0.00062520","timestamp":1639803669,"volume":"0.02269726","buyTxId":"MM-P-13143284-60130203-3-29-0","sellTxId":"16b75b274de69123b8a740ee32f783dbbdcb07ff"}
{"index": {"_index":"sim","_id":"2312156"}}
	{"id":2312156,"type":"buy","buyer":"evernoticethat","seller":"pi-trader","symbol":"SIM","quantity":"50000.000","price":"0.00064899","timestamp":1639803813,"volume":"32.44950000","buyTxId":"2fed96b65e6e080662d5eb0f5710e4728b2b866f","sellTxId":"0f54a4b6666324eaea5e7b9f72162e920423796f-2"}
{"index": {"_index":"sim","_id":"2312157"}}
	{"id":2312157,"type":"buy","buyer":"evernoticethat","seller":"brofi-market","symbol":"SIM","quantity":"0.001","price":"0.00064899","timestamp":1639803813,"volume":"0.00000065","buyTxId":"2fed96b65e6e080662d5eb0f5710e4728b2b866f","sellTxId":"3f06e688fb75de53fd1421b6071d665549dbb125"}
{"index": {"_index":"sim","_id":"2312158"}}
	{"id":2312158,"type":"buy","buyer":"evernoticethat","seller":"sbi-tokens","symbol":"SIM","quantity":"19226.999","price":"0.00064900","timestamp":1639803813,"volume":"12.47832235","buyTxId":"2fed96b65e6e080662d5eb0f5710e4728b2b866f","sellTxId":"f0005c124ac7f7db0a7b19b79727f7d53d2e0800"}
{"index": {"_index":"sim","_id":"2312210"}}
	{"id":2312210,"type":"sell","buyer":"jelly-cz","seller":"ericburgoyne","symbol":"SIM","quantity":"42.869","price":"0.00062520","timestamp":1639804815,"volume":"0.02680170","buyTxId":"MM-P-13143284-60130203-3-29-0","sellTxId":"86cf8c5ac7e9bc4302db1f017b488c235b658269"}
{"index": {"_index":"sim","_id":"2313252"}}
	{"id":2313252,"type":"sell","buyer":"mmrx","seller":"dswap","symbol":"SIM","quantity":"0.670","price":"0.00062521","timestamp":1639815753,"volume":"0.00041889","buyTxId":"MM-P-13150564-60137488-3-36-0","sellTxId":"a02fbeec4b565c494090e636666d992b59d1b581"}
{"index": {"_index":"sim","_id":"2313447"}}
	{"id":2313447,"type":"sell","buyer":"mmrx","seller":"daigorokoike","symbol":"SIM","quantity":"13000.000","price":"0.00062521","timestamp":1639817121,"volume":"8.12773000","buyTxId":"MM-P-13150564-60137488-3-36-0","sellTxId":"1bd327b3d642c761df52bb21212e036f7ab4e306"}
{"index": {"_index":"sim","_id":"2313452"}}
	{"id":2313452,"type":"sell","buyer":"mmrx","seller":"anosys","symbol":"SIM","quantity":"23.016","price":"0.00062521","timestamp":1639817184,"volume":"0.01438983","buyTxId":"MM-P-13150564-60137488-3-36-0","sellTxId":"ae568a11bb9727119b63d88f7db708b69396d944"}
{"index": {"_index":"sim","_id":"2313803"}}
	{"id":2313803,"type":"buy","buyer":"stickupmusic","seller":"mmrx","symbol":"SIM","quantity":"1950.000","price":"0.00062999","timestamp":1639820643,"volume":"1.22848050","buyTxId":"73582e929b416e87e55e786b7cd7aa3041fe805b","sellTxId":"MM-P-13153453-60140378-3-36-0"}
{"index": {"_index":"sim","_id":"2313819"}}
	{"id":2313819,"type":"sell","buyer":"mmrx","seller":"razam","symbol":"SIM","quantity":"3.000","price":"0.00062521","timestamp":1639820838,"volume":"0.00187563","buyTxId":"MM-P-13150564-60137488-3-36-0","sellTxId":"9bd7209244ac24b336e0f96f0080c627e9a19a36"}
{"index": {"_index":"sim","_id":"2313839"}}
	{"id":2313839,"type":"sell","buyer":"mmrx","seller":"kobusu","symbol":"SIM","quantity":"408.737","price":"0.00062521","timestamp":1639820982,"volume":"0.25554646","buyTxId":"MM-P-13150564-60137488-3-36-0","sellTxId":"8ea9d4b2529b72b974590c3820af78367bbe28d6"}
{"index": {"_index":"sim","_id":"2313840"}}
	{"id":2313840,"type":"sell","buyer":"jelly-cz","seller":"kobusu","symbol":"SIM","quantity":"11591.263","price":"0.00062520","timestamp":1639820982,"volume":"7.24685763","buyTxId":"MM-P-13143284-60130203-3-29-0","sellTxId":"8ea9d4b2529b72b974590c3820af78367bbe28d6"}
{"index": {"_index":"sim","_id":"2314076"}}
	{"id":2314076,"type":"sell","buyer":"jelly-cz","seller":"mary-me","symbol":"SIM","quantity":"2668.744","price":"0.00062520","timestamp":1639822956,"volume":"1.66849875","buyTxId":"MM-P-13143284-60130203-3-29-0","sellTxId":"018b9100d3d0d0264b170e6e031cc0ec443f7f3a"}
{"index": {"_index":"sim","_id":"2314154"}}
	{"id":2314154,"type":"sell","buyer":"jelly-cz","seller":"chesatochi","symbol":"SIM","quantity":"14.030","price":"0.00062520","timestamp":1639823856,"volume":"0.00877156","buyTxId":"MM-P-13143284-60130203-3-29-0","sellTxId":"2139dae6b2fbf2aa1405cc5c18eb3d4764612df9"}
{"index": {"_index":"sim","_id":"2314163"}}
	{"id":2314163,"type":"sell","buyer":"jelly-cz","seller":"piotr42","symbol":"SIM","quantity":"504.000","price":"0.00062520","timestamp":1639823925,"volume":"0.31510080","buyTxId":"MM-P-13143284-60130203-3-29-0","sellTxId":"e7d84fc0f879a8ac2249a1829c45e0b3218d340b"}
{"index": {"_index":"sim","_id":"2314524"}}
	{"id":2314524,"type":"buy","buyer":"stickupmusic","seller":"mmrx","symbol":"SIM","quantity":"11050.000","price":"0.00062999","timestamp":1639827582,"volume":"6.96138950","buyTxId":"84d2e5815a08942029c7b4938a658d9cb00fad57","sellTxId":"MM-P-13153453-60140378-3-36-0"}
{"index": {"_index":"sim","_id":"2314532"}}
	{"id":2314532,"type":"buy","buyer":"stickupmusic","seller":"mmrx","symbol":"SIM","quantity":"0.670","price":"0.00062999","timestamp":1639827639,"volume":"0.00042209","buyTxId":"22ed927e42ff5d5c7c20431f8c55b40aff3cfcff","sellTxId":"MM-P-13153453-60140378-3-36-0"}
{"index": {"_index":"sim","_id":"2314533"}}
	{"id":2314533,"type":"buy","buyer":"stickupmusic","seller":"pi-trader","symbol":"SIM","quantity":"18899.330","price":"0.00064899","timestamp":1639827639,"volume":"12.26547618","buyTxId":"22ed927e42ff5d5c7c20431f8c55b40aff3cfcff","sellTxId":"75b751ad02a6b06d1a4283be803a5a9b07e4a4a8"}
{"index": {"_index":"sim","_id":"2314701"}}
	{"id":2314701,"type":"sell","buyer":"jelly-cz","seller":"brofi-market","symbol":"SIM","quantity":"0.005","price":"0.00062520","timestamp":1639829430,"volume":"0.00000313","buyTxId":"MM-P-13143284-60130203-3-29-0","sellTxId":"93d81340c1743e15ce9f3c04214233ce6b9dfb3a"}
{"index": {"_index":"sim","_id":"2314806"}}
	{"id":2314806,"type":"buy","buyer":"bambukah","seller":"pi-trader","symbol":"SIM","quantity":"2000.000","price":"0.00064883","timestamp":1639830303,"volume":"1.29766000","buyTxId":"18a58e023d15788e29e815a0c49db5cdacec3d5e","sellTxId":"99a480219f09c41eef54c7cf625b375a6de07617-3"}
{"index": {"_index":"sim","_id":"2315159"}}
	{"id":2315159,"type":"sell","buyer":"jelly-cz","seller":"tonytrillions","symbol":"SIM","quantity":"0.024","price":"0.00062520","timestamp":1639833534,"volume":"0.00001500","buyTxId":"MM-P-13143284-60130203-3-29-0","sellTxId":"37756faac7608545f0fee9171d42dd742d31e3e1"}
{"index": {"_index":"sim","_id":"2315240"}}
	{"id":2315240,"type":"sell","buyer":"jelly-cz","seller":"bigram13","symbol":"SIM","quantity":"84580.840","price":"0.00062520","timestamp":1639834062,"volume":"52.87994116","buyTxId":"MM-P-13143284-60130203-3-29-0","sellTxId":"6c0d21ae9a2c40b139d5ea1fed86bc541a6fc6f8"}
{"index": {"_index":"sim","_id":"2315241"}}
	{"id":2315241,"type":"sell","buyer":"jelly13","seller":"bigram13","symbol":"SIM","quantity":"15419.160","price":"0.00062000","timestamp":1639834062,"volume":"9.55987920","buyTxId":"680715d06f9a40a07a60a09885d56d55a5649c66","sellTxId":"6c0d21ae9a2c40b139d5ea1fed86bc541a6fc6f8"}
{"index": {"_index":"sim","_id":"2315321"}}
	{"id":2315321,"type":"buy","buyer":"lrekt01","seller":"mmrx","symbol":"SIM","quantity":"350.000","price":"0.00062999","timestamp":1639834695,"volume":"0.22049650","buyTxId":"335b8f5768fb20da962e064f3bcf6a45b445c5f4","sellTxId":"MM-P-13159141-60146066-3-36-0"}
{"index": {"_index":"sim","_id":"2315912"}}
	{"id":2315912,"type":"sell","buyer":"jelly-cz","seller":"egistar","symbol":"SIM","quantity":"200","price":"0.00062260","timestamp":1639839417,"volume":"0.12452000","buyTxId":"MM-P-13160438-60147363-3-29-0","sellTxId":"15f90843e22d70023315814217b3367b71b968aa"}
{"index": {"_index":"sim","_id":"2316036"}}
	{"id":2316036,"type":"sell","buyer":"jelly-cz","seller":"heikki1337","symbol":"SIM","quantity":"3315.204","price":"0.00062260","timestamp":1639840482,"volume":"2.06404601","buyTxId":"MM-P-13160438-60147363-3-29-0","sellTxId":"3b4d05ab59047c01cb46b3076cee8483c073948c"}
{"index": {"_index":"sim","_id":"2316129"}}
	{"id":2316129,"type":"buy","buyer":"oahb132","seller":"mmrx","symbol":"SIM","quantity":"84.753","price":"0.00062999","timestamp":1639841082,"volume":"0.05339354","buyTxId":"990ad6e311cee4b4fab94f30511219393a2c4e19","sellTxId":"MM-P-13159141-60146066-3-36-0"}
{"index": {"_index":"sim","_id":"2316138"}}
	{"id":2316138,"type":"buy","buyer":"oahb132","seller":"rafelluz","symbol":"SIM","quantity":"4309.000","price":"0.00063000","timestamp":1639841157,"volume":"2.71467000","buyTxId":"a21217c46197950a04cfa8fded468970bb2ba9d7","sellTxId":"4fd8889f69c377271ad7e9d74cc7637425f1cce7"}
{"index": {"_index":"sim","_id":"2316195"}}
	{"id":2316195,"type":"sell","buyer":"jelly-cz","seller":"themightyvolcano","symbol":"SIM","quantity":"110242.000","price":"0.00062260","timestamp":1639841790,"volume":"68.63666920","buyTxId":"MM-P-13160438-60147363-3-29-0","sellTxId":"0592f018b9a9cfd0a9384b8bb0cc4bb5e0379d26"}
{"index": {"_index":"sim","_id":"2316421"}}
	{"id":2316421,"type":"sell","buyer":"jelly-cz","seller":"lisamgentile1961","symbol":"SIM","quantity":"36.716","price":"0.00062260","timestamp":1639843971,"volume":"0.02285938","buyTxId":"MM-P-13160438-60147363-3-29-0","sellTxId":"ef5d5df3fb404941ae33667d2e9c1e81c5269bbc"}
{"index": {"_index":"sim","_id":"2316457"}}
	{"id":2316457,"type":"sell","buyer":"jelly-cz","seller":"bosmob","symbol":"SIM","quantity":"9091.933","price":"0.00062260","timestamp":1639844271,"volume":"5.66063749","buyTxId":"MM-P-13160438-60147363-3-29-0","sellTxId":"36dcc4cbbc69eac0c5cb8c847a67fe8303335037"}
{"index": {"_index":"sim","_id":"2316528"}}
	{"id":2316528,"type":"sell","buyer":"jelly-cz","seller":"florian-glechner","symbol":"SIM","quantity":"40.000","price":"0.00062260","timestamp":1639844886,"volume":"0.02490400","buyTxId":"MM-P-13160438-60147363-3-29-0","sellTxId":"0555afae74161e8a7ece8f998cde2a68b51cb7c2"}
{"index": {"_index":"sim","_id":"2316645"}}
	{"id":2316645,"type":"sell","buyer":"jelly-cz","seller":"automaton","symbol":"SIM","quantity":"2355.226","price":"0.00062260","timestamp":1639845435,"volume":"1.46636371","buyTxId":"MM-P-13160438-60147363-3-29-0","sellTxId":"9496165bb9fa5c288c45029baba1ecca9344330a"}
{"index": {"_index":"sim","_id":"2316646"}}
	{"id":2316646,"type":"sell","buyer":"jelly13","seller":"automaton","symbol":"SIM","quantity":"744.774","price":"0.00062000","timestamp":1639845435,"volume":"0.46175988","buyTxId":"680715d06f9a40a07a60a09885d56d55a5649c66","sellTxId":"9496165bb9fa5c288c45029baba1ecca9344330a"}
{"index": {"_index":"sim","_id":"2316755"}}
	{"id":2316755,"type":"sell","buyer":"pi-trader","seller":"iamalivechalleng","symbol":"SIM","quantity":"2.831","price":"0.00062105","timestamp":1639845990,"volume":"0.00175819","buyTxId":"6c74ee1fe3261eb29cee78885db982dfcd44d88e-7","sellTxId":"652fc34d900a78384d850c1fe4f7665aef2a37ec"}
{"index": {"_index":"sim","_id":"2316993"}}
	{"id":2316993,"type":"buy","buyer":"theclasser1","seller":"rafelluz","symbol":"SIM","quantity":"1275.680","price":"0.00063000","timestamp":1639847949,"volume":"0.80367840","buyTxId":"3439cdea09778cedcd987989f8e91853e0c6b1ef","sellTxId":"4fd8889f69c377271ad7e9d74cc7637425f1cce7"}
{"index": {"_index":"sim","_id":"2317027"}}
	{"id":2317027,"type":"buy","buyer":"beyondhorizonmm","seller":"rafelluz","symbol":"SIM","quantity":"30.000","price":"0.00063000","timestamp":1639848120,"volume":"0.01890000","buyTxId":"70ba4b8649e9584f39c2181d61eefb07a5a84428","sellTxId":"4fd8889f69c377271ad7e9d74cc7637425f1cce7"}
{"index": {"_index":"sim","_id":"2317122"}}
	{"id":2317122,"type":"sell","buyer":"jelly-cz","seller":"frugal-fun","symbol":"SIM","quantity":"125385.802","price":"0.00062208","timestamp":1639848924,"volume":"77.99999971","buyTxId":"MM-P-13163229-60150156-3-29-0","sellTxId":"f36188fba5714ad7b4dab49b2007dee3d8314890"}
{"index": {"_index":"sim","_id":"2317126"}}
	{"id":2317126,"type":"sell","buyer":"jelly13","seller":"frugal-fun","symbol":"SIM","quantity":"22321.082","price":"0.00062000","timestamp":1639848951,"volume":"13.83907084","buyTxId":"680715d06f9a40a07a60a09885d56d55a5649c66","sellTxId":"d48ca2e65f353d8be257c4d5a4faffe250d083f2"}
{"index": {"_index":"sim","_id":"2317127"}}
	{"id":2317127,"type":"sell","buyer":"d-pend","seller":"frugal-fun","symbol":"SIM","quantity":"30000.000","price":"0.00062000","timestamp":1639848951,"volume":"18.60000000","buyTxId":"c91523f7c553e9b47d45bc635c1435d13935278b","sellTxId":"d48ca2e65f353d8be257c4d5a4faffe250d083f2"}
{"index": {"_index":"sim","_id":"2317128"}}
	{"id":2317128,"type":"sell","buyer":"wizzitywillican","seller":"frugal-fun","symbol":"SIM","quantity":"123683.000","price":"0.00062000","timestamp":1639848951,"volume":"76.68346000","buyTxId":"471f670d3c6b21c1c54c51e291e17e216c9c1403","sellTxId":"d48ca2e65f353d8be257c4d5a4faffe250d083f2"}
{"index": {"_index":"sim","_id":"2317137"}}
	{"id":2317137,"type":"sell","buyer":"pi-trader","seller":"frugal-fun","symbol":"SIM","quantity":"14151.404","price":"0.00061501","timestamp":1639849002,"volume":"8.70325497","buyTxId":"e23153a657dfa182d11e61fb4719727052483dbb-1","sellTxId":"34d7b1b0034c8177530221bb85c72ab42265801f"}
{"index": {"_index":"sim","_id":"2317297"}}
	{"id":2317297,"type":"buy","buyer":"dswap","seller":"rafelluz","symbol":"SIM","quantity":"260.208","price":"0.00063000","timestamp":1639850088,"volume":"0.16393109","buyTxId":"503d72de37703306ae8c0024da63a2b0023b1a1f","sellTxId":"4fd8889f69c377271ad7e9d74cc7637425f1cce7"}
{"index": {"_index":"sim","_id":"2317308"}}
	{"id":2317308,"type":"buy","buyer":"dswap","seller":"rafelluz","symbol":"SIM","quantity":"35.793","price":"0.00063000","timestamp":1639850127,"volume":"0.02255000","buyTxId":"3d49edd43a10862266b4cf87018635697cccf4ad","sellTxId":"4fd8889f69c377271ad7e9d74cc7637425f1cce7"}
{"index": {"_index":"sim","_id":"2317310"}}
	{"id":2317310,"type":"sell","buyer":"jelly-cz","seller":"monsterjamgold","symbol":"SIM","quantity":"1990.998","price":"0.00061708","timestamp":1639850139,"volume":"1.22860505","buyTxId":"MM-P-13164427-60151355-3-29-0","sellTxId":"5d4e6a401262485d2707d09632f8f7c5e0fd2ae3"}
{"index": {"_index":"sim","_id":"2317337"}}
	{"id":2317337,"type":"sell","buyer":"pi-trader","seller":"sipahikara","symbol":"SIM","quantity":"14.373","price":"0.00061709","timestamp":1639850265,"volume":"0.00886943","buyTxId":"cb8bb87fb36913c1b58f3266e17a939697131639-8","sellTxId":"62b991fab0c23c82fb96ac9e52b2e6499a35783c"}
{"index": {"_index":"sim","_id":"2317349"}}
	{"id":2317349,"type":"buy","buyer":"svirus","seller":"velourex","symbol":"SIM","quantity":"59886.920","price":"0.00062000","timestamp":1639850313,"volume":"37.12989040","buyTxId":"76f72946dcd738de4876e810ee0ab8b3bcf72e12-0","sellTxId":"6ca5d92402e4dc07657ce26321e2c1c3cf6f1d41"}
{"index": {"_index":"sim","_id":"2317350"}}
	{"id":2317350,"type":"buy","buyer":"konvik","seller":"velourex","symbol":"SIM","quantity":"0.001","price":"0.00062000","timestamp":1639850313,"volume":"0.00000062","buyTxId":"a6e5593074f5ddd1ff8382fa69aee91597efa324-0","sellTxId":"6ca5d92402e4dc07657ce26321e2c1c3cf6f1d41"}
{"index": {"_index":"sim","_id":"2317407"}}
	{"id":2317407,"type":"sell","buyer":"jelly-cz","seller":"jrcornel","symbol":"SIM","quantity":"6720.989","price":"0.00061812","timestamp":1639850748,"volume":"4.15437772","buyTxId":"MM-P-13164626-60151554-3-29-0","sellTxId":"8516c33e932a0f77296707a81d6c545c6e9b330f"}
{"index": {"_index":"sim","_id":"2317426"}}
	{"id":2317426,"type":"buy","buyer":"dkid14","seller":"rafelluz","symbol":"SIM","quantity":"4308.469","price":"0.00063000","timestamp":1639851012,"volume":"2.71433547","buyTxId":"11761fdc2a34a084e5580c3d4240410bae639cf4","sellTxId":"4fd8889f69c377271ad7e9d74cc7637425f1cce7"}
{"index": {"_index":"sim","_id":"2317427"}}
	{"id":2317427,"type":"sell","buyer":"dkid14","seller":"svirus","symbol":"SIM","quantity":"9792.270","price":"0.00063000","timestamp":1639851018,"volume":"6.16913010","buyTxId":"11761fdc2a34a084e5580c3d4240410bae639cf4","sellTxId":"38452529b2a42137be03666665bdaaec22469b40-1"}
{"index": {"_index":"sim","_id":"2317504"}}
	{"id":2317504,"type":"buy","buyer":"dswap","seller":"pi-trader","symbol":"SIM","quantity":"25066.867","price":"0.00064788","timestamp":1639851708,"volume":"16.24032224","buyTxId":"a14eaccf470b0f3da97a15cde4fe9be5cef35401","sellTxId":"fb68d70436b909b9910a8cf44dcac2f604ecfc8d-1"}
{"index": {"_index":"sim","_id":"2317735"}}
	{"id":2317735,"type":"buy","buyer":"eliezer65","seller":"pi-trader","symbol":"SIM","quantity":"1000.000","price":"0.00064788","timestamp":1639853553,"volume":"0.64788000","buyTxId":"1c30e497dd5279dc9f32f9afb65fdd9209fee6fd","sellTxId":"5ae69f9f055d2620547f167e98fe3bc973eac7cd-5"}
{"index": {"_index":"sim","_id":"2317747"}}
	{"id":2317747,"type":"buy","buyer":"eliezer65","seller":"pi-trader","symbol":"SIM","quantity":"400.000","price":"0.00064788","timestamp":1639853676,"volume":"0.25915200","buyTxId":"f9af44290422192e6683a6f5bc369f100f5209ab","sellTxId":"e6de94069b4467eb63691a4b4a0c1fe8f2909533-2"}
{"index": {"_index":"sim","_id":"2317883"}}
	{"id":2317883,"type":"sell","buyer":"jelly-cz","seller":"mehmetfix","symbol":"SIM","quantity":"118.000","price":"0.00062124","timestamp":1639854723,"volume":"0.07330632","buyTxId":"MM-P-13165222-60152150-3-29-0","sellTxId":"922cbc5e4c0082c41a6961f4339107c04d1a0791"}
{"index": {"_index":"sim","_id":"2317930"}}
	{"id":2317930,"type":"buy","buyer":"theclasser1","seller":"pi-trader","symbol":"SIM","quantity":"29246.067","price":"0.00064788","timestamp":1639855128,"volume":"18.94794189","buyTxId":"9ee4adb55f3af3af8af2b2a92f688c997c0b2f8c","sellTxId":"00465bee62ebb8e4f5a6bb39707ca2c25f0378f6-2"}
{"index": {"_index":"sim","_id":"2317994"}}
	{"id":2317994,"type":"buy","buyer":"eliezer65","seller":"pi-trader","symbol":"SIM","quantity":"808.000","price":"0.00064788","timestamp":1639855689,"volume":"0.52348704","buyTxId":"8f1ab900d58df8c3c0f87c8fea425b027b59a1c9","sellTxId":"0f4e53ee47a704621945820d51a293db435515cb-11"}
{"index": {"_index":"sim","_id":"2318003"}}
	{"id":2318003,"type":"sell","buyer":"frugal-fun","seller":"jackofcrows","symbol":"SIM","quantity":"3152.020","price":"0.00062300","timestamp":1639855815,"volume":"1.96370846","buyTxId":"f251f5a434151ce8a1bdd3d0f42e3f3368dbbad9","sellTxId":"2267c3c6a45561ce047d0ada4e4ee2b9a038aa07"}
{"index": {"_index":"sim","_id":"2318260"}}
	{"id":2318260,"type":"sell","buyer":"frugal-fun","seller":"brofi-market","symbol":"SIM","quantity":"0.001","price":"0.00062300","timestamp":1639858284,"volume":"0.00000062","buyTxId":"f251f5a434151ce8a1bdd3d0f42e3f3368dbbad9","sellTxId":"7980bdafc9ef78fedb6e4a83f7b956550976433a"}
{"index": {"_index":"sim","_id":"2318366"}}
	{"id":2318366,"type":"buy","buyer":"dswap","seller":"pi-trader","symbol":"SIM","quantity":"1641.617","price":"0.00064788","timestamp":1639859421,"volume":"1.06357100","buyTxId":"cc6cd4f2583c899f5d6f6af23f32431452834f89","sellTxId":"bb6643428ccaa225385863a139949ca33785af0b-8"}
{"index": {"_index":"sim","_id":"2318506"}}
	{"id":2318506,"type":"sell","buyer":"frugal-fun","seller":"onestrong","symbol":"SIM","quantity":"617.837","price":"0.00062300","timestamp":1639860588,"volume":"0.38491245","buyTxId":"f251f5a434151ce8a1bdd3d0f42e3f3368dbbad9","sellTxId":"eafb1daf3bce9c6fd11867dd826697bfc26c05b1"}
{"index": {"_index":"sim","_id":"2318557"}}
	{"id":2318557,"type":"buy","buyer":"dswap","seller":"pi-trader","symbol":"SIM","quantity":"1699.997","price":"0.00064787","timestamp":1639860993,"volume":"1.10137758","buyTxId":"785389748c07eef8dc225aa2bcc8b17663f94a92","sellTxId":"19c5bc407bd09f7f5e67c5eb792af09de8a24e73-10"}
{"index": {"_index":"sim","_id":"2318582"}}
	{"id":2318582,"type":"buy","buyer":"dswap","seller":"pi-trader","symbol":"SIM","quantity":"100.000","price":"0.00064787","timestamp":1639861164,"volume":"0.06478736","buyTxId":"0645ba4f2f5326e5cfc065e45ca26778d24f30a0","sellTxId":"703e6f373307fb3eb1ee9e3a2f81e28451611053-2"}
{"index": {"_index":"sim","_id":"2318635"}}
	{"id":2318635,"type":"sell","buyer":"frugal-fun","seller":"themightyvolcano","symbol":"SIM","quantity":"7239.142","price":"0.00062300","timestamp":1639861770,"volume":"4.50998547","buyTxId":"f251f5a434151ce8a1bdd3d0f42e3f3368dbbad9","sellTxId":"35b1969fb6d14f4c734560e946ed79f45b8d70cb"}
{"index": {"_index":"sim","_id":"2318636"}}
	{"id":2318636,"type":"sell","buyer":"jelly-cz","seller":"themightyvolcano","symbol":"SIM","quantity":"47885.858","price":"0.00062176","timestamp":1639861770,"volume":"29.77351107","buyTxId":"MM-P-13166120-60153048-3-29-0","sellTxId":"35b1969fb6d14f4c734560e946ed79f45b8d70cb"}
{"index": {"_index":"sim","_id":"2318893"}}
	{"id":2318893,"type":"buy","buyer":"jjprac","seller":"pi-trader","symbol":"SIM","quantity":"3000.000","price":"0.00064699","timestamp":1639864251,"volume":"1.94097000","buyTxId":"65faa5cfaa268c370f9699875a1d448adf812297","sellTxId":"decd052bd8b79f9e11dd55f7b5e3ee4f771c83bc-4"}
{"index": {"_index":"sim","_id":"2318897"}}
	{"id":2318897,"type":"sell","buyer":"jelly-cz","seller":"bellygun","symbol":"SIM","quantity":"1089.411","price":"0.00062176","timestamp":1639864308,"volume":"0.67735218","buyTxId":"MM-P-13166120-60153048-3-29-0","sellTxId":"7465f34fc399711e65aae4c3f9a9900375b1dc74"}
{"index": {"_index":"sim","_id":"2318901"}}
	{"id":2318901,"type":"buy","buyer":"jjprac","seller":"pi-trader","symbol":"SIM","quantity":"2204.000","price":"0.00064699","timestamp":1639864311,"volume":"1.42596596","buyTxId":"2cd634e277465a018753306675555a52a3a5882e","sellTxId":"86564091d73bc1828e6155c66e44105fd1caf3ee-4"}
{"index": {"_index":"sim","_id":"2318938"}}
	{"id":2318938,"type":"sell","buyer":"jelly-cz","seller":"dswap","symbol":"SIM","quantity":"650","price":"0.00062176","timestamp":1639864902,"volume":"0.40414400","buyTxId":"MM-P-13166120-60153048-3-29-0","sellTxId":"c41c18aafaf74ae5fceb3ff6c43f7edccd1359ff"}
{"index": {"_index":"sim","_id":"2318941"}}
	{"id":2318941,"type":"sell","buyer":"jelly-cz","seller":"eliezer65","symbol":"SIM","quantity":"650.000","price":"0.00062176","timestamp":1639864962,"volume":"0.40414400","buyTxId":"MM-P-13166120-60153048-3-29-0","sellTxId":"d8664c181f32d9fa0cb80531dba4303ff6835830"}
{"index": {"_index":"sim","_id":"2319026"}}
	{"id":2319026,"type":"sell","buyer":"pi-trader","seller":"nyxlabs","symbol":"SIM","quantity":"1000.000","price":"0.00062229","timestamp":1639866258,"volume":"0.62229000","buyTxId":"ebe1cf29f05f0e2ebcd2435bdd30041ad26e2afb-3","sellTxId":"38698062f0d8665842fc870172b50004e373b298"}
{"index": {"_index":"sim","_id":"2319039"}}
	{"id":2319039,"type":"buy","buyer":"dkid14","seller":"pi-trader","symbol":"SIM","quantity":"22897.126","price":"0.00064699","timestamp":1639866354,"volume":"14.81421155","buyTxId":"c7de31351305bb0e91f58d0b61f6b9a3dc058a19","sellTxId":"1e32a46bcc10749d07dbd74befbd9e45e6fd3632-2"}
{"index": {"_index":"sim","_id":"2319048"}}
	{"id":2319048,"type":"buy","buyer":"dkid14","seller":"pi-trader","symbol":"SIM","quantity":"2243.729","price":"0.00064699","timestamp":1639866621,"volume":"1.45167023","buyTxId":"c4d0c4dba61166acfbdd519e1524ddc99c465ac9","sellTxId":"5bdb580e57566f12fec5cef7fd08223211e11d61-4"}
{"index": {"_index":"sim","_id":"2319114"}}
	{"id":2319114,"type":"sell","buyer":"jelly-cz","seller":"darth-azrael","symbol":"SIM","quantity":"5.603","price":"0.00062332","timestamp":1639867209,"volume":"0.00349246","buyTxId":"MM-P-13169911-60156840-3-29-0","sellTxId":"80bb865624cade207899e3006c063d09a29e71ca"}
{"index": {"_index":"sim","_id":"2319125"}}
	{"id":2319125,"type":"sell","buyer":"jelly-cz","seller":"chesatochi","symbol":"SIM","quantity":"24.016","price":"0.00062332","timestamp":1639867329,"volume":"0.01496965","buyTxId":"MM-P-13169911-60156840-3-29-0","sellTxId":"a3482872257a11b5dec83a9425449221d99909f9"}
{"index": {"_index":"sim","_id":"2319260"}}
	{"id":2319260,"type":"sell","buyer":"jelly-cz","seller":"successforall","symbol":"SIM","quantity":"250","price":"0.00062332","timestamp":1639869018,"volume":"0.15583000","buyTxId":"MM-P-13169911-60156840-3-29-0","sellTxId":"a5e84d9f1a8d8973ea24a803202c2a9513adcefb"}
{"index": {"_index":"sim","_id":"2319299"}}
	{"id":2319299,"type":"sell","buyer":"jelly-cz","seller":"successforall","symbol":"SIM","quantity":"1000","price":"0.00062332","timestamp":1639869717,"volume":"0.62332000","buyTxId":"MM-P-13169911-60156840-3-29-0","sellTxId":"54759bdfe2d7ddfc671ac981ae844a26aa0bfdd2"}
{"index": {"_index":"sim","_id":"2319417"}}
	{"id":2319417,"type":"sell","buyer":"jelly-cz","seller":"balte","symbol":"SIM","quantity":"16000.000","price":"0.00062332","timestamp":1639872000,"volume":"9.97312000","buyTxId":"MM-P-13169911-60156840-3-29-0","sellTxId":"6a53e337bfc09cc335fa11c44cccdbe4e5d45d18"}
{"index": {"_index":"sim","_id":"2319495"}}
	{"id":2319495,"type":"sell","buyer":"jelly-cz","seller":"brofi-market","symbol":"SIM","quantity":"0.002","price":"0.00062332","timestamp":1639872858,"volume":"0.00000125","buyTxId":"MM-P-13169911-60156840-3-29-0","sellTxId":"442a1493b51d46589bf86abab72976d26513f481"}
{"index": {"_index":"sim","_id":"2319554"}}
	{"id":2319554,"type":"buy","buyer":"lrekt01","seller":"pi-trader","symbol":"SIM","quantity":"1400.000","price":"0.00064699","timestamp":1639873623,"volume":"0.90578600","buyTxId":"1f366140080d747c3d9f9716c740ba1e3f60ba1b","sellTxId":"f09a36de108353a688df891c98183ffb00ffd61d-7"}
{"index": {"_index":"sim","_id":"2319597"}}
	{"id":2319597,"type":"buy","buyer":"rexikhan","seller":"pi-trader","symbol":"SIM","quantity":"200.000","price":"0.00064698","timestamp":1639874433,"volume":"0.12939600","buyTxId":"a5859de44e0c1ece43eb0300e121edfad744d06f","sellTxId":"cd28582e9b408a6dd3ee834150028d5b5a138e7b-2"}
{"index": {"_index":"sim","_id":"2319610"}}
	{"id":2319610,"type":"sell","buyer":"jelly-cz","seller":"reseller","symbol":"SIM","quantity":"123342.000","price":"0.00062495","timestamp":1639874598,"volume":"77.08258290","buyTxId":"MM-P-13172207-60159136-3-29-0","sellTxId":"5b9f3b8278305efaa0433d6cf293868a628aedee"}
{"index": {"_index":"sim","_id":"2319622"}}
	{"id":2319622,"type":"sell","buyer":"jelly-cz","seller":"oahb132","symbol":"SIM","quantity":"1467.985","price":"0.00062495","timestamp":1639874664,"volume":"0.91741723","buyTxId":"MM-P-13172207-60159136-3-29-0","sellTxId":"0946d743b53ed0aa7eba7c3608bb54b964ff7c0c"}
{"index": {"_index":"sim","_id":"2319665"}}
	{"id":2319665,"type":"buy","buyer":"rambo21","seller":"oahb132","symbol":"SIM","quantity":"400.000","price":"0.00062495","timestamp":1639875204,"volume":"0.24998000","buyTxId":"560d22da1ecfb0bf396aa1b8a045b3ff77405da1","sellTxId":"0946d743b53ed0aa7eba7c3608bb54b964ff7c0c"}
{"index": {"_index":"sim","_id":"2319768"}}
	{"id":2319768,"type":"sell","buyer":"jelly-cz","seller":"unicron","symbol":"SIM","quantity":"5000.000","price":"0.00061813","timestamp":1639876653,"volume":"3.09065000","buyTxId":"MM-P-13173106-60160035-3-29-0","sellTxId":"820aaeb9f1b665984978e837b4353c0b30160014"}
{"index": {"_index":"sim","_id":"2319924"}}
	{"id":2319924,"type":"sell","buyer":"jelly-cz","seller":"enjar","symbol":"SIM","quantity":"1451.080","price":"0.00061865","timestamp":1639878966,"volume":"0.89771064","buyTxId":"MM-P-13173702-60160631-3-29-0","sellTxId":"8b96479467f3f9eb3deaf9f9d7215ea928a15d69"}
{"index": {"_index":"sim","_id":"2320070"}}
	{"id":2320070,"type":"sell","buyer":"jelly-cz","seller":"thatcryptodave","symbol":"SIM","quantity":"2438.184","price":"0.00061865","timestamp":1639880352,"volume":"1.50838253","buyTxId":"MM-P-13173702-60160631-3-29-0","sellTxId":"9e760b268866b139a49c6a79c7fc5cea7aa27cb9"}
{"index": {"_index":"sim","_id":"2320135"}}
	{"id":2320135,"type":"sell","buyer":"jelly-cz","seller":"hirohurl","symbol":"SIM","quantity":"32.928","price":"0.00061865","timestamp":1639881504,"volume":"0.02037091","buyTxId":"MM-P-13173702-60160631-3-29-0","sellTxId":"8e6384d8a02f237f1779758635f21b8eb04898d6"}
{"index": {"_index":"sim","_id":"2320188"}}
	{"id":2320188,"type":"sell","buyer":"jelly-cz","seller":"justinparke","symbol":"SIM","quantity":"21699.75","price":"0.00061865","timestamp":1639882395,"volume":"13.42455034","buyTxId":"MM-P-13173702-60160631-3-29-0","sellTxId":"2dec037b54cb0f7337603eac7b0ecc14b657d3fa"}
{"index": {"_index":"sim","_id":"2320676"}}
	{"id":2320676,"type":"sell","buyer":"mmrx","seller":"andy4475","symbol":"SIM","quantity":"59.365","price":"0.00061866","timestamp":1639885101,"volume":"0.03672675","buyTxId":"MM-P-13175695-60162625-3-36-0","sellTxId":"8c354023ad91ff3f90f51dd5db047787fa67a357"}
{"index": {"_index":"sim","_id":"2320684"}}
	{"id":2320684,"type":"sell","buyer":"mmrx","seller":"dswap","symbol":"SIM","quantity":"78.409","price":"0.00061866","timestamp":1639885347,"volume":"0.04850851","buyTxId":"MM-P-13175695-60162625-3-36-0","sellTxId":"a501b6b1133d9f5d268d12b67283514d8dc9e115"}
{"index": {"_index":"sim","_id":"2320713"}}
	{"id":2320713,"type":"sell","buyer":"mmrx","seller":"mcity","symbol":"SIM","quantity":"1715.005","price":"0.00061866","timestamp":1639885836,"volume":"1.06100499","buyTxId":"MM-P-13175695-60162625-3-36-0","sellTxId":"0b087c2d610c88f6af741c3d86cbf8b302d3e926"}
{"index": {"_index":"sim","_id":"2320714"}}
	{"id":2320714,"type":"sell","buyer":"jelly-cz","seller":"mcity","symbol":"SIM","quantity":"100459.041","price":"0.00061865","timestamp":1639885836,"volume":"62.14898571","buyTxId":"MM-P-13173702-60160631-3-29-0","sellTxId":"0b087c2d610c88f6af741c3d86cbf8b302d3e926"}
{"index": {"_index":"sim","_id":"2320715"}}
	{"id":2320715,"type":"sell","buyer":"pokerarema","seller":"mcity","symbol":"SIM","quantity":"16970.954","price":"0.00061501","timestamp":1639885836,"volume":"10.43730642","buyTxId":"36c9511d8363c28b853c83d92e1d854e025251ad","sellTxId":"0b087c2d610c88f6af741c3d86cbf8b302d3e926"}
