{"index": {"_index":"sim","_id":"1149499"}}
	{"id":1149499,"type":"sell","buyer":"jelly-cz","seller":"theshaki","symbol":"SIM","quantity":"55.891","price":"0.00077111","timestamp":1623905271,"volume":"0.04309811","buyTxId":"MM-P-7868223-54844673-3-25-0","sellTxId":"0263fdc3a3fd722a0a8264267f6aa59489274e36"}
{"index": {"_index":"sim","_id":"1149533"}}
	{"id":1149533,"type":"sell","buyer":"jelly-cz","seller":"theguruasia","symbol":"SIM","quantity":"58.516","price":"0.00077111","timestamp":1623906126,"volume":"0.04512227","buyTxId":"MM-P-7868223-54844673-3-25-0","sellTxId":"e01409690709ec0a0d96e9527b4b0a1b1784e7ac"}
{"index": {"_index":"sim","_id":"1149550"}}
	{"id":1149550,"type":"sell","buyer":"jelly-cz","seller":"steemwija","symbol":"SIM","quantity":"67.399","price":"0.00077111","timestamp":1623906612,"volume":"0.05197204","buyTxId":"MM-P-7868223-54844673-3-25-0","sellTxId":"c9377ad12e369154bc1434a0542ce84d4222628d"}
{"index": {"_index":"sim","_id":"1149560"}}
	{"id":1149560,"type":"buy","buyer":"petertag","seller":"nftmart.fees","symbol":"SIM","quantity":"156.000","price":"0.00087997","timestamp":1623906873,"volume":"0.13727532","buyTxId":"c77674c8384dc94eff1b0dc7a113ba17c44dd174","sellTxId":"8edf83c8348db31a33869910e57f475cc9ec8e61-0"}
{"index": {"_index":"sim","_id":"1149561"}}
	{"id":1149561,"type":"buy","buyer":"petertag","seller":"brofi-market","symbol":"SIM","quantity":"99.116","price":"0.00087998","timestamp":1623906873,"volume":"0.08722010","buyTxId":"c77674c8384dc94eff1b0dc7a113ba17c44dd174","sellTxId":"ba3b098ddb74ca76db026e0e605235529d68d144"}
{"index": {"_index":"sim","_id":"1149562"}}
	{"id":1149562,"type":"buy","buyer":"petertag","seller":"ericburgoyne","symbol":"SIM","quantity":"27.032","price":"0.00087999","timestamp":1623906873,"volume":"0.02378789","buyTxId":"c77674c8384dc94eff1b0dc7a113ba17c44dd174","sellTxId":"9c55e583dfd7b967b0b4b2d2ab4f749655b00fbe"}
{"index": {"_index":"sim","_id":"1149563"}}
	{"id":1149563,"type":"buy","buyer":"petertag","seller":"daveks","symbol":"SIM","quantity":"658.852","price":"0.00088000","timestamp":1623906873,"volume":"0.57978976","buyTxId":"c77674c8384dc94eff1b0dc7a113ba17c44dd174","sellTxId":"7cb0fd2c9367ee3844d95ac17e31e05b422c24a0"}
{"index": {"_index":"sim","_id":"1149571"}}
	{"id":1149571,"type":"sell","buyer":"jelly-cz","seller":"lifeskills-tv","symbol":"SIM","quantity":"892.543","price":"0.00077111","timestamp":1623907026,"volume":"0.68824883","buyTxId":"MM-P-7868223-54844673-3-25-0","sellTxId":"976c4e9175d1535953b514f5cdceb3c347a6d556"}
{"index": {"_index":"sim","_id":"1149593"}}
	{"id":1149593,"type":"sell","buyer":"jelly-cz","seller":"brofi-market","symbol":"SIM","quantity":"0.001","price":"0.00077111","timestamp":1623907254,"volume":"0.00000077","buyTxId":"MM-P-7868223-54844673-3-25-0","sellTxId":"0521d7d36535e0f103178b3f93721d63b5dfb7d4"}
{"index": {"_index":"sim","_id":"1149624"}}
	{"id":1149624,"type":"sell","buyer":"jelly-cz","seller":"goldcoin","symbol":"SIM","quantity":"30.858","price":"0.00077111","timestamp":1623907953,"volume":"0.02379491","buyTxId":"MM-P-7868223-54844673-3-25-0","sellTxId":"4332d097660ac4e0ad120a30d0c5ca0cf5122e4d"}
{"index": {"_index":"sim","_id":"1149630"}}
	{"id":1149630,"type":"sell","buyer":"jelly-cz","seller":"kishan006","symbol":"SIM","quantity":"17555.000","price":"0.00077111","timestamp":1623908064,"volume":"13.53683605","buyTxId":"MM-P-7868223-54844673-3-25-0","sellTxId":"415daa0ea237fd50a7a977ae13ef74301314291a"}
{"index": {"_index":"sim","_id":"1149660"}}
	{"id":1149660,"type":"buy","buyer":"vcelier","seller":"nftmart.fees","symbol":"SIM","quantity":"136.000","price":"0.00087899","timestamp":1623909672,"volume":"0.11954264","buyTxId":"fe39d7423ae15c4dcfd6bab771a50131a6222c69","sellTxId":"71576ce70b70a9989371f8dfaa81551f31ffe09f-0"}
{"index": {"_index":"sim","_id":"1149661"}}
	{"id":1149661,"type":"buy","buyer":"vcelier","seller":"ecuaminte","symbol":"SIM","quantity":"8313.362","price":"0.00087900","timestamp":1623909699,"volume":"7.30744520","buyTxId":"9779c7c3485fd8fa06dc94763778ef7f62b40af5","sellTxId":"2dd4436fe947d0df7aeccbdc2b2e62f076282be9"}
{"index": {"_index":"sim","_id":"1149718"}}
	{"id":1149718,"type":"sell","buyer":"jelly-cz","seller":"threejay","symbol":"SIM","quantity":"681.000","price":"0.00077111","timestamp":1623910407,"volume":"0.52512591","buyTxId":"MM-P-7868223-54844673-3-25-0","sellTxId":"2e02150633e5ff8aeeeafa25fee30824ddd82037"}
{"index": {"_index":"sim","_id":"1149781"}}
	{"id":1149781,"type":"sell","buyer":"dustindivitto","seller":"hjchilb","symbol":"SIM","quantity":"0.849","price":"0.00079000","timestamp":1623913215,"volume":"0.00067071","buyTxId":"d4674cbce4681cb45f92cd9470ded055946f157c","sellTxId":"4d0b9611a4941d97dbef490a587b25cd62d48c5b"}
{"index": {"_index":"sim","_id":"1149805"}}
	{"id":1149805,"type":"sell","buyer":"dustindivitto","seller":"cryptoblob","symbol":"SIM","quantity":"32.009","price":"0.00079000","timestamp":1623914424,"volume":"0.02528711","buyTxId":"d4674cbce4681cb45f92cd9470ded055946f157c","sellTxId":"3e6f29f0af257f4aec3e81428e3360a201da675a"}
{"index": {"_index":"sim","_id":"1149858"}}
	{"id":1149858,"type":"sell","buyer":"dustindivitto","seller":"razam","symbol":"SIM","quantity":"7.000","price":"0.00079000","timestamp":1623916284,"volume":"0.00553000","buyTxId":"d4674cbce4681cb45f92cd9470ded055946f157c","sellTxId":"2e1730757403cb184bb47157e067c6d7276a6c00"}
{"index": {"_index":"sim","_id":"1149863"}}
	{"id":1149863,"type":"sell","buyer":"dustindivitto","seller":"monsterjamgold","symbol":"SIM","quantity":"1295.001","price":"0.00079000","timestamp":1623916431,"volume":"1.02305079","buyTxId":"d4674cbce4681cb45f92cd9470ded055946f157c","sellTxId":"308050afe97fb1a17882ff92022da6073f5da611"}
{"index": {"_index":"sim","_id":"1149930"}}
	{"id":1149930,"type":"sell","buyer":"dustindivitto","seller":"cliffagreen","symbol":"SIM","quantity":"7.322","price":"0.00079000","timestamp":1623917799,"volume":"0.00578438","buyTxId":"d4674cbce4681cb45f92cd9470ded055946f157c","sellTxId":"795748ed4f631d3ca6a31b807ea2e218fbe94e32"}
{"index": {"_index":"sim","_id":"1149937"}}
	{"id":1149937,"type":"sell","buyer":"desyfit","seller":"steemstreems","symbol":"SIM","quantity":"0.380","price":"0.00079001","timestamp":1623918513,"volume":"0.00030020","buyTxId":"75a7767654fc974299c82968dfea9312e52463bf","sellTxId":"53840e3a229e4c84decf5427274d3bebe2dcde28"}
{"index": {"_index":"sim","_id":"1149967"}}
	{"id":1149967,"type":"sell","buyer":"desyfit","seller":"manoldonchev","symbol":"SIM","quantity":"1300.000","price":"0.00079001","timestamp":1623919851,"volume":"1.02701300","buyTxId":"75a7767654fc974299c82968dfea9312e52463bf","sellTxId":"66dffbd54469c0aee04959464aaa0b7aaae2719f"}
{"index": {"_index":"sim","_id":"1149972"}}
	{"id":1149972,"type":"sell","buyer":"desyfit","seller":"luts","symbol":"SIM","quantity":"298699.620","price":"0.00079001","timestamp":1623920064,"volume":"235.97568680","buyTxId":"75a7767654fc974299c82968dfea9312e52463bf","sellTxId":"cfbdd8d2d83540efac6fec4a45cd4caac138ec68"}
{"index": {"_index":"sim","_id":"1149973"}}
	{"id":1149973,"type":"sell","buyer":"dustindivitto","seller":"luts","symbol":"SIM","quantity":"68657.819","price":"0.00079000","timestamp":1623920064,"volume":"54.23967701","buyTxId":"d4674cbce4681cb45f92cd9470ded055946f157c","sellTxId":"cfbdd8d2d83540efac6fec4a45cd4caac138ec68"}
{"index": {"_index":"sim","_id":"1149974"}}
	{"id":1149974,"type":"sell","buyer":"dustindivitto","seller":"luts","symbol":"SIM","quantity":"4300.000","price":"0.00078000","timestamp":1623920064,"volume":"3.35400000","buyTxId":"83ab5146765402ac84bf0bce4f1aa8fa12b38b40","sellTxId":"cfbdd8d2d83540efac6fec4a45cd4caac138ec68"}
{"index": {"_index":"sim","_id":"1149975"}}
	{"id":1149975,"type":"sell","buyer":"jelly-cz","seller":"luts","symbol":"SIM","quantity":"75869.991","price":"0.00077111","timestamp":1623920064,"volume":"58.50410876","buyTxId":"MM-P-7868223-54844673-3-25-0","sellTxId":"cfbdd8d2d83540efac6fec4a45cd4caac138ec68"}
{"index": {"_index":"sim","_id":"1149976"}}
	{"id":1149976,"type":"sell","buyer":"ecoinstant","seller":"luts","symbol":"SIM","quantity":"200000.000","price":"0.00077103","timestamp":1623920064,"volume":"154.20600000","buyTxId":"4279c5f6d4ac1101e8692f79d350fc8808a26e04","sellTxId":"cfbdd8d2d83540efac6fec4a45cd4caac138ec68"}
{"index": {"_index":"sim","_id":"1149977"}}
	{"id":1149977,"type":"sell","buyer":"ecoinstant","seller":"luts","symbol":"SIM","quantity":"200000.000","price":"0.00077100","timestamp":1623920064,"volume":"154.20000000","buyTxId":"ba4908bc403292f731ed66ff855ef9344ab2125f","sellTxId":"cfbdd8d2d83540efac6fec4a45cd4caac138ec68"}
{"index": {"_index":"sim","_id":"1149978"}}
	{"id":1149978,"type":"sell","buyer":"enginemaker","seller":"luts","symbol":"SIM","quantity":"32679.739","price":"0.00076500","timestamp":1623920064,"volume":"25.00000034","buyTxId":"MM-P-7864037-54840475-3-2-0","sellTxId":"cfbdd8d2d83540efac6fec4a45cd4caac138ec68"}
{"index": {"_index":"sim","_id":"1149979"}}
	{"id":1149979,"type":"sell","buyer":"ecoinstant","seller":"luts","symbol":"SIM","quantity":"250000.000","price":"0.00075500","timestamp":1623920064,"volume":"188.75000000","buyTxId":"eb3c5a45b3c6de077a9c2cd0c2e58fc6d2da6588","sellTxId":"cfbdd8d2d83540efac6fec4a45cd4caac138ec68"}
{"index": {"_index":"sim","_id":"1149980"}}
	{"id":1149980,"type":"sell","buyer":"ecoinstant","seller":"luts","symbol":"SIM","quantity":"300000.000","price":"0.00074004","timestamp":1623920064,"volume":"222.01200000","buyTxId":"187f0868bbe5e17be1be985b0b6adfe58667c697","sellTxId":"cfbdd8d2d83540efac6fec4a45cd4caac138ec68"}
{"index": {"_index":"sim","_id":"1149981"}}
	{"id":1149981,"type":"sell","buyer":"jelly13","seller":"luts","symbol":"SIM","quantity":"215877.000","price":"0.00073205","timestamp":1623920064,"volume":"158.03275785","buyTxId":"5013082f2d393b0b2b639b0eead5def108d108bf","sellTxId":"cfbdd8d2d83540efac6fec4a45cd4caac138ec68"}
{"index": {"_index":"sim","_id":"1149982"}}
	{"id":1149982,"type":"sell","buyer":"videobooster","seller":"luts","symbol":"SIM","quantity":"28667.841","price":"0.00073200","timestamp":1623920064,"volume":"20.98485961","buyTxId":"e914f92411c7502abfd7e4efc8e6448d5404fccf","sellTxId":"cfbdd8d2d83540efac6fec4a45cd4caac138ec68"}
{"index": {"_index":"sim","_id":"1149983"}}
	{"id":1149983,"type":"sell","buyer":"videobooster","seller":"luts","symbol":"SIM","quantity":"30000.000","price":"0.00073200","timestamp":1623920064,"volume":"21.96000000","buyTxId":"7bfdce0cf2dd3811fcf4376b489738e67c0e2b01","sellTxId":"cfbdd8d2d83540efac6fec4a45cd4caac138ec68"}
{"index": {"_index":"sim","_id":"1149984"}}
	{"id":1149984,"type":"sell","buyer":"ecoinstats","seller":"luts","symbol":"SIM","quantity":"250000.000","price":"0.00073000","timestamp":1623920064,"volume":"182.50000000","buyTxId":"82c9304bca27e5718e8958a4e04328df3809c10f","sellTxId":"cfbdd8d2d83540efac6fec4a45cd4caac138ec68"}
{"index": {"_index":"sim","_id":"1149985"}}
	{"id":1149985,"type":"sell","buyer":"steemshiro","seller":"luts","symbol":"SIM","quantity":"80000.000","price":"0.00072700","timestamp":1623920064,"volume":"58.16000000","buyTxId":"640032c7c24ffe9a7f611a276282136de99a9a4e","sellTxId":"cfbdd8d2d83540efac6fec4a45cd4caac138ec68"}
{"index": {"_index":"sim","_id":"1149986"}}
	{"id":1149986,"type":"sell","buyer":"d-pend","seller":"luts","symbol":"SIM","quantity":"500000.000","price":"0.00072100","timestamp":1623920064,"volume":"360.50000000","buyTxId":"3479e19b6d2cb8d171e46009a4672f6649ed85fc","sellTxId":"cfbdd8d2d83540efac6fec4a45cd4caac138ec68"}
{"index": {"_index":"sim","_id":"1149987"}}
	{"id":1149987,"type":"sell","buyer":"ecoinstant","seller":"luts","symbol":"SIM","quantity":"400000.000","price":"0.00072000","timestamp":1623920064,"volume":"288.00000000","buyTxId":"1fe212eeb13d880f457faa1f175bac7c37ac836f","sellTxId":"cfbdd8d2d83540efac6fec4a45cd4caac138ec68"}
{"index": {"_index":"sim","_id":"1149988"}}
	{"id":1149988,"type":"sell","buyer":"ecoinstant","seller":"luts","symbol":"SIM","quantity":"200000.000","price":"0.00070000","timestamp":1623920064,"volume":"140.00000000","buyTxId":"874fe3d167cd7917af088cb45dad0850e364838e","sellTxId":"cfbdd8d2d83540efac6fec4a45cd4caac138ec68"}
{"index": {"_index":"sim","_id":"1149989"}}
	{"id":1149989,"type":"buy","buyer":"konvik","seller":"luts","symbol":"SIM","quantity":"413834.699","price":"0.00070000","timestamp":1623920067,"volume":"289.68428930","buyTxId":"be63adc27389e6eb9cb820257b038a78f6e8f26d-0","sellTxId":"cfbdd8d2d83540efac6fec4a45cd4caac138ec68"}
{"index": {"_index":"sim","_id":"1150023"}}
	{"id":1150023,"type":"sell","buyer":"solovey6o2","seller":"worldhelper","symbol":"SIM","quantity":"2.545","price":"0.00068003","timestamp":1623922770,"volume":"0.00173068","buyTxId":"feffd56ba6034b19dab90a9f568903b7f79368d8","sellTxId":"02ec3b9d18fd41d15325c6e2c8c593e0de1e8792"}
{"index": {"_index":"sim","_id":"1150037"}}
	{"id":1150037,"type":"buy","buyer":"konvik","seller":"enginemaker","symbol":"SIM","quantity":"32679.739","price":"0.00076990","timestamp":1623923061,"volume":"25.16013106","buyTxId":"dfaa377a09a521a3e8a6d65b2b2b926fd1811333-0","sellTxId":"MM-P-7880355-54856859-3-2-0"}
{"index": {"_index":"sim","_id":"1150048"}}
	{"id":1150048,"type":"sell","buyer":"desyfit","seller":"thegoliath","symbol":"SIM","quantity":"5326.669","price":"0.00068004","timestamp":1623924048,"volume":"3.62234799","buyTxId":"5b4b8810de407e5055605b76dd549b5c62c5e398","sellTxId":"65e6b989fab4e1a262a00aa0e11c13baedfaf170"}
{"index": {"_index":"sim","_id":"1150071"}}
	{"id":1150071,"type":"buy","buyer":"eythorphoto","seller":"nftmart.fees","symbol":"SIM","quantity":"103.000","price":"0.00080991","timestamp":1623924483,"volume":"0.08342073","buyTxId":"7e76eb885890b5802f4b1b0f978a47c36fb7696e","sellTxId":"7057f1c4ffc7f9d250fad64a96c3af07717a0291-0"}
{"index": {"_index":"sim","_id":"1150084"}}
	{"id":1150084,"type":"buy","buyer":"cezary-io","seller":"nftmart.fees","symbol":"SIM","quantity":"105.000","price":"0.00086998","timestamp":1623925137,"volume":"0.09134790","buyTxId":"d97adb91159c82cf1b5e8355bc1b43843c746f10","sellTxId":"6dbfc4065783fe458956cc06c76b074440c56d1e-0"}
{"index": {"_index":"sim","_id":"1150085"}}
	{"id":1150085,"type":"buy","buyer":"cezary-io","seller":"solovey6o2","symbol":"SIM","quantity":"79524.290","price":"0.00086999","timestamp":1623925188,"volume":"69.18533706","buyTxId":"f40760d62b93f0dbe5b7a702444372aa308a6108","sellTxId":"dbf4ac07b15664dc10c9bdbad37ec4c286251c7a"}
{"index": {"_index":"sim","_id":"1150086"}}
	{"id":1150086,"type":"buy","buyer":"cezary-io","seller":"axeman","symbol":"SIM","quantity":"13800.000","price":"0.00087000","timestamp":1623925230,"volume":"12.00600000","buyTxId":"5a465b67ffbda6d89d2f7876dd78417e335f5cfb","sellTxId":"a69097989c7ca6ebcf4a726ef76e00021cbc9d11"}
{"index": {"_index":"sim","_id":"1150088"}}
	{"id":1150088,"type":"buy","buyer":"cezary-io","seller":"ecuaminte","symbol":"SIM","quantity":"2660.138","price":"0.00087900","timestamp":1623925281,"volume":"2.33826130","buyTxId":"688dce07bd8772c9d169881b3c9dbd1671776c28","sellTxId":"2dd4436fe947d0df7aeccbdc2b2e62f076282be9"}
{"index": {"_index":"sim","_id":"1150091"}}
	{"id":1150091,"type":"buy","buyer":"cezary-io","seller":"brofi-market","symbol":"SIM","quantity":"0.001","price":"0.00087900","timestamp":1623925350,"volume":"0.00000088","buyTxId":"2916b2ab6b75bc0cc3bb4c1134baf6c4633b47b9","sellTxId":"a591bda4e93dab6e2cd1f91e88927d9ac91bf058"}
{"index": {"_index":"sim","_id":"1150092"}}
	{"id":1150092,"type":"buy","buyer":"cezary-io","seller":"daveks","symbol":"SIM","quantity":"6731.247","price":"0.00088000","timestamp":1623925392,"volume":"5.92349736","buyTxId":"c2213a0709fcf74da2b55161f471be4b1fd99219","sellTxId":"7cb0fd2c9367ee3844d95ac17e31e05b422c24a0"}
{"index": {"_index":"sim","_id":"1150093"}}
	{"id":1150093,"type":"buy","buyer":"cezary-io","seller":"low-taxes","symbol":"SIM","quantity":"3000.000","price":"0.00088800","timestamp":1623925428,"volume":"2.66400000","buyTxId":"19f836549ee7966c1575ef8d4afcbf51f193bb85","sellTxId":"cd41801edec12830758d5c01e9cb40b104d6fe60"}
{"index": {"_index":"sim","_id":"1150094"}}
	{"id":1150094,"type":"buy","buyer":"cezary-io","seller":"jelly-cz","symbol":"SIM","quantity":"16000.000","price":"0.00088898","timestamp":1623925467,"volume":"14.22368000","buyTxId":"cb53d0dfc8943bf0c395fffc9b26bbc19db27707","sellTxId":"MM-P-7881151-54857658-3-25-1"}
{"index": {"_index":"sim","_id":"1150095"}}
	{"id":1150095,"type":"buy","buyer":"cezary-io","seller":"jelly-cz","symbol":"SIM","quantity":"70000.000","price":"0.00088898","timestamp":1623925521,"volume":"62.22860000","buyTxId":"67fa582f84027c8b7500c6b679906975dcd243ef","sellTxId":"MM-P-7881151-54857658-3-25-1"}
{"index": {"_index":"sim","_id":"1150165"}}
	{"id":1150165,"type":"sell","buyer":"eythorphoto","seller":"happyfrog420-new","symbol":"SIM","quantity":"2.169","price":"0.00080991","timestamp":1623928398,"volume":"0.00175669","buyTxId":"7e76eb885890b5802f4b1b0f978a47c36fb7696e","sellTxId":"ad23a33a796391da3be7b34c6893b05f59d11ad7"}
{"index": {"_index":"sim","_id":"1150240"}}
	{"id":1150240,"type":"sell","buyer":"eythorphoto","seller":"lightcaptured","symbol":"SIM","quantity":"702.381","price":"0.00080991","timestamp":1623929946,"volume":"0.56886540","buyTxId":"7e76eb885890b5802f4b1b0f978a47c36fb7696e","sellTxId":"55c59002ab1e6b56aa4f563fb5b692c5ef97065d"}
{"index": {"_index":"sim","_id":"1150269"}}
	{"id":1150269,"type":"sell","buyer":"eythorphoto","seller":"thelogicaldude","symbol":"SIM","quantity":"2286.387","price":"0.00080991","timestamp":1623931524,"volume":"1.85176770","buyTxId":"7e76eb885890b5802f4b1b0f978a47c36fb7696e","sellTxId":"5f726e598743656a980192187179e71f568e597b"}
{"index": {"_index":"sim","_id":"1150277"}}
	{"id":1150277,"type":"buy","buyer":"gerber","seller":"nftmart.fees","symbol":"SIM","quantity":"91.000","price":"0.00088895","timestamp":1623931818,"volume":"0.08089445","buyTxId":"72cd92d394d7ac41d7a811c51d053d1fc19adedb","sellTxId":"34b939f86a3a0b99c500f1d3591c5fae995c03a4-0"}
{"index": {"_index":"sim","_id":"1150278"}}
	{"id":1150278,"type":"buy","buyer":"gerber","seller":"captaincryptic","symbol":"SIM","quantity":"1345.399","price":"0.00088896","timestamp":1623931818,"volume":"1.19600590","buyTxId":"72cd92d394d7ac41d7a811c51d053d1fc19adedb","sellTxId":"aa2b48abcfbe61ace51e063d672e217fabc2e84f"}
{"index": {"_index":"sim","_id":"1150279"}}
	{"id":1150279,"type":"buy","buyer":"gerber","seller":"jelly-cz","symbol":"SIM","quantity":"1224.000","price":"0.00088898","timestamp":1623931818,"volume":"1.08811152","buyTxId":"72cd92d394d7ac41d7a811c51d053d1fc19adedb","sellTxId":"MM-P-7881151-54857658-3-25-1"}
{"index": {"_index":"sim","_id":"1150280"}}
	{"id":1150280,"type":"buy","buyer":"gerber","seller":"shaktidas2020","symbol":"SIM","quantity":"16000.000","price":"0.00088900","timestamp":1623931818,"volume":"14.22400000","buyTxId":"72cd92d394d7ac41d7a811c51d053d1fc19adedb","sellTxId":"3d657444be4ac23a563b79bf0cf5dbe205a11420"}
{"index": {"_index":"sim","_id":"1150281"}}
	{"id":1150281,"type":"buy","buyer":"gerber","seller":"dcityfund","symbol":"SIM","quantity":"10977.777","price":"0.00088900","timestamp":1623931818,"volume":"9.75924375","buyTxId":"72cd92d394d7ac41d7a811c51d053d1fc19adedb","sellTxId":"826e6c81bd96a8fa0b1fcbd1cd821fd2fb38e672"}
{"index": {"_index":"sim","_id":"1150282"}}
	{"id":1150282,"type":"buy","buyer":"gerber","seller":"dcityfund","symbol":"SIM","quantity":"10846.042","price":"0.00088900","timestamp":1623931818,"volume":"9.64213134","buyTxId":"72cd92d394d7ac41d7a811c51d053d1fc19adedb","sellTxId":"e283bc2def03bd9a6c3f9f0f7565d9b9ea4bdd62"}
{"index": {"_index":"sim","_id":"1150283"}}
	{"id":1150283,"type":"buy","buyer":"gerber","seller":"megalithic","symbol":"SIM","quantity":"4716.000","price":"0.00089000","timestamp":1623931818,"volume":"4.19724000","buyTxId":"72cd92d394d7ac41d7a811c51d053d1fc19adedb","sellTxId":"96d6346709c7de1636b6b86998a7f320803efedc"}
{"index": {"_index":"sim","_id":"1150284"}}
	{"id":1150284,"type":"buy","buyer":"gerber","seller":"crypto-dz","symbol":"SIM","quantity":"2623.000","price":"0.00089108","timestamp":1623931818,"volume":"2.33730284","buyTxId":"72cd92d394d7ac41d7a811c51d053d1fc19adedb","sellTxId":"ce354513d621514a0bb1dd73e4706356674fb2fa"}
{"index": {"_index":"sim","_id":"1150285"}}
	{"id":1150285,"type":"buy","buyer":"gerber","seller":"jelly13","symbol":"SIM","quantity":"182499.000","price":"0.00089649","timestamp":1623931818,"volume":"163.60852851","buyTxId":"72cd92d394d7ac41d7a811c51d053d1fc19adedb","sellTxId":"af80b739e9a8ef5971a3481cccc2ed334a55599d"}
{"index": {"_index":"sim","_id":"1150286"}}
	{"id":1150286,"type":"buy","buyer":"gerber","seller":"skoda-auto","symbol":"SIM","quantity":"59984.000","price":"0.00089849","timestamp":1623931818,"volume":"53.89502416","buyTxId":"72cd92d394d7ac41d7a811c51d053d1fc19adedb","sellTxId":"8fa8e985292c049a805063719a4014fc4c51d7b6"}
{"index": {"_index":"sim","_id":"1150287"}}
	{"id":1150287,"type":"buy","buyer":"gerber","seller":"cryptofiloz","symbol":"SIM","quantity":"10093.956","price":"0.00089887","timestamp":1623931818,"volume":"9.07315423","buyTxId":"72cd92d394d7ac41d7a811c51d053d1fc19adedb","sellTxId":"76049d0f55716ba7f8b98fb182855239c8f5536d"}
{"index": {"_index":"sim","_id":"1150288"}}
	{"id":1150288,"type":"buy","buyer":"gerber","seller":"kishan006","symbol":"SIM","quantity":"22.503","price":"0.00090000","timestamp":1623931818,"volume":"0.02025270","buyTxId":"72cd92d394d7ac41d7a811c51d053d1fc19adedb","sellTxId":"a502c2369b28e5a24c10d8c7fb0c5dc6ce1e232e"}
{"index": {"_index":"sim","_id":"1150289"}}
	{"id":1150289,"type":"buy","buyer":"gerber","seller":"blainjones","symbol":"SIM","quantity":"94614.561","price":"0.00090000","timestamp":1623931818,"volume":"85.15310490","buyTxId":"72cd92d394d7ac41d7a811c51d053d1fc19adedb","sellTxId":"8abdfd8136e2daea6d6f8679d09ebbaf1ed247e6"}
{"index": {"_index":"sim","_id":"1150290"}}
	{"id":1150290,"type":"buy","buyer":"gerber","seller":"mapac","symbol":"SIM","quantity":"234.000","price":"0.00090000","timestamp":1623931818,"volume":"0.21060000","buyTxId":"72cd92d394d7ac41d7a811c51d053d1fc19adedb","sellTxId":"fb52c300a57b624cef1685fb376d88bef8f67297"}
{"index": {"_index":"sim","_id":"1150291"}}
	{"id":1150291,"type":"buy","buyer":"gerber","seller":"taitux","symbol":"SIM","quantity":"2378.000","price":"0.00090000","timestamp":1623931818,"volume":"2.14020000","buyTxId":"72cd92d394d7ac41d7a811c51d053d1fc19adedb","sellTxId":"6aa8977234538c01b0a03cc1d7a5d1fd176eb169"}
{"index": {"_index":"sim","_id":"1150292"}}
	{"id":1150292,"type":"buy","buyer":"gerber","seller":"elizacheng","symbol":"SIM","quantity":"500.000","price":"0.00090000","timestamp":1623931818,"volume":"0.45000000","buyTxId":"72cd92d394d7ac41d7a811c51d053d1fc19adedb","sellTxId":"d48878b655e7f236578745bd754fa1a6cb4d54c3"}
{"index": {"_index":"sim","_id":"1150293"}}
	{"id":1150293,"type":"buy","buyer":"gerber","seller":"dcityfund","symbol":"SIM","quantity":"4022.503","price":"0.00091400","timestamp":1623931818,"volume":"3.67656774","buyTxId":"72cd92d394d7ac41d7a811c51d053d1fc19adedb","sellTxId":"6fff630149424152e5a683c6e563e2eead5210ab"}
{"index": {"_index":"sim","_id":"1150294"}}
	{"id":1150294,"type":"buy","buyer":"gerber","seller":"dcityfund","symbol":"SIM","quantity":"23814.462","price":"0.00091500","timestamp":1623931818,"volume":"21.79023273","buyTxId":"72cd92d394d7ac41d7a811c51d053d1fc19adedb","sellTxId":"c6f98b2347ef3578dafc9f46f48476fdb1c52b3b"}
{"index": {"_index":"sim","_id":"1150295"}}
	{"id":1150295,"type":"buy","buyer":"gerber","seller":"dcityfund","symbol":"SIM","quantity":"3059.887","price":"0.00091500","timestamp":1623931818,"volume":"2.79979661","buyTxId":"72cd92d394d7ac41d7a811c51d053d1fc19adedb","sellTxId":"32637a271ac8f884a0eb9b3517191880f37103f6"}
{"index": {"_index":"sim","_id":"1150296"}}
	{"id":1150296,"type":"buy","buyer":"gerber","seller":"dcityfund","symbol":"SIM","quantity":"8836.022","price":"0.00091700","timestamp":1623931818,"volume":"8.10263217","buyTxId":"72cd92d394d7ac41d7a811c51d053d1fc19adedb","sellTxId":"30a196c373e4a0dad7e6dfd98dd5ab03177f2c2b"}
{"index": {"_index":"sim","_id":"1150297"}}
	{"id":1150297,"type":"buy","buyer":"gerber","seller":"dcityfund","symbol":"SIM","quantity":"7021.978","price":"0.00091800","timestamp":1623931818,"volume":"6.44617580","buyTxId":"72cd92d394d7ac41d7a811c51d053d1fc19adedb","sellTxId":"197aee8b5c990dfe8ce7ea87f7216343ec5ae160"}
{"index": {"_index":"sim","_id":"1150298"}}
	{"id":1150298,"type":"buy","buyer":"gerber","seller":"dcityfund","symbol":"SIM","quantity":"118.390","price":"0.00091900","timestamp":1623931818,"volume":"0.10880065","buyTxId":"72cd92d394d7ac41d7a811c51d053d1fc19adedb","sellTxId":"1579149ba60b023590f14376b7340df518581066"}
{"index": {"_index":"sim","_id":"1150365"}}
	{"id":1150365,"type":"sell","buyer":"eythorphoto","seller":"tsnaks","symbol":"SIM","quantity":"166.063","price":"0.00080991","timestamp":1623934395,"volume":"0.13449608","buyTxId":"7e76eb885890b5802f4b1b0f978a47c36fb7696e","sellTxId":"da8d5d4a6d5833333eb3f6eab3845ba8f81c58fa"}
{"index": {"_index":"sim","_id":"1150371"}}
	{"id":1150371,"type":"sell","buyer":"solovey6o2","seller":"tsnaks","symbol":"SIM","quantity":"850.529","price":"0.00069825","timestamp":1623934638,"volume":"0.59388187","buyTxId":"1d6788762ec56a5ddc9c9a9f3954758f9a47ca63","sellTxId":"6e31df1f86d78c5ec862b46be7e7900262cd5800"}
{"index": {"_index":"sim","_id":"1150477"}}
	{"id":1150477,"type":"sell","buyer":"solovey6o2","seller":"imperij4427","symbol":"SIM","quantity":"41244.000","price":"0.00069846","timestamp":1623936657,"volume":"28.80728424","buyTxId":"51b8261fbe5cb0575983075aac992297722c2a18","sellTxId":"4a9c5f975f58e65d5aa225919c12c6b50f54087b"}
{"index": {"_index":"sim","_id":"1150493"}}
	{"id":1150493,"type":"sell","buyer":"solovey6o2","seller":"andy4475","symbol":"SIM","quantity":"41.121","price":"0.00069852","timestamp":1623937332,"volume":"0.02872384","buyTxId":"03fdfe42e9397812f24fba3114b3429179c9aed0","sellTxId":"d2cca4a398295a9aee9f09ecc15025fad62e076a"}
{"index": {"_index":"sim","_id":"1150514"}}
	{"id":1150514,"type":"buy","buyer":"konvik","seller":"forykw","symbol":"SIM","quantity":"39625.199","price":"0.00070000","timestamp":1623938166,"volume":"27.73763930","buyTxId":"617bb45a973200ed0beebe225d97ecc2c29ef10c-0","sellTxId":"b499b2822d9fc67572b612363d089e03094730f3"}
{"index": {"_index":"sim","_id":"1150527"}}
	{"id":1150527,"type":"sell","buyer":"solovey6o2","seller":"steempower-001","symbol":"SIM","quantity":"0.010","price":"0.00070004","timestamp":1623938562,"volume":"0.00000700","buyTxId":"1353c1fb31e82651c74144c16672389ca6b61a89","sellTxId":"0a51aa0ec08e33d2afcc7324096029d6749e62ee"}
{"index": {"_index":"sim","_id":"1150638"}}
	{"id":1150638,"type":"buy","buyer":"holoferncro","seller":"solovey6o2","symbol":"SIM","quantity":"1958.606","price":"0.00088990","timestamp":1623940890,"volume":"1.74296348","buyTxId":"5ef468ae8ba72974b3d4d0fb4c6feb86c3548f5f","sellTxId":"e33c13b79617e4b00eb18a14542afd15842b7055"}
{"index": {"_index":"sim","_id":"1150930"}}
	{"id":1150930,"type":"sell","buyer":"solovey6o2","seller":"wearealive","symbol":"SIM","quantity":"0.013","price":"0.00071016","timestamp":1623948096,"volume":"0.00000923","buyTxId":"2d7acaba8007a7e08c78f947fe1e7e68e2bf464b","sellTxId":"984b642b698a62b4b77cb3f9801dbbe39035eefa"}
{"index": {"_index":"sim","_id":"1150943"}}
	{"id":1150943,"type":"sell","buyer":"solovey6o2","seller":"onecent","symbol":"SIM","quantity":"891.000","price":"0.00071016","timestamp":1623948231,"volume":"0.63275256","buyTxId":"2d7acaba8007a7e08c78f947fe1e7e68e2bf464b","sellTxId":"dff7bad1872c5b4f708f9304215191d87071b81b"}
{"index": {"_index":"sim","_id":"1151006"}}
	{"id":1151006,"type":"sell","buyer":"jelly-cz","seller":"mpath","symbol":"SIM","quantity":"330.000","price":"0.00071030","timestamp":1623949506,"volume":"0.23439900","buyTxId":"MM-P-7889132-54865646-3-25-0","sellTxId":"c1be95b54e1f924896b8b72686793e77aa4ca178"}
{"index": {"_index":"sim","_id":"1151039"}}
	{"id":1151039,"type":"sell","buyer":"themightyvolcano","seller":"mfblack","symbol":"SIM","quantity":"6464.464","price":"0.00076010","timestamp":1623950742,"volume":"4.91363909","buyTxId":"c0811254f8fe865f8f9e280ad336be5f47553f10","sellTxId":"04e313a0440ebc83c38ef10c84f2a70cbf63bd65"}
{"index": {"_index":"sim","_id":"1151051"}}
	{"id":1151051,"type":"sell","buyer":"solovey6o2","seller":"steem-hodler","symbol":"SIM","quantity":"25177.000","price":"0.00076015","timestamp":1623951069,"volume":"19.13829655","buyTxId":"3f3d8084d58e4d67a30f73b7414970e4b42fdafb","sellTxId":"baf60666c2de88c93d1417ab9cbc89aa6627de40"}
{"index": {"_index":"sim","_id":"1151074"}}
	{"id":1151074,"type":"sell","buyer":"jelly-cz","seller":"accelerator","symbol":"SIM","quantity":"141.000","price":"0.00077008","timestamp":1623952149,"volume":"0.10858128","buyTxId":"MM-P-7890031-54866545-3-25-0","sellTxId":"3c7441c3be356395669f35a75bd3ae72cb91fedd"}
{"index": {"_index":"sim","_id":"1151085"}}
	{"id":1151085,"type":"sell","buyer":"solovey6o2","seller":"jrcornel","symbol":"SIM","quantity":"12389.062","price":"0.00077012","timestamp":1623952638,"volume":"9.54106443","buyTxId":"8af7f08b9e3c3f8a58dcdcc15ff0173f4f8fd34c","sellTxId":"346d258d5d3f64a1dad00e3999e0ae90d54fff80"}
{"index": {"_index":"sim","_id":"1151086"}}
	{"id":1151086,"type":"sell","buyer":"jelly-cz","seller":"jrcornel","symbol":"SIM","quantity":"37359.938","price":"0.00077011","timestamp":1623952638,"volume":"28.77126185","buyTxId":"MM-P-7890131-54866645-3-25-0","sellTxId":"346d258d5d3f64a1dad00e3999e0ae90d54fff80"}
{"index": {"_index":"sim","_id":"1151158"}}
	{"id":1151158,"type":"sell","buyer":"themightyvolcano","seller":"mapac","symbol":"SIM","quantity":"529.000","price":"0.00079000","timestamp":1623954177,"volume":"0.41791000","buyTxId":"76cf0ef22f41c142a415c5f8511e06765d430ef9","sellTxId":"f0625af7adbf8585b45639cbef08358da81e5c82"}
{"index": {"_index":"sim","_id":"1151163"}}
	{"id":1151163,"type":"sell","buyer":"dcityfund","seller":"steem-hodler","symbol":"SIM","quantity":"18762.649","price":"0.00079100","timestamp":1623954285,"volume":"14.84125536","buyTxId":"aca72fdee9aff16385bf3bd5f1da72c2c77a0b56","sellTxId":"ee1afb05a0aa8b0db62d6ed297fc965e3ca37d56"}
{"index": {"_index":"sim","_id":"1151164"}}
	{"id":1151164,"type":"sell","buyer":"themightyvolcano","seller":"steem-hodler","symbol":"SIM","quantity":"4237.351","price":"0.00079000","timestamp":1623954285,"volume":"3.34750729","buyTxId":"76cf0ef22f41c142a415c5f8511e06765d430ef9","sellTxId":"ee1afb05a0aa8b0db62d6ed297fc965e3ca37d56"}
{"index": {"_index":"sim","_id":"1151177"}}
	{"id":1151177,"type":"buy","buyer":"vcelier","seller":"nftmart.fees","symbol":"SIM","quantity":"79.000","price":"0.00087679","timestamp":1623954657,"volume":"0.06926641","buyTxId":"fea96745510c47b23db8f71d6ee1d7dd7e4a2338","sellTxId":"ce9b5bb0f76484ab32a79493f3719dc178eb04ca-0"}
{"index": {"_index":"sim","_id":"1151178"}}
	{"id":1151178,"type":"buy","buyer":"vcelier","seller":"mpath","symbol":"SIM","quantity":"326.000","price":"0.00087680","timestamp":1623954708,"volume":"0.28583680","buyTxId":"62c97954671f20bbe428f925db4234fb4354054a","sellTxId":"dabb74281d3e5471ea5e94c0e61e41954f927da6"}
{"index": {"_index":"sim","_id":"1151179"}}
	{"id":1151179,"type":"sell","buyer":"vcelier","seller":"muenchen","symbol":"SIM","quantity":"326.000","price":"0.00087680","timestamp":1623954753,"volume":"0.28583680","buyTxId":"812861612dfc99cc4a10671c3f2b9c1b5874bc3d","sellTxId":"99023bdd65a531e0892a7f30d65e0059d87ed194"}
{"index": {"_index":"sim","_id":"1151180"}}
	{"id":1151180,"type":"sell","buyer":"dcityfund","seller":"muenchen","symbol":"SIM","quantity":"11358.000","price":"0.00079100","timestamp":1623954753,"volume":"8.98417800","buyTxId":"0b7469fd18dad4b5eb0215e1d6993100922303f1","sellTxId":"99023bdd65a531e0892a7f30d65e0059d87ed194"}
{"index": {"_index":"sim","_id":"1151182"}}
	{"id":1151182,"type":"buy","buyer":"vcelier","seller":"onecent","symbol":"SIM","quantity":"882.000","price":"0.00087780","timestamp":1623954834,"volume":"0.77421960","buyTxId":"2ff5bca36cbe6e3d7c92ea52d51b9b7f0db9c6df","sellTxId":"a85b4430a1e976390512ccd71dd94bd7c9fe1a74"}
{"index": {"_index":"sim","_id":"1151183"}}
	{"id":1151183,"type":"buy","buyer":"vcelier","seller":"mapac","symbol":"SIM","quantity":"529.000","price":"0.00087800","timestamp":1623954834,"volume":"0.46446200","buyTxId":"2ff5bca36cbe6e3d7c92ea52d51b9b7f0db9c6df","sellTxId":"02cdfde2836be34a4139d12b4505befcee7c3586"}
{"index": {"_index":"sim","_id":"1151184"}}
	{"id":1151184,"type":"buy","buyer":"vcelier","seller":"solovey6o2","symbol":"SIM","quantity":"7559.000","price":"0.00087999","timestamp":1623954834,"volume":"6.65184441","buyTxId":"2ff5bca36cbe6e3d7c92ea52d51b9b7f0db9c6df","sellTxId":"ff4da701a138029f3ed1c5c94e19a777f562d5d7"}
{"index": {"_index":"sim","_id":"1151188"}}
	{"id":1151188,"type":"sell","buyer":"dcityfund","seller":"loganhate","symbol":"SIM","quantity":"186.000","price":"0.00079100","timestamp":1623955107,"volume":"0.14712600","buyTxId":"0b7469fd18dad4b5eb0215e1d6993100922303f1","sellTxId":"960d120676614141418d79d34dbb50633dc0c462"}
{"index": {"_index":"sim","_id":"1151195"}}
	{"id":1151195,"type":"sell","buyer":"dcityfund","seller":"razam","symbol":"SIM","quantity":"6.000","price":"0.00079100","timestamp":1623955431,"volume":"0.00474600","buyTxId":"0b7469fd18dad4b5eb0215e1d6993100922303f1","sellTxId":"d299e47a5fd7698a896e2d521d898972d2d53776"}
{"index": {"_index":"sim","_id":"1151202"}}
	{"id":1151202,"type":"sell","buyer":"dcityfund","seller":"ganjafarmer","symbol":"SIM","quantity":"1.086","price":"0.00079100","timestamp":1623956049,"volume":"0.00085903","buyTxId":"0b7469fd18dad4b5eb0215e1d6993100922303f1","sellTxId":"46435561a7f03fb23fbb99baebeeb0ff3e693379"}
{"index": {"_index":"sim","_id":"1151205"}}
	{"id":1151205,"type":"buy","buyer":"vcelier","seller":"nftmart.fees","symbol":"SIM","quantity":"3.909","price":"0.00087998","timestamp":1623956148,"volume":"0.00343984","buyTxId":"ac8c9288cbe4265aeb49c9bc500b64bc0c0659c4","sellTxId":"9161545154552964940b7f52f46e42be8860991d-0"}
{"index": {"_index":"sim","_id":"1151207"}}
	{"id":1151207,"type":"sell","buyer":"dcityfund","seller":"fantasycrypto","symbol":"SIM","quantity":"6573.116","price":"0.00079100","timestamp":1623956235,"volume":"5.19933475","buyTxId":"0b7469fd18dad4b5eb0215e1d6993100922303f1","sellTxId":"0acfa75292da180147fd1e84944e8c6bc69ecb24"}
{"index": {"_index":"sim","_id":"1151208"}}
	{"id":1151208,"type":"sell","buyer":"solovey6o2","seller":"fantasycrypto","symbol":"SIM","quantity":"7633.067","price":"0.00079001","timestamp":1623956235,"volume":"6.03019926","buyTxId":"465c0345a238843327abecaae12314da9d0f34c1","sellTxId":"0acfa75292da180147fd1e84944e8c6bc69ecb24"}
{"index": {"_index":"sim","_id":"1151209"}}
	{"id":1151209,"type":"sell","buyer":"themightyvolcano","seller":"fantasycrypto","symbol":"SIM","quantity":"6448.817","price":"0.00079000","timestamp":1623956235,"volume":"5.09456543","buyTxId":"76cf0ef22f41c142a415c5f8511e06765d430ef9","sellTxId":"0acfa75292da180147fd1e84944e8c6bc69ecb24"}
{"index": {"_index":"sim","_id":"1151230"}}
	{"id":1151230,"type":"sell","buyer":"themightyvolcano","seller":"balte","symbol":"SIM","quantity":"13784.832","price":"0.00079000","timestamp":1623957150,"volume":"10.89001728","buyTxId":"76cf0ef22f41c142a415c5f8511e06765d430ef9","sellTxId":"f2997a37cf7ba5a34eac3ea681311353c906647b"}
{"index": {"_index":"sim","_id":"1151231"}}
	{"id":1151231,"type":"sell","buyer":"jelly-cz","seller":"balte","symbol":"SIM","quantity":"31215.168","price":"0.00077011","timestamp":1623957150,"volume":"24.03911303","buyTxId":"MM-P-7890131-54866645-3-25-0","sellTxId":"f2997a37cf7ba5a34eac3ea681311353c906647b"}
{"index": {"_index":"sim","_id":"1151273"}}
	{"id":1151273,"type":"sell","buyer":"jelly-cz","seller":"trumpman","symbol":"SIM","quantity":"1953.882","price":"0.00077011","timestamp":1623958380,"volume":"1.50470407","buyTxId":"MM-P-7890131-54866645-3-25-0","sellTxId":"59a6e9d0381543f4608ea95d14380d6b1a6efabd"}
{"index": {"_index":"sim","_id":"1151308"}}
	{"id":1151308,"type":"buy","buyer":"holoferncro","seller":"nftmart.fees","symbol":"SIM","quantity":"68.000","price":"0.00087898","timestamp":1623960195,"volume":"0.05977064","buyTxId":"9b98bc58ed272549b577f1e6c5aef2506f907b89","sellTxId":"406f4a1100d060bf0796319aeac98f05e3ae4944-0"}
{"index": {"_index":"sim","_id":"1151309"}}
	{"id":1151309,"type":"buy","buyer":"holoferncro","seller":"solovey6o2","symbol":"SIM","quantity":"5607.000","price":"0.00087899","timestamp":1623960219,"volume":"4.92849693","buyTxId":"ab8b92e1aad8768d907129049653e1a34a20f88e","sellTxId":"0109873afaea9dc56f9abd70bee8f34c668b491b"}
{"index": {"_index":"sim","_id":"1151316"}}
	{"id":1151316,"type":"sell","buyer":"jelly-cz","seller":"darmst5339","symbol":"SIM","quantity":"0.698","price":"0.00077302","timestamp":1623960708,"volume":"0.00053957","buyTxId":"MM-P-7892419-54868941-3-25-0","sellTxId":"42283677f05687323e5d18121a2b4e19a92a1b01"}
{"index": {"_index":"sim","_id":"1151337"}}
	{"id":1151337,"type":"sell","buyer":"solovey6o2","seller":"willsaldeno","symbol":"SIM","quantity":"4883.000","price":"0.00077303","timestamp":1623961449,"volume":"3.77470549","buyTxId":"254b1bd1243574162598a11a981b21681359e129","sellTxId":"c3cbbc987ef5f714ba44e9de3666d406dd80c013"}
{"index": {"_index":"sim","_id":"1151342"}}
	{"id":1151342,"type":"sell","buyer":"solovey6o2","seller":"bitcoinflood","symbol":"SIM","quantity":"2438.423","price":"0.00077303","timestamp":1623961782,"volume":"1.88497413","buyTxId":"254b1bd1243574162598a11a981b21681359e129","sellTxId":"ab90f3f6a7d797f145008ae205d083567ecbb6d7"}
{"index": {"_index":"sim","_id":"1151347"}}
	{"id":1151347,"type":"buy","buyer":"konvik","seller":"mawit07","symbol":"SIM","quantity":"10000.000","price":"0.00080000","timestamp":1623961971,"volume":"8.00000000","buyTxId":"202e64aff9cb325797ae0b4ed6e18f184a2fc2ee-0","sellTxId":"5b9ceb466fecdf411e31973f2e44aebe922b1ab9"}
{"index": {"_index":"sim","_id":"1151368"}}
	{"id":1151368,"type":"buy","buyer":"automaton","seller":"nftmart.fees","symbol":"SIM","quantity":"60.000","price":"0.00087897","timestamp":1623962649,"volume":"0.05273820","buyTxId":"1ca90e76917b992ea1ac83c59c59b69b32653ca3","sellTxId":"6e8b27f0dbc03e522a0b2e745c0263e4271dcc6b-0"}
{"index": {"_index":"sim","_id":"1151369"}}
	{"id":1151369,"type":"buy","buyer":"automaton","seller":"shaktidas2020","symbol":"SIM","quantity":"1340.000","price":"0.00087898","timestamp":1623962649,"volume":"1.17783320","buyTxId":"1ca90e76917b992ea1ac83c59c59b69b32653ca3","sellTxId":"6667f61eff9f6fcc444ee40e2ad2d2832e02c066"}
{"index": {"_index":"sim","_id":"1151394"}}
	{"id":1151394,"type":"sell","buyer":"jelly-cz","seller":"deathwing","symbol":"SIM","quantity":"710","price":"0.00077305","timestamp":1623963306,"volume":"0.54886550","buyTxId":"MM-P-7893709-54870239-3-25-0","sellTxId":"3b759e2b8d18ad1d13120be7c22644cae0cfefc2-0"}
{"index": {"_index":"sim","_id":"1151413"}}
	{"id":1151413,"type":"buy","buyer":"master-lamps","seller":"nftmart.fees","symbol":"SIM","quantity":"52.000","price":"0.00087895","timestamp":1623963543,"volume":"0.04570540","buyTxId":"3f798f853523c3732020325d9446d6e2b4617801","sellTxId":"f621b0c1f2c4c11f05160d1c9a5e2da55a3c7c17-0"}
{"index": {"_index":"sim","_id":"1151423"}}
	{"id":1151423,"type":"sell","buyer":"master-lamps","seller":"worldfinances","symbol":"SIM","quantity":"857.198","price":"0.00087895","timestamp":1623963690,"volume":"0.75343418","buyTxId":"3f798f853523c3732020325d9446d6e2b4617801","sellTxId":"8c2b69eaed146f2158c712e8381f9d4ee97270fa"}
{"index": {"_index":"sim","_id":"1151429"}}
	{"id":1151429,"type":"buy","buyer":"automaton","seller":"solovey6o2","symbol":"SIM","quantity":"800.000","price":"0.00087896","timestamp":1623964086,"volume":"0.70316800","buyTxId":"eb8aa980386148df8a463ffaa1b0bc75bf11774e","sellTxId":"e574c53c6be427f87d04703234b24c289634cfac"}
{"index": {"_index":"sim","_id":"1151435"}}
	{"id":1151435,"type":"buy","buyer":"master-lamps","seller":"nftmart.fees","symbol":"SIM","quantity":"45.000","price":"0.00087895","timestamp":1623964389,"volume":"0.03955275","buyTxId":"3956f5fb3146d679efc9f251fc24e4dd2fb1cc39","sellTxId":"44a710d7602a3a2ae50ee0fad791f179bcdfa858-0"}
{"index": {"_index":"sim","_id":"1151436"}}
	{"id":1151436,"type":"buy","buyer":"master-lamps","seller":"solovey6o2","symbol":"SIM","quantity":"434.626","price":"0.00087896","timestamp":1623964389,"volume":"0.38201887","buyTxId":"3956f5fb3146d679efc9f251fc24e4dd2fb1cc39","sellTxId":"e574c53c6be427f87d04703234b24c289634cfac"}
{"index": {"_index":"sim","_id":"1151440"}}
	{"id":1151440,"type":"buy","buyer":"emergehealthier","seller":"solovey6o2","symbol":"SIM","quantity":"700.000","price":"0.00087896","timestamp":1623964653,"volume":"0.61527200","buyTxId":"d551bd7479587b09ed1cf6c5cb6bb1809bd53bab","sellTxId":"e574c53c6be427f87d04703234b24c289634cfac"}
{"index": {"_index":"sim","_id":"1151444"}}
	{"id":1151444,"type":"sell","buyer":"jelly-cz","seller":"solarpowers","symbol":"SIM","quantity":"14106.000","price":"0.00077305","timestamp":1623965298,"volume":"10.90464330","buyTxId":"MM-P-7893709-54870239-3-25-0","sellTxId":"ae144951d8b449e048e9bccde76bbf82b22e6b25"}
{"index": {"_index":"sim","_id":"1151511"}}
	{"id":1151511,"type":"buy","buyer":"eldonburr","seller":"nftmart.fees","symbol":"SIM","quantity":"50.000","price":"0.00087895","timestamp":1623968547,"volume":"0.04394750","buyTxId":"55596600774e23193a1b8ad870d2452bd0f9ea47","sellTxId":"48134e9fa783fc08fcb8601bb40e3d2ceedfff11-0"}
{"index": {"_index":"sim","_id":"1151519"}}
	{"id":1151519,"type":"buy","buyer":"whitelightxpress","seller":"nftmart.fees","symbol":"SIM","quantity":"11.600","price":"0.00087895","timestamp":1623968898,"volume":"0.01019582","buyTxId":"3ff6f6f15fa6bbbc0deba59db6472b2e0ca3ab6c","sellTxId":"9ad50c81b7e51a9c7eb61cd33c5703d60fc713bb-0"}
{"index": {"_index":"sim","_id":"1151525"}}
	{"id":1151525,"type":"buy","buyer":"eldonburr","seller":"nftmart.fees","symbol":"SIM","quantity":"103.400","price":"0.00087895","timestamp":1623968973,"volume":"0.09088343","buyTxId":"93d27f544a91a85631dc437896a03869922c31b2","sellTxId":"9ad50c81b7e51a9c7eb61cd33c5703d60fc713bb-0"}
{"index": {"_index":"sim","_id":"1151526"}}
	{"id":1151526,"type":"buy","buyer":"eldonburr","seller":"solovey6o2","symbol":"SIM","quantity":"108.296","price":"0.00087896","timestamp":1623968973,"volume":"0.09518785","buyTxId":"93d27f544a91a85631dc437896a03869922c31b2","sellTxId":"e574c53c6be427f87d04703234b24c289634cfac"}
{"index": {"_index":"sim","_id":"1151553"}}
	{"id":1151553,"type":"sell","buyer":"dcityfund","seller":"pouchon","symbol":"SIM","quantity":"22665.095","price":"0.00079100","timestamp":1623969282,"volume":"17.92809015","buyTxId":"9ac2f58681289d6d93583c5f17d69835c32ccd6e","sellTxId":"f8463ba7ae6cef9f5477e41244ed2119becae96a"}
{"index": {"_index":"sim","_id":"1151583"}}
	{"id":1151583,"type":"sell","buyer":"dcityfund","seller":"wdougwatson","symbol":"SIM","quantity":"15.355","price":"0.00079100","timestamp":1623970872,"volume":"0.01214581","buyTxId":"9ac2f58681289d6d93583c5f17d69835c32ccd6e","sellTxId":"00df0be244805b86906331dbe10bbbf4daf3a142"}
{"index": {"_index":"sim","_id":"1151593"}}
	{"id":1151593,"type":"buy","buyer":"metzli","seller":"nftmart.fees","symbol":"SIM","quantity":"100.000","price":"0.00087895","timestamp":1623971172,"volume":"0.08789500","buyTxId":"507290c794093051f5b25890980593e7a03c32a3","sellTxId":"03822bd28b106793aaa706e806bb2af09bc66bba-0"}
{"index": {"_index":"sim","_id":"1151605"}}
	{"id":1151605,"type":"sell","buyer":"mary.janikowski","seller":"steemstreems","symbol":"SIM","quantity":"1850.001","price":"0.00080000","timestamp":1623971640,"volume":"1.48000080","buyTxId":"c540ea476e1969ef5431628750ff9352c5e09ad8","sellTxId":"d204eb7d11fb70f649fa124becc2e8febcdf0796"}
{"index": {"_index":"sim","_id":"1151614"}}
	{"id":1151614,"type":"sell","buyer":"mary.janikowski","seller":"jrcornel","symbol":"SIM","quantity":"4625.000","price":"0.00080000","timestamp":1623971916,"volume":"3.70000000","buyTxId":"c540ea476e1969ef5431628750ff9352c5e09ad8","sellTxId":"dd480f6e318d9945447cd71f0dd1f1f24a8de493"}
{"index": {"_index":"sim","_id":"1151618"}}
	{"id":1151618,"type":"sell","buyer":"mary.janikowski","seller":"bearbear613","symbol":"SIM","quantity":"245.003","price":"0.00080000","timestamp":1623972321,"volume":"0.19600240","buyTxId":"c540ea476e1969ef5431628750ff9352c5e09ad8","sellTxId":"6edc901294dc008f4c1d4bb564b2934ec311a21c"}
{"index": {"_index":"sim","_id":"1151624"}}
	{"id":1151624,"type":"sell","buyer":"mary.janikowski","seller":"steempower-001","symbol":"SIM","quantity":"0.010","price":"0.00080000","timestamp":1623972744,"volume":"0.00000800","buyTxId":"c540ea476e1969ef5431628750ff9352c5e09ad8","sellTxId":"ac3bd6b4cfa638d4dadb8730adc7506ece356737"}
{"index": {"_index":"sim","_id":"1151644"}}
	{"id":1151644,"type":"sell","buyer":"mary.janikowski","seller":"eldudu","symbol":"SIM","quantity":"30","price":"0.00080000","timestamp":1623973647,"volume":"0.02400000","buyTxId":"c540ea476e1969ef5431628750ff9352c5e09ad8","sellTxId":"a82ce2d85105411a79c8895fbbd754c7280e2aba"}
{"index": {"_index":"sim","_id":"1151680"}}
	{"id":1151680,"type":"sell","buyer":"dcityfund","seller":"daveks","symbol":"SIM","quantity":"6500.000","price":"0.00080100","timestamp":1623974769,"volume":"5.20650000","buyTxId":"c35525eb585339241e1279654f5b34518a91d45a","sellTxId":"47e8c22c45ac667f790d3c4649432dc5bd90fa25"}
{"index": {"_index":"sim","_id":"1151800"}}
	{"id":1151800,"type":"sell","buyer":"dcityfund","seller":"thegoliath","symbol":"SIM","quantity":"4306.704","price":"0.00080100","timestamp":1623977553,"volume":"3.44966990","buyTxId":"c35525eb585339241e1279654f5b34518a91d45a","sellTxId":"c5f7b619102ad4ee6f2b3e0cd20c69d07b48feeb"}
{"index": {"_index":"sim","_id":"1151818"}}
	{"id":1151818,"type":"sell","buyer":"dcityfund","seller":"he-index","symbol":"SIM","quantity":"573.087","price":"0.00080100","timestamp":1623978135,"volume":"0.45904269","buyTxId":"c35525eb585339241e1279654f5b34518a91d45a","sellTxId":"1c967a64a69305b714410d585b91e84dedc5aaf7"}
{"index": {"_index":"sim","_id":"1151909"}}
	{"id":1151909,"type":"sell","buyer":"mary.janikowski","seller":"brofi-market","symbol":"SIM","quantity":"90.679","price":"0.00081000","timestamp":1623981174,"volume":"0.07344999","buyTxId":"7ad2995393eb9d11d4e8fd8a762e0e2d108f0e1e","sellTxId":"371934f209144b3d321d10c9dde45102ff6799c7"}
{"index": {"_index":"sim","_id":"1151930"}}
	{"id":1151930,"type":"sell","buyer":"mary.janikowski","seller":"thesimguru","symbol":"SIM","quantity":"250.956","price":"0.00081000","timestamp":1623981828,"volume":"0.20327436","buyTxId":"7ad2995393eb9d11d4e8fd8a762e0e2d108f0e1e","sellTxId":"3dd9b9661e9fd16cafbc775caf4c21bb6078bd7d"}
{"index": {"_index":"sim","_id":"1151938"}}
	{"id":1151938,"type":"sell","buyer":"mary.janikowski","seller":"thesimguru","symbol":"SIM","quantity":"3051.365","price":"0.00081000","timestamp":1623981918,"volume":"2.47160565","buyTxId":"7ad2995393eb9d11d4e8fd8a762e0e2d108f0e1e","sellTxId":"c0925ee2e5839582df28bb51b29d9da8f718e3a6"}
{"index": {"_index":"sim","_id":"1151939"}}
	{"id":1151939,"type":"sell","buyer":"dcityfund","seller":"thesimguru","symbol":"SIM","quantity":"3648.540","price":"0.00080100","timestamp":1623981948,"volume":"2.92248054","buyTxId":"c35525eb585339241e1279654f5b34518a91d45a","sellTxId":"bb0fda1d2a1ee73fce16b8412397c62027f924c0"}
{"index": {"_index":"sim","_id":"1151943"}}
	{"id":1151943,"type":"sell","buyer":"dcityfund","seller":"hive.miner","symbol":"SIM","quantity":"475.955","price":"0.00080100","timestamp":1623982086,"volume":"0.38123996","buyTxId":"c35525eb585339241e1279654f5b34518a91d45a","sellTxId":"9113227cc80b837ebad3dc43520f2e40b6774eb1"}
{"index": {"_index":"sim","_id":"1151955"}}
	{"id":1151955,"type":"sell","buyer":"dcityfund","seller":"thatcryptodave","symbol":"SIM","quantity":"378.662","price":"0.00080100","timestamp":1623982326,"volume":"0.30330826","buyTxId":"c35525eb585339241e1279654f5b34518a91d45a","sellTxId":"8a238891c05ded6ce3c4773454fd059b411cc6d1"}
{"index": {"_index":"sim","_id":"1151962"}}
	{"id":1151962,"type":"sell","buyer":"dcityfund","seller":"theguruasia","symbol":"SIM","quantity":"220.404","price":"0.00080100","timestamp":1623982425,"volume":"0.17654360","buyTxId":"c35525eb585339241e1279654f5b34518a91d45a","sellTxId":"8349fd0b52f1411add0d7a009e8a7136d09ae77b"}
{"index": {"_index":"sim","_id":"1151973"}}
	{"id":1151973,"type":"buy","buyer":"master-lamps","seller":"nftmart.fees","symbol":"SIM","quantity":"27.110","price":"0.00087894","timestamp":1623982743,"volume":"0.02382806","buyTxId":"93c8d407f0efcb313292c725f8895f45186ef891","sellTxId":"26aea88e190270d52f35a8519d08b89ceebea514-0"}
{"index": {"_index":"sim","_id":"1151978"}}
	{"id":1151978,"type":"sell","buyer":"dcityfund","seller":"winebank","symbol":"SIM","quantity":"1020.000","price":"0.00080100","timestamp":1623983724,"volume":"0.81702000","buyTxId":"c35525eb585339241e1279654f5b34518a91d45a","sellTxId":"8d4cb68259f42f403a61988e5efae6426fcd22cd"}
{"index": {"_index":"sim","_id":"1152062"}}
	{"id":1152062,"type":"buy","buyer":"loro68","seller":"nftmart.fees","symbol":"SIM","quantity":"144.000","price":"0.00087889","timestamp":1623987648,"volume":"0.12656016","buyTxId":"be94cce17e8016edc079482c1ae9790a2aeb8311","sellTxId":"7463317d37891abc9e478c625e90482400dcabe6-0"}
{"index": {"_index":"sim","_id":"1152063"}}
	{"id":1152063,"type":"buy","buyer":"loro68","seller":"ecuaminte","symbol":"SIM","quantity":"956.000","price":"0.00087890","timestamp":1623987648,"volume":"0.84022840","buyTxId":"be94cce17e8016edc079482c1ae9790a2aeb8311","sellTxId":"bed49943c3a62ec1f4654628d3db819a1e45e45e"}
{"index": {"_index":"sim","_id":"1152111"}}
	{"id":1152111,"type":"sell","buyer":"dcityfund","seller":"quantumg","symbol":"SIM","quantity":"613.500","price":"0.00080100","timestamp":1623989886,"volume":"0.49141350","buyTxId":"c35525eb585339241e1279654f5b34518a91d45a","sellTxId":"a5bab0f70b412a3d956bc199357842db1421cdd5"}
{"index": {"_index":"sim","_id":"1152125"}}
	{"id":1152125,"type":"sell","buyer":"dcityfund","seller":"lifeskills-tv","symbol":"SIM","quantity":"810.478","price":"0.00080100","timestamp":1623990810,"volume":"0.64919288","buyTxId":"c35525eb585339241e1279654f5b34518a91d45a","sellTxId":"3cecd212944fa45a92d3c81c0464b3a9a995c86b"}
{"index": {"_index":"sim","_id":"1152132"}}
	{"id":1152132,"type":"buy","buyer":"metzli","seller":"nftmart.fees","symbol":"SIM","quantity":"125.000","price":"0.00087889","timestamp":1623990912,"volume":"0.10986125","buyTxId":"199a314d1905cbcbff0c45481f85fb6c1063649f","sellTxId":"afe76f5133dd3b5e4e20d0578fb41016cf0f89ab-0"}
{"index": {"_index":"sim","_id":"1152139"}}
	{"id":1152139,"type":"sell","buyer":"dcityfund","seller":"thatcryptodave","symbol":"SIM","quantity":"250.000","price":"0.00080100","timestamp":1623990996,"volume":"0.20025000","buyTxId":"c35525eb585339241e1279654f5b34518a91d45a","sellTxId":"8ddc832d8319fa08fb6d55b4e22b57136fa7081a"}
