{"index": {"_index":"sim","_id":"2592806"}}
	{"id":2592806,"type":"sell","buyer":"pi-trader","seller":"theshaki","symbol":"SIM","quantity":"44.460","price":"0.00052001","timestamp":1642651227,"volume":"0.02311964","buyTxId":"4f566207002a498bc0e3c845e30f4eecb98d0ab3-1","sellTxId":"f95fee59809da03c61a92c82437ba780b31501e8"}
{"index": {"_index":"sim","_id":"2592829"}}
	{"id":2592829,"type":"sell","buyer":"pi-trader","seller":"hive.miner","symbol":"SIM","quantity":"27.008","price":"0.00052001","timestamp":1642651602,"volume":"0.01404443","buyTxId":"fc2a5d4900ef92d25ec104491917d3e6f61202c6-1","sellTxId":"ab8bf6c14b978b2638a8481275759a9d2d4f8ce7"}
{"index": {"_index":"sim","_id":"2592831"}}
	{"id":2592831,"type":"sell","buyer":"pi-trader","seller":"thatcryptodave","symbol":"SIM","quantity":"481.390","price":"0.00052001","timestamp":1642651629,"volume":"0.25032761","buyTxId":"fc2a5d4900ef92d25ec104491917d3e6f61202c6-1","sellTxId":"6c5f19e027bcc145beba522152c3147f61cb5376"}
{"index": {"_index":"sim","_id":"2592889"}}
	{"id":2592889,"type":"sell","buyer":"pi-trader","seller":"steem82868","symbol":"SIM","quantity":"1.472","price":"0.00052001","timestamp":1642652205,"volume":"0.00076545","buyTxId":"ec42570c3ec450152bc5e5e56b3520e195caba53-3","sellTxId":"f7173af3fbefe54083b8b18b237c2618d97d10d9"}
{"index": {"_index":"sim","_id":"2592962"}}
	{"id":2592962,"type":"sell","buyer":"pi-trader","seller":"hirohurl","symbol":"SIM","quantity":"36.093","price":"0.00052001","timestamp":1642653108,"volume":"0.01876872","buyTxId":"2860f28c6e23eb62cc1b2df68dec3999217a2f8e-1","sellTxId":"b7e51d4844f061c7053934b0d1c0ee03948dcc75"}
{"index": {"_index":"sim","_id":"2593191"}}
	{"id":2593191,"type":"sell","buyer":"pi-trader","seller":"boycharliefamily","symbol":"SIM","quantity":"8433.536","price":"0.00052001","timestamp":1642655337,"volume":"4.38552306","buyTxId":"79792a377641d5d2182ccf20eab0d0b422c242fb-1","sellTxId":"64d3a6f836df235b6033154e8c4bf4b221b26950"}
{"index": {"_index":"sim","_id":"2593442"}}
	{"id":2593442,"type":"sell","buyer":"automaton","seller":"digital-fortress","symbol":"SIM","quantity":"2.741","price":"0.00056000","timestamp":1642659309,"volume":"0.00153496","buyTxId":"15227409cbdd8874e6034e3d330243d5be22126a","sellTxId":"ac2bffcde90ea7c1531bc439984d793549926ba6"}
{"index": {"_index":"sim","_id":"2593459"}}
	{"id":2593459,"type":"buy","buyer":"automaton","seller":"jelly-cz","symbol":"SIM","quantity":"800.000","price":"0.00056375","timestamp":1642659444,"volume":"0.45100000","buyTxId":"251f565499b0c69107391e0389e2b3b7d71bc125","sellTxId":"MM-P-14096123-61083316-3-33-0"}
{"index": {"_index":"sim","_id":"2593715"}}
	{"id":2593715,"type":"sell","buyer":"pi-trader","seller":"kasaisoul","symbol":"SIM","quantity":"0.218","price":"0.00052601","timestamp":1642662228,"volume":"0.00011467","buyTxId":"2e621cf97cbf017e06fbf2b65c996660caa0a6b4-0","sellTxId":"d20751739f2a6581c32d19241a5256f09b884bb8"}
{"index": {"_index":"sim","_id":"2593956"}}
	{"id":2593956,"type":"sell","buyer":"pi-trader","seller":"razam","symbol":"SIM","quantity":"3.000","price":"0.00052601","timestamp":1642665879,"volume":"0.00157803","buyTxId":"acbb49e82e633208ca3c6fad6462d1b1226b68c0-2","sellTxId":"c4cd2bf0e3560c9981063ada04d16f036c440902"}
{"index": {"_index":"sim","_id":"2594072"}}
	{"id":2594072,"type":"sell","buyer":"pi-trader","seller":"anosys","symbol":"SIM","quantity":"19.004","price":"0.00052601","timestamp":1642667604,"volume":"0.00999629","buyTxId":"bfffbe356bb0a0dd05126958f5f6ba8636a4c06a-3","sellTxId":"5094d39d5b881984e0cd5a7df1663529c7b1e5d5"}
{"index": {"_index":"sim","_id":"2594215"}}
	{"id":2594215,"type":"buy","buyer":"johndieo","seller":"jelly-cz","symbol":"SIM","quantity":"2.000","price":"0.00056323","timestamp":1642669500,"volume":"0.00112646","buyTxId":"3d6796e5a22874bf8aaf1db08f8752697186fc82","sellTxId":"MM-P-14098813-61086006-3-33-0"}
{"index": {"_index":"sim","_id":"2594478"}}
	{"id":2594478,"type":"sell","buyer":"pi-trader","seller":"mfblack","symbol":"SIM","quantity":"30000.000","price":"0.00052601","timestamp":1642672848,"volume":"15.78030000","buyTxId":"18e5135248ab5e68c5832ce1abdcf56e32bd8b96-1","sellTxId":"80f16338131dac8cec5c1df790b0aec56a84829c"}
{"index": {"_index":"sim","_id":"2594593"}}
	{"id":2594593,"type":"sell","buyer":"pi-trader","seller":"emsonic","symbol":"SIM","quantity":"16321.000","price":"0.00052601","timestamp":1642674180,"volume":"8.58500921","buyTxId":"361ee1121e2e3aacdf66718b6455c0fa34233f41-3","sellTxId":"2241de22933c60906ca52f263b09ce04d5017e88"}
{"index": {"_index":"sim","_id":"2594648"}}
	{"id":2594648,"type":"sell","buyer":"pi-trader","seller":"barterrick","symbol":"SIM","quantity":"336.840","price":"0.00052601","timestamp":1642674945,"volume":"0.17718121","buyTxId":"81ad6f6705922664a15ae73598db8f37f6b25a2b-3","sellTxId":"fd215d18755193ea5608649cdecf8c12bb7e2c56"}
{"index": {"_index":"sim","_id":"2594715"}}
	{"id":2594715,"type":"sell","buyer":"pi-trader","seller":"bearmol","symbol":"SIM","quantity":"0.202","price":"0.00052601","timestamp":1642675836,"volume":"0.00010625","buyTxId":"9a79ad52657a6b1394dd9c5db522d4b6fcb88409-3","sellTxId":"7acd0242d5f9b38ec75bdf42bf69f03bcd0fea6f"}
{"index": {"_index":"sim","_id":"2594997"}}
	{"id":2594997,"type":"buy","buyer":"cowboyzlegend27","seller":"jelly-cz","symbol":"SIM","quantity":"2214.000","price":"0.00056271","timestamp":1642677717,"volume":"1.24583994","buyTxId":"3227da0ab44004c0a2b1fe658f025f9d9f4b2581","sellTxId":"MM-P-14104199-61091393-3-33-0"}
{"index": {"_index":"sim","_id":"2595174"}}
	{"id":2595174,"type":"sell","buyer":"pi-trader","seller":"anderssinho","symbol":"SIM","quantity":"0.665","price":"0.00052601","timestamp":1642680027,"volume":"0.00034980","buyTxId":"265758d2729af5b709016b78655d5f126355d4c1-2","sellTxId":"c2771e28b5398d6306a2cdfc15dfcfa58d8f030f"}
{"index": {"_index":"sim","_id":"2595264"}}
	{"id":2595264,"type":"sell","buyer":"dadspardan","seller":"notak1","symbol":"SIM","quantity":"11103.000","price":"0.00056000","timestamp":1642680915,"volume":"6.21768000","buyTxId":"61d5283190699433008bfbab98b5294b2f90f2e8","sellTxId":"63107e47aceff679457c2d26e5e035e0602a3f7c"}
{"index": {"_index":"sim","_id":"2595283"}}
	{"id":2595283,"type":"sell","buyer":"pi-trader","seller":"andy4475","symbol":"SIM","quantity":"68.813","price":"0.00052001","timestamp":1642681275,"volume":"0.03578345","buyTxId":"adfd7cbc043860a5fe2098d118dc79b7a4f6288c-0","sellTxId":"0345771e105e6b484baf992279f66713b68c6f49"}
{"index": {"_index":"sim","_id":"2595478"}}
	{"id":2595478,"type":"sell","buyer":"pi-trader","seller":"bilpcoinbpc","symbol":"SIM","quantity":"21.061","price":"0.00052001","timestamp":1642683441,"volume":"0.01095193","buyTxId":"60f59ef2fbf2b0c017dff816763f6918aed201af-1","sellTxId":"8f5f496d30e65fb08a2a3cf8e89fcdae9a2fbbce"}
{"index": {"_index":"sim","_id":"2595634"}}
	{"id":2595634,"type":"buy","buyer":"jjprac","seller":"jelly-cz","symbol":"SIM","quantity":"3500.000","price":"0.00056271","timestamp":1642684773,"volume":"1.96948500","buyTxId":"1ad4734c93ce34b5e0d8bf2971a550d6483d2085","sellTxId":"MM-P-14104199-61091393-3-33-0"}
{"index": {"_index":"sim","_id":"2596397"}}
	{"id":2596397,"type":"buy","buyer":"soteyapanbot","seller":"myvest","symbol":"SIM","quantity":"292.506","price":"0.00056000","timestamp":1642693077,"volume":"0.16380336","buyTxId":"d09e4e198799a25ba33216326fa01f8c2da84b9e","sellTxId":"caf9687a5f30165676d54829fef1de6e06ca93e7"}
{"index": {"_index":"sim","_id":"2596398"}}
	{"id":2596398,"type":"sell","buyer":"soteyapanbot","seller":"svirus","symbol":"SIM","quantity":"7649.610","price":"0.00056000","timestamp":1642693080,"volume":"4.28378160","buyTxId":"d09e4e198799a25ba33216326fa01f8c2da84b9e","sellTxId":"b7c10f1038fac630b9129a3e981f74a24191e17f-1"}
{"index": {"_index":"sim","_id":"2596451"}}
	{"id":2596451,"type":"sell","buyer":"soteyapanbot","seller":"chronocrypto","symbol":"SIM","quantity":"0.009","price":"0.00056000","timestamp":1642693485,"volume":"0.00000504","buyTxId":"d09e4e198799a25ba33216326fa01f8c2da84b9e","sellTxId":"e22ea25a30c337f45e309c14532d039e72e15e37"}
{"index": {"_index":"sim","_id":"2596452"}}
	{"id":2596452,"type":"sell","buyer":"pi-trader","seller":"chronocrypto","symbol":"SIM","quantity":"10173.870","price":"0.00052001","timestamp":1642693485,"volume":"5.29051414","buyTxId":"924a9a79db188d5ccae3e327330c59ceda044fd8-3","sellTxId":"e22ea25a30c337f45e309c14532d039e72e15e37"}
{"index": {"_index":"sim","_id":"2596484"}}
	{"id":2596484,"type":"sell","buyer":"pi-trader","seller":"imperij4427","symbol":"SIM","quantity":"17687.000","price":"0.00052001","timestamp":1642693614,"volume":"9.19741687","buyTxId":"c75e256a11b3cbf4654f4319bbc51a8b533279e2-3","sellTxId":"3b583f2b2838f7d0313e5067789fc9957a7acbaf"}
{"index": {"_index":"sim","_id":"2596512"}}
	{"id":2596512,"type":"sell","buyer":"pi-trader","seller":"imperij4427","symbol":"SIM","quantity":"23750.000","price":"0.00052001","timestamp":1642693914,"volume":"12.35023750","buyTxId":"72c63f7aa25e97b61a0861d8755b409179a68776-3","sellTxId":"3cc0ab0765ef4eb679b23d4e7c05778ddab5a8da"}
{"index": {"_index":"sim","_id":"2596601"}}
	{"id":2596601,"type":"sell","buyer":"pi-trader","seller":"brofi-market","symbol":"SIM","quantity":"0.005","price":"0.00052001","timestamp":1642694997,"volume":"0.00000260","buyTxId":"909421183b264818e22237751690bd25835577a1-5","sellTxId":"38cb4aca978cdba5036144f8e1b1a262e01629f3"}
{"index": {"_index":"sim","_id":"2596640"}}
	{"id":2596640,"type":"buy","buyer":"worldfinances","seller":"jelly-cz","symbol":"SIM","quantity":"1815.307","price":"0.00056064","timestamp":1642695333,"volume":"1.01773372","buyTxId":"337c6148870a1162c858177f2d72242c0aa2fd61","sellTxId":"MM-P-14110186-61097383-3-33-0"}
{"index": {"_index":"sim","_id":"2596707"}}
	{"id":2596707,"type":"sell","buyer":"pi-trader","seller":"darth-azrael","symbol":"SIM","quantity":"29.382","price":"0.00052001","timestamp":1642696158,"volume":"0.01527893","buyTxId":"4b26980a16be733617cf881446634ffb91a56bcc-1","sellTxId":"83a5343a7406e239d41a44a117d94278ee293dbc"}
{"index": {"_index":"sim","_id":"2596846"}}
	{"id":2596846,"type":"buy","buyer":"konvik","seller":"jelly-cz","symbol":"SIM","quantity":"96639.693","price":"0.00056064","timestamp":1642697109,"volume":"54.18007748","buyTxId":"e76406ca2d549060e6036ed4866a5f20a710f23d-0","sellTxId":"MM-P-14110186-61097383-3-33-0"}
{"index": {"_index":"sim","_id":"2596847"}}
	{"id":2596847,"type":"buy","buyer":"konvik","seller":"brofi-market","symbol":"SIM","quantity":"0.005","price":"0.00056115","timestamp":1642697109,"volume":"0.00000281","buyTxId":"e76406ca2d549060e6036ed4866a5f20a710f23d-0","sellTxId":"186a44338089bd3de497678153a1f2137db0c78a"}
{"index": {"_index":"sim","_id":"2596858"}}
	{"id":2596858,"type":"sell","buyer":"pi-trader","seller":"jesuscarrion","symbol":"SIM","quantity":"119.000","price":"0.00052001","timestamp":1642697238,"volume":"0.06188119","buyTxId":"eebaf54a619be157c7cee4c8578e3d7baaa0b5ee-2","sellTxId":"949d977312b96cf48dd4b02e0c4bbbdf016cda54"}
{"index": {"_index":"sim","_id":"2597125"}}
	{"id":2597125,"type":"buy","buyer":"automaton","seller":"jelly-cz","symbol":"SIM","quantity":"600.000","price":"0.00056791","timestamp":1642698690,"volume":"0.34074600","buyTxId":"201e6dc54635713fd52746edcda1ec7b6cbb14a2","sellTxId":"MM-P-14111185-61098382-3-33-0"}
{"index": {"_index":"sim","_id":"2597232"}}
	{"id":2597232,"type":"sell","buyer":"pi-trader","seller":"cryptomaniacsgr","symbol":"SIM","quantity":"3683.000","price":"0.00052001","timestamp":1642699380,"volume":"1.91519683","buyTxId":"a9376371deb1a9d3e59805a4236e9081b85ef5ff-4","sellTxId":"bff097f7ab330a92a1986f77c6d87f9bda8aeda4"}
{"index": {"_index":"sim","_id":"2597412"}}
	{"id":2597412,"type":"buy","buyer":"automaton","seller":"jelly-cz","symbol":"SIM","quantity":"600.000","price":"0.00056791","timestamp":1642700820,"volume":"0.34074600","buyTxId":"66d281a6231d1c07b85098930c8943881f10d758","sellTxId":"MM-P-14111185-61098382-3-33-0"}
{"index": {"_index":"sim","_id":"2597793"}}
	{"id":2597793,"type":"sell","buyer":"pi-trader","seller":"desertfox88","symbol":"SIM","quantity":"90000.000","price":"0.00052003","timestamp":1642703031,"volume":"46.80270000","buyTxId":"f59e5296d38775464ee47fe45bb1f65223dfeb37-5","sellTxId":"e8258364fc9c8850fa02785c055c4123b222b0ff"}
{"index": {"_index":"sim","_id":"2597940"}}
	{"id":2597940,"type":"sell","buyer":"pi-trader","seller":"velourex","symbol":"SIM","quantity":"95313.830","price":"0.00052001","timestamp":1642703877,"volume":"49.56414474","buyTxId":"164a6cd076bd5613d7e7dbaa22897f79f7b998be-4","sellTxId":"4314b0ee6bec9085cd38cee767be863a0cc824d5"}
{"index": {"_index":"sim","_id":"2598056"}}
	{"id":2598056,"type":"buy","buyer":"stickupcash","seller":"jelly-cz","symbol":"SIM","quantity":"1.000","price":"0.00055949","timestamp":1642704558,"volume":"0.00055949","buyTxId":"868b4523867ed0536ef250b96cd0736bdeccbfdf","sellTxId":"MM-P-14112878-61100075-3-33-0"}
{"index": {"_index":"sim","_id":"2598091"}}
	{"id":2598091,"type":"sell","buyer":"stickupcash","seller":"jelly-cz","symbol":"SIM","quantity":"1.000","price":"0.00055949","timestamp":1642704732,"volume":"0.00055949","buyTxId":"868b4523867ed0536ef250b96cd0736bdeccbfdf","sellTxId":"MM-P-14113378-61100575-3-33-0"}
{"index": {"_index":"sim","_id":"2598109"}}
	{"id":2598109,"type":"sell","buyer":"stickupcash","seller":"jelly-cz","symbol":"SIM","quantity":"1.000","price":"0.00055949","timestamp":1642705032,"volume":"0.00055949","buyTxId":"868b4523867ed0536ef250b96cd0736bdeccbfdf","sellTxId":"MM-P-14113478-61100675-3-33-0"}
{"index": {"_index":"sim","_id":"2598139"}}
	{"id":2598139,"type":"sell","buyer":"stickupcash","seller":"jelly-cz","symbol":"SIM","quantity":"1.000","price":"0.00055949","timestamp":1642705332,"volume":"0.00055949","buyTxId":"868b4523867ed0536ef250b96cd0736bdeccbfdf","sellTxId":"MM-P-14113577-61100774-3-33-0"}
{"index": {"_index":"sim","_id":"2598154"}}
	{"id":2598154,"type":"sell","buyer":"stickupcash","seller":"aliveprojects","symbol":"SIM","quantity":"73.772","price":"0.00055949","timestamp":1642705527,"volume":"0.04127470","buyTxId":"868b4523867ed0536ef250b96cd0736bdeccbfdf","sellTxId":"f8f40be270ff09c7aa12c59808df2ecc09cb0b04"}
{"index": {"_index":"sim","_id":"2598169"}}
	{"id":2598169,"type":"sell","buyer":"stickupcash","seller":"jelly-cz","symbol":"SIM","quantity":"1.000","price":"0.00055949","timestamp":1642705632,"volume":"0.00055949","buyTxId":"868b4523867ed0536ef250b96cd0736bdeccbfdf","sellTxId":"MM-P-14113676-61100873-3-33-0"}
{"index": {"_index":"sim","_id":"2598182"}}
	{"id":2598182,"type":"sell","buyer":"stickupcash","seller":"lammbock","symbol":"SIM","quantity":"330.228","price":"0.00055949","timestamp":1642705665,"volume":"0.18475926","buyTxId":"868b4523867ed0536ef250b96cd0736bdeccbfdf","sellTxId":"ede5dab8130f64db78e24ac1811a608039b3a4f9"}
{"index": {"_index":"sim","_id":"2598218"}}
	{"id":2598218,"type":"sell","buyer":"pi-trader","seller":"futuremind","symbol":"SIM","quantity":"8593.676","price":"0.00052001","timestamp":1642705920,"volume":"4.46879746","buyTxId":"ac8eda282680b6ea1540078b2221ca241cacc1a0-3","sellTxId":"d2c65a8c739d7ef1f156a8e4efc0f49d3a0772cc"}
{"index": {"_index":"sim","_id":"2598438"}}
	{"id":2598438,"type":"sell","buyer":"pi-trader","seller":"lisamgentile1961","symbol":"SIM","quantity":"41.974","price":"0.00052002","timestamp":1642708194,"volume":"0.02182732","buyTxId":"862f04d2a5f7b7a414d9c24dde381a4a089c5244-3","sellTxId":"5ca0b5246ca0fa5e57e1d279bb6ef71931139b6b"}
{"index": {"_index":"sim","_id":"2598546"}}
	{"id":2598546,"type":"sell","buyer":"pi-trader","seller":"jrcornel","symbol":"SIM","quantity":"77692.000","price":"0.00052002","timestamp":1642709007,"volume":"40.40139384","buyTxId":"192ceb6ffc24d88869a54937e80bdc5367427ec0-3","sellTxId":"c6aea16f433e15bf2be78d3741e7a339cbfb9d86"}
{"index": {"_index":"sim","_id":"2598755"}}
	{"id":2598755,"type":"buy","buyer":"notak1","seller":"vincentnijman","symbol":"SIM","quantity":"2093.000","price":"0.00055000","timestamp":1642710726,"volume":"1.15115000","buyTxId":"1eb8e0cbbe5783b48f7aed698895d3296db09fc8","sellTxId":"35e2a476aeac69c8a28ad88cea0e748580fdd8e6"}
{"index": {"_index":"sim","_id":"2599007"}}
	{"id":2599007,"type":"sell","buyer":"pi-trader","seller":"elricmoonslayer","symbol":"SIM","quantity":"73.015","price":"0.00053001","timestamp":1642713171,"volume":"0.03869868","buyTxId":"28dc702b445f2339e1d83c109313167c57f54925-1","sellTxId":"7d40181335d7ca445ec88912962eb23018283a28"}
{"index": {"_index":"sim","_id":"2599027"}}
	{"id":2599027,"type":"sell","buyer":"pi-trader","seller":"kasaisoul","symbol":"SIM","quantity":"0.010","price":"0.00053001","timestamp":1642713441,"volume":"0.00000530","buyTxId":"40270a836b27f251010fd359828f6dab3bdbb2c1-1","sellTxId":"f39fea69c65423126dfeb4aa60b8b88830a8eefa"}
{"index": {"_index":"sim","_id":"2599131"}}
	{"id":2599131,"type":"sell","buyer":"pi-trader","seller":"boycharliefamily","symbol":"SIM","quantity":"5955.006","price":"0.00053001","timestamp":1642714848,"volume":"3.15621273","buyTxId":"e8254eb2afe2e745a6b6e63094dc0bc20b057092-1","sellTxId":"76b6d81e2ade9827ebc73c5a9f41d7760e4a04ca"}
{"index": {"_index":"sim","_id":"2599245"}}
	{"id":2599245,"type":"sell","buyer":"pi-trader","seller":"heikki1337","symbol":"SIM","quantity":"7171.660","price":"0.00053001","timestamp":1642715832,"volume":"3.80105152","buyTxId":"48c09c7647594921fd14ae2aeebc448cae3d6350-3","sellTxId":"35cabdbd035e380d07af8bed38d9b246da99745e"}
{"index": {"_index":"sim","_id":"2599363"}}
	{"id":2599363,"type":"sell","buyer":"pi-trader","seller":"jwjqu.wam","symbol":"SIM","quantity":"1709.000","price":"0.00053001","timestamp":1642717248,"volume":"0.90578709","buyTxId":"2b5cf3a2565dc04e5af4aec1993ea41162ea2d19-3","sellTxId":"fe79d05222e2f5eaae74886a96c47064872dac3c"}
{"index": {"_index":"sim","_id":"2599429"}}
	{"id":2599429,"type":"sell","buyer":"pi-trader","seller":"earaya","symbol":"SIM","quantity":"1942.000","price":"0.00053001","timestamp":1642717800,"volume":"1.02927942","buyTxId":"8e993d14af57a3bd9ab60b07411d188e25c8bc4d-3","sellTxId":"2cc12e986bf871d5d985437e398f5c720a1218a5"}
{"index": {"_index":"sim","_id":"2599514"}}
	{"id":2599514,"type":"buy","buyer":"stephyymullen","seller":"axeman","symbol":"SIM","quantity":"1048.000","price":"0.00055900","timestamp":1642718700,"volume":"0.58583200","buyTxId":"39a023109a85a44443ad27c9c4e9d44c1f52b82f","sellTxId":"b6dde4efeb38f1711a06689fcd9d82f576975d1a"}
{"index": {"_index":"sim","_id":"2599542"}}
	{"id":2599542,"type":"buy","buyer":"stephyymullen","seller":"jelly-cz","symbol":"SIM","quantity":"1.000","price":"0.00055949","timestamp":1642718826,"volume":"0.00055949","buyTxId":"cde59ea8cca09721280eea230ee308b702e7862a","sellTxId":"MM-P-14113775-61100972-3-33-0"}
{"index": {"_index":"sim","_id":"2599543"}}
	{"id":2599543,"type":"sell","buyer":"stephyymullen","seller":"jelly-cz","symbol":"SIM","quantity":"1.000","price":"0.00055990","timestamp":1642718832,"volume":"0.00055990","buyTxId":"cde59ea8cca09721280eea230ee308b702e7862a","sellTxId":"MM-P-14118064-61105261-3-33-0"}
{"index": {"_index":"sim","_id":"2599569"}}
	{"id":2599569,"type":"sell","buyer":"stephyymullen","seller":"automaton","symbol":"SIM","quantity":"1758.584","price":"0.00055990","timestamp":1642718937,"volume":"0.98463118","buyTxId":"cde59ea8cca09721280eea230ee308b702e7862a","sellTxId":"2889e4691d5f65bd42d4c37759473834b84b7a75"}
{"index": {"_index":"sim","_id":"2599570"}}
	{"id":2599570,"type":"sell","buyer":"maryjane.main","seller":"automaton","symbol":"SIM","quantity":"12241.416","price":"0.00053000","timestamp":1642718937,"volume":"6.48795048","buyTxId":"05eab50dfa57bcf733b8a396e97fc18adff5b672","sellTxId":"2889e4691d5f65bd42d4c37759473834b84b7a75"}
{"index": {"_index":"sim","_id":"2599592"}}
	{"id":2599592,"type":"sell","buyer":"pi-trader","seller":"automaton","symbol":"SIM","quantity":"10000.000","price":"0.00053001","timestamp":1642719177,"volume":"5.30010000","buyTxId":"4c9eddc3556bc35b078a99c26e182d5317d67275-1","sellTxId":"05eb7e9dcb36657248923a0276c27723c252eda9"}
{"index": {"_index":"sim","_id":"2599619"}}
	{"id":2599619,"type":"sell","buyer":"pi-trader","seller":"automaton","symbol":"SIM","quantity":"8000.000","price":"0.00053001","timestamp":1642719528,"volume":"4.24008000","buyTxId":"aaba02289d793826d93540253c6540d66f96c5b3-3","sellTxId":"79b073e721612ad46eb04beeaacdc923c5f4d021"}
{"index": {"_index":"sim","_id":"2599654"}}
	{"id":2599654,"type":"sell","buyer":"pi-trader","seller":"he-index","symbol":"SIM","quantity":"170.171","price":"0.00053001","timestamp":1642719678,"volume":"0.09019233","buyTxId":"2f1ec137872358e5b68c5cedf26ff2ddbe0dce9b-3","sellTxId":"4b82a434d7891f5b25b96564d24bb1bb393b0358"}
{"index": {"_index":"sim","_id":"2600122"}}
	{"id":2600122,"type":"sell","buyer":"pi-trader","seller":"travelgirl","symbol":"SIM","quantity":"7907.000","price":"0.00053001","timestamp":1642723845,"volume":"4.19078907","buyTxId":"379301426447c8f3f976dc06da3883a7e192d23b-3","sellTxId":"3d00ad02e0ab590d954acd1e7c467dee15c2490b"}
{"index": {"_index":"sim","_id":"2600133"}}
	{"id":2600133,"type":"buy","buyer":"johndieo","seller":"jelly-cz","symbol":"SIM","quantity":"1.000","price":"0.00055949","timestamp":1642723956,"volume":"0.00055949","buyTxId":"960eea26bb320282dd157fb5affdc3fff915b37a","sellTxId":"MM-P-14118164-61105361-3-33-0"}
{"index": {"_index":"sim","_id":"2600148"}}
	{"id":2600148,"type":"sell","buyer":"pi-trader","seller":"brofi-market","symbol":"SIM","quantity":"0.004","price":"0.00053001","timestamp":1642724016,"volume":"0.00000212","buyTxId":"5a9d13d7b0f3aaa7b17fa0fe352019336f5cecfb-4","sellTxId":"2caa4b7b0b32b4e5695dbbcbc9a1e938a869a5f7"}
{"index": {"_index":"sim","_id":"2600151"}}
	{"id":2600151,"type":"buy","buyer":"johndieo","seller":"desyfit","symbol":"SIM","quantity":"3572.000","price":"0.00056000","timestamp":1642724025,"volume":"2.00032000","buyTxId":"0b01aafd6de1bef6f45f86301f603d548b978437","sellTxId":"fd4597323f7abb96597f24b6329e2ebe75d8f39b"}
{"index": {"_index":"sim","_id":"2600262"}}
	{"id":2600262,"type":"sell","buyer":"pi-trader","seller":"rarej","symbol":"SIM","quantity":"62027.625","price":"0.00053001","timestamp":1642725060,"volume":"32.87526153","buyTxId":"a950271bbe513b456c98f865e47c3a233dd44594-7","sellTxId":"6f0a3b2587d8450e75dc37d4edd51f99c3423199"}
{"index": {"_index":"sim","_id":"2600313"}}
	{"id":2600313,"type":"sell","buyer":"pi-trader","seller":"elianaicgomes","symbol":"SIM","quantity":"891.566","price":"0.00053001","timestamp":1642725417,"volume":"0.47253890","buyTxId":"aed6b373b993dc43ed4c90699df1eb30756b9f42-1","sellTxId":"3fc5ba4e678a0991309414649c0d65acffaced43"}
{"index": {"_index":"sim","_id":"2600547"}}
	{"id":2600547,"type":"buy","buyer":"johndieo","seller":"jelly-cz","symbol":"SIM","quantity":"315.000","price":"0.00055949","timestamp":1642727991,"volume":"0.17623935","buyTxId":"664bb9c8f1bc25232c9614cc8e250c064ea5a08b","sellTxId":"MM-P-14119858-61107055-3-33-0"}
{"index": {"_index":"sim","_id":"2600573"}}
	{"id":2600573,"type":"buy","buyer":"johndieo","seller":"jelly-cz","symbol":"SIM","quantity":"141.000","price":"0.00055949","timestamp":1642728372,"volume":"0.07888809","buyTxId":"d2410d58d4464ece4ec4562b0775be396b73b278","sellTxId":"MM-P-14119858-61107055-3-33-0"}
{"index": {"_index":"sim","_id":"2600703"}}
	{"id":2600703,"type":"sell","buyer":"pi-trader","seller":"minerthreat","symbol":"SIM","quantity":"2526.000","price":"0.00053001","timestamp":1642729803,"volume":"1.33880526","buyTxId":"39898e06fb1d5466705bbeaf45236f119ced97a3-4","sellTxId":"0a141047bb3f0070669dc934c2e2dfb7569897ae"}
{"index": {"_index":"sim","_id":"2600852"}}
	{"id":2600852,"type":"sell","buyer":"pi-trader","seller":"andy4475","symbol":"SIM","quantity":"39.125","price":"0.00053001","timestamp":1642731747,"volume":"0.02073664","buyTxId":"cbc9160b64cdfd03d3a662f32abcdf119ed92327-5","sellTxId":"10abb8ddd7fad46c78e131c4f5b3cfa507651abb"}
{"index": {"_index":"sim","_id":"2600890"}}
	{"id":2600890,"type":"sell","buyer":"pi-trader","seller":"votebetting","symbol":"SIM","quantity":"154.446","price":"0.00053001","timestamp":1642732113,"volume":"0.08185792","buyTxId":"2d7b0d9ee5c81c43d9abf7069ecc05294afd16ed-5","sellTxId":"0f6eca7da274b0b211aa2490e6a55bc0281b482b"}
{"index": {"_index":"sim","_id":"2600923"}}
	{"id":2600923,"type":"sell","buyer":"pi-trader","seller":"thatcryptodave","symbol":"SIM","quantity":"573.613","price":"0.00053001","timestamp":1642732470,"volume":"0.30402063","buyTxId":"4ec9e771b606650b4b1c1ed648a95ec54c0ab5ff-5","sellTxId":"ac7a011fb5149d5d015eadf553673eeffca7bfd1"}
{"index": {"_index":"sim","_id":"2601094"}}
	{"id":2601094,"type":"buy","buyer":"konvik","seller":"jelly-cz","symbol":"SIM","quantity":"76068.633","price":"0.00055949","timestamp":1642734873,"volume":"42.55963948","buyTxId":"f32ca6297bbf3bada2f7018a5d38248a7dc13c2d-0","sellTxId":"MM-P-14119858-61107055-3-33-0"}
{"index": {"_index":"sim","_id":"2601115"}}
	{"id":2601115,"type":"sell","buyer":"pi-trader","seller":"thatcryptodave","symbol":"SIM","quantity":"1065.000","price":"0.00053001","timestamp":1642735227,"volume":"0.56446065","buyTxId":"0404c0ea66b0765ed3cf485088b5ba19a22d622e-3","sellTxId":"8ef181e1936c2bbed39e0a164ec739cc9b2f19ee"}
{"index": {"_index":"sim","_id":"2601268"}}
	{"id":2601268,"type":"sell","buyer":"pi-trader","seller":"linco","symbol":"SIM","quantity":"1510.000","price":"0.00053001","timestamp":1642736829,"volume":"0.80031510","buyTxId":"1db71baa5557dc78cc7d6cf0ec46676e46e59b73-3","sellTxId":"87173810696cba4d87d3d8ef2e96161e8559373e"}
{"index": {"_index":"sim","_id":"2601298"}}
	{"id":2601298,"type":"sell","buyer":"pi-trader","seller":"goldcoin","symbol":"SIM","quantity":"18.163","price":"0.00053001","timestamp":1642737027,"volume":"0.00962657","buyTxId":"5fe12f56bd195c4c4862c288b565e661f7dc311e-7","sellTxId":"6718d1e8b66d9aa6a10e56deb9c9d733c85c7191"}
