{"index": {"_index":"sim","_id":"2320676"}}
	{"id":2320676,"type":"sell","buyer":"mmrx","seller":"andy4475","symbol":"SIM","quantity":"59.365","price":"0.00061866","timestamp":1639885101,"volume":"0.03672675","buyTxId":"MM-P-13175695-60162625-3-36-0","sellTxId":"8c354023ad91ff3f90f51dd5db047787fa67a357"}
{"index": {"_index":"sim","_id":"2320684"}}
	{"id":2320684,"type":"sell","buyer":"mmrx","seller":"dswap","symbol":"SIM","quantity":"78.409","price":"0.00061866","timestamp":1639885347,"volume":"0.04850851","buyTxId":"MM-P-13175695-60162625-3-36-0","sellTxId":"a501b6b1133d9f5d268d12b67283514d8dc9e115"}
{"index": {"_index":"sim","_id":"2320713"}}
	{"id":2320713,"type":"sell","buyer":"mmrx","seller":"mcity","symbol":"SIM","quantity":"1715.005","price":"0.00061866","timestamp":1639885836,"volume":"1.06100499","buyTxId":"MM-P-13175695-60162625-3-36-0","sellTxId":"0b087c2d610c88f6af741c3d86cbf8b302d3e926"}
{"index": {"_index":"sim","_id":"2320714"}}
	{"id":2320714,"type":"sell","buyer":"jelly-cz","seller":"mcity","symbol":"SIM","quantity":"100459.041","price":"0.00061865","timestamp":1639885836,"volume":"62.14898571","buyTxId":"MM-P-13173702-60160631-3-29-0","sellTxId":"0b087c2d610c88f6af741c3d86cbf8b302d3e926"}
{"index": {"_index":"sim","_id":"2320715"}}
	{"id":2320715,"type":"sell","buyer":"pokerarema","seller":"mcity","symbol":"SIM","quantity":"16970.954","price":"0.00061501","timestamp":1639885836,"volume":"10.43730642","buyTxId":"36c9511d8363c28b853c83d92e1d854e025251ad","sellTxId":"0b087c2d610c88f6af741c3d86cbf8b302d3e926"}
{"index": {"_index":"sim","_id":"2320785"}}
	{"id":2320785,"type":"sell","buyer":"pi-trader","seller":"brofi-market","symbol":"SIM","quantity":"0.001","price":"0.00061658","timestamp":1639887006,"volume":"0.00000062","buyTxId":"142b11157378f6f67552df07ce6ba639d4968aa4-5","sellTxId":"3bb3f55c36c4fe5f9c6c3d999180f67f6b52d1f6"}
{"index": {"_index":"sim","_id":"2320894"}}
	{"id":2320894,"type":"sell","buyer":"jelly-cz","seller":"bearbear613","symbol":"SIM","quantity":"7581.767","price":"0.00061761","timestamp":1639888185,"volume":"4.68257512","buyTxId":"MM-P-13176793-60163723-3-29-0","sellTxId":"7ec64646218dabaaf66ce53b70ecf89197989029"}
{"index": {"_index":"sim","_id":"2321160"}}
	{"id":2321160,"type":"sell","buyer":"jelly-cz","seller":"he-index","symbol":"SIM","quantity":"33.394","price":"0.00061812","timestamp":1639890072,"volume":"0.02064150","buyTxId":"MM-P-13177293-60164223-3-29-0","sellTxId":"644cc3637d5b4c5673cd49f36e9d79d8c8efd9f5"}
{"index": {"_index":"sim","_id":"2321433"}}
	{"id":2321433,"type":"buy","buyer":"konvik","seller":"imperij4427","symbol":"SIM","quantity":"23530.000","price":"0.00062000","timestamp":1639891668,"volume":"14.58860000","buyTxId":"9060f9ace7730cb3cf57b37b808c80ecd39315e3-0","sellTxId":"508f41f64ba0fb39f82ad4e9ed7911daffa7a1a7"}
{"index": {"_index":"sim","_id":"2321572"}}
	{"id":2321572,"type":"sell","buyer":"jelly-cz","seller":"spinvest","symbol":"SIM","quantity":"2772.000","price":"0.00061812","timestamp":1639892907,"volume":"1.71342864","buyTxId":"MM-P-13177293-60164223-3-29-0","sellTxId":"832cdbd5791f2190f48d58aed1b9f8fb9d358f21"}
{"index": {"_index":"sim","_id":"2321622"}}
	{"id":2321622,"type":"sell","buyer":"jelly-cz","seller":"heikki1337","symbol":"SIM","quantity":"4340.204","price":"0.00061812","timestamp":1639893306,"volume":"2.68276690","buyTxId":"MM-P-13177293-60164223-3-29-0","sellTxId":"26648a15164dc0488df84b0c1f9ced0f724b9da7"}
{"index": {"_index":"sim","_id":"2321678"}}
	{"id":2321678,"type":"sell","buyer":"jelly-cz","seller":"ironshield","symbol":"SIM","quantity":"5309.285","price":"0.00061812","timestamp":1639893792,"volume":"3.28177524","buyTxId":"MM-P-13177293-60164223-3-29-0","sellTxId":"acd4f80153befa7a228e4304932d5b2aa3ee281b"}
{"index": {"_index":"sim","_id":"2321776"}}
	{"id":2321776,"type":"buy","buyer":"konvik","seller":"taitux","symbol":"SIM","quantity":"76924.000","price":"0.00062000","timestamp":1639894713,"volume":"47.69288000","buyTxId":"f678e3acc2997a7f6fbcf68894c7841c9fb4b394-0","sellTxId":"92d95976f9838a3719b768f6f6db96be6493fb0f"}
{"index": {"_index":"sim","_id":"2321893"}}
	{"id":2321893,"type":"sell","buyer":"jelly-cz","seller":"ericburgoyne","symbol":"SIM","quantity":"42.244","price":"0.00061812","timestamp":1639895664,"volume":"0.02611186","buyTxId":"MM-P-13177293-60164223-3-29-0","sellTxId":"5a51edb03d3fea031bed3a588bb74348a726e08f"}
{"index": {"_index":"sim","_id":"2321911"}}
	{"id":2321911,"type":"sell","buyer":"jelly-cz","seller":"invest4free","symbol":"SIM","quantity":"1357.000","price":"0.00061812","timestamp":1639895817,"volume":"0.83878884","buyTxId":"MM-P-13177293-60164223-3-29-0","sellTxId":"5cbd6ce57e8839181a6dcc114bb83d54761e8c54"}
{"index": {"_index":"sim","_id":"2322274"}}
	{"id":2322274,"type":"buy","buyer":"emergehealthier","seller":"mmrx","symbol":"SIM","quantity":"100.000","price":"0.00061999","timestamp":1639899258,"volume":"0.06199900","buyTxId":"e9f47e639810e998febe4b5552e5d9928767d067","sellTxId":"MM-P-13180282-60167214-3-36-0"}
{"index": {"_index":"sim","_id":"2322284"}}
	{"id":2322284,"type":"sell","buyer":"mmrx","seller":"paragism","symbol":"SIM","quantity":"1772.387","price":"0.00061813","timestamp":1639899435,"volume":"1.09556558","buyTxId":"MM-P-13180382-60167314-3-36-0","sellTxId":"bec797b005fe857d552178e9bab4bbbce8a1ba34"}
{"index": {"_index":"sim","_id":"2322285"}}
	{"id":2322285,"type":"sell","buyer":"jelly-cz","seller":"paragism","symbol":"SIM","quantity":"1494.740","price":"0.00061812","timestamp":1639899435,"volume":"0.92392869","buyTxId":"MM-P-13177293-60164223-3-29-0","sellTxId":"bec797b005fe857d552178e9bab4bbbce8a1ba34"}
{"index": {"_index":"sim","_id":"2322323"}}
	{"id":2322323,"type":"sell","buyer":"jelly-cz","seller":"gamsam","symbol":"SIM","quantity":"110840.222","price":"0.00061812","timestamp":1639899777,"volume":"68.51255802","buyTxId":"MM-P-13177293-60164223-3-29-0","sellTxId":"b3c325f24948df2ab53ed3a12eb229345ec9fecb"}
{"index": {"_index":"sim","_id":"2322324"}}
	{"id":2322324,"type":"sell","buyer":"he-index","seller":"gamsam","symbol":"SIM","quantity":"68.004","price":"0.00061761","timestamp":1639899777,"volume":"0.04199995","buyTxId":"86ab97af4e0f0bd37a4dd9e5b5d1740b2c48017a","sellTxId":"b3c325f24948df2ab53ed3a12eb229345ec9fecb"}
{"index": {"_index":"sim","_id":"2322325"}}
	{"id":2322325,"type":"sell","buyer":"he-index","seller":"gamsam","symbol":"SIM","quantity":"238.014","price":"0.00061761","timestamp":1639899777,"volume":"0.14699983","buyTxId":"d92005f96581ff144c85cfe62918455cbe4a5220","sellTxId":"b3c325f24948df2ab53ed3a12eb229345ec9fecb"}
{"index": {"_index":"sim","_id":"2322326"}}
	{"id":2322326,"type":"sell","buyer":"pokerarema","seller":"gamsam","symbol":"SIM","quantity":"3842.760","price":"0.00061501","timestamp":1639899777,"volume":"2.36333583","buyTxId":"36c9511d8363c28b853c83d92e1d854e025251ad","sellTxId":"b3c325f24948df2ab53ed3a12eb229345ec9fecb"}
{"index": {"_index":"sim","_id":"2322393"}}
	{"id":2322393,"type":"sell","buyer":"jelly-cz","seller":"elbrava","symbol":"SIM","quantity":"5991.000","price":"0.00061552","timestamp":1639900095,"volume":"3.68758032","buyTxId":"MM-P-13180980-60167912-3-29-0","sellTxId":"edda871ca3683fa2b280ffecac57ae00d918be59"}
{"index": {"_index":"sim","_id":"2322445"}}
	{"id":2322445,"type":"buy","buyer":"shaddrak","seller":"mmrx","symbol":"SIM","quantity":"800.000","price":"0.00061999","timestamp":1639900749,"volume":"0.49599200","buyTxId":"2a12ab7358a5824f12b51d5f30751384fedd43b7","sellTxId":"MM-P-13180282-60167214-3-36-0"}
{"index": {"_index":"sim","_id":"2322612"}}
	{"id":2322612,"type":"sell","buyer":"jelly-cz","seller":"rahul.stan","symbol":"SIM","quantity":"13166.000","price":"0.00061604","timestamp":1639902399,"volume":"8.11078264","buyTxId":"MM-P-13181777-60168709-3-29-0","sellTxId":"207476bb69fe37df2bb9b0c87bc7acf936f69452"}
{"index": {"_index":"sim","_id":"2322656"}}
	{"id":2322656,"type":"sell","buyer":"jelly-cz","seller":"nrg","symbol":"SIM","quantity":"18277.000","price":"0.00061604","timestamp":1639902855,"volume":"11.25936308","buyTxId":"MM-P-13181777-60168709-3-29-0","sellTxId":"c38b020a2b832634e6d039591db698dd7b8d646f-3"}
{"index": {"_index":"sim","_id":"2322763"}}
	{"id":2322763,"type":"sell","buyer":"jelly-cz","seller":"news-today","symbol":"SIM","quantity":"7880.000","price":"0.00061604","timestamp":1639903302,"volume":"4.85439520","buyTxId":"MM-P-13181777-60168709-3-29-0","sellTxId":"4a98ab9b96497cfdb4cccb508b9b76ebabfac563"}
{"index": {"_index":"sim","_id":"2322784"}}
	{"id":2322784,"type":"sell","buyer":"jelly-cz","seller":"elricmoonslayer","symbol":"SIM","quantity":"128.010","price":"0.00061604","timestamp":1639903557,"volume":"0.07885928","buyTxId":"MM-P-13181777-60168709-3-29-0","sellTxId":"61cd316037fe5445f34f2f4208d2f69d1130ac99"}
{"index": {"_index":"sim","_id":"2322799"}}
	{"id":2322799,"type":"sell","buyer":"jelly-cz","seller":"steem-hodler","symbol":"SIM","quantity":"25500.000","price":"0.00061604","timestamp":1639903761,"volume":"15.70902000","buyTxId":"MM-P-13181777-60168709-3-29-0","sellTxId":"a95b63ee2299d6f8f4fec69158673948200200b9"}
{"index": {"_index":"sim","_id":"2323256"}}
	{"id":2323256,"type":"sell","buyer":"jelly-cz","seller":"marfonso","symbol":"SIM","quantity":"497.197","price":"0.00061604","timestamp":1639908093,"volume":"0.30629324","buyTxId":"MM-P-13181777-60168709-3-29-0","sellTxId":"99af820eb75f262106eb8f375f802a9f0bc45dd5"}
{"index": {"_index":"sim","_id":"2323273"}}
	{"id":2323273,"type":"sell","buyer":"jelly-cz","seller":"anderssinho","symbol":"SIM","quantity":"5.372","price":"0.00061604","timestamp":1639908327,"volume":"0.00330937","buyTxId":"MM-P-13181777-60168709-3-29-0","sellTxId":"1ce2f7f315bc3890431bd6a8e672ab284cc117c2"}
{"index": {"_index":"sim","_id":"2323365"}}
	{"id":2323365,"type":"sell","buyer":"jelly-cz","seller":"monsterjamgold","symbol":"SIM","quantity":"2070.000","price":"0.00061604","timestamp":1639909170,"volume":"1.27520280","buyTxId":"MM-P-13181777-60168709-3-29-0","sellTxId":"278414030785b4e6f931f71731f46a9d5c001d98"}
{"index": {"_index":"sim","_id":"2323453"}}
	{"id":2323453,"type":"buy","buyer":"theclasser1","seller":"mmrx","symbol":"SIM","quantity":"216.456","price":"0.00061999","timestamp":1639909995,"volume":"0.13420056","buyTxId":"4943463a0857d761394c636b58ef4e9f199a3699","sellTxId":"MM-P-13180282-60167214-3-36-0"}
{"index": {"_index":"sim","_id":"2323496"}}
	{"id":2323496,"type":"buy","buyer":"notak1","seller":"mmrx","symbol":"SIM","quantity":"736.323","price":"0.00061999","timestamp":1639910469,"volume":"0.45651290","buyTxId":"0d646eab26ce0d6945be8155030359d7bb0c3567","sellTxId":"MM-P-13180282-60167214-3-36-0"}
{"index": {"_index":"sim","_id":"2323508"}}
	{"id":2323508,"type":"buy","buyer":"gnatale","seller":"itharagaian","symbol":"SIM","quantity":"1.500","price":"0.00062000","timestamp":1639910616,"volume":"0.00093000","buyTxId":"146c04618d581f8fe99e334fd741476899c69f5f","sellTxId":"14744fb2f946929824f0b86e08f30a609720efd8"}
{"index": {"_index":"sim","_id":"2323528"}}
	{"id":2323528,"type":"buy","buyer":"notak1","seller":"mmrx","symbol":"SIM","quantity":"1772.387","price":"0.00061999","timestamp":1639910892,"volume":"1.09886222","buyTxId":"2c8d5c328fa1d48b8fad3d1e282a73ecfa6915b0","sellTxId":"MM-P-13184571-60171504-3-36-0"}
{"index": {"_index":"sim","_id":"2323542"}}
	{"id":2323542,"type":"sell","buyer":"pi-trader","seller":"m2nnari","symbol":"SIM","quantity":"857.000","price":"0.00061761","timestamp":1639911048,"volume":"0.52929177","buyTxId":"edd6968ad1befe0cf6fbeea8081bb91d1ed11dfd-5","sellTxId":"2043e5c83c99f506b9e1ae06c8d75a39a7744b11"}
{"index": {"_index":"sim","_id":"2323688"}}
	{"id":2323688,"type":"buy","buyer":"jelly-cz","seller":"itharagaian","symbol":"SIM","quantity":"28.509","price":"0.00062000","timestamp":1639912527,"volume":"0.01767558","buyTxId":"MM-P-13185171-60172104-3-29-0","sellTxId":"14744fb2f946929824f0b86e08f30a609720efd8"}
{"index": {"_index":"sim","_id":"2324020"}}
	{"id":2324020,"type":"sell","buyer":"jelly-cz","seller":"tonytrillions","symbol":"SIM","quantity":"0.008","price":"0.00062072","timestamp":1639915695,"volume":"0.00000497","buyTxId":"MM-P-13185271-60172204-3-29-0","sellTxId":"2e466316a256f65780a901f2608d5b02a99aebab"}
{"index": {"_index":"sim","_id":"2324029"}}
	{"id":2324029,"type":"sell","buyer":"jelly-cz","seller":"brofi-market","symbol":"SIM","quantity":"0.005","price":"0.00062072","timestamp":1639915746,"volume":"0.00000310","buyTxId":"MM-P-13185271-60172204-3-29-0","sellTxId":"f7b5ccfa61b10e0658e2b9fbe215edcec0ace825"}
{"index": {"_index":"sim","_id":"2324064"}}
	{"id":2324064,"type":"sell","buyer":"jelly-cz","seller":"rmach","symbol":"SIM","quantity":"12696.209","price":"0.00062072","timestamp":1639916070,"volume":"7.88079085","buyTxId":"MM-P-13185271-60172204-3-29-0","sellTxId":"1952b6af97baa385427299d47ae4d40f9194cfea"}
{"index": {"_index":"sim","_id":"2324078"}}
	{"id":2324078,"type":"sell","buyer":"jelly-cz","seller":"rivalzzz","symbol":"SIM","quantity":"63000.000","price":"0.00062072","timestamp":1639916235,"volume":"39.10536000","buyTxId":"MM-P-13185271-60172204-3-29-0","sellTxId":"6250fcf5a1bba883a037f43ebdbe101acbd9cb20"}
{"index": {"_index":"sim","_id":"2324249"}}
	{"id":2324249,"type":"buy","buyer":"dswap","seller":"brofi-market","symbol":"SIM","quantity":"0.001","price":"0.00062494","timestamp":1639917768,"volume":"0.00000062","buyTxId":"896cc98c40620296b36d4c1123a7eed64e8025b4","sellTxId":"70bb2c0e453ff2c4d9ef21ca8f4b07029708b3ec"}
{"index": {"_index":"sim","_id":"2324250"}}
	{"id":2324250,"type":"buy","buyer":"dswap","seller":"brofi-market","symbol":"SIM","quantity":"0.005","price":"0.00062494","timestamp":1639917768,"volume":"0.00000312","buyTxId":"896cc98c40620296b36d4c1123a7eed64e8025b4","sellTxId":"d476d99bca973539559c310188f8ea2a38a38fd3"}
{"index": {"_index":"sim","_id":"2324251"}}
	{"id":2324251,"type":"buy","buyer":"dswap","seller":"oahb132","symbol":"SIM","quantity":"1070.471","price":"0.00062495","timestamp":1639917768,"volume":"0.66899085","buyTxId":"896cc98c40620296b36d4c1123a7eed64e8025b4","sellTxId":"0946d743b53ed0aa7eba7c3608bb54b964ff7c0c"}
{"index": {"_index":"sim","_id":"2324252"}}
	{"id":2324252,"type":"buy","buyer":"dswap","seller":"brofi-market","symbol":"SIM","quantity":"0.002","price":"0.00064699","timestamp":1639917768,"volume":"0.00000129","buyTxId":"896cc98c40620296b36d4c1123a7eed64e8025b4","sellTxId":"906dfcb54c31dbac7d51003feb9163c5d8936d68"}
{"index": {"_index":"sim","_id":"2324253"}}
	{"id":2324253,"type":"buy","buyer":"dswap","seller":"axeman","symbol":"SIM","quantity":"1224.490","price":"0.00064700","timestamp":1639917768,"volume":"0.79224520","buyTxId":"896cc98c40620296b36d4c1123a7eed64e8025b4","sellTxId":"435601374a88f746cbc837a8777ca3f63f66bb8e"}
{"index": {"_index":"sim","_id":"2324294"}}
	{"id":2324294,"type":"sell","buyer":"jelly-cz","seller":"tonytrillions","symbol":"SIM","quantity":"0.016","price":"0.00062072","timestamp":1639918062,"volume":"0.00000993","buyTxId":"MM-P-13185271-60172204-3-29-0","sellTxId":"48e82d5073a9c4c0d08acad06b12f7e9c6aed9a3"}
{"index": {"_index":"sim","_id":"2324300"}}
	{"id":2324300,"type":"buy","buyer":"evernoticethat","seller":"pi-trader","symbol":"SIM","quantity":"2870.000","price":"0.00064699","timestamp":1639918104,"volume":"1.85686130","buyTxId":"511982d7120a696fac1cb58f0554c6e43dec87a2","sellTxId":"966a1a94c07c6710f7a7c92e6f19cd5c725f219e-8"}
{"index": {"_index":"sim","_id":"2324323"}}
	{"id":2324323,"type":"sell","buyer":"jelly-cz","seller":"drew0","symbol":"SIM","quantity":"49964.285","price":"0.00062072","timestamp":1639918461,"volume":"31.01383099","buyTxId":"MM-P-13185271-60172204-3-29-0","sellTxId":"fa8379cc54d25cd1859be15194534565b5b93c21"}
{"index": {"_index":"sim","_id":"2324324"}}
	{"id":2324324,"type":"buy","buyer":"konvik","seller":"drew0","symbol":"SIM","quantity":"63989.757","price":"0.00062000","timestamp":1639918464,"volume":"39.67364934","buyTxId":"03f29aa2925875737f2496b3cc6b94e92b4c72f8-0","sellTxId":"fa8379cc54d25cd1859be15194534565b5b93c21"}
{"index": {"_index":"sim","_id":"2324525"}}
	{"id":2324525,"type":"buy","buyer":"stickupboys","seller":"pi-trader","symbol":"SIM","quantity":"921.000","price":"0.00064699","timestamp":1639920429,"volume":"0.59587779","buyTxId":"d4bc2296f8a9a0dec5c62d64d71dd47218fdba34","sellTxId":"a31a4a1d3e60ea8d9aeb62c3990e46d437be6fda-6"}
{"index": {"_index":"sim","_id":"2324536"}}
	{"id":2324536,"type":"sell","buyer":"pi-trader","seller":"fiberfrau","symbol":"SIM","quantity":"16.000","price":"0.00061866","timestamp":1639920525,"volume":"0.00989856","buyTxId":"286fb79c1a86f1952613875cea382ea6d592d672-3","sellTxId":"5093ced306505d45c9af09b78c03cff2d07c7e14"}
{"index": {"_index":"sim","_id":"2324793"}}
	{"id":2324793,"type":"buy","buyer":"rexikhan","seller":"pi-trader","symbol":"SIM","quantity":"200.000","price":"0.00064699","timestamp":1639923174,"volume":"0.12939800","buyTxId":"4943225b90751b8e2a3cecc2b35c70439050484e","sellTxId":"fbb669d2e114558dddb049d5c6df155928d5021e-9"}
{"index": {"_index":"sim","_id":"2324808"}}
	{"id":2324808,"type":"sell","buyer":"jelly-cz","seller":"allen11111","symbol":"SIM","quantity":"96.083","price":"0.00061969","timestamp":1639923258,"volume":"0.05954167","buyTxId":"MM-P-13187963-60174897-3-29-0","sellTxId":"9921dd29203b99edec4ca6618758ce2c74f1d97a"}
{"index": {"_index":"sim","_id":"2324818"}}
	{"id":2324818,"type":"buy","buyer":"svirus","seller":"boycharliefamily","symbol":"SIM","quantity":"125773.300","price":"0.00062000","timestamp":1639923318,"volume":"77.97944600","buyTxId":"412247397a0cdf164af45113fdc441e60b2b8d0a-0","sellTxId":"2ecb6c89c7469f856519630150f74b2405460ef0"}
{"index": {"_index":"sim","_id":"2324820"}}
	{"id":2324820,"type":"buy","buyer":"konvik","seller":"boycharliefamily","symbol":"SIM","quantity":"0.003","price":"0.00062000","timestamp":1639923318,"volume":"0.00000186","buyTxId":"41af2ec02381565fa714ff3947826822d936a93f-0","sellTxId":"2ecb6c89c7469f856519630150f74b2405460ef0"}
{"index": {"_index":"sim","_id":"2324831"}}
	{"id":2324831,"type":"buy","buyer":"svirus","seller":"boycharliefamily","symbol":"SIM","quantity":"74771.210","price":"0.00062000","timestamp":1639923375,"volume":"46.35815020","buyTxId":"3b75010f917fef3791d7365f46d2e0abfa219d9f-0","sellTxId":"47c3959ec399741ad1b422623c916819440ac8f7"}
{"index": {"_index":"sim","_id":"2324832"}}
	{"id":2324832,"type":"buy","buyer":"konvik","seller":"boycharliefamily","symbol":"SIM","quantity":"51002.093","price":"0.00062000","timestamp":1639923375,"volume":"31.62129766","buyTxId":"3e596a92f218c0488a46b6a62b6985d16d866770-0","sellTxId":"47c3959ec399741ad1b422623c916819440ac8f7"}
{"index": {"_index":"sim","_id":"2324836"}}
	{"id":2324836,"type":"buy","buyer":"konvik","seller":"boycharliefamily","symbol":"SIM","quantity":"102955.048","price":"0.00062000","timestamp":1639923405,"volume":"63.83212976","buyTxId":"3d9852ee6114a2de0c5b257248a33499d1b22199-0","sellTxId":"84e93c982f8f4c70a6a2ad948032647d75840513"}
{"index": {"_index":"sim","_id":"2324844"}}
	{"id":2324844,"type":"sell","buyer":"jelly-cz","seller":"boycharliefamily","symbol":"SIM","quantity":"125773.303","price":"0.00061969","timestamp":1639923450,"volume":"77.94045814","buyTxId":"MM-P-13187963-60174897-3-29-0","sellTxId":"b98766008e0ba9e6e7013f87fb0da42bbdb86ca1"}
{"index": {"_index":"sim","_id":"2324869"}}
	{"id":2324869,"type":"sell","buyer":"jelly-cz","seller":"willsaldeno","symbol":"SIM","quantity":"126722.121","price":"0.00061552","timestamp":1639923693,"volume":"77.99999992","buyTxId":"MM-P-13188860-60175794-3-29-0","sellTxId":"195616b15da52dc8bd24414c50da6e7870986116"}
{"index": {"_index":"sim","_id":"2324870"}}
	{"id":2324870,"type":"sell","buyer":"pokerarema","seller":"willsaldeno","symbol":"SIM","quantity":"22833.879","price":"0.00061501","timestamp":1639923693,"volume":"14.04306392","buyTxId":"36c9511d8363c28b853c83d92e1d854e025251ad","sellTxId":"195616b15da52dc8bd24414c50da6e7870986116"}
{"index": {"_index":"sim","_id":"2324951"}}
	{"id":2324951,"type":"sell","buyer":"jelly-cz","seller":"casilokodesing","symbol":"SIM","quantity":"169.000","price":"0.00061552","timestamp":1639924251,"volume":"0.10402288","buyTxId":"MM-P-13188960-60175894-3-29-0","sellTxId":"0519c3fa8e2b429ee00090b667e2905ac6886aea"}
{"index": {"_index":"sim","_id":"2325004"}}
	{"id":2325004,"type":"sell","buyer":"jelly-cz","seller":"elevator09","symbol":"SIM","quantity":"12678.000","price":"0.00061552","timestamp":1639924782,"volume":"7.80356256","buyTxId":"MM-P-13188960-60175894-3-29-0","sellTxId":"d20d1d0222e21ede0215505d8d3e2da44fe6bd77"}
{"index": {"_index":"sim","_id":"2325021"}}
	{"id":2325021,"type":"sell","buyer":"jelly-cz","seller":"elevator09","symbol":"SIM","quantity":"678.096","price":"0.00061552","timestamp":1639924926,"volume":"0.41738165","buyTxId":"MM-P-13188960-60175894-3-29-0","sellTxId":"105527936088afa64818a8e744c202d5efd64fe4"}
{"index": {"_index":"sim","_id":"2325056"}}
	{"id":2325056,"type":"sell","buyer":"jelly-cz","seller":"boycharliefamily","symbol":"SIM","quantity":"113197.025","price":"0.00061552","timestamp":1639925352,"volume":"69.67503283","buyTxId":"MM-P-13188960-60175894-3-29-0","sellTxId":"87d27a14d43b1eb7b7c77f2aa9f6fda907f8ee8b"}
{"index": {"_index":"sim","_id":"2325057"}}
	{"id":2325057,"type":"buy","buyer":"svirus","seller":"boycharliefamily","symbol":"SIM","quantity":"56432.710","price":"0.00061552","timestamp":1639925355,"volume":"34.73546166","buyTxId":"d00d616e6f48c9af07a7c0c92e57c8b2aacd5dc3-0","sellTxId":"87d27a14d43b1eb7b7c77f2aa9f6fda907f8ee8b"}
{"index": {"_index":"sim","_id":"2325058"}}
	{"id":2325058,"type":"buy","buyer":"konvik","seller":"boycharliefamily","symbol":"SIM","quantity":"0.001","price":"0.00061552","timestamp":1639925355,"volume":"0.00000062","buyTxId":"ffc62e7de86a1d78b08b12e91ca566a3baeb88ff-0","sellTxId":"87d27a14d43b1eb7b7c77f2aa9f6fda907f8ee8b"}
{"index": {"_index":"sim","_id":"2325105"}}
	{"id":2325105,"type":"sell","buyer":"jelly-cz","seller":"taskmaster4450","symbol":"SIM","quantity":"1473.196","price":"0.00061552","timestamp":1639925982,"volume":"0.90678160","buyTxId":"MM-P-13189457-60176391-3-29-0","sellTxId":"eb2d423f7fbaa780632b3c87bdba799e57854871"}
{"index": {"_index":"sim","_id":"2325110"}}
	{"id":2325110,"type":"sell","buyer":"jelly-cz","seller":"lucky-elephant","symbol":"SIM","quantity":"159.000","price":"0.00061552","timestamp":1639926045,"volume":"0.09786768","buyTxId":"MM-P-13189457-60176391-3-29-0","sellTxId":"177037e316dab681a394c6fca1d27d63ce30b1c8"}
{"index": {"_index":"sim","_id":"2325433"}}
	{"id":2325433,"type":"sell","buyer":"jelly-cz","seller":"flaxz","symbol":"SIM","quantity":"7.462","price":"0.00061552","timestamp":1639929021,"volume":"0.00459301","buyTxId":"MM-P-13189457-60176391-3-29-0","sellTxId":"356ff6b72db1f18ae9ef257deba210213157ca5e"}
{"index": {"_index":"sim","_id":"2325436"}}
	{"id":2325436,"type":"sell","buyer":"jelly-cz","seller":"atongis","symbol":"SIM","quantity":"26.096","price":"0.00061552","timestamp":1639929039,"volume":"0.01606261","buyTxId":"MM-P-13189457-60176391-3-29-0","sellTxId":"ed125f017728127da477fa9e03381fe6e8e14739"}
{"index": {"_index":"sim","_id":"2325534"}}
	{"id":2325534,"type":"buy","buyer":"lightcaptured","seller":"pi-trader","symbol":"SIM","quantity":"268.250","price":"0.00064699","timestamp":1639929789,"volume":"0.17355507","buyTxId":"f054d0aa4f923c63b421dd0454767fb321d3d53a","sellTxId":"0fcbbbf327f5343eeede3b366f129331b072df31-2"}
{"index": {"_index":"sim","_id":"2325585"}}
	{"id":2325585,"type":"sell","buyer":"jelly-cz","seller":"brofi-market","symbol":"SIM","quantity":"0.001","price":"0.00061552","timestamp":1639930224,"volume":"0.00000062","buyTxId":"MM-P-13189457-60176391-3-29-0","sellTxId":"053a335b1dce3af888232976f13a7def17e0b975"}
{"index": {"_index":"sim","_id":"2326004"}}
	{"id":2326004,"type":"sell","buyer":"jelly-cz","seller":"lisamgentile1961","symbol":"SIM","quantity":"37.028","price":"0.00061552","timestamp":1639932939,"volume":"0.02279147","buyTxId":"MM-P-13189457-60176391-3-29-0","sellTxId":"b889dd347ab88f98fa2e87fe6933855e0e86f8a7"}
{"index": {"_index":"sim","_id":"2326152"}}
	{"id":2326152,"type":"buy","buyer":"agolasol","seller":"pi-trader","symbol":"SIM","quantity":"200.000","price":"0.00064699","timestamp":1639933674,"volume":"0.12939800","buyTxId":"a40a5fba7d69ab9d1f3308bc9287569f253cd6f3","sellTxId":"81fd91cff8d43a19903daa45c39502989e6a2056-2"}
{"index": {"_index":"sim","_id":"2326176"}}
	{"id":2326176,"type":"buy","buyer":"theclasser1","seller":"pi-trader","symbol":"SIM","quantity":"1269.024","price":"0.00064698","timestamp":1639933782,"volume":"0.82103315","buyTxId":"1f7deb4aa566a74ecd32d66c0b084109f5147b4e","sellTxId":"29d50c4dc16fccb3bbe67f48b6ee1f62f33facbb-4"}
{"index": {"_index":"sim","_id":"2326271"}}
	{"id":2326271,"type":"buy","buyer":"rexikhan","seller":"rafelluz","symbol":"SIM","quantity":"4900.820","price":"0.00062000","timestamp":1639934679,"volume":"3.03850840","buyTxId":"7c51c5b115bb6ed8cb950c8c917e5d8cdd7a6c41","sellTxId":"7dfe331c1b388216088b47db07e2f747e2d6701a"}
{"index": {"_index":"sim","_id":"2326628"}}
	{"id":2326628,"type":"sell","buyer":"jelly-cz","seller":"jrcornel","symbol":"SIM","quantity":"45099.000","price":"0.00061552","timestamp":1639937571,"volume":"27.75933648","buyTxId":"MM-P-13189457-60176391-3-29-0","sellTxId":"e707a7a77e7eebe1bd885d6671d3f9144497e9a2"}
{"index": {"_index":"sim","_id":"2326786"}}
	{"id":2326786,"type":"sell","buyer":"jelly-cz","seller":"insaneworks","symbol":"SIM","quantity":"0.168","price":"0.00061552","timestamp":1639939104,"volume":"0.00010341","buyTxId":"MM-P-13189457-60176391-3-29-0","sellTxId":"7340e2c32108c72de0c3fc09695e3e28fbb81d49"}
{"index": {"_index":"sim","_id":"2326805"}}
	{"id":2326805,"type":"buy","buyer":"insaneworks","seller":"rafelluz","symbol":"SIM","quantity":"1.000","price":"0.00062000","timestamp":1639939341,"volume":"0.00062000","buyTxId":"7bd8874d3afd11bee79d320c69080e4cc55d04af","sellTxId":"7dfe331c1b388216088b47db07e2f747e2d6701a"}
{"index": {"_index":"sim","_id":"2326807"}}
	{"id":2326807,"type":"buy","buyer":"adacardano","seller":"rafelluz","symbol":"SIM","quantity":"13987.980","price":"0.00062000","timestamp":1639939392,"volume":"8.67254760","buyTxId":"ce0fea26c95a0d49c701fd783f65bb9063fcd676","sellTxId":"7dfe331c1b388216088b47db07e2f747e2d6701a"}
{"index": {"_index":"sim","_id":"2326845"}}
	{"id":2326845,"type":"buy","buyer":"dswap","seller":"brofi-market","symbol":"SIM","quantity":"0.001","price":"0.00064699","timestamp":1639939602,"volume":"0.00000065","buyTxId":"d4dfeb1b0479a4542efaf7cd78f0e1f77d455c11","sellTxId":"ce3b663ef77e557084b785ce4ce920584163a00d"}
{"index": {"_index":"sim","_id":"2326846"}}
	{"id":2326846,"type":"buy","buyer":"dswap","seller":"pi-trader","symbol":"SIM","quantity":"34.238","price":"0.00064699","timestamp":1639939602,"volume":"0.02215170","buyTxId":"d4dfeb1b0479a4542efaf7cd78f0e1f77d455c11","sellTxId":"575995d71a11e9479659a56b7ae9cf08fd833923-0"}
{"index": {"_index":"sim","_id":"2326856"}}
	{"id":2326856,"type":"buy","buyer":"dswap","seller":"pi-trader","symbol":"SIM","quantity":"129.372","price":"0.00064699","timestamp":1639939632,"volume":"0.08370276","buyTxId":"28546e56acb8d8f4cea866a8f4b92fdda4efb761","sellTxId":"a8d2abe56a4bd51f866b307e3b51123d89c99919-3"}
{"index": {"_index":"sim","_id":"2327116"}}
	{"id":2327116,"type":"sell","buyer":"d-pend","seller":"konvik","symbol":"SIM","quantity":"99900.997","price":"0.00062000","timestamp":1639941588,"volume":"61.93861814","buyTxId":"9517198fe86c80607d7bbe9f93793eeebe002aed","sellTxId":"3fab1799e4a4c3f12ef6db405210fca4e56bb6be-1"}
{"index": {"_index":"sim","_id":"2327432"}}
	{"id":2327432,"type":"buy","buyer":"jjprac","seller":"pi-trader","symbol":"SIM","quantity":"1600.000","price":"0.00064699","timestamp":1639944516,"volume":"1.03518400","buyTxId":"84d27b5fdff0cfe223783dfc88449b3f70252930","sellTxId":"90877d4ce0e012b7b32b4589a1e078757b99d529-2"}
{"index": {"_index":"sim","_id":"2327463"}}
	{"id":2327463,"type":"buy","buyer":"adacardano","seller":"pi-trader","symbol":"SIM","quantity":"1800.000","price":"0.00064699","timestamp":1639944684,"volume":"1.16458200","buyTxId":"df6b7bc279b511612d883883a29d43807e222d7c","sellTxId":"6fd1fb717f756699bbb3705955633de3686d851b-2"}
{"index": {"_index":"sim","_id":"2327891"}}
	{"id":2327891,"type":"sell","buyer":"d-pend","seller":"steem-hodler","symbol":"SIM","quantity":"99.003","price":"0.00062000","timestamp":1639948104,"volume":"0.06138186","buyTxId":"9517198fe86c80607d7bbe9f93793eeebe002aed","sellTxId":"a9ab8b8cdde63fcf53cfff1c38c46941ff068b9d"}
{"index": {"_index":"sim","_id":"2327892"}}
	{"id":2327892,"type":"sell","buyer":"jelly-cz","seller":"steem-hodler","symbol":"SIM","quantity":"34000.997","price":"0.00061552","timestamp":1639948104,"volume":"20.92829367","buyTxId":"MM-P-13189457-60176391-3-29-0","sellTxId":"a9ab8b8cdde63fcf53cfff1c38c46941ff068b9d"}
{"index": {"_index":"sim","_id":"2327980"}}
	{"id":2327980,"type":"sell","buyer":"jelly-cz","seller":"vincentnijman","symbol":"SIM","quantity":"20000.000","price":"0.00061552","timestamp":1639948995,"volume":"12.31040000","buyTxId":"MM-P-13189457-60176391-3-29-0","sellTxId":"5a91e0667b3ff4d8673fdcad88f9ebc87f76a6e5"}
{"index": {"_index":"sim","_id":"2328080"}}
	{"id":2328080,"type":"sell","buyer":"jelly-cz","seller":"curatorcat","symbol":"SIM","quantity":"54.414","price":"0.00061552","timestamp":1639950201,"volume":"0.03349291","buyTxId":"MM-P-13189457-60176391-3-29-0","sellTxId":"8d27f08d356dc5536b64068e4f8610bae920626f"}
{"index": {"_index":"sim","_id":"2328139"}}
	{"id":2328139,"type":"buy","buyer":"stickupboys","seller":"pi-trader","symbol":"SIM","quantity":"3251.000","price":"0.00064699","timestamp":1639950888,"volume":"2.10336449","buyTxId":"f9bd675e527bf4516720f259511d41c06a3e9f0b","sellTxId":"84d2afc32a1f9c06be0e7cb9fec54b52c83175dd-3"}
{"index": {"_index":"sim","_id":"2328205"}}
	{"id":2328205,"type":"buy","buyer":"ressonlelong","seller":"pi-trader","symbol":"SIM","quantity":"550.276","price":"0.00064699","timestamp":1639951479,"volume":"0.35602307","buyTxId":"48313e8daf8d794fb143e9df44cc93b0cc66340a","sellTxId":"614c52b620670468b17828f2393b84ae50aec195-2"}
{"index": {"_index":"sim","_id":"2328218"}}
	{"id":2328218,"type":"sell","buyer":"jelly-cz","seller":"monsterjamgold","symbol":"SIM","quantity":"1752.499","price":"0.00061552","timestamp":1639951632,"volume":"1.07869818","buyTxId":"MM-P-13189457-60176391-3-29-0","sellTxId":"9132ef667e6d211bf8d5f89118ec5a2bac31d87b"}
{"index": {"_index":"sim","_id":"2328319"}}
	{"id":2328319,"type":"sell","buyer":"jelly-cz","seller":"nrg","symbol":"SIM","quantity":"5866.000","price":"0.00061552","timestamp":1639952610,"volume":"3.61064032","buyTxId":"MM-P-13189457-60176391-3-29-0","sellTxId":"2c425c4a468cfe5f68fcf4efe24801544ce52be6-1"}
{"index": {"_index":"sim","_id":"2328334"}}
	{"id":2328334,"type":"sell","buyer":"jelly-cz","seller":"nathanpieters","symbol":"SIM","quantity":"106.000","price":"0.00061552","timestamp":1639952781,"volume":"0.06524512","buyTxId":"MM-P-13189457-60176391-3-29-0","sellTxId":"6d32037ddbc13eee41c5b14d4d38fd229e15bc4f"}
{"index": {"_index":"sim","_id":"2328380"}}
	{"id":2328380,"type":"sell","buyer":"jelly-cz","seller":"kevinnag58","symbol":"SIM","quantity":"1822.23","price":"0.00061552","timestamp":1639953486,"volume":"1.12161901","buyTxId":"MM-P-13189457-60176391-3-29-0","sellTxId":"58d5fadcaf4fbe3aa8a4b25650a4bc0c717ca2ed"}
{"index": {"_index":"sim","_id":"2328452"}}
	{"id":2328452,"type":"sell","buyer":"newsposter","seller":"successforall","symbol":"SIM","quantity":"1750","price":"0.00062000","timestamp":1639954275,"volume":"1.08500000","buyTxId":"8e01a035ef9375362897eb96730635eff056cd66","sellTxId":"493cd3cc35ee22d3c9850c6283822949a44bb80b"}
{"index": {"_index":"sim","_id":"2328493"}}
	{"id":2328493,"type":"sell","buyer":"newsposter","seller":"he-index","symbol":"SIM","quantity":"343.906","price":"0.00063000","timestamp":1639954875,"volume":"0.21666078","buyTxId":"11c86dcaea72cbab3b5157676b8d911bb09c7ba2","sellTxId":"fe00be65764c4a0896fec50cde9252e283b9a3ac"}
{"index": {"_index":"sim","_id":"2328604"}}
	{"id":2328604,"type":"sell","buyer":"newsposter","seller":"apoloo1","symbol":"SIM","quantity":"0.159","price":"0.00063000","timestamp":1639956294,"volume":"0.00010017","buyTxId":"11c86dcaea72cbab3b5157676b8d911bb09c7ba2","sellTxId":"cb01f16c853e1eed0aa00087a9795fb6e05e838c"}
{"index": {"_index":"sim","_id":"2328847"}}
	{"id":2328847,"type":"sell","buyer":"newsposter","seller":"brofi-market","symbol":"SIM","quantity":"0.002","price":"0.00063000","timestamp":1639959213,"volume":"0.00000126","buyTxId":"11c86dcaea72cbab3b5157676b8d911bb09c7ba2","sellTxId":"a86a3fdf4b672401da20d00e6bc65dcf1cc34219"}
{"index": {"_index":"sim","_id":"2328877"}}
	{"id":2328877,"type":"sell","buyer":"newsposter","seller":"nervi","symbol":"SIM","quantity":"2855.933","price":"0.00063000","timestamp":1639959444,"volume":"1.79923779","buyTxId":"11c86dcaea72cbab3b5157676b8d911bb09c7ba2","sellTxId":"1cbd0565e99c68f6180422521338cc7444006c55"}
{"index": {"_index":"sim","_id":"2328878"}}
	{"id":2328878,"type":"sell","buyer":"newsposter","seller":"nervi","symbol":"SIM","quantity":"2025.000","price":"0.00062000","timestamp":1639959444,"volume":"1.25550000","buyTxId":"8e01a035ef9375362897eb96730635eff056cd66","sellTxId":"1cbd0565e99c68f6180422521338cc7444006c55"}
{"index": {"_index":"sim","_id":"2328879"}}
	{"id":2328879,"type":"sell","buyer":"jelly-cz","seller":"nervi","symbol":"SIM","quantity":"119.067","price":"0.00061552","timestamp":1639959444,"volume":"0.07328812","buyTxId":"MM-P-13189457-60176391-3-29-0","sellTxId":"1cbd0565e99c68f6180422521338cc7444006c55"}
{"index": {"_index":"sim","_id":"2329049"}}
	{"id":2329049,"type":"sell","buyer":"jelly-cz","seller":"thatcryptodave","symbol":"SIM","quantity":"847.993","price":"0.00061552","timestamp":1639961787,"volume":"0.52195665","buyTxId":"MM-P-13189457-60176391-3-29-0","sellTxId":"2f2e8f4092c9a287427afdb4a2914e2ce0ff12c9"}
{"index": {"_index":"sim","_id":"2329202"}}
	{"id":2329202,"type":"sell","buyer":"jelly-cz","seller":"otherbrandt","symbol":"SIM","quantity":"15350.970","price":"0.00061552","timestamp":1639964076,"volume":"9.44882905","buyTxId":"MM-P-13189457-60176391-3-29-0","sellTxId":"0698198ca4196c7625e36ddcf15789af9147b2a1"}
{"index": {"_index":"sim","_id":"2329203"}}
	{"id":2329203,"type":"sell","buyer":"pokerarema","seller":"otherbrandt","symbol":"SIM","quantity":"55937.407","price":"0.00061501","timestamp":1639964076,"volume":"34.40206468","buyTxId":"36c9511d8363c28b853c83d92e1d854e025251ad","sellTxId":"0698198ca4196c7625e36ddcf15789af9147b2a1"}
{"index": {"_index":"sim","_id":"2329204"}}
	{"id":2329204,"type":"sell","buyer":"jelly13","seller":"otherbrandt","symbol":"SIM","quantity":"3585.888","price":"0.00061500","timestamp":1639964076,"volume":"2.20532112","buyTxId":"29a2d7b1926c75349fb5f318dd3da1d058487347","sellTxId":"0698198ca4196c7625e36ddcf15789af9147b2a1"}
{"index": {"_index":"sim","_id":"2329227"}}
	{"id":2329227,"type":"sell","buyer":"jelly13","seller":"andy4475","symbol":"SIM","quantity":"53.477","price":"0.00061500","timestamp":1639964460,"volume":"0.03288836","buyTxId":"29a2d7b1926c75349fb5f318dd3da1d058487347","sellTxId":"8065af08263e5d994594b13de38abf0123e95f26"}
{"index": {"_index":"sim","_id":"2329605"}}
	{"id":2329605,"type":"buy","buyer":"theclasser1","seller":"leonardoalmaguer","symbol":"SIM","quantity":"635.000","price":"0.00061600","timestamp":1639968165,"volume":"0.39116000","buyTxId":"c3208a7ad0fd49562e68ec584584617972ff0f2d","sellTxId":"7aceab277eb0c19a915380af33a4cabba9db9ba1"}
{"index": {"_index":"sim","_id":"2329626"}}
	{"id":2329626,"type":"buy","buyer":"theclasser1","seller":"velourex","symbol":"SIM","quantity":"30260.780","price":"0.00062000","timestamp":1639968363,"volume":"18.76168360","buyTxId":"3f854ba7223b858922b915ef38f341735bd1f498","sellTxId":"0a4fb5fe0e1876bfae1bd412e595049b405b4b1b"}
{"index": {"_index":"sim","_id":"2329627"}}
	{"id":2329627,"type":"buy","buyer":"theclasser1","seller":"travelgirl","symbol":"SIM","quantity":"11056.000","price":"0.00062000","timestamp":1639968363,"volume":"6.85472000","buyTxId":"3f854ba7223b858922b915ef38f341735bd1f498","sellTxId":"59afd43acab41435625932aa5a95e5074ae8b75b"}
{"index": {"_index":"sim","_id":"2329633"}}
	{"id":2329633,"type":"buy","buyer":"theclasser1","seller":"pi-trader","symbol":"SIM","quantity":"7814.410","price":"0.00064698","timestamp":1639968438,"volume":"5.05576698","buyTxId":"75d32fb7b3ed5f3285c22f8825358f98ca9be1a6","sellTxId":"e8425d844f7914f435beab8a3e6acdc540f42ad1"}
{"index": {"_index":"sim","_id":"2329769"}}
	{"id":2329769,"type":"sell","buyer":"jelly13","seller":"inri","symbol":"SIM","quantity":"36360.635","price":"0.00061500","timestamp":1639969740,"volume":"22.36179052","buyTxId":"29a2d7b1926c75349fb5f318dd3da1d058487347","sellTxId":"96b965cf886fca24fd9dc43c42a2a7a86ce0d0aa"}
{"index": {"_index":"sim","_id":"2329770"}}
	{"id":2329770,"type":"sell","buyer":"jelly-cz","seller":"inri","symbol":"SIM","quantity":"30404.365","price":"0.00061051","timestamp":1639969740,"volume":"18.56216888","buyTxId":"MM-P-13202324-60189264-3-29-0","sellTxId":"96b965cf886fca24fd9dc43c42a2a7a86ce0d0aa"}
{"index": {"_index":"sim","_id":"2329854"}}
	{"id":2329854,"type":"sell","buyer":"jelly-cz","seller":"augustbrown","symbol":"SIM","quantity":"85.000","price":"0.00061155","timestamp":1639970679,"volume":"0.05198175","buyTxId":"MM-P-13204321-60191261-3-29-0","sellTxId":"62704a33a51efc0a11bcd38d4cc4ab7fd58ccd18"}
