{"index": {"_index":"sim","_id":"2184677"}}
	{"id":2184677,"type":"sell","buyer":"soteyapanbot","seller":"theshaki","symbol":"SIM","quantity":"0.008","price":"0.00050999","timestamp":1638762651,"volume":"0.00000408","buyTxId":"1b891c5b308415df5f8038871aadf78db782be89","sellTxId":"ecab1e1537756740bb98181526b041886f752754"}
{"index": {"_index":"sim","_id":"2184694"}}
	{"id":2184694,"type":"sell","buyer":"pi-trader","seller":"hive.miner","symbol":"SIM","quantity":"206.982","price":"0.00050102","timestamp":1638762945,"volume":"0.10370212","buyTxId":"7eb7f549446c16398759a9006fdc93f2f009e3f6-5","sellTxId":"426ab75ebe00da9dbaebe200902e85a85156cac8"}
{"index": {"_index":"sim","_id":"2184724"}}
	{"id":2184724,"type":"buy","buyer":"jwjqu.wam","seller":"theshaki","symbol":"SIM","quantity":"46.010","price":"0.00050999","timestamp":1638763365,"volume":"0.02346464","buyTxId":"29b2823b94165e52aca4e77a829c88920ebc4a3e","sellTxId":"ecab1e1537756740bb98181526b041886f752754"}
{"index": {"_index":"sim","_id":"2184735"}}
	{"id":2184735,"type":"sell","buyer":"jwjqu.wam","seller":"brofi-market","symbol":"SIM","quantity":"0.001","price":"0.00050999","timestamp":1638763683,"volume":"0.00000051","buyTxId":"29b2823b94165e52aca4e77a829c88920ebc4a3e","sellTxId":"78c8a1d654793d7f94c836e43950a4e4e8a62a46"}
{"index": {"_index":"sim","_id":"2184741"}}
	{"id":2184741,"type":"buy","buyer":"igntakenagain","seller":"fiberfrau","symbol":"SIM","quantity":"50.000","price":"0.00051000","timestamp":1638763743,"volume":"0.02550000","buyTxId":"756d3dd2267ddb037e9c6123aee34678aab05fad","sellTxId":"a69cdbdadd6efbff5c4d156633630e3f4810da55"}
{"index": {"_index":"sim","_id":"2184742"}}
	{"id":2184742,"type":"buy","buyer":"igntakenagain","seller":"brofi-market","symbol":"SIM","quantity":"0.001","price":"0.00051000","timestamp":1638763743,"volume":"0.00000051","buyTxId":"756d3dd2267ddb037e9c6123aee34678aab05fad","sellTxId":"403d822d4062d7fe9e4e1deb50a61434f8d877c2"}
{"index": {"_index":"sim","_id":"2184743"}}
	{"id":2184743,"type":"buy","buyer":"igntakenagain","seller":"brofi-market","symbol":"SIM","quantity":"0.002","price":"0.00051951","timestamp":1638763743,"volume":"0.00000104","buyTxId":"756d3dd2267ddb037e9c6123aee34678aab05fad","sellTxId":"97f1981091fd2cb3c0622431bc453133a16effda"}
{"index": {"_index":"sim","_id":"2184744"}}
	{"id":2184744,"type":"buy","buyer":"igntakenagain","seller":"augustbrown","symbol":"SIM","quantity":"36.000","price":"0.00051953","timestamp":1638763743,"volume":"0.01870308","buyTxId":"756d3dd2267ddb037e9c6123aee34678aab05fad","sellTxId":"337ebb3cd7a24106cb47e2d4bc35f98adeabe99d"}
{"index": {"_index":"sim","_id":"2184745"}}
	{"id":2184745,"type":"buy","buyer":"igntakenagain","seller":"brofi-market","symbol":"SIM","quantity":"0.001","price":"0.00051992","timestamp":1638763743,"volume":"0.00000052","buyTxId":"756d3dd2267ddb037e9c6123aee34678aab05fad","sellTxId":"18f4ecad87d3045d032d6cd58f52f04a0dc3a421"}
{"index": {"_index":"sim","_id":"2184746"}}
	{"id":2184746,"type":"buy","buyer":"igntakenagain","seller":"pi-trader","symbol":"SIM","quantity":"41.919","price":"0.00051992","timestamp":1638763743,"volume":"0.02179485","buyTxId":"756d3dd2267ddb037e9c6123aee34678aab05fad","sellTxId":"d5b01222b9bee39e6e76870a2ba786cbb5adc578-8"}
{"index": {"_index":"sim","_id":"2184762"}}
	{"id":2184762,"type":"sell","buyer":"jwjqu.wam","seller":"quantumg","symbol":"SIM","quantity":"257.000","price":"0.00050999","timestamp":1638764166,"volume":"0.13106743","buyTxId":"29b2823b94165e52aca4e77a829c88920ebc4a3e","sellTxId":"0c3ac4e29c1c742590dad00619a8dfe2d8a4ca47"}
{"index": {"_index":"sim","_id":"2184824"}}
	{"id":2184824,"type":"buy","buyer":"agolasol","seller":"pi-trader","symbol":"SIM","quantity":"250.000","price":"0.00051992","timestamp":1638765438,"volume":"0.12998000","buyTxId":"745e633559ec90baf275a7a102e70ab46137f8fe","sellTxId":"746bf15be24f03e102666aaf0a6c72f8927ae0af-4"}
{"index": {"_index":"sim","_id":"2184870"}}
	{"id":2184870,"type":"buy","buyer":"dkid14","seller":"pi-trader","symbol":"SIM","quantity":"10000.700","price":"0.00051992","timestamp":1638765885,"volume":"5.19956394","buyTxId":"c1345cc080e9270c8f65925cbca571d4c117a745","sellTxId":"e0cbe7e375fcd9fa8e1f9a2d20e977d02031691a-6"}
{"index": {"_index":"sim","_id":"2185003"}}
	{"id":2185003,"type":"buy","buyer":"rexikhan","seller":"pi-trader","symbol":"SIM","quantity":"3200.000","price":"0.00051992","timestamp":1638767985,"volume":"1.66374400","buyTxId":"6ffefe6459d7563e1c40483c8d03bf12de8b3b94","sellTxId":"5cf7d1b5e3b360008467d581041c6701801bc1d5-8"}
{"index": {"_index":"sim","_id":"2185009"}}
	{"id":2185009,"type":"buy","buyer":"darkluigi","seller":"pi-trader","symbol":"SIM","quantity":"1700.487","price":"0.00051992","timestamp":1638768045,"volume":"0.88411720","buyTxId":"f8c06539b9f5ef7b27337cebaafa1d962ed76171","sellTxId":"84f21c653bada3502143c463099d2aa50a8e5878-9"}
{"index": {"_index":"sim","_id":"2185024"}}
	{"id":2185024,"type":"sell","buyer":"jwjqu.wam","seller":"bordel","symbol":"SIM","quantity":"186.154","price":"0.00050999","timestamp":1638768363,"volume":"0.09493668","buyTxId":"29b2823b94165e52aca4e77a829c88920ebc4a3e","sellTxId":"72b8e88db214c175fd07232138c243f432192b56"}
{"index": {"_index":"sim","_id":"2185106"}}
	{"id":2185106,"type":"sell","buyer":"jwjqu.wam","seller":"hirohurl","symbol":"SIM","quantity":"69.511","price":"0.00050999","timestamp":1638769575,"volume":"0.03544991","buyTxId":"29b2823b94165e52aca4e77a829c88920ebc4a3e","sellTxId":"0bf901a4e83ff1d7149b5e4c1e197f64d9700b66"}
{"index": {"_index":"sim","_id":"2185112"}}
	{"id":2185112,"type":"sell","buyer":"jwjqu.wam","seller":"kharma.scribbles","symbol":"SIM","quantity":"22.120","price":"0.00050999","timestamp":1638769773,"volume":"0.01128098","buyTxId":"29b2823b94165e52aca4e77a829c88920ebc4a3e","sellTxId":"21e4b3b5d73a109db799b60bb19aeed1c1ffe5ce"}
{"index": {"_index":"sim","_id":"2185136"}}
	{"id":2185136,"type":"buy","buyer":"darkluigi","seller":"pi-trader","symbol":"SIM","quantity":"793.619","price":"0.00051992","timestamp":1638770145,"volume":"0.41261839","buyTxId":"8d51d070bedcf6260c1af8fe6bd5a08cab5b7ba3","sellTxId":"bab373619ffab15baa0aff837a05e51969160b01-9"}
{"index": {"_index":"sim","_id":"2185207"}}
	{"id":2185207,"type":"buy","buyer":"jwjqu.wam","seller":"pi-trader","symbol":"SIM","quantity":"1258.000","price":"0.00051992","timestamp":1638771726,"volume":"0.65405936","buyTxId":"83b9ea4ae2de07391efbc64a0e96e39e6263d28a","sellTxId":"06e777ca645f169ae9c0d0463738358aa1ff086e-4"}
{"index": {"_index":"sim","_id":"2185216"}}
	{"id":2185216,"type":"sell","buyer":"pi-trader","seller":"kharma.scribbles","symbol":"SIM","quantity":"47.500","price":"0.00050105","timestamp":1638771840,"volume":"0.02379988","buyTxId":"7f14a7e4fa14cec1821f35b79232144920ff5932-2","sellTxId":"a77ffdfde8faec40a73e7c3b3e24c57ef45a8ebe"}
{"index": {"_index":"sim","_id":"2185220"}}
	{"id":2185220,"type":"sell","buyer":"pi-trader","seller":"linco","symbol":"SIM","quantity":"445.000","price":"0.00050105","timestamp":1638771870,"volume":"0.22296725","buyTxId":"1cc94ceb444e4b0603304c43e0c1f264274961f9-1","sellTxId":"9b850441fdf521cd5adb218d3347b7550f8cdc66"}
{"index": {"_index":"sim","_id":"2185240"}}
	{"id":2185240,"type":"sell","buyer":"pi-trader","seller":"ericburgoyne","symbol":"SIM","quantity":"61.003","price":"0.00050111","timestamp":1638772377,"volume":"0.03056921","buyTxId":"d074fe4aa338f00ca62ba458b4a210fa375f30ef-5","sellTxId":"21c1a6854d54e27a77d5bf391694ab9f447f22a9"}
{"index": {"_index":"sim","_id":"2185287"}}
	{"id":2185287,"type":"sell","buyer":"pi-trader","seller":"piotr42","symbol":"SIM","quantity":"530.000","price":"0.00050121","timestamp":1638773184,"volume":"0.26564130","buyTxId":"d1a04b87a29828f8194e4fc6755ce80beddd0a4f-8","sellTxId":"f02778fa30442060ed1dd05a62bbe61a5a8fb6a3"}
{"index": {"_index":"sim","_id":"2185411"}}
	{"id":2185411,"type":"buy","buyer":"theclasser1","seller":"pi-trader","symbol":"SIM","quantity":"3258.000","price":"0.00051992","timestamp":1638774987,"volume":"1.69389936","buyTxId":"d2346c1aaebb86382cd1a318d29bdab9c31c549f","sellTxId":"de0ab12a9250780e048886ee2dac2a3d518bac8c-8"}
{"index": {"_index":"sim","_id":"2185415"}}
	{"id":2185415,"type":"sell","buyer":"pi-trader","seller":"anosys","symbol":"SIM","quantity":"28.010","price":"0.00050139","timestamp":1638775032,"volume":"0.01404393","buyTxId":"c40eaa1570cc6fac5c8df910494430669e8d6290-1","sellTxId":"9617f0fc151172b1884810c26b73c01f78ce0b4a"}
{"index": {"_index":"sim","_id":"2185420"}}
	{"id":2185420,"type":"buy","buyer":"rexikhan","seller":"pi-trader","symbol":"SIM","quantity":"3000.000","price":"0.00051992","timestamp":1638775203,"volume":"1.55976000","buyTxId":"652f3725f29b16a5204517e2fe891c55bbcead12","sellTxId":"c6ede11a11747d81f4bc6fa8ee2b3b929ab9df2c-6"}
{"index": {"_index":"sim","_id":"2185444"}}
	{"id":2185444,"type":"sell","buyer":"pi-trader","seller":"pixaroma","symbol":"SIM","quantity":"100000.000","price":"0.00050145","timestamp":1638775641,"volume":"50.14500000","buyTxId":"87de66d9d144a4c054aa074bf304a6008563aa44-4","sellTxId":"ded4650eca5ce3f4f46d1dcc1056e8397d9c9d50"}
{"index": {"_index":"sim","_id":"2185445"}}
	{"id":2185445,"type":"buy","buyer":"svirus","seller":"pixaroma","symbol":"SIM","quantity":"500000.000","price":"0.00050145","timestamp":1638775644,"volume":"250.72500000","buyTxId":"5aa9fee7e4fa4cc34cacd293be252d2e87075baa-0","sellTxId":"ded4650eca5ce3f4f46d1dcc1056e8397d9c9d50"}
{"index": {"_index":"sim","_id":"2185460"}}
	{"id":2185460,"type":"sell","buyer":"jelly-cz","seller":"bordel","symbol":"SIM","quantity":"9728.950","price":"0.00050144","timestamp":1638775806,"volume":"4.87848469","buyTxId":"MM-P-12807058-59793818-3-28-0","sellTxId":"53e5d09183674484f95d80786d00c82e697c6e5e"}
{"index": {"_index":"sim","_id":"2185462"}}
	{"id":2185462,"type":"sell","buyer":"jelly-cz","seller":"muenchen","symbol":"SIM","quantity":"0.010","price":"0.00050144","timestamp":1638775821,"volume":"0.00000501","buyTxId":"MM-P-12807058-59793818-3-28-0","sellTxId":"f98738a8c85403eaf4fe79c483b2794af91f780e"}
{"index": {"_index":"sim","_id":"2185475"}}
	{"id":2185475,"type":"buy","buyer":"lxsxl","seller":"pi-trader","symbol":"SIM","quantity":"7849.445","price":"0.00050999","timestamp":1638775950,"volume":"4.00313846","buyTxId":"411d86bddec87c3dff1f81460c833b8d2b6720a1","sellTxId":"047fcf3e93d3db686fc53b147eda785a31740609-9"}
{"index": {"_index":"sim","_id":"2185496"}}
	{"id":2185496,"type":"sell","buyer":"jelly-cz","seller":"imperij4427","symbol":"SIM","quantity":"17170.000","price":"0.00050144","timestamp":1638776109,"volume":"8.60972480","buyTxId":"MM-P-12807058-59793818-3-28-0","sellTxId":"8123d1cb7faf4a6a8e6aae15f33ce92bb8795af2"}
{"index": {"_index":"sim","_id":"2185557"}}
	{"id":2185557,"type":"buy","buyer":"lxsxl","seller":"pi-trader","symbol":"SIM","quantity":"27842.971","price":"0.00050999","timestamp":1638776661,"volume":"14.19963678","buyTxId":"87171b51c4cea59892556754b81f1e5ab2d335df","sellTxId":"b8adcc126aec578cf4b0761646ea00f424830c0c-9"}
{"index": {"_index":"sim","_id":"2185661"}}
	{"id":2185661,"type":"sell","buyer":"jelly-cz","seller":"bordel","symbol":"SIM","quantity":"473.100","price":"0.00050144","timestamp":1638778191,"volume":"0.23723126","buyTxId":"MM-P-12807058-59793818-3-28-0","sellTxId":"d859ffcd2d08903aea138f0ad3280a39d768d0bc"}
{"index": {"_index":"sim","_id":"2185918"}}
	{"id":2185918,"type":"buy","buyer":"wizzitywillican","seller":"pi-trader","symbol":"SIM","quantity":"14800.000","price":"0.00050999","timestamp":1638781374,"volume":"7.54785200","buyTxId":"ee896fff2653fa4fecc5469b4c9b76690028fa94","sellTxId":"1c79854a9ebda06890f66b5e1a02045f9aa48214-8"}
{"index": {"_index":"sim","_id":"2185939"}}
	{"id":2185939,"type":"buy","buyer":"rexikhan","seller":"pi-trader","symbol":"SIM","quantity":"500.000","price":"0.00050999","timestamp":1638781824,"volume":"0.25499500","buyTxId":"8be608d3b458f31dd9cf1cf0b09014b7ff6d2cb4","sellTxId":"452acc2303cdee06f90fb76a69e8e8d3c16a533e-8"}
{"index": {"_index":"sim","_id":"2185964"}}
	{"id":2185964,"type":"buy","buyer":"theclasser1","seller":"pi-trader","symbol":"SIM","quantity":"156.480","price":"0.00050999","timestamp":1638782457,"volume":"0.07980324","buyTxId":"a66f2430c7c3e102c10ee74a6b98949984f331e5","sellTxId":"14c4fe75ec1bafbefe6100040b2827971466e169-5"}
{"index": {"_index":"sim","_id":"2186091"}}
	{"id":2186091,"type":"buy","buyer":"libert","seller":"pi-trader","symbol":"SIM","quantity":"26902.488","price":"0.00050999","timestamp":1638784221,"volume":"13.72","buyTxId":"b7caf7f9fa51db6bf6a8a0d4bfcece011d454927","sellTxId":"1d20a7930579c36137f4a58985a05a5642d9fadf-10"}
{"index": {"_index":"sim","_id":"2186094"}}
	{"id":2186094,"type":"buy","buyer":"monsterjamgold","seller":"pi-trader","symbol":"SIM","quantity":"4177.000","price":"0.00050999","timestamp":1638784263,"volume":"2.13022823","buyTxId":"75ec989b0d72f6e608d0d3c603f09afe7bde5101","sellTxId":"29b5c0e439c9b755834c64e931c6754f56ba4d78-10"}
{"index": {"_index":"sim","_id":"2186233"}}
	{"id":2186233,"type":"sell","buyer":"jelly-cz","seller":"elricmoonslayer","symbol":"SIM","quantity":"125.006","price":"0.00050144","timestamp":1638787056,"volume":"0.06268301","buyTxId":"MM-P-12807058-59793818-3-28-0","sellTxId":"96584131c48af340626a802b38d2426dede98ce5"}
{"index": {"_index":"sim","_id":"2186258"}}
	{"id":2186258,"type":"sell","buyer":"jelly-cz","seller":"bordel","symbol":"SIM","quantity":"2244.850","price":"0.00050144","timestamp":1638787515,"volume":"1.12565758","buyTxId":"MM-P-12807058-59793818-3-28-0","sellTxId":"7daf347c5f7fd98fa04f1858da5618a6c85d6300"}
{"index": {"_index":"sim","_id":"2186353"}}
	{"id":2186353,"type":"buy","buyer":"monsterjamgold","seller":"pi-trader","symbol":"SIM","quantity":"588.000","price":"0.00050999","timestamp":1638789120,"volume":"0.29987412","buyTxId":"b5ef5c597f1b39172108d194740441f640e9f15a","sellTxId":"da29c01892d2e8ff98cb55402f91459267ba510d-8"}
{"index": {"_index":"sim","_id":"2186423"}}
	{"id":2186423,"type":"sell","buyer":"jelly-cz","seller":"goldcoin","symbol":"SIM","quantity":"25.040","price":"0.00050144","timestamp":1638790002,"volume":"0.01255606","buyTxId":"MM-P-12807058-59793818-3-28-0","sellTxId":"8893a505c4a3c44926624b66a6fd884129d5d215"}
{"index": {"_index":"sim","_id":"2186432"}}
	{"id":2186432,"type":"buy","buyer":"nyxlabs","seller":"pi-trader","symbol":"SIM","quantity":"8036.000","price":"0.00050999","timestamp":1638790107,"volume":"4.09827964","buyTxId":"115095a95cb66340d4a24d8896452fef390b5c04","sellTxId":"8bf34cddfeab56f80c9d398879a416482a879479-2"}
{"index": {"_index":"sim","_id":"2186437"}}
	{"id":2186437,"type":"buy","buyer":"monsterjamgold","seller":"pi-trader","symbol":"SIM","quantity":"225.884","price":"0.00050999","timestamp":1638790224,"volume":"0.11519858","buyTxId":"bd71cae870c58f5e2899b03e7115ab02551baedf","sellTxId":"a373c1deaf57a1153888aeec8bc208493755e211-4"}
{"index": {"_index":"sim","_id":"2186477"}}
	{"id":2186477,"type":"buy","buyer":"stickupboys","seller":"pi-trader","symbol":"SIM","quantity":"15000.000","price":"0.00050999","timestamp":1638790689,"volume":"7.64985000","buyTxId":"8d0ec3a86b8ad632e32736fe7d73580e40e9a852","sellTxId":"921444d80cd25971fafc7384ee6466c6e56f2b5f-2"}
{"index": {"_index":"sim","_id":"2186496"}}
	{"id":2186496,"type":"sell","buyer":"jelly-cz","seller":"m2nnari","symbol":"SIM","quantity":"840.000","price":"0.00050144","timestamp":1638791016,"volume":"0.42120960","buyTxId":"MM-P-12807058-59793818-3-28-0","sellTxId":"04f47975234c4b6e5fdaff5b4ea66ad3a4bb52fa"}
{"index": {"_index":"sim","_id":"2186571"}}
	{"id":2186571,"type":"sell","buyer":"jelly-cz","seller":"tonytrillions","symbol":"SIM","quantity":"0.009","price":"0.00050144","timestamp":1638791976,"volume":"0.00000451","buyTxId":"MM-P-12807058-59793818-3-28-0","sellTxId":"31e08cb241664280dd2664e5e68d2c1502b640c1"}
{"index": {"_index":"sim","_id":"2186624"}}
	{"id":2186624,"type":"sell","buyer":"jelly-cz","seller":"brofi-market","symbol":"SIM","quantity":"0.005","price":"0.00050144","timestamp":1638792486,"volume":"0.00000251","buyTxId":"MM-P-12807058-59793818-3-28-0","sellTxId":"d2a9ff6493e6fb877b70f2992676a1f02026b64c"}
{"index": {"_index":"sim","_id":"2186711"}}
	{"id":2186711,"type":"sell","buyer":"jelly-cz","seller":"stevenwood","symbol":"SIM","quantity":"154.048","price":"0.00050144","timestamp":1638793638,"volume":"0.07724583","buyTxId":"MM-P-12807058-59793818-3-28-0","sellTxId":"0d60a5cb5e70039d9ee6be64767ea09ccd8d72fa"}
{"index": {"_index":"sim","_id":"2186857"}}
	{"id":2186857,"type":"sell","buyer":"jelly-cz","seller":"tonytrillions","symbol":"SIM","quantity":"0.016","price":"0.00050144","timestamp":1638795669,"volume":"0.00000802","buyTxId":"MM-P-12807058-59793818-3-28-0","sellTxId":"c7c3a4dd1a3f373a0d933595632aa8a312bf2d5b"}
{"index": {"_index":"sim","_id":"2186993"}}
	{"id":2186993,"type":"sell","buyer":"jelly-cz","seller":"eforucom","symbol":"SIM","quantity":"0.008","price":"0.00050144","timestamp":1638797097,"volume":"0.00000401","buyTxId":"MM-P-12807058-59793818-3-28-0","sellTxId":"507de310641390a145d10bf47a8137cf9c37c8ae"}
{"index": {"_index":"sim","_id":"2187084"}}
	{"id":2187084,"type":"buy","buyer":"stickupboys","seller":"sirmanonu312","symbol":"SIM","quantity":"551.667","price":"0.00050500","timestamp":1638797973,"volume":"0.27859184","buyTxId":"b2e8a474701e61835f1ac465748b7660c80c9b8d","sellTxId":"7c9687f13a210e17614764676951738eca509bc1"}
{"index": {"_index":"sim","_id":"2187085"}}
	{"id":2187085,"type":"sell","buyer":"stickupboys","seller":"svirus","symbol":"SIM","quantity":"14448.330","price":"0.00050500","timestamp":1638797976,"volume":"7.29640665","buyTxId":"b2e8a474701e61835f1ac465748b7660c80c9b8d","sellTxId":"544284be3ef09eea272f50e477a28ca5c62a9acd-1"}
{"index": {"_index":"sim","_id":"2187087"}}
	{"id":2187087,"type":"sell","buyer":"stickupboys","seller":"marvinix","symbol":"SIM","quantity":"0.003","price":"0.00050500","timestamp":1638797985,"volume":"0.00000151","buyTxId":"b2e8a474701e61835f1ac465748b7660c80c9b8d","sellTxId":"1982e5cf03780d13fc8444a2ec4bd9b86ba9e024"}
{"index": {"_index":"sim","_id":"2187088"}}
	{"id":2187088,"type":"sell","buyer":"jelly-cz","seller":"marvinix","symbol":"SIM","quantity":"1026.027","price":"0.00050144","timestamp":1638797985,"volume":"0.51449098","buyTxId":"MM-P-12807058-59793818-3-28-0","sellTxId":"1982e5cf03780d13fc8444a2ec4bd9b86ba9e024"}
{"index": {"_index":"sim","_id":"2187143"}}
	{"id":2187143,"type":"buy","buyer":"stickupcash","seller":"brofi-market","symbol":"SIM","quantity":"0.005","price":"0.00050999","timestamp":1638798534,"volume":"0.00000255","buyTxId":"b4c60e3feb9468fbfcc5c79e3cc52fc46b6306de","sellTxId":"3106b20267293489daeb831a8c87374d0294b038"}
{"index": {"_index":"sim","_id":"2187144"}}
	{"id":2187144,"type":"buy","buyer":"stickupcash","seller":"pi-trader","symbol":"SIM","quantity":"17649.995","price":"0.00050999","timestamp":1638798534,"volume":"9.00132095","buyTxId":"b4c60e3feb9468fbfcc5c79e3cc52fc46b6306de","sellTxId":"dec7f4d7880defa40dc7b341ffe745951cea413d-8"}
{"index": {"_index":"sim","_id":"2187282"}}
	{"id":2187282,"type":"sell","buyer":"jelly-cz","seller":"nyxlabs","symbol":"SIM","quantity":"370.726","price":"0.00050144","timestamp":1638800595,"volume":"0.18589685","buyTxId":"MM-P-12807058-59793818-3-28-0","sellTxId":"6ceb42d4a54350c771c6f2e06c3999b3cdc1faed"}
{"index": {"_index":"sim","_id":"2187312"}}
	{"id":2187312,"type":"buy","buyer":"yaluna","seller":"pi-trader","symbol":"SIM","quantity":"30000.000","price":"0.00050999","timestamp":1638801138,"volume":"15.29970000","buyTxId":"9834202ba439308617e8a3e3336716b3b0a991b8","sellTxId":"ba18424a2ccf4cdf331dfc7b49dda469c65df8a5-6"}
{"index": {"_index":"sim","_id":"2187341"}}
	{"id":2187341,"type":"sell","buyer":"jelly-cz","seller":"choof","symbol":"SIM","quantity":"7574.750","price":"0.00050144","timestamp":1638801426,"volume":"3.79828264","buyTxId":"MM-P-12807058-59793818-3-28-0","sellTxId":"710ed13ef11504f2bc89f8ccb26f5b62a271dd3f"}
{"index": {"_index":"sim","_id":"2187352"}}
	{"id":2187352,"type":"sell","buyer":"jelly-cz","seller":"choof","symbol":"SIM","quantity":"1805.000","price":"0.00050144","timestamp":1638801528,"volume":"0.90509920","buyTxId":"MM-P-12807058-59793818-3-28-0","sellTxId":"9737b4c8b1dc7a131249bd02cc1de416d263d028"}
{"index": {"_index":"sim","_id":"2187394"}}
	{"id":2187394,"type":"sell","buyer":"jelly-cz","seller":"martusamak","symbol":"SIM","quantity":"8692.530","price":"0.00050144","timestamp":1638801636,"volume":"4.35878224","buyTxId":"MM-P-12807058-59793818-3-28-0","sellTxId":"2680d6200653b3c3dc8dd99cd63ca0c236266491"}
{"index": {"_index":"sim","_id":"2187423"}}
	{"id":2187423,"type":"sell","buyer":"jelly-cz","seller":"monsterjamgold","symbol":"SIM","quantity":"15190.421","price":"0.00050144","timestamp":1638801957,"volume":"7.61708471","buyTxId":"MM-P-12807058-59793818-3-28-0","sellTxId":"b58a52d731318321639a8bf5c8e6b09f486160f5"}
{"index": {"_index":"sim","_id":"2187446"}}
	{"id":2187446,"type":"sell","buyer":"jelly-cz","seller":"rarej","symbol":"SIM","quantity":"1884.000","price":"0.00050144","timestamp":1638802203,"volume":"0.94471296","buyTxId":"MM-P-12807058-59793818-3-28-0","sellTxId":"c33c53ac2cff03848f950c5ef736f49782965937"}
{"index": {"_index":"sim","_id":"2187475"}}
	{"id":2187475,"type":"sell","buyer":"jelly-cz","seller":"atongis","symbol":"SIM","quantity":"13.020","price":"0.00050144","timestamp":1638802407,"volume":"0.00652875","buyTxId":"MM-P-12807058-59793818-3-28-0","sellTxId":"7484de4049b09334e8eabbcac2756f3eab223498"}
{"index": {"_index":"sim","_id":"2187490"}}
	{"id":2187490,"type":"sell","buyer":"jelly-cz","seller":"jrcornel","symbol":"SIM","quantity":"41589.000","price":"0.00050144","timestamp":1638802665,"volume":"20.85438816","buyTxId":"MM-P-12807058-59793818-3-28-0","sellTxId":"9ebceb127387746568473164412b21355b70c2c3"}
{"index": {"_index":"sim","_id":"2187530"}}
	{"id":2187530,"type":"sell","buyer":"jelly-cz","seller":"pele23","symbol":"SIM","quantity":"0.066","price":"0.00050144","timestamp":1638803028,"volume":"0.00003310","buyTxId":"MM-P-12807058-59793818-3-28-0","sellTxId":"0f5f32fdc33f3ad2fda513ec30d6e48691b55bde"}
{"index": {"_index":"sim","_id":"2187634"}}
	{"id":2187634,"type":"sell","buyer":"jelly-cz","seller":"bordel","symbol":"SIM","quantity":"759.050","price":"0.00050144","timestamp":1638804297,"volume":"0.38061803","buyTxId":"MM-P-12807058-59793818-3-28-0","sellTxId":"98e86df8ddfb03560f7b49bf87a89f23f796b8f1"}
{"index": {"_index":"sim","_id":"2187636"}}
	{"id":2187636,"type":"buy","buyer":"darkluigi","seller":"pi-trader","symbol":"SIM","quantity":"318.673","price":"0.00050999","timestamp":1638804327,"volume":"0.16252004","buyTxId":"9394d341563d0e911f24bc214d3464b5864b83f3","sellTxId":"b3c3e5f1cb1537e70d7eb8f105817e50c6213e46-6"}
{"index": {"_index":"sim","_id":"2187710"}}
	{"id":2187710,"type":"sell","buyer":"jelly-cz","seller":"choof","symbol":"SIM","quantity":"2012.734","price":"0.00050144","timestamp":1638805110,"volume":"1.00926534","buyTxId":"MM-P-12807058-59793818-3-28-0","sellTxId":"085affc5b83e3d1b0a876ac6cc54d7df39ec15dd"}
{"index": {"_index":"sim","_id":"2187711"}}
	{"id":2187711,"type":"sell","buyer":"pokerarema","seller":"choof","symbol":"SIM","quantity":"1953.516","price":"0.00050003","timestamp":1638805110,"volume":"0.97681661","buyTxId":"d0f3ef14e8a0504b4598eae0518a5cb5a54bafe5","sellTxId":"085affc5b83e3d1b0a876ac6cc54d7df39ec15dd"}
{"index": {"_index":"sim","_id":"2187727"}}
	{"id":2187727,"type":"buy","buyer":"pimpstudio","seller":"pi-trader","symbol":"SIM","quantity":"2751.386","price":"0.00050999","timestamp":1638805329,"volume":"1.40317935","buyTxId":"41e6b1a3bfc442b8997e912d21a7822e803553be","sellTxId":"8f430fde80b844569fdb0ff385ab6a9bf12f0a8b-4"}
{"index": {"_index":"sim","_id":"2187888"}}
	{"id":2187888,"type":"sell","buyer":"jelly-cz","seller":"andy4475","symbol":"SIM","quantity":"33.205","price":"0.00050005","timestamp":1638807159,"volume":"0.01660416","buyTxId":"MM-P-12816943-59803706-3-28-0","sellTxId":"e3b81100ecedbaaebb15f2955638dbc22b7bb22d"}
{"index": {"_index":"sim","_id":"2187895"}}
	{"id":2187895,"type":"sell","buyer":"jelly-cz","seller":"brofi-market","symbol":"SIM","quantity":"0.001","price":"0.00050005","timestamp":1638807204,"volume":"0.00000050","buyTxId":"MM-P-12816943-59803706-3-28-0","sellTxId":"e11364cf17deee439d7665715c1ad78739895115"}
{"index": {"_index":"sim","_id":"2187954"}}
	{"id":2187954,"type":"buy","buyer":"miketr","seller":"pi-trader","symbol":"SIM","quantity":"1500.000","price":"0.00050999","timestamp":1638807564,"volume":"0.76498500","buyTxId":"d2338c07e143484eaa2a8e80e0e412252822815c","sellTxId":"c09c1de09abe0d31757e76e1959f8eeb99e622b2-6"}
{"index": {"_index":"sim","_id":"2188081"}}
	{"id":2188081,"type":"sell","buyer":"jelly-cz","seller":"captaincryptic","symbol":"SIM","quantity":"371.010","price":"0.00050005","timestamp":1638808842,"volume":"0.18552355","buyTxId":"MM-P-12816943-59803706-3-28-0","sellTxId":"f0c97ed09d434e4568ec41de1db45e4b3a2c22c3"}
{"index": {"_index":"sim","_id":"2188147"}}
	{"id":2188147,"type":"sell","buyer":"jelly-cz","seller":"egistar","symbol":"SIM","quantity":"1000","price":"0.00050005","timestamp":1638809595,"volume":"0.50005000","buyTxId":"MM-P-12816943-59803706-3-28-0","sellTxId":"2281450af7c86797bf0bf3513643f4e4f1bea8c7"}
{"index": {"_index":"sim","_id":"2188177"}}
	{"id":2188177,"type":"sell","buyer":"jelly-cz","seller":"automaton","symbol":"SIM","quantity":"1400.000","price":"0.00050005","timestamp":1638809913,"volume":"0.70007000","buyTxId":"MM-P-12816943-59803706-3-28-0","sellTxId":"dc8bacb6c61287eb400e26f7e9f00919bd055012"}
{"index": {"_index":"sim","_id":"2188186"}}
	{"id":2188186,"type":"sell","buyer":"jelly-cz","seller":"epilatero","symbol":"SIM","quantity":"3005","price":"0.00050005","timestamp":1638809976,"volume":"1.50265025","buyTxId":"MM-P-12816943-59803706-3-28-0","sellTxId":"300e2c01cf202a0f8383f9b0a3dad222d63a976c"}
{"index": {"_index":"sim","_id":"2188334"}}
	{"id":2188334,"type":"sell","buyer":"jelly-cz","seller":"the01crow","symbol":"SIM","quantity":"96.360","price":"0.00050005","timestamp":1638811353,"volume":"0.04818482","buyTxId":"MM-P-12816943-59803706-3-28-0","sellTxId":"e096223652aabebc102f47d1198f9946f65f9c68"}
{"index": {"_index":"sim","_id":"2188377"}}
	{"id":2188377,"type":"sell","buyer":"jelly-cz","seller":"eforucom","symbol":"SIM","quantity":"0.030","price":"0.00050005","timestamp":1638811851,"volume":"0.00001500","buyTxId":"MM-P-12816943-59803706-3-28-0","sellTxId":"b6ffa974d517bc386412d2bddf4f98273de6669c"}
{"index": {"_index":"sim","_id":"2188385"}}
	{"id":2188385,"type":"sell","buyer":"jelly-cz","seller":"mosho-o","symbol":"SIM","quantity":"0.052","price":"0.00050005","timestamp":1638811887,"volume":"0.00002600","buyTxId":"MM-P-12816943-59803706-3-28-0","sellTxId":"978e0dd33b02b99ead108c1a067b603efd4a195f"}
{"index": {"_index":"sim","_id":"2188654"}}
	{"id":2188654,"type":"sell","buyer":"jelly-cz","seller":"sharkthelion","symbol":"SIM","quantity":"772.012","price":"0.00050005","timestamp":1638815049,"volume":"0.38604460","buyTxId":"MM-P-12816943-59803706-3-28-0","sellTxId":"69ea9e246c606a64e5be428954bf76aa205fdea1"}
{"index": {"_index":"sim","_id":"2189060"}}
	{"id":2189060,"type":"sell","buyer":"jelly-cz","seller":"jrcornel","symbol":"SIM","quantity":"41608.000","price":"0.00050102","timestamp":1638820518,"volume":"20.84644016","buyTxId":"MM-P-12821135-59807898-3-28-0","sellTxId":"57a2db10cef5760b576b98dceda3c0b924ac2d02"}
{"index": {"_index":"sim","_id":"2189065"}}
	{"id":2189065,"type":"sell","buyer":"jelly-cz","seller":"anderssinho","symbol":"SIM","quantity":"4.258","price":"0.00050102","timestamp":1638820554,"volume":"0.00213334","buyTxId":"MM-P-12821135-59807898-3-28-0","sellTxId":"eaa6aff548dd59b6f3a1fdd5ade23261635d7a8e"}
{"index": {"_index":"sim","_id":"2189114"}}
	{"id":2189114,"type":"sell","buyer":"jelly-cz","seller":"monsterjamgold","symbol":"SIM","quantity":"1508.000","price":"0.00050102","timestamp":1638821064,"volume":"0.75553816","buyTxId":"MM-P-12821135-59807898-3-28-0","sellTxId":"5425f42a9bdca314bf31d378505fdc6b70afe98e"}
{"index": {"_index":"sim","_id":"2189122"}}
	{"id":2189122,"type":"buy","buyer":"lrekt01","seller":"brofi-market","symbol":"SIM","quantity":"0.001","price":"0.00050999","timestamp":1638821109,"volume":"0.00000051","buyTxId":"bf361b38bb3ed251c6ecb6c3f06f6a309219717e","sellTxId":"01d91b0e69d19036707b94b61c91ccc23466b918"}
{"index": {"_index":"sim","_id":"2189123"}}
	{"id":2189123,"type":"buy","buyer":"lrekt01","seller":"atomcollector","symbol":"SIM","quantity":"399.999","price":"0.00051000","timestamp":1638821175,"volume":"0.20399949","buyTxId":"948c9463617ddbda01499841e2444804621c76e1","sellTxId":"4c9103f22e602e04237ff8c45c66cfea937b156f"}
{"index": {"_index":"sim","_id":"2189228"}}
	{"id":2189228,"type":"sell","buyer":"jelly-cz","seller":"thatcryptodave","symbol":"SIM","quantity":"822.416","price":"0.00050102","timestamp":1638822204,"volume":"0.41204686","buyTxId":"MM-P-12821135-59807898-3-28-0","sellTxId":"fb06102eeb3f095c3e7f1dd250645138200aace5"}
{"index": {"_index":"sim","_id":"2189242"}}
	{"id":2189242,"type":"sell","buyer":"jelly-cz","seller":"loro68","symbol":"SIM","quantity":"1514.000","price":"0.00050102","timestamp":1638822306,"volume":"0.75854428","buyTxId":"MM-P-12821135-59807898-3-28-0","sellTxId":"f6bc7ac4d136b43c5fe5b7b04a0ee58b0451250a"}
{"index": {"_index":"sim","_id":"2189251"}}
	{"id":2189251,"type":"sell","buyer":"jelly-cz","seller":"piotr42","symbol":"SIM","quantity":"530.000","price":"0.00050102","timestamp":1638822390,"volume":"0.26554060","buyTxId":"MM-P-12821135-59807898-3-28-0","sellTxId":"f51154d7ef1ebd7c33c27a5a71cdefee33e74e9c"}
{"index": {"_index":"sim","_id":"2189307"}}
	{"id":2189307,"type":"sell","buyer":"jelly-cz","seller":"sn0n","symbol":"SIM","quantity":"1431.325","price":"0.00050102","timestamp":1638823104,"volume":"0.71712245","buyTxId":"MM-P-12821135-59807898-3-28-0","sellTxId":"fb8eed6d42a9b7aca79f6453fdf01be1b64bb541"}
{"index": {"_index":"sim","_id":"2189392"}}
	{"id":2189392,"type":"buy","buyer":"vokus","seller":"atomcollector","symbol":"SIM","quantity":"2405.000","price":"0.00051000","timestamp":1638824517,"volume":"1.22655000","buyTxId":"aea67eec5e24e2ff45aadff35f310216561714b7","sellTxId":"4c9103f22e602e04237ff8c45c66cfea937b156f"}
{"index": {"_index":"sim","_id":"2189406"}}
	{"id":2189406,"type":"buy","buyer":"pompeylad","seller":"atomcollector","symbol":"SIM","quantity":"5655.880","price":"0.00051000","timestamp":1638824679,"volume":"2.88449880","buyTxId":"a925e1e4cc5ca6919ad4db90f358cd8f098b169e","sellTxId":"4c9103f22e602e04237ff8c45c66cfea937b156f"}
{"index": {"_index":"sim","_id":"2189407"}}
	{"id":2189407,"type":"buy","buyer":"pompeylad","seller":"quekery","symbol":"SIM","quantity":"2000.000","price":"0.00051993","timestamp":1638824679,"volume":"1.03986000","buyTxId":"a925e1e4cc5ca6919ad4db90f358cd8f098b169e","sellTxId":"140286d1b7e5e5f0fd13bacf8d2076c12b97083d"}
{"index": {"_index":"sim","_id":"2189408"}}
	{"id":2189408,"type":"buy","buyer":"pompeylad","seller":"brofi-market","symbol":"SIM","quantity":"0.006","price":"0.00051995","timestamp":1638824679,"volume":"0.00000312","buyTxId":"a925e1e4cc5ca6919ad4db90f358cd8f098b169e","sellTxId":"af8563a638db18409fcceb16ea19eb3d66ed1850"}
{"index": {"_index":"sim","_id":"2189409"}}
	{"id":2189409,"type":"buy","buyer":"pompeylad","seller":"jemmarti","symbol":"SIM","quantity":"6641.687","price":"0.00051996","timestamp":1638824679,"volume":"3.45341194","buyTxId":"a925e1e4cc5ca6919ad4db90f358cd8f098b169e","sellTxId":"91f3754500422e6d9aa963583eb479a9eb24136c"}
{"index": {"_index":"sim","_id":"2189411"}}
	{"id":2189411,"type":"buy","buyer":"nyxlabs","seller":"pi-trader","symbol":"SIM","quantity":"700.000","price":"0.00051995","timestamp":1638824706,"volume":"0.36396500","buyTxId":"b3e3f5aa86c4c4f7d61dcf8113764c749683d5f0","sellTxId":"21937c9d1c73103b8288a9a9e19f1562a66aba65-2"}
{"index": {"_index":"sim","_id":"2189413"}}
	{"id":2189413,"type":"sell","buyer":"jelly-cz","seller":"florian-glechner","symbol":"SIM","quantity":"34.000","price":"0.00050102","timestamp":1638824754,"volume":"0.01703468","buyTxId":"MM-P-12821135-59807898-3-28-0","sellTxId":"dece8eab3aa3c6170a2600958643c5b54779b320"}
{"index": {"_index":"sim","_id":"2189539"}}
	{"id":2189539,"type":"sell","buyer":"jelly-cz","seller":"vincentnijman","symbol":"SIM","quantity":"1868.815","price":"0.00050102","timestamp":1638826554,"volume":"0.93631369","buyTxId":"MM-P-12821135-59807898-3-28-0","sellTxId":"034c8a6d882706502a6fa022a6470f9b5bbfe236"}
{"index": {"_index":"sim","_id":"2189549"}}
	{"id":2189549,"type":"sell","buyer":"jelly-cz","seller":"balte","symbol":"SIM","quantity":"13000.000","price":"0.00050102","timestamp":1638826794,"volume":"6.51326000","buyTxId":"MM-P-12821135-59807898-3-28-0","sellTxId":"f7e120e8120b986942086c423a6c27a29e5e040c"}
{"index": {"_index":"sim","_id":"2189668"}}
	{"id":2189668,"type":"sell","buyer":"jelly-cz","seller":"drew0","symbol":"SIM","quantity":"44507.045","price":"0.00050102","timestamp":1638827787,"volume":"22.29891969","buyTxId":"MM-P-12821135-59807898-3-28-0","sellTxId":"7bb7871c80316d2850264b6f5bf519d4088d7c83"}
{"index": {"_index":"sim","_id":"2189784"}}
	{"id":2189784,"type":"buy","buyer":"theclasser1","seller":"pi-trader","symbol":"SIM","quantity":"2965.000","price":"0.00051993","timestamp":1638828606,"volume":"1.54159245","buyTxId":"584855980017bca4a6de5d8fcc3b7e86cc690e33","sellTxId":"8f380c7d06a3666eaa0ae75b911c7bbc462caa08-4"}
{"index": {"_index":"sim","_id":"2189811"}}
	{"id":2189811,"type":"sell","buyer":"jelly-cz","seller":"thisisawesome","symbol":"SIM","quantity":"13.014","price":"0.00050102","timestamp":1638828741,"volume":"0.00652027","buyTxId":"MM-P-12821135-59807898-3-28-0","sellTxId":"70c2b644f082efc8207af4d2ca492d41080dd981"}
{"index": {"_index":"sim","_id":"2189922"}}
	{"id":2189922,"type":"sell","buyer":"jelly-cz","seller":"magnacarta","symbol":"SIM","quantity":"7.098","price":"0.00050102","timestamp":1638829449,"volume":"0.00355624","buyTxId":"MM-P-12821135-59807898-3-28-0","sellTxId":"18abb35a550f70c0ac47a2063a51f8dc18b67203"}
{"index": {"_index":"sim","_id":"2189938"}}
	{"id":2189938,"type":"buy","buyer":"stickupboys","seller":"pi-trader","symbol":"SIM","quantity":"50000.000","price":"0.00051993","timestamp":1638829647,"volume":"25.99650000","buyTxId":"3b80c9c5a1e8bda9e562545ad879ff8b36949346","sellTxId":"ff41ab662c7af2133bdd9ad7a927f835b1dc00f4-13"}
{"index": {"_index":"sim","_id":"2190206"}}
	{"id":2190206,"type":"sell","buyer":"jelly-cz","seller":"solarpowers","symbol":"SIM","quantity":"4924.014","price":"0.00050102","timestamp":1638832425,"volume":"2.46702949","buyTxId":"MM-P-12821135-59807898-3-28-0","sellTxId":"42b71cc5544c962ec4e59ede3ee1b2dd17c2870a"}
{"index": {"_index":"sim","_id":"2190207"}}
	{"id":2190207,"type":"sell","buyer":"nervi","seller":"solarpowers","symbol":"SIM","quantity":"14429.986","price":"0.00050100","timestamp":1638832425,"volume":"7.22942299","buyTxId":"a9d32b7fa41f5f9b7b1c0626e39ef47e051b2f9c","sellTxId":"42b71cc5544c962ec4e59ede3ee1b2dd17c2870a"}
{"index": {"_index":"sim","_id":"2190210"}}
	{"id":2190210,"type":"sell","buyer":"nervi","seller":"bobthebuilder2","symbol":"SIM","quantity":"39.000","price":"0.00050100","timestamp":1638832446,"volume":"0.01953900","buyTxId":"a9d32b7fa41f5f9b7b1c0626e39ef47e051b2f9c","sellTxId":"7a0a4281864effeef489076fcf52157e46edbec7"}
{"index": {"_index":"sim","_id":"2190255"}}
	{"id":2190255,"type":"buy","buyer":"themarkymark","seller":"pi-trader","symbol":"SIM","quantity":"50000.000","price":"0.00051992","timestamp":1638833085,"volume":"25.99600000","buyTxId":"90473077f5ba316de18d66e151ad70eee1db3ff3","sellTxId":"dc38e1c8ae731566e0cfa93f7786c0ebe672e884-5"}
{"index": {"_index":"sim","_id":"2190256"}}
	{"id":2190256,"type":"buy","buyer":"themarkymark","seller":"he-index","symbol":"SIM","quantity":"307.529","price":"0.00051993","timestamp":1638833085,"volume":"0.15989355","buyTxId":"90473077f5ba316de18d66e151ad70eee1db3ff3","sellTxId":"4e3e0c1726771866e08bdd68f2628f2c3bc81ebf"}
{"index": {"_index":"sim","_id":"2190257"}}
	{"id":2190257,"type":"buy","buyer":"themarkymark","seller":"marfonso","symbol":"SIM","quantity":"1185.852","price":"0.00051994","timestamp":1638833085,"volume":"0.61657189","buyTxId":"90473077f5ba316de18d66e151ad70eee1db3ff3","sellTxId":"d2eeb383be4ff99761cf5a5e19a2abcfe00940fa"}
{"index": {"_index":"sim","_id":"2190258"}}
	{"id":2190258,"type":"buy","buyer":"themarkymark","seller":"jemmarti","symbol":"SIM","quantity":"8358.313","price":"0.00051996","timestamp":1638833085,"volume":"4.34598843","buyTxId":"90473077f5ba316de18d66e151ad70eee1db3ff3","sellTxId":"91f3754500422e6d9aa963583eb479a9eb24136c"}
{"index": {"_index":"sim","_id":"2190259"}}
	{"id":2190259,"type":"buy","buyer":"themarkymark","seller":"brofi-market","symbol":"SIM","quantity":"0.001","price":"0.00051998","timestamp":1638833085,"volume":"0.00000052","buyTxId":"90473077f5ba316de18d66e151ad70eee1db3ff3","sellTxId":"2ed7ee19d235586384c225550ef53da438654969"}
{"index": {"_index":"sim","_id":"2190260"}}
	{"id":2190260,"type":"buy","buyer":"themarkymark","seller":"brofi-market","symbol":"SIM","quantity":"0.005","price":"0.00051999","timestamp":1638833085,"volume":"0.00000260","buyTxId":"90473077f5ba316de18d66e151ad70eee1db3ff3","sellTxId":"27e4a0984b3a1a357b182268598b0223789af3a8"}
{"index": {"_index":"sim","_id":"2190261"}}
	{"id":2190261,"type":"buy","buyer":"themarkymark","seller":"kobusu","symbol":"SIM","quantity":"5000.000","price":"0.00052000","timestamp":1638833085,"volume":"2.60000000","buyTxId":"90473077f5ba316de18d66e151ad70eee1db3ff3","sellTxId":"66d5eacfe77c2f05c0c35aa8452943ad4dbd7a79"}
{"index": {"_index":"sim","_id":"2190262"}}
	{"id":2190262,"type":"sell","buyer":"themarkymark","seller":"konvik","symbol":"SIM","quantity":"35122.007","price":"0.00052000","timestamp":1638833088,"volume":"18.26344364","buyTxId":"90473077f5ba316de18d66e151ad70eee1db3ff3","sellTxId":"e87da5f4be54382f7674d92741935389ef61c89c-1"}
{"index": {"_index":"sim","_id":"2190273"}}
	{"id":2190273,"type":"buy","buyer":"themarkymark","seller":"pi-trader","symbol":"SIM","quantity":"50000.000","price":"0.00052996","timestamp":1638833229,"volume":"26.49800000","buyTxId":"cbce712d41b85207594a4c3fdaadb2cb39612d14","sellTxId":"e8366e78c0f8d5e9cc2be271e5d0cf4298993b39-4"}
{"index": {"_index":"sim","_id":"2190274"}}
	{"id":2190274,"type":"buy","buyer":"themarkymark","seller":"martusamak","symbol":"SIM","quantity":"11644.070","price":"0.00052997","timestamp":1638833229,"volume":"6.17100778","buyTxId":"cbce712d41b85207594a4c3fdaadb2cb39612d14","sellTxId":"73c6a6b2b6af11acd8e7a25da0f0442df639eb88"}
{"index": {"_index":"sim","_id":"2190275"}}
	{"id":2190275,"type":"buy","buyer":"themarkymark","seller":"eshr92","symbol":"SIM","quantity":"190.000","price":"0.00053000","timestamp":1638833229,"volume":"0.10070000","buyTxId":"cbce712d41b85207594a4c3fdaadb2cb39612d14","sellTxId":"f7cd2e0d3dd3f5b260df4faf0a23d46a7e7a76b9"}
{"index": {"_index":"sim","_id":"2190276"}}
	{"id":2190276,"type":"buy","buyer":"themarkymark","seller":"nathyortiz","symbol":"SIM","quantity":"16.000","price":"0.00053000","timestamp":1638833229,"volume":"0.00848000","buyTxId":"cbce712d41b85207594a4c3fdaadb2cb39612d14","sellTxId":"0d706ddf2a345fda5b4caa6b3100bb02b0bbe77c"}
{"index": {"_index":"sim","_id":"2190277"}}
	{"id":2190277,"type":"sell","buyer":"themarkymark","seller":"konvik","symbol":"SIM","quantity":"38149.930","price":"0.00053000","timestamp":1638833232,"volume":"20.21946290","buyTxId":"cbce712d41b85207594a4c3fdaadb2cb39612d14","sellTxId":"48a2a687387d8aeddcd3e15da744ec7e6a8d8ab1-1"}
{"index": {"_index":"sim","_id":"2190278"}}
	{"id":2190278,"type":"sell","buyer":"themarkymark","seller":"konvik","symbol":"SIM","quantity":"26.293","price":"0.00052000","timestamp":1638833232,"volume":"0.01367236","buyTxId":"90473077f5ba316de18d66e151ad70eee1db3ff3","sellTxId":"48a2a687387d8aeddcd3e15da744ec7e6a8d8ab1-1"}
{"index": {"_index":"sim","_id":"2190417"}}
	{"id":2190417,"type":"buy","buyer":"jwjqu.wam","seller":"pi-trader","symbol":"SIM","quantity":"1445.000","price":"0.00053994","timestamp":1638834849,"volume":"0.78021330","buyTxId":"ad7823a031109d3667cc121f42d68e59e1a87d66","sellTxId":"206b36b7c10534395afdef6a6faa5f550df57409-9"}
{"index": {"_index":"sim","_id":"2190539"}}
	{"id":2190539,"type":"sell","buyer":"jelly-cz","seller":"brofi-market","symbol":"SIM","quantity":"0.003","price":"0.00050126","timestamp":1638836082,"volume":"0.00000150","buyTxId":"MM-P-12827025-59813789-3-28-0","sellTxId":"a791f3ede197233df699d72495eed0f52ef4ad2f"}
{"index": {"_index":"sim","_id":"2190642"}}
	{"id":2190642,"type":"sell","buyer":"jelly-cz","seller":"quantumg","symbol":"SIM","quantity":"395.100","price":"0.00050126","timestamp":1638837252,"volume":"0.19804783","buyTxId":"MM-P-12827025-59813789-3-28-0","sellTxId":"a3c9601ad40d8132fa4c1c4b5832b60346f99f5f"}
{"index": {"_index":"sim","_id":"2190672"}}
	{"id":2190672,"type":"buy","buyer":"nyxlabs","seller":"pi-trader","symbol":"SIM","quantity":"403.000","price":"0.00053994","timestamp":1638837477,"volume":"0.21759582","buyTxId":"9e2bbc61128d53477742328a4f8a31438e9eac5d","sellTxId":"8d4010407bd10173b786b4c0a817b7def5c33e9d-6"}
{"index": {"_index":"sim","_id":"2191202"}}
	{"id":2191202,"type":"sell","buyer":"jelly-cz","seller":"badmusgreene","symbol":"SIM","quantity":"516.387","price":"0.00050126","timestamp":1638843348,"volume":"0.25884415","buyTxId":"MM-P-12827025-59813789-3-28-0","sellTxId":"2a24394da112d4fa3601d1baa6d084145ebcded1"}
{"index": {"_index":"sim","_id":"2191229"}}
	{"id":2191229,"type":"sell","buyer":"jelly-cz","seller":"thegoliath","symbol":"SIM","quantity":"6722.090","price":"0.00050126","timestamp":1638843762,"volume":"3.36951483","buyTxId":"MM-P-12827025-59813789-3-28-0","sellTxId":"309138b91084934aa5f19c5c38e9ff8d7eb8cbde"}
{"index": {"_index":"sim","_id":"2191349"}}
	{"id":2191349,"type":"sell","buyer":"jelly-cz","seller":"jlmu1706","symbol":"SIM","quantity":"39.900","price":"0.00050126","timestamp":1638845910,"volume":"0.02000027","buyTxId":"MM-P-12827025-59813789-3-28-0","sellTxId":"1ef3c5c0eb0d0c61ad9f4be35a9fd6f82d5d0d77"}
{"index": {"_index":"sim","_id":"2191380"}}
	{"id":2191380,"type":"sell","buyer":"jelly-cz","seller":"bordel","symbol":"SIM","quantity":"702.183","price":"0.00050126","timestamp":1638846330,"volume":"0.35197625","buyTxId":"MM-P-12827025-59813789-3-28-0","sellTxId":"1b0ab8ca7957337d595c56175893b15bab9b16bd"}
{"index": {"_index":"sim","_id":"2191508"}}
	{"id":2191508,"type":"sell","buyer":"jelly-cz","seller":"artistparthoroy","symbol":"SIM","quantity":"1887.000","price":"0.00050126","timestamp":1638847800,"volume":"0.94587762","buyTxId":"MM-P-12827025-59813789-3-28-0","sellTxId":"e4bf78a9dec86fe1628a2be46b535d927de47f6b"}
