{"index": {"_index":"sim","_id":"3609644"}}
	{"id":3609644,"type":"sell","buyer":"enginemaker","seller":"bitcoinflood","symbol":"SIM","quantity":"419.600","price":"0.00050200","timestamp":1654394406,"volume":"0.21063920","buyTxId":"MM-P-17971984-64962753-3-2-0","sellTxId":"5102020fa46038010680ad8f662b4e94c6b66aec"}
{"index": {"_index":"sim","_id":"3609822"}}
	{"id":3609822,"type":"sell","buyer":"enginemaker","seller":"steem82868","symbol":"SIM","quantity":"0.800","price":"0.00050200","timestamp":1654396854,"volume":"0.00040160","buyTxId":"MM-P-17971984-64962753-3-2-0","sellTxId":"86f309ae2428138454ae966e229d1b5fb89256b0"}
{"index": {"_index":"sim","_id":"3610026"}}
	{"id":3610026,"type":"sell","buyer":"enginemaker","seller":"valor2s","symbol":"SIM","quantity":"95.183","price":"0.00050200","timestamp":1654400172,"volume":"0.04778187","buyTxId":"MM-P-17971984-64962753-3-2-0","sellTxId":"843712cb0e733faeff50a5226dcd7d8f6104550b"}
{"index": {"_index":"sim","_id":"3610201"}}
	{"id":3610201,"type":"sell","buyer":"enginemaker","seller":"chronocrypto","symbol":"SIM","quantity":"10369.817","price":"0.00050200","timestamp":1654401666,"volume":"5.20564813","buyTxId":"MM-P-17971984-64962753-3-2-0","sellTxId":"0ab04ba9b3125246dc4e2e41454dbf43c2b20629"}
{"index": {"_index":"sim","_id":"3610504"}}
	{"id":3610504,"type":"sell","buyer":"enginemaker","seller":"thatcryptodave","symbol":"SIM","quantity":"1250.000","price":"0.00050200","timestamp":1654406247,"volume":"0.62750000","buyTxId":"MM-P-17971984-64962753-3-2-0","sellTxId":"beb3022173242ddf446924091670cac62978bd52"}
{"index": {"_index":"sim","_id":"3610545"}}
	{"id":3610545,"type":"buy","buyer":"cryptogillone","seller":"nftmart.fees","symbol":"SIM","quantity":"760.354","price":"0.00050774","timestamp":1654407144,"volume":"0.38606256","buyTxId":"172011567794fc991fa2230030a4fc273d45d137","sellTxId":"f763e99c63cde7a9b7bc6242bb946e58cd5ebf9a-0"}
{"index": {"_index":"sim","_id":"3610781"}}
	{"id":3610781,"type":"sell","buyer":"enginemaker","seller":"itharagaian","symbol":"SIM","quantity":"0.800","price":"0.00050200","timestamp":1654410597,"volume":"0.00040160","buyTxId":"MM-P-17971984-64962753-3-2-0","sellTxId":"1f1f447d8ef313a37169086d9e89da683a12d4bf"}
{"index": {"_index":"sim","_id":"3610903"}}
	{"id":3610903,"type":"buy","buyer":"neophytemaster","seller":"nftmart.fees","symbol":"SIM","quantity":"194.546","price":"0.00050774","timestamp":1654412403,"volume":"0.09877879","buyTxId":"00d2d11cd7d87189d7a0bfeac6017b066a116607","sellTxId":"246b5a3d852037480b206c21e0dde7a74b8ea085-0"}
{"index": {"_index":"sim","_id":"3610959"}}
	{"id":3610959,"type":"buy","buyer":"neophytemaster","seller":"nftmart.fees","symbol":"SIM","quantity":"75.690","price":"0.00050773","timestamp":1654413468,"volume":"0.03843008","buyTxId":"a2dc5a16ad6593a7d9f4582da7761f06083e659d","sellTxId":"170596667e3e8e13cefb272f14bc09400e62ae70-0"}
{"index": {"_index":"sim","_id":"3611201"}}
	{"id":3611201,"type":"sell","buyer":"enginemaker","seller":"hive-143869","symbol":"SIM","quantity":"0.200","price":"0.00050200","timestamp":1654415808,"volume":"0.00010040","buyTxId":"MM-P-17971984-64962753-3-2-0","sellTxId":"ac5235bd194dadb6ceaf901b1b21466e5f56c90a"}
{"index": {"_index":"sim","_id":"3611262"}}
	{"id":3611262,"type":"sell","buyer":"enginemaker","seller":"entraide.rewards","symbol":"SIM","quantity":"0.300","price":"0.00050200","timestamp":1654416510,"volume":"0.00015060","buyTxId":"MM-P-17971984-64962753-3-2-0","sellTxId":"b88ab4acea58601172a123bd36e3b34a502721c4"}
{"index": {"_index":"sim","_id":"3611360"}}
	{"id":3611360,"type":"sell","buyer":"enginemaker","seller":"marfonso","symbol":"SIM","quantity":"22.759","price":"0.00050200","timestamp":1654417815,"volume":"0.01142502","buyTxId":"MM-P-17971984-64962753-3-2-0","sellTxId":"3848d151e74d478e5862b06c5e6d80c77c87021c"}
{"index": {"_index":"sim","_id":"3611434"}}
	{"id":3611434,"type":"sell","buyer":"enginemaker","seller":"steem82868","symbol":"SIM","quantity":"0.700","price":"0.00050200","timestamp":1654419075,"volume":"0.00035140","buyTxId":"MM-P-17971984-64962753-3-2-0","sellTxId":"b9ca346051d84edb3e4c245f75293230775dbc36"}
{"index": {"_index":"sim","_id":"3611518"}}
	{"id":3611518,"type":"buy","buyer":"konvik","seller":"nftmart.fees","symbol":"SIM","quantity":"663.000","price":"0.00050774","timestamp":1654420614,"volume":"0.33663162","buyTxId":"a7f2ceaf3c303289f835b22edb184ca873d990f0-0","sellTxId":"b34fb63dd96ec0393abe1e8bcf4ca25a5ef46f49-0"}
{"index": {"_index":"sim","_id":"3611519"}}
	{"id":3611519,"type":"buy","buyer":"konvik","seller":"jelly-cz","symbol":"SIM","quantity":"41286.000","price":"0.00050775","timestamp":1654420614,"volume":"20.96296650","buyTxId":"a7f2ceaf3c303289f835b22edb184ca873d990f0-0","sellTxId":"MM-P-17992148-64982920-3-32-0"}
{"index": {"_index":"sim","_id":"3612115"}}
	{"id":3612115,"type":"sell","buyer":"pi-trader","seller":"nftmart.fees","symbol":"SIM","quantity":"3860.285","price":"0.00050201","timestamp":1654427526,"volume":"1.93790167","buyTxId":"29b3df9dff7219c9ebb63602b3ec751c7e02893f-0","sellTxId":"2d4e6e771d1a5c055d9f40667327366a9c42ecd6"}
{"index": {"_index":"sim","_id":"3612240"}}
	{"id":3612240,"type":"sell","buyer":"pi-trader","seller":"justinparke","symbol":"SIM","quantity":"2686.000","price":"0.00050201","timestamp":1654429860,"volume":"1.34839886","buyTxId":"99d71f8867bb116f037f16fbf41b49e8af7925f5-3","sellTxId":"b4147a01eb8484325b514142f8750d13b8855ddd"}
{"index": {"_index":"sim","_id":"3612862"}}
	{"id":3612862,"type":"sell","buyer":"pi-trader","seller":"deepresearch","symbol":"SIM","quantity":"150000.000","price":"0.00050201","timestamp":1654439061,"volume":"75.30150000","buyTxId":"02b1b7ea86436c3d2367665e8b34077707dd5e1e-4","sellTxId":"19fe419637173c353394f58d80833da094045519"}
{"index": {"_index":"sim","_id":"3612985"}}
	{"id":3612985,"type":"sell","buyer":"pi-trader","seller":"dadspardan","symbol":"SIM","quantity":"4713.000","price":"0.00050201","timestamp":1654440501,"volume":"2.36597313","buyTxId":"fce3b63a7817ea8aaad9fa59b8de73ea9bf9eb8c-2","sellTxId":"87378e098ea030fbb87e8684e17c438cd15fcde9"}
{"index": {"_index":"sim","_id":"3613586"}}
	{"id":3613586,"type":"buy","buyer":"otherbrandt","seller":"nftmart.fees","symbol":"SIM","quantity":"411.000","price":"0.00051380","timestamp":1654446462,"volume":"0.21117180","buyTxId":"2a1cea66d4a3693409e2f1cff57c6ef9a3b6e1e8","sellTxId":"c4517026e4b5836dcfdefe1cdd79f8ef95bcd888-0"}
{"index": {"_index":"sim","_id":"3613587"}}
	{"id":3613587,"type":"buy","buyer":"otherbrandt","seller":"jelly-cz","symbol":"SIM","quantity":"24589.000","price":"0.00051381","timestamp":1654446462,"volume":"12.63407409","buyTxId":"2a1cea66d4a3693409e2f1cff57c6ef9a3b6e1e8","sellTxId":"MM-P-18011008-65001786-3-32-0"}
{"index": {"_index":"sim","_id":"3613696"}}
	{"id":3613696,"type":"sell","buyer":"pi-trader","seller":"itharagaian","symbol":"SIM","quantity":"0.300","price":"0.00050201","timestamp":1654447467,"volume":"0.00015060","buyTxId":"b139414fc11f9afedf99eb1f686998fbba4f679e-3","sellTxId":"d0de0a18f6f2ac0fda262dc2b5e4b58db990cb87"}
{"index": {"_index":"sim","_id":"3613930"}}
	{"id":3613930,"type":"buy","buyer":"simplegame","seller":"nftmart.fees","symbol":"SIM","quantity":"358.000","price":"0.00051380","timestamp":1654449867,"volume":"0.18394040","buyTxId":"099ff2724c1047c90a3977f5e85ac4f5a12bf795","sellTxId":"b359411409a9c6dd97d5c4330c32c93c7883ea9a-0"}
{"index": {"_index":"sim","_id":"3614015"}}
	{"id":3614015,"type":"buy","buyer":"assassyn","seller":"nftmart.fees","symbol":"SIM","quantity":"100.000","price":"0.00051380","timestamp":1654450731,"volume":"0.05138000","buyTxId":"9d7505690c29c7bbb30536dace73e1e359aa1a0d","sellTxId":"79d4a55e3d49c9ea926a38b7e7f97ab9b6efafe6-0"}
{"index": {"_index":"sim","_id":"3614052"}}
	{"id":3614052,"type":"buy","buyer":"dswap","seller":"nftmart.fees","symbol":"SIM","quantity":"211.000","price":"0.00051380","timestamp":1654450992,"volume":"0.10841180","buyTxId":"8228fb5ec8e2eaf5b9b7f5c5ff5ca8a7680bcc1b","sellTxId":"79d4a55e3d49c9ea926a38b7e7f97ab9b6efafe6-0"}
{"index": {"_index":"sim","_id":"3614053"}}
	{"id":3614053,"type":"buy","buyer":"dswap","seller":"onealfa","symbol":"SIM","quantity":"3.746","price":"0.00054842","timestamp":1654450992,"volume":"0.00205446","buyTxId":"8228fb5ec8e2eaf5b9b7f5c5ff5ca8a7680bcc1b","sellTxId":"1bafd7f9be98d3b8d1b963eaa2f5bf918740446d"}
{"index": {"_index":"sim","_id":"3614249"}}
	{"id":3614249,"type":"buy","buyer":"assassyn","seller":"pi-trader","symbol":"SIM","quantity":"74.000","price":"0.00053836","timestamp":1654453020,"volume":"0.03983864","buyTxId":"b5fd925c3577ddb39ca8a93d504ef1778c89c990","sellTxId":"3896fdede1f515c39b6a15b0013fda613c811309-4"}
{"index": {"_index":"sim","_id":"3614328"}}
	{"id":3614328,"type":"sell","buyer":"enginemaker","seller":"laritheghost","symbol":"SIM","quantity":"22.763","price":"0.00050200","timestamp":1654453779,"volume":"0.01142703","buyTxId":"MM-P-17971984-64962753-3-2-0","sellTxId":"672d39c452b00d821b3081851598e1d7ebed94b0"}
{"index": {"_index":"sim","_id":"3614333"}}
	{"id":3614333,"type":"sell","buyer":"enginemaker","seller":"reddragonfly","symbol":"SIM","quantity":"1.317","price":"0.00050200","timestamp":1654453809,"volume":"0.00066113","buyTxId":"MM-P-17971984-64962753-3-2-0","sellTxId":"bc8df8aa70f946ec1e63779d2de1fba938c2b757"}
{"index": {"_index":"sim","_id":"3614397"}}
	{"id":3614397,"type":"sell","buyer":"enginemaker","seller":"curatorcat","symbol":"SIM","quantity":"0.819","price":"0.00050200","timestamp":1654454511,"volume":"0.00041114","buyTxId":"MM-P-17971984-64962753-3-2-0","sellTxId":"ffdd47cedd8f1d716693a1282e76af3f163973dc"}
{"index": {"_index":"sim","_id":"3614421"}}
	{"id":3614421,"type":"sell","buyer":"enginemaker","seller":"dhedge-drips","symbol":"SIM","quantity":"12.500","price":"0.00050200","timestamp":1654454715,"volume":"0.00627500","buyTxId":"MM-P-17971984-64962753-3-2-0","sellTxId":"9a0898497ca8915c92c75fdad1e7e0f3ff82bd14"}
{"index": {"_index":"sim","_id":"3614450"}}
	{"id":3614450,"type":"sell","buyer":"enginemaker","seller":"elevator09","symbol":"SIM","quantity":"1178.978","price":"0.00050200","timestamp":1654454967,"volume":"0.59184696","buyTxId":"MM-P-17971984-64962753-3-2-0","sellTxId":"8a36cacd648fd1cad035a94d2e1354dfd66994f5"}
{"index": {"_index":"sim","_id":"3614486"}}
	{"id":3614486,"type":"sell","buyer":"enginemaker","seller":"whitelightxpress","symbol":"SIM","quantity":"4.421","price":"0.00050200","timestamp":1654455462,"volume":"0.00221934","buyTxId":"MM-P-17971984-64962753-3-2-0","sellTxId":"b0dc8527e78caf583f967807d9d3d6a9ad378946"}
{"index": {"_index":"sim","_id":"3614545"}}
	{"id":3614545,"type":"sell","buyer":"enginemaker","seller":"myvest","symbol":"SIM","quantity":"14.844","price":"0.00050200","timestamp":1654456062,"volume":"0.00745169","buyTxId":"MM-P-17971984-64962753-3-2-0","sellTxId":"3719ebb205d28d6df33201a1d8f49b83b415ee46"}
{"index": {"_index":"sim","_id":"3614710"}}
	{"id":3614710,"type":"sell","buyer":"enginemaker","seller":"solarpowers","symbol":"SIM","quantity":"12092.000","price":"0.00050200","timestamp":1654457946,"volume":"6.07018400","buyTxId":"MM-P-17971984-64962753-3-2-0","sellTxId":"3c640232bd6ae06d94a9e442f04ddf73ff4281af"}
{"index": {"_index":"sim","_id":"3614885"}}
	{"id":3614885,"type":"buy","buyer":"boycharlieplays","seller":"jelly-cz","symbol":"SIM","quantity":"6947.525","price":"0.00050939","timestamp":1654459650,"volume":"3.53899976","buyTxId":"7d416ac31f2f3f65238bb4183c8b4df4134077d1","sellTxId":"MM-P-18017487-65008269-3-32-0"}
{"index": {"_index":"sim","_id":"3614939"}}
	{"id":3614939,"type":"buy","buyer":"cardi0","seller":"nftmart.fees","symbol":"SIM","quantity":"235.000","price":"0.00050938","timestamp":1654460310,"volume":"0.11970430","buyTxId":"dbabe33a705769c7a49f2a270c146652006d4f42","sellTxId":"8d76120a5bdc75e8ce1494165a742e21d9afe9fd-0"}
{"index": {"_index":"sim","_id":"3614940"}}
	{"id":3614940,"type":"buy","buyer":"cardi0","seller":"jelly-cz","symbol":"SIM","quantity":"9370.798","price":"0.00050939","timestamp":1654460310,"volume":"4.77339079","buyTxId":"dbabe33a705769c7a49f2a270c146652006d4f42","sellTxId":"MM-P-18017487-65008269-3-32-0"}
{"index": {"_index":"sim","_id":"3614965"}}
	{"id":3614965,"type":"sell","buyer":"enginemaker","seller":"decentropia","symbol":"SIM","quantity":"0.010","price":"0.00050200","timestamp":1654460562,"volume":"0.00000502","buyTxId":"MM-P-17971984-64962753-3-2-0","sellTxId":"69167fea89674d0b90e7859b7c217cb33851b084"}
{"index": {"_index":"sim","_id":"3615037"}}
	{"id":3615037,"type":"sell","buyer":"enginemaker","seller":"thatcryptodave","symbol":"SIM","quantity":"821.016","price":"0.00050200","timestamp":1654461294,"volume":"0.41215003","buyTxId":"MM-P-17971984-64962753-3-2-0","sellTxId":"54109df1e9c58fd06a0a974b2e763acc68495e8b"}
{"index": {"_index":"sim","_id":"3615146"}}
	{"id":3615146,"type":"sell","buyer":"enginemaker","seller":"rambo21","symbol":"SIM","quantity":"11400.020","price":"0.00050200","timestamp":1654462938,"volume":"5.72281004","buyTxId":"MM-P-17971984-64962753-3-2-0","sellTxId":"06fa8f4bd5ced27465fc9b4eef2bb49f6b476afe"}
{"index": {"_index":"sim","_id":"3615198"}}
	{"id":3615198,"type":"sell","buyer":"enginemaker","seller":"poliwalt10","symbol":"SIM","quantity":"709.000","price":"0.00050200","timestamp":1654463517,"volume":"0.35591800","buyTxId":"MM-P-17971984-64962753-3-2-0","sellTxId":"0e14c69b533abdf7ba0b274d14e6d97975c77c42"}
{"index": {"_index":"sim","_id":"3615246"}}
	{"id":3615246,"type":"sell","buyer":"enginemaker","seller":"onealfa","symbol":"SIM","quantity":"1965.461","price":"0.00050200","timestamp":1654464003,"volume":"0.98666142","buyTxId":"MM-P-17971984-64962753-3-2-0","sellTxId":"fa89caed11354f4b1fe5d6cdc9b4717eba8b99de"}
{"index": {"_index":"sim","_id":"3615408"}}
	{"id":3615408,"type":"buy","buyer":"cryptogillone","seller":"nftmart.fees","symbol":"SIM","quantity":"241.000","price":"0.00050785","timestamp":1654465587,"volume":"0.12239185","buyTxId":"2d94c4230a4e27f7d8d7862906bad8c4fcab763c","sellTxId":"2d6bae7f25882d42342656a46e1e44655a7486a2-0"}
{"index": {"_index":"sim","_id":"3615409"}}
	{"id":3615409,"type":"buy","buyer":"cryptogillone","seller":"jelly-cz","symbol":"SIM","quantity":"516.845","price":"0.00050786","timestamp":1654465587,"volume":"0.26248515","buyTxId":"2d94c4230a4e27f7d8d7862906bad8c4fcab763c","sellTxId":"MM-P-18018284-65009066-3-32-0"}
{"index": {"_index":"sim","_id":"3615423"}}
	{"id":3615423,"type":"sell","buyer":"enginemaker","seller":"andy4475","symbol":"SIM","quantity":"142.460","price":"0.00050200","timestamp":1654465794,"volume":"0.07151492","buyTxId":"MM-P-17971984-64962753-3-2-0","sellTxId":"863d4ae7dd621d86205eb0fd3e36864d4f572e3e"}
{"index": {"_index":"sim","_id":"3615463"}}
	{"id":3615463,"type":"sell","buyer":"enginemaker","seller":"bitcoinflood","symbol":"SIM","quantity":"409.295","price":"0.00050200","timestamp":1654465980,"volume":"0.20546609","buyTxId":"MM-P-17971984-64962753-3-2-0","sellTxId":"3aac72e2c5b6ce529cbd290b0e8087d683640209"}
{"index": {"_index":"sim","_id":"3615496"}}
	{"id":3615496,"type":"sell","buyer":"enginemaker","seller":"elevator09","symbol":"SIM","quantity":"700.000","price":"0.00050200","timestamp":1654466355,"volume":"0.35140000","buyTxId":"MM-P-17971984-64962753-3-2-0","sellTxId":"34030a12ac8ac52f9b456542eee13fe8eaf7bca2"}
{"index": {"_index":"sim","_id":"3615506"}}
	{"id":3615506,"type":"sell","buyer":"enginemaker","seller":"he-index","symbol":"SIM","quantity":"45.304","price":"0.00050200","timestamp":1654466466,"volume":"0.02274261","buyTxId":"MM-P-17971984-64962753-3-2-0","sellTxId":"e3e3f22a883be5b2e9fb30b061c8523b2133512a"}
{"index": {"_index":"sim","_id":"3615738"}}
	{"id":3615738,"type":"sell","buyer":"enginemaker","seller":"liuke96player","symbol":"SIM","quantity":"93.505","price":"0.00050200","timestamp":1654469352,"volume":"0.04693951","buyTxId":"MM-P-17971984-64962753-3-2-0","sellTxId":"1d4bb66844fe6d41a94a863683f2aeba210ae422"}
{"index": {"_index":"sim","_id":"3615739"}}
	{"id":3615739,"type":"sell","buyer":"mervinthepogi","seller":"liuke96player","symbol":"SIM","quantity":"74.495","price":"0.00049900","timestamp":1654469352,"volume":"0.03717301","buyTxId":"e0f9ac7503b1d31639aabf6e3634d94168d99d23","sellTxId":"1d4bb66844fe6d41a94a863683f2aeba210ae422"}
{"index": {"_index":"sim","_id":"3615798"}}
	{"id":3615798,"type":"sell","buyer":"mervinthepogi","seller":"enjar","symbol":"SIM","quantity":"835.100","price":"0.00049900","timestamp":1654470285,"volume":"0.41671490","buyTxId":"e0f9ac7503b1d31639aabf6e3634d94168d99d23","sellTxId":"f0f46726db5363e9194ef17d30d7b1bce9fe9824"}
{"index": {"_index":"sim","_id":"3615934"}}
	{"id":3615934,"type":"sell","buyer":"mervinthepogi","seller":"travelgirl","symbol":"SIM","quantity":"2485.000","price":"0.00049900","timestamp":1654472253,"volume":"1.24001500","buyTxId":"e0f9ac7503b1d31639aabf6e3634d94168d99d23","sellTxId":"270e411d78acf715cb98c00ef8302898e03adad9"}
{"index": {"_index":"sim","_id":"3616092"}}
	{"id":3616092,"type":"buy","buyer":"libert","seller":"jelly-cz","symbol":"SIM","quantity":"10478.775","price":"0.00050483","timestamp":1654474185,"volume":"5.29","buyTxId":"8561fd5ddfb15770656065165301e485285267f8","sellTxId":"MM-P-18022276-65013058-3-32-0"}
{"index": {"_index":"sim","_id":"3616099"}}
	{"id":3616099,"type":"buy","buyer":"konvik","seller":"jelly-cz","symbol":"SIM","quantity":"30807.225","price":"0.00050483","timestamp":1654474311,"volume":"15.55241140","buyTxId":"732352a21aa3ce6b6e9195a8c9d9f0d72f28498f-0","sellTxId":"MM-P-18022276-65013058-3-32-0"}
{"index": {"_index":"sim","_id":"3616137"}}
	{"id":3616137,"type":"buy","buyer":"pjansen","seller":"nftmart.fees","symbol":"SIM","quantity":"210.000","price":"0.00050632","timestamp":1654474656,"volume":"0.10632720","buyTxId":"445b695eb46172d76e106430a46bb1d1c5d2bcf5","sellTxId":"9bb4ac890305a583e8df23817eda6e1acf6d3ac7-0"}
{"index": {"_index":"sim","_id":"3616138"}}
	{"id":3616138,"type":"buy","buyer":"pjansen","seller":"medaymane","symbol":"SIM","quantity":"4727.994","price":"0.00050634","timestamp":1654474656,"volume":"2.39397280","buyTxId":"445b695eb46172d76e106430a46bb1d1c5d2bcf5","sellTxId":"87af0f63ab17588e8f1418988e9ff586b018fce8"}
{"index": {"_index":"sim","_id":"3616142"}}
	{"id":3616142,"type":"sell","buyer":"pi-trader","seller":"leonardoalmaguer","symbol":"SIM","quantity":"2570.000","price":"0.00049901","timestamp":1654474731,"volume":"1.28245570","buyTxId":"78f13f6701c32be24274cf483c410025cde9b6a3-0","sellTxId":"120de5cf6229b9f315dd4ad9ae009dfb3652913d"}
{"index": {"_index":"sim","_id":"3616172"}}
	{"id":3616172,"type":"sell","buyer":"pi-trader","seller":"thatcryptodave","symbol":"SIM","quantity":"566.078","price":"0.00049901","timestamp":1654475106,"volume":"0.28247858","buyTxId":"ef82f6169075ddd874736f8a91805b200bd865b7-3","sellTxId":"d7501c551e12438c296b4f8930f475b290c59ada"}
