{"index": {"_index":"sim","_id":"2113179"}}
	{"id":2113179,"type":"sell","buyer":"pi-trader","seller":"atongis","symbol":"SIM","quantity":"4.034","price":"0.00062049","timestamp":1637898072,"volume":"0.00250306","buyTxId":"1cab18a25f995e5b7fd0550ec1a9ebe4736c047e-7","sellTxId":"fbe4da5774bd1082116aed988b97e2fdffb34546"}
{"index": {"_index":"sim","_id":"2113200"}}
	{"id":2113200,"type":"sell","buyer":"pi-trader","seller":"goldcoin","symbol":"SIM","quantity":"95.230","price":"0.00062049","timestamp":1637898249,"volume":"0.05908926","buyTxId":"6e613291035cbc4fa380de304fc907df9517b573-3","sellTxId":"e089575828f0be394c118f9ee1dc033bb7165676"}
{"index": {"_index":"sim","_id":"2113488"}}
	{"id":2113488,"type":"sell","buyer":"pi-trader","seller":"sozdemir","symbol":"SIM","quantity":"431.067","price":"0.00062070","timestamp":1637900364,"volume":"0.26756329","buyTxId":"90bed35072fdc8a51291dbec7cc5a659f3f68bd5-8","sellTxId":"ddad70aa21f72c40aeaceb55363223e159eb4a62"}
{"index": {"_index":"sim","_id":"2113533"}}
	{"id":2113533,"type":"sell","buyer":"pi-trader","seller":"cryptounicorn420","symbol":"SIM","quantity":"5000.000","price":"0.00062079","timestamp":1637901117,"volume":"3.10395000","buyTxId":"d859e9866aaee86bc114df1fd7991f314cf301d3-7","sellTxId":"f9e0765e20432e5dd33b9bfebca075c227076faa"}
{"index": {"_index":"sim","_id":"2113609"}}
	{"id":2113609,"type":"sell","buyer":"pi-trader","seller":"razam","symbol":"SIM","quantity":"1.000","price":"0.00062088","timestamp":1637902143,"volume":"0.00062088","buyTxId":"8d88483271cf85f6ddd6c944eb072c728f210d1b-5","sellTxId":"5bec4b42e9de7352903655d02fbedc0ece3b98a5"}
{"index": {"_index":"sim","_id":"2113642"}}
	{"id":2113642,"type":"sell","buyer":"pi-trader","seller":"inri","symbol":"SIM","quantity":"14548.000","price":"0.00062094","timestamp":1637902557,"volume":"9.03343512","buyTxId":"56e34d784336d9f9a55ba7a725adf1b79a309f11-4","sellTxId":"c8db72df96bbd05ce8c2d5f793ddca61ffab9c3f"}
{"index": {"_index":"sim","_id":"2113661"}}
	{"id":2113661,"type":"sell","buyer":"pi-trader","seller":"kaeluxdeuz","symbol":"SIM","quantity":"1770.230","price":"0.00062097","timestamp":1637902830,"volume":"1.09925972","buyTxId":"14315fec8c6884762e2e8b2528b07780add60963-4","sellTxId":"35ac2c315c793087d00c261e337ef1eb26c593a1"}
{"index": {"_index":"sim","_id":"2113767"}}
	{"id":2113767,"type":"buy","buyer":"dkid14","seller":"pi-trader","symbol":"SIM","quantity":"50000.000","price":"0.00066600","timestamp":1637903784,"volume":"33.30000000","buyTxId":"7c47c435c522db62791bad405bd039b3ebce4233","sellTxId":"d97e5d262645752e2370812f4991bb2213a71cf9-2"}
{"index": {"_index":"sim","_id":"2113768"}}
	{"id":2113768,"type":"sell","buyer":"dkid14","seller":"svirus","symbol":"SIM","quantity":"51676.760","price":"0.00066600","timestamp":1637903787,"volume":"34.41672216","buyTxId":"7c47c435c522db62791bad405bd039b3ebce4233","sellTxId":"722b3a67cbc4b01c60775b8fe96f4f209da2931d-1"}
{"index": {"_index":"sim","_id":"2113771"}}
	{"id":2113771,"type":"sell","buyer":"dkid14","seller":"pi-trader","symbol":"SIM","quantity":"0.008","price":"0.00066600","timestamp":1637903826,"volume":"0.00000533","buyTxId":"7c47c435c522db62791bad405bd039b3ebce4233","sellTxId":"07663fcd45e86f5c9f188ee36a2431e7f596f722-6"}
{"index": {"_index":"sim","_id":"2113833"}}
	{"id":2113833,"type":"sell","buyer":"pi-trader","seller":"fitcoin","symbol":"SIM","quantity":"3117.500","price":"0.00062115","timestamp":1637904768,"volume":"1.93643513","buyTxId":"f5ddea1d7cd6776eed97d223cf8083e56ad0868d-3","sellTxId":"40b3ae63f5000421a544e276b1d8a9e733dabd7b"}
{"index": {"_index":"sim","_id":"2113852"}}
	{"id":2113852,"type":"sell","buyer":"pi-trader","seller":"simplegame","symbol":"SIM","quantity":"11.000","price":"0.00062118","timestamp":1637904933,"volume":"0.00683298","buyTxId":"58cee4d0dd19dc46b63a797d23a6b1d13246f9f7-3","sellTxId":"4fad0faa750f21bb79ff8d890a6cf7366d9d4e2e"}
{"index": {"_index":"sim","_id":"2113906"}}
	{"id":2113906,"type":"sell","buyer":"pi-trader","seller":"mary-jane","symbol":"SIM","quantity":"5436.405","price":"0.00062121","timestamp":1637905311,"volume":"3.37714915","buyTxId":"bc81879fe8520fcc88c3a7f57ef862c8d75b4d6d-3","sellTxId":"de5ba268328fc1ec16b66187ae0e7fc58857adfb"}
{"index": {"_index":"sim","_id":"2113941"}}
	{"id":2113941,"type":"sell","buyer":"pi-trader","seller":"elbrava","symbol":"SIM","quantity":"9796.000","price":"0.00062124","timestamp":1637905668,"volume":"6.08566704","buyTxId":"f890b092a6cba0645ad03795d9040cba9342be01-1","sellTxId":"2b728a4d55e80e1481f83dba0022800c6c8fb178"}
{"index": {"_index":"sim","_id":"2113949"}}
	{"id":2113949,"type":"sell","buyer":"pi-trader","seller":"gamsam","symbol":"SIM","quantity":"50000.000","price":"0.00062127","timestamp":1637905800,"volume":"31.06350000","buyTxId":"c70b05cdd42f87f93e83d47ded3814728c3572f5-1","sellTxId":"ed4b5733614f41bc14c49e59c17727f47b57e0f8"}
{"index": {"_index":"sim","_id":"2113950"}}
	{"id":2113950,"type":"sell","buyer":"jelly-cz","seller":"gamsam","symbol":"SIM","quantity":"5436.000","price":"0.00062126","timestamp":1637905800,"volume":"3.37716936","buyTxId":"MM-P-12518099-59504484-3-35-0","sellTxId":"ed4b5733614f41bc14c49e59c17727f47b57e0f8"}
{"index": {"_index":"sim","_id":"2114011"}}
	{"id":2114011,"type":"sell","buyer":"pi-trader","seller":"choof","symbol":"SIM","quantity":"7603.800","price":"0.00062136","timestamp":1637906838,"volume":"4.72469717","buyTxId":"4a8d2027d646d14d5b00407a5520f8cb20d8db9b-3","sellTxId":"897ceac7cbc7a107c563c4348842840917a087e2"}
{"index": {"_index":"sim","_id":"2114050"}}
	{"id":2114050,"type":"buy","buyer":"svirus","seller":"tute","symbol":"SIM","quantity":"80000.000","price":"0.00064000","timestamp":1637907573,"volume":"51.20000000","buyTxId":"a4e22852754dfe0f971da7b58ba996d78f23359d-0","sellTxId":"961cb1bb8582a822fd7aacea2cb4fc6c81c7fddf"}
{"index": {"_index":"sim","_id":"2114057"}}
	{"id":2114057,"type":"buy","buyer":"svirus","seller":"tute","symbol":"SIM","quantity":"46025.860","price":"0.00064000","timestamp":1637907618,"volume":"29.45655040","buyTxId":"6ffcb5c2f914350f715da53fa2184d6d3f12e26d-0","sellTxId":"b8382d786276411b58686ba2f3c863ceac1ce843"}
{"index": {"_index":"sim","_id":"2114058"}}
	{"id":2114058,"type":"buy","buyer":"konvik","seller":"tute","symbol":"SIM","quantity":"26974.140","price":"0.00064000","timestamp":1637907618,"volume":"17.26344960","buyTxId":"6fe09248a017a08cec9ad5e40cdfec68bcaf4678-0","sellTxId":"b8382d786276411b58686ba2f3c863ceac1ce843"}
{"index": {"_index":"sim","_id":"2114076"}}
	{"id":2114076,"type":"buy","buyer":"konvik","seller":"tute","symbol":"SIM","quantity":"120000.000","price":"0.00064000","timestamp":1637907723,"volume":"76.80000000","buyTxId":"09fc209526ba7a564c86552de25be74060b56a32-0","sellTxId":"b0d6907c629d2616886d95ce10b4f829decd1e89"}
{"index": {"_index":"sim","_id":"2114088"}}
	{"id":2114088,"type":"sell","buyer":"pi-trader","seller":"bambukah","symbol":"SIM","quantity":"5000.000","price":"0.00063001","timestamp":1637907840,"volume":"3.15005000","buyTxId":"ac153e814c13950d073e268c510d616fbff0e73e-1","sellTxId":"e8cf04c3e65642ed5ebabdf26f8b9b10faaa733c"}
{"index": {"_index":"sim","_id":"2114100"}}
	{"id":2114100,"type":"sell","buyer":"pi-trader","seller":"virtualinsanity","symbol":"SIM","quantity":"1797.900","price":"0.00063001","timestamp":1637908080,"volume":"1.13269498","buyTxId":"5a47ff0a01912e45e83dd8906a53ded03ab481a5-4","sellTxId":"2104f245d61b3ec82f27a8c998c50a28c55486aa"}
{"index": {"_index":"sim","_id":"2114117"}}
	{"id":2114117,"type":"sell","buyer":"pi-trader","seller":"kennysgaminglife","symbol":"SIM","quantity":"11199.619","price":"0.00063001","timestamp":1637908353,"volume":"7.05587197","buyTxId":"71263c1c9f7f60de6f4ecbf16029138e6e3147d7-3","sellTxId":"b382bab63eb0731083a7100520e4bb6054b9ca1d"}
{"index": {"_index":"sim","_id":"2114205"}}
	{"id":2114205,"type":"sell","buyer":"pi-trader","seller":"magnacarta","symbol":"SIM","quantity":"0.018","price":"0.00063001","timestamp":1637909640,"volume":"0.00001134","buyTxId":"1bb774b5baa5d60fa43a738d727e254b5d446e99-3","sellTxId":"8c1762bfcf56d48d92ab527b72867de5bbbc971c"}
{"index": {"_index":"sim","_id":"2114332"}}
	{"id":2114332,"type":"sell","buyer":"pi-trader","seller":"ministickupboy","symbol":"SIM","quantity":"159.087","price":"0.00063001","timestamp":1637910789,"volume":"0.10022640","buyTxId":"1614cdff6f15ef279cbfd0f44e51cc199a810380-1","sellTxId":"d74bea292447953188389b4c20a084ade6b3d0f4"}
{"index": {"_index":"sim","_id":"2114384"}}
	{"id":2114384,"type":"sell","buyer":"pi-trader","seller":"binong","symbol":"SIM","quantity":"25104.100","price":"0.00063001","timestamp":1637911182,"volume":"15.81583404","buyTxId":"a2f9410a8d107bd1563d3d6a3d33c6948d0ced4f-5","sellTxId":"715cb02ceae0af66268a3ef24a09225c71be5650"}
{"index": {"_index":"sim","_id":"2114593"}}
	{"id":2114593,"type":"sell","buyer":"pi-trader","seller":"juanmiguelsalas","symbol":"SIM","quantity":"50000.000","price":"0.00063001","timestamp":1637912865,"volume":"31.50050000","buyTxId":"ad81b201feaf8832e7775a6813b88cace510181e-6","sellTxId":"1c4338330e263ba8107c815509dfd140089396f8"}
{"index": {"_index":"sim","_id":"2114671"}}
	{"id":2114671,"type":"sell","buyer":"pi-trader","seller":"marvinix","symbol":"SIM","quantity":"760","price":"0.00063001","timestamp":1637913888,"volume":"0.47880760","buyTxId":"812ab547f1ed99ed8e76b161069c3a6d86de8517-6","sellTxId":"89735334185c5597d1fdb6fe8d329650c7157217"}
{"index": {"_index":"sim","_id":"2114751"}}
	{"id":2114751,"type":"sell","buyer":"pi-trader","seller":"topdollar001","symbol":"SIM","quantity":"3718","price":"0.00063001","timestamp":1637914671,"volume":"2.34237718","buyTxId":"e24cbe83cfa4d41a99a24e9dae04f9017c965a9c-5","sellTxId":"903de80b06360eb2a2d9c1f6f10d75976617da55"}
{"index": {"_index":"sim","_id":"2114830"}}
	{"id":2114830,"type":"sell","buyer":"pi-trader","seller":"martusamak","symbol":"SIM","quantity":"50000.000","price":"0.00063001","timestamp":1637915226,"volume":"31.50050000","buyTxId":"03bf02340ce08771a7191a6f71f5b0bba71aefc2-5","sellTxId":"5a6ed5305bdf0fea786564a50e859e66d7f106d2"}
{"index": {"_index":"sim","_id":"2114832"}}
	{"id":2114832,"type":"buy","buyer":"svirus","seller":"martusamak","symbol":"SIM","quantity":"134338.070","price":"0.00063001","timestamp":1637915229,"volume":"84.63432748","buyTxId":"62dc3c438fea1dfe4531a158e95821b8c78bc471-0","sellTxId":"5a6ed5305bdf0fea786564a50e859e66d7f106d2"}
{"index": {"_index":"sim","_id":"2115096"}}
	{"id":2115096,"type":"sell","buyer":"steemshiro","seller":"kobusu","symbol":"SIM","quantity":"300.000","price":"0.00063000","timestamp":1637917749,"volume":"0.18900000","buyTxId":"533916825264019e949a16669cb0b54e44855dbd","sellTxId":"6858b551f4c07ac8edb63f4ba89035e48797c9e2"}
{"index": {"_index":"sim","_id":"2115097"}}
	{"id":2115097,"type":"sell","buyer":"jelly-cz","seller":"kobusu","symbol":"SIM","quantity":"3500.000","price":"0.00062141","timestamp":1637917749,"volume":"2.17493500","buyTxId":"MM-P-12518598-59504983-3-35-0","sellTxId":"6858b551f4c07ac8edb63f4ba89035e48797c9e2"}
{"index": {"_index":"sim","_id":"2115370"}}
	{"id":2115370,"type":"sell","buyer":"pi-trader","seller":"anosys","symbol":"SIM","quantity":"22.051","price":"0.00062169","timestamp":1637920572,"volume":"0.01370889","buyTxId":"96ab0daff9eb09a63360d264b2ddb9de4b97f2dc-4","sellTxId":"e70edbeedb7e031ec80cbabfc4fed1a7e991a062"}
{"index": {"_index":"sim","_id":"2115425"}}
	{"id":2115425,"type":"buy","buyer":"jjprac","seller":"pi-trader","symbol":"SIM","quantity":"5760.325","price":"0.00065000","timestamp":1637921277,"volume":"3.74421125","buyTxId":"276ea9b23dd41039ca42823a4079a31619b04e1d","sellTxId":"fcfc8a416019549027f8b8b0ba85391c87d78102-8"}
{"index": {"_index":"sim","_id":"2115461"}}
	{"id":2115461,"type":"sell","buyer":"jelly-cz","seller":"heikki1337","symbol":"SIM","quantity":"2425.646","price":"0.00062186","timestamp":1637922285,"volume":"1.50841222","buyTxId":"MM-P-12523573-59509962-3-35-0","sellTxId":"6c26a4170812bc0c6faeee4fba52d661835c1879"}
{"index": {"_index":"sim","_id":"2115800"}}
	{"id":2115800,"type":"buy","buyer":"jjprac","seller":"pi-trader","symbol":"SIM","quantity":"19882.534","price":"0.00065000","timestamp":1637927418,"volume":"12.92364710","buyTxId":"b283d8ff31c13d92ef69cbf890f634a349af001b","sellTxId":"83d563b84127b29311107a30273c689a2f694e71-4"}
{"index": {"_index":"sim","_id":"2115817"}}
	{"id":2115817,"type":"sell","buyer":"pi-trader","seller":"jjprac","symbol":"SIM","quantity":"4000.000","price":"0.00062241","timestamp":1637927706,"volume":"2.48964000","buyTxId":"8a5f45469c3745700fa7b4f54930a453cd3479d1-3","sellTxId":"93d7c3a178fc5283939208e55d62b5309456abc7"}
{"index": {"_index":"sim","_id":"2115828"}}
	{"id":2115828,"type":"buy","buyer":"jjprac","seller":"pi-trader","symbol":"SIM","quantity":"981.361","price":"0.00065000","timestamp":1637927862,"volume":"0.63788465","buyTxId":"f488973bf44feeaeb8ea3b69cbae17f29a486a78","sellTxId":"3a22c20668f1c47b46dae45b07ae5489e6fdb9d1-4"}
{"index": {"_index":"sim","_id":"2115856"}}
	{"id":2115856,"type":"sell","buyer":"jelly-cz","seller":"tonytrillions","symbol":"SIM","quantity":"0.009","price":"0.00062246","timestamp":1637928273,"volume":"0.00000560","buyTxId":"MM-P-12525569-59511959-3-35-0","sellTxId":"54f34601e987a0895ced1d2cae3ab8e6b89054f9"}
{"index": {"_index":"sim","_id":"2115882"}}
	{"id":2115882,"type":"sell","buyer":"jelly-cz","seller":"brofi-market","symbol":"SIM","quantity":"0.007","price":"0.00062249","timestamp":1637928579,"volume":"0.00000436","buyTxId":"MM-P-12525669-59512059-3-35-0","sellTxId":"03eae72b8dc4dbdba7bc1567ab8d57a5d153957b"}
{"index": {"_index":"sim","_id":"2115960"}}
	{"id":2115960,"type":"sell","buyer":"pi-trader","seller":"eforucom","symbol":"SIM","quantity":"0.010","price":"0.00062256","timestamp":1637929332,"volume":"0.00000623","buyTxId":"4176c1631482ffb120d61d4e77c7841db696a7a3-4","sellTxId":"9a215e612728461b704100122451f545570ca2ee"}
{"index": {"_index":"sim","_id":"2116038"}}
	{"id":2116038,"type":"sell","buyer":"pi-trader","seller":"bigram13","symbol":"SIM","quantity":"12100.000","price":"0.00062265","timestamp":1637930316,"volume":"7.53406500","buyTxId":"df60b09ecf5571b911c21c8831b3dde377e491fd-1","sellTxId":"a83118a69a4dff16b687a6d7c3295a1d0aeea3ee"}
{"index": {"_index":"sim","_id":"2116069"}}
	{"id":2116069,"type":"sell","buyer":"pi-trader","seller":"tonytrillions","symbol":"SIM","quantity":"0.036","price":"0.00062268","timestamp":1637930571,"volume":"0.00002242","buyTxId":"4134bc1fa79147c4ec983738e5c466c2a291328e-1","sellTxId":"2c699dec9b0fc3fe0ab340f774134a0a2e6ff5de"}
{"index": {"_index":"sim","_id":"2116094"}}
	{"id":2116094,"type":"buy","buyer":"stickupboys","seller":"pi-trader","symbol":"SIM","quantity":"2920.000","price":"0.00065000","timestamp":1637930907,"volume":"1.89800000","buyTxId":"ff277045e9e4bbc61a405992a5cc2e138290020a","sellTxId":"7d340319fef9210e52b915d751cd7d89c0d4636e-5"}
{"index": {"_index":"sim","_id":"2116171"}}
	{"id":2116171,"type":"sell","buyer":"pi-trader","seller":"kaeptn-iglo","symbol":"SIM","quantity":"374.950","price":"0.00062283","timestamp":1637932047,"volume":"0.23353011","buyTxId":"dfdbc1969f6eb7d33da6a9a658ebd627df502d56-5","sellTxId":"c638e134da894146571c0d2c66eee502d55ceae1"}
{"index": {"_index":"sim","_id":"2116193"}}
	{"id":2116193,"type":"sell","buyer":"pi-trader","seller":"cryptospooge","symbol":"SIM","quantity":"45000.000","price":"0.00062286","timestamp":1637932254,"volume":"28.02870000","buyTxId":"878dc0e628736a374de29b2a2b7a4485e04d80f9-3","sellTxId":"1659654d5e845d81f864db7d38def6873ae6d548"}
{"index": {"_index":"sim","_id":"2116196"}}
	{"id":2116196,"type":"sell","buyer":"pi-trader","seller":"augustbrown","symbol":"SIM","quantity":"4.000","price":"0.00062286","timestamp":1637932290,"volume":"0.00249144","buyTxId":"3d1e25afade308495bb6ff20e9c02b47a7de3b08-3","sellTxId":"01f79f9de581504a9068228d01f82e01bc51fe41"}
{"index": {"_index":"sim","_id":"2116605"}}
	{"id":2116605,"type":"sell","buyer":"pi-trader","seller":"desyfit","symbol":"SIM","quantity":"50000.000","price":"0.00062331","timestamp":1637936934,"volume":"31.16550000","buyTxId":"827a586ff6d428377e81e3a144f592cfe719d080-3","sellTxId":"92a6f4761047aea98f3cf9aeb42ebc1acc615377"}
{"index": {"_index":"sim","_id":"2116772"}}
	{"id":2116772,"type":"sell","buyer":"newsposter","seller":"svirus","symbol":"SIM","quantity":"4100.000","price":"0.00064000","timestamp":1637938680,"volume":"2.62400000","buyTxId":"1d00e78ef6eb39318abf04a12883b8d23f03cf56","sellTxId":"db34338bbef8ecbec37a4f07eb70c751a552298a-1"}
{"index": {"_index":"sim","_id":"2116981"}}
	{"id":2116981,"type":"buy","buyer":"lxsxl","seller":"brofi-market","symbol":"SIM","quantity":"0.007","price":"0.00065000","timestamp":1637940876,"volume":"0.00000455","buyTxId":"f6080b8fe99dd5c42bf9d39996747da8916c4975","sellTxId":"875c6b7ea30e2b041d709de927f862be665aac7d"}
{"index": {"_index":"sim","_id":"2116982"}}
	{"id":2116982,"type":"buy","buyer":"lxsxl","seller":"pi-trader","symbol":"SIM","quantity":"9999.924","price":"0.00065000","timestamp":1637940876,"volume":"6.49995060","buyTxId":"f6080b8fe99dd5c42bf9d39996747da8916c4975","sellTxId":"106971a3d65f6aca30bdf5465b35877c207e9c8d-1"}
{"index": {"_index":"sim","_id":"2116984"}}
	{"id":2116984,"type":"sell","buyer":"pi-trader","seller":"nathanpieters","symbol":"SIM","quantity":"105.000","price":"0.00062373","timestamp":1637940903,"volume":"0.06549165","buyTxId":"bc704a585bd3e839ef234c4a39e00e9f3d6dd60c-6","sellTxId":"7ba2d20cc18a00b64f78904ceaabc8c344218679"}
{"index": {"_index":"sim","_id":"2117028"}}
	{"id":2117028,"type":"sell","buyer":"jelly-cz","seller":"theoriginal86","symbol":"SIM","quantity":"4440.000","price":"0.00062375","timestamp":1637941179,"volume":"2.76945000","buyTxId":"MM-P-12529846-59516240-3-35-0","sellTxId":"91b6de10336ba00a9faeb3494ad341d3ae3cac98"}
{"index": {"_index":"sim","_id":"2117050"}}
	{"id":2117050,"type":"sell","buyer":"pi-trader","seller":"choof","symbol":"SIM","quantity":"7215.250","price":"0.00062376","timestamp":1637941443,"volume":"4.50058434","buyTxId":"b80cccfe727a8c94783ae77fb94ed536808577c2-4","sellTxId":"7a5d6dde530619e7a53f83638a67dd2aa54d4798"}
{"index": {"_index":"sim","_id":"2117110"}}
	{"id":2117110,"type":"sell","buyer":"pi-trader","seller":"muenchen","symbol":"SIM","quantity":"50000.000","price":"0.00062382","timestamp":1637941971,"volume":"31.19100000","buyTxId":"36a3f71a2140aa4dbe78eb159929debab26dd4fe-3","sellTxId":"62aaa8e843af8a05a077bba93c5c68a0647fab3a"}
{"index": {"_index":"sim","_id":"2117111"}}
	{"id":2117111,"type":"buy","buyer":"svirus","seller":"muenchen","symbol":"SIM","quantity":"16880.000","price":"0.00062382","timestamp":1637941974,"volume":"10.53008160","buyTxId":"d1f084544c9b5975d2722233c440a186fdd2a317-0","sellTxId":"62aaa8e843af8a05a077bba93c5c68a0647fab3a"}
{"index": {"_index":"sim","_id":"2117189"}}
	{"id":2117189,"type":"sell","buyer":"pi-trader","seller":"muenchen","symbol":"SIM","quantity":"50000.000","price":"0.00062388","timestamp":1637942592,"volume":"31.19400000","buyTxId":"fd32e8d36668470a05156c9ec36cf7229ddcdc01-4","sellTxId":"5b70edf9405e827631b533b8c6e67c7880041ad9"}
{"index": {"_index":"sim","_id":"2117197"}}
	{"id":2117197,"type":"sell","buyer":"pi-trader","seller":"muenchen","symbol":"SIM","quantity":"50000.000","price":"0.00062388","timestamp":1637942628,"volume":"31.19400000","buyTxId":"76c599d4a26b04e0a766e24728fb3410bdea5bb2-4","sellTxId":"4e711210c6b72358b1f13c98e97ba6458d7b460c"}
{"index": {"_index":"sim","_id":"2117198"}}
	{"id":2117198,"type":"sell","buyer":"jelly-cz","seller":"muenchen","symbol":"SIM","quantity":"19234.776","price":"0.00062387","timestamp":1637942628,"volume":"11.99999970","buyTxId":"MM-P-12530244-59516639-3-35-0","sellTxId":"4e711210c6b72358b1f13c98e97ba6458d7b460c"}
{"index": {"_index":"sim","_id":"2117199"}}
	{"id":2117199,"type":"buy","buyer":"konvik","seller":"muenchen","symbol":"SIM","quantity":"159018.324","price":"0.00061000","timestamp":1637942631,"volume":"97.00117764","buyTxId":"f1b5470a13d803adc4d89d5ce02def6f6256c8e2-0","sellTxId":"4e711210c6b72358b1f13c98e97ba6458d7b460c"}
{"index": {"_index":"sim","_id":"2117201"}}
	{"id":2117201,"type":"sell","buyer":"pi-trader","seller":"muenchen","symbol":"SIM","quantity":"20000.000","price":"0.00055001","timestamp":1637942661,"volume":"11.00020000","buyTxId":"95fa8b88d099ffac21541dc0c102896fcb384ca1-2","sellTxId":"0e032e76fabb1b35255a25cf0957215510275283"}
{"index": {"_index":"sim","_id":"2117210"}}
	{"id":2117210,"type":"sell","buyer":"pi-trader","seller":"muenchen","symbol":"SIM","quantity":"50000.000","price":"0.00055001","timestamp":1637942703,"volume":"27.50050000","buyTxId":"083a2341a63f1df3a536c1ac84a0a10135333cfb-4","sellTxId":"0a5f999cc3d922d0b8e2e7e12448d68e1db6d1ea"}
{"index": {"_index":"sim","_id":"2117211"}}
	{"id":2117211,"type":"sell","buyer":"methus","seller":"muenchen","symbol":"SIM","quantity":"2200.000","price":"0.00055000","timestamp":1637942703,"volume":"1.21000000","buyTxId":"eb5f507b5d6ea232b5119c7e34da838bdb4f48d5","sellTxId":"0a5f999cc3d922d0b8e2e7e12448d68e1db6d1ea"}
{"index": {"_index":"sim","_id":"2117241"}}
	{"id":2117241,"type":"sell","buyer":"pi-trader","seller":"muenchen","symbol":"SIM","quantity":"50000.000","price":"0.00055004","timestamp":1637943054,"volume":"27.50200000","buyTxId":"dae2f45383673a3d51d91755f031211914521b13-5","sellTxId":"d7dada1758a1ea8473820288baba35f21258cec9"}
{"index": {"_index":"sim","_id":"2117242"}}
	{"id":2117242,"type":"sell","buyer":"jelly-cz","seller":"muenchen","symbol":"SIM","quantity":"21816.992","price":"0.00055003","timestamp":1637943054,"volume":"12.00000011","buyTxId":"MM-P-12530442-59516837-3-35-0","sellTxId":"d7dada1758a1ea8473820288baba35f21258cec9"}
{"index": {"_index":"sim","_id":"2117243"}}
	{"id":2117243,"type":"sell","buyer":"methus","seller":"muenchen","symbol":"SIM","quantity":"17800.000","price":"0.00055000","timestamp":1637943054,"volume":"9.79000000","buyTxId":"eb5f507b5d6ea232b5119c7e34da838bdb4f48d5","sellTxId":"d7dada1758a1ea8473820288baba35f21258cec9"}
{"index": {"_index":"sim","_id":"2117244"}}
	{"id":2117244,"type":"sell","buyer":"enginemaker","seller":"muenchen","symbol":"SIM","quantity":"33123.008","price":"0.00054000","timestamp":1637943054,"volume":"17.88642432","buyTxId":"MM-P-12487623-59473998-3-2-0","sellTxId":"d7dada1758a1ea8473820288baba35f21258cec9"}
{"index": {"_index":"sim","_id":"2117247"}}
	{"id":2117247,"type":"sell","buyer":"pi-trader","seller":"muenchen","symbol":"SIM","quantity":"10991.500","price":"0.00054001","timestamp":1637943087,"volume":"5.93551992","buyTxId":"b371c7435e18e99215cab99c691534e2ebaadfba-2","sellTxId":"c9dc404c60ddb0b61074e162e3fed09e5aa5cb50"}
{"index": {"_index":"sim","_id":"2117317"}}
	{"id":2117317,"type":"sell","buyer":"pi-trader","seller":"muenchen","symbol":"SIM","quantity":"20444.000","price":"0.00060001","timestamp":1637943483,"volume":"12.26660444","buyTxId":"c6a2dc470684b2db8419c51685d357a5473e42c5-5","sellTxId":"d87a43d0eb80fae539b1542fbbf6d93f454c0600"}
{"index": {"_index":"sim","_id":"2117318"}}
	{"id":2117318,"type":"sell","buyer":"pi-trader","seller":"muenchen","symbol":"SIM","quantity":"3526.400","price":"0.00060001","timestamp":1637943510,"volume":"2.11587526","buyTxId":"c6a2dc470684b2db8419c51685d357a5473e42c5-5","sellTxId":"e2d1302dac8821cbfda4ad91aed6101cfdd9ca06"}
{"index": {"_index":"sim","_id":"2117319"}}
	{"id":2117319,"type":"sell","buyer":"pi-trader","seller":"muenchen","symbol":"SIM","quantity":"43691.450","price":"0.00060001","timestamp":1637943543,"volume":"26.21530691","buyTxId":"582f7a6a5a5b2ba48a1621a3f0aa49b55245d15b-5","sellTxId":"856b2d595187837557b905a3bc9315efb36aaf66"}
{"index": {"_index":"sim","_id":"2117341"}}
	{"id":2117341,"type":"sell","buyer":"pi-trader","seller":"thatcryptodave","symbol":"SIM","quantity":"670.318","price":"0.00060001","timestamp":1637943759,"volume":"0.40219750","buyTxId":"20ae4d9678a3d24e07215829e04f0fc18d9ba400-5","sellTxId":"059ecf98e0014adffd85c1c7da1d45e7ed3eb135"}
{"index": {"_index":"sim","_id":"2117342"}}
	{"id":2117342,"type":"sell","buyer":"pi-trader","seller":"muenchen","symbol":"SIM","quantity":"49329.682","price":"0.00060001","timestamp":1637943768,"volume":"29.59830250","buyTxId":"20ae4d9678a3d24e07215829e04f0fc18d9ba400-5","sellTxId":"6a245d8cbb13e324fc55d46014646279458a5c7a"}
{"index": {"_index":"sim","_id":"2117344"}}
	{"id":2117344,"type":"buy","buyer":"pi-trader","seller":"muenchen","symbol":"SIM","quantity":"20.918","price":"0.00060001","timestamp":1637943789,"volume":"0.01255101","buyTxId":"5dbc6ffe6cd6ec27a230219b71f617f5188e39cf-6","sellTxId":"6a245d8cbb13e324fc55d46014646279458a5c7a"}
{"index": {"_index":"sim","_id":"2117429"}}
	{"id":2117429,"type":"sell","buyer":"pi-trader","seller":"warrentto","symbol":"SIM","quantity":"5782.890","price":"0.00060001","timestamp":1637944152,"volume":"3.46979183","buyTxId":"363fa4c1dffde118c9392549e68001af750bffe0-3","sellTxId":"ec44d92a47f5eb4df614f1ea3cf6c2a8d23f4dc4"}
{"index": {"_index":"sim","_id":"2117436"}}
	{"id":2117436,"type":"sell","buyer":"pi-trader","seller":"muenchen","symbol":"SIM","quantity":"44217.110","price":"0.00060001","timestamp":1637944203,"volume":"26.53070817","buyTxId":"6392c35d2110c2d4be7da1bd2aeeb4dbcdad526c-3","sellTxId":"a74c4ada63b1d556e2aefea55f78523bfacd7347"}
{"index": {"_index":"sim","_id":"2117440"}}
	{"id":2117440,"type":"sell","buyer":"pi-trader","seller":"muenchen","symbol":"SIM","quantity":"5782.890","price":"0.00060001","timestamp":1637944236,"volume":"3.46979183","buyTxId":"6392c35d2110c2d4be7da1bd2aeeb4dbcdad526c-3","sellTxId":"9471ede8f24249552e9dbfd849dceb6ce6464a62"}
{"index": {"_index":"sim","_id":"2117441"}}
	{"id":2117441,"type":"sell","buyer":"jwjqu.wam","seller":"muenchen","symbol":"SIM","quantity":"25000.000","price":"0.00060000","timestamp":1637944236,"volume":"15.00000000","buyTxId":"d27ec476f2d699bd026a33f904e5ef8904463f62","sellTxId":"9471ede8f24249552e9dbfd849dceb6ce6464a62"}
{"index": {"_index":"sim","_id":"2117442"}}
	{"id":2117442,"type":"sell","buyer":"jelly-cz","seller":"muenchen","symbol":"SIM","quantity":"22220.988","price":"0.00054003","timestamp":1637944236,"volume":"12.00000015","buyTxId":"MM-P-12530542-59516937-3-35-0","sellTxId":"9471ede8f24249552e9dbfd849dceb6ce6464a62"}
{"index": {"_index":"sim","_id":"2117443"}}
	{"id":2117443,"type":"sell","buyer":"enginemaker","seller":"muenchen","symbol":"SIM","quantity":"6823.012","price":"0.00054000","timestamp":1637944236,"volume":"3.68442648","buyTxId":"MM-P-12487623-59473998-3-2-0","sellTxId":"9471ede8f24249552e9dbfd849dceb6ce6464a62"}
{"index": {"_index":"sim","_id":"2117483"}}
	{"id":2117483,"type":"sell","buyer":"pi-trader","seller":"muenchen","symbol":"SIM","quantity":"39963.650","price":"0.00054001","timestamp":1637944395,"volume":"21.58077064","buyTxId":"06a17f3b94bbafcb26fee1a8531472146cf2bf3b-5","sellTxId":"47851587af8d8fbc7fa6a00009b1028a0c5e3369"}
{"index": {"_index":"sim","_id":"2117487"}}
	{"id":2117487,"type":"sell","buyer":"pi-trader","seller":"muenchen","symbol":"SIM","quantity":"10201.100","price":"0.00054001","timestamp":1637944428,"volume":"5.50869601","buyTxId":"47b0b736df2415d664702606aa5c0b42a7e3fcac-5","sellTxId":"0775ccbae24f507a2f46e56aafd86f35adc4df04"}
{"index": {"_index":"sim","_id":"2117508"}}
	{"id":2117508,"type":"sell","buyer":"pi-trader","seller":"muenchen","symbol":"SIM","quantity":"1520.000","price":"0.00054001","timestamp":1637944563,"volume":"0.82081520","buyTxId":"3185608d3a8c49b173f533da414791bd128b3a8f-8","sellTxId":"ae68cc850b0e9abe30aa6639fc3c66423db4d419"}
{"index": {"_index":"sim","_id":"2117789"}}
	{"id":2117789,"type":"sell","buyer":"pi-trader","seller":"muenchen","symbol":"SIM","quantity":"20188.450","price":"0.00057401","timestamp":1637946591,"volume":"11.58837218","buyTxId":"e606261fc6da3b9548b1ff13919d6ca89f4998b3-3","sellTxId":"7c2c15c0138e31a2771832d2c2cf3337e90382e8"}
{"index": {"_index":"sim","_id":"2117803"}}
	{"id":2117803,"type":"sell","buyer":"pi-trader","seller":"muenchen","symbol":"SIM","quantity":"50000.000","price":"0.00057401","timestamp":1637946678,"volume":"28.70050000","buyTxId":"9ca306df40b4730c9820b7089bc2ce04e81d1e78-7","sellTxId":"5386d7940209be8ddb242711b77d9fcf7663cdbc"}
{"index": {"_index":"sim","_id":"2117805"}}
	{"id":2117805,"type":"sell","buyer":"jelly13","seller":"muenchen","symbol":"SIM","quantity":"5290.000","price":"0.00057400","timestamp":1637946696,"volume":"3.03646000","buyTxId":"6624553e7592f489800c1a736b70efebdb3af21f","sellTxId":"c5115a93064b3ff8026207921a1a676ed5d8c644"}
{"index": {"_index":"sim","_id":"2117810"}}
	{"id":2117810,"type":"sell","buyer":"pi-trader","seller":"muenchen","symbol":"SIM","quantity":"19110.200","price":"0.00057401","timestamp":1637946765,"volume":"10.96944590","buyTxId":"78df979a9e65d49c4a211a6e2664dc9a8e628ff5-6","sellTxId":"4a45d7604371d109c0dd8be9a43ab405a95e82d3"}
{"index": {"_index":"sim","_id":"2117811"}}
	{"id":2117811,"type":"sell","buyer":"pi-trader","seller":"muenchen","symbol":"SIM","quantity":"10197.300","price":"0.00057401","timestamp":1637946798,"volume":"5.85335217","buyTxId":"4bf2a7708472185aaab2cf1b45e8d1c2be0be8a1-3","sellTxId":"24ed790669a0cd924ddae55e0ca3181464d735aa"}
{"index": {"_index":"sim","_id":"2117831"}}
	{"id":2117831,"type":"sell","buyer":"pi-trader","seller":"muenchen","symbol":"SIM","quantity":"10049.100","price":"0.00057403","timestamp":1637946981,"volume":"5.76848487","buyTxId":"5cce3921e9632c776f61b90f9c0e75fd886c8e49-7","sellTxId":"c2fad66ad3cfe61941ab0bbeefc70bb9eb9335c4"}
{"index": {"_index":"sim","_id":"2117846"}}
	{"id":2117846,"type":"sell","buyer":"pi-trader","seller":"monsterjamgold","symbol":"SIM","quantity":"4096.382","price":"0.00057403","timestamp":1637947170,"volume":"2.35144616","buyTxId":"bb56404d3f5622d5cc97c72b938469447e246db1-4","sellTxId":"d56bd54f8894b4c2957c67b4e1d9b98f3f7a5b33"}
{"index": {"_index":"sim","_id":"2117865"}}
	{"id":2117865,"type":"sell","buyer":"pi-trader","seller":"eforucom","symbol":"SIM","quantity":"0.069","price":"0.00057401","timestamp":1637947302,"volume":"0.00003961","buyTxId":"1c1edcf114db2f3d4b62ffc0642dc3efc02a8028-7","sellTxId":"7d474622157ac917e82a5b05100c2aaa2ba61457"}
{"index": {"_index":"sim","_id":"2117981"}}
	{"id":2117981,"type":"sell","buyer":"pi-trader","seller":"muenchen","symbol":"SIM","quantity":"24899.500","price":"0.00057401","timestamp":1637948259,"volume":"14.29256200","buyTxId":"61c3ebbcb2bb918c7ea4eb4d9c778518da075b7b-5","sellTxId":"b6beef1b40857776d8c8da148db08fcf2c81d9f4"}
{"index": {"_index":"sim","_id":"2117991"}}
	{"id":2117991,"type":"sell","buyer":"pi-trader","seller":"onestrong","symbol":"SIM","quantity":"12.000","price":"0.00057401","timestamp":1637948328,"volume":"0.00688812","buyTxId":"0369d8240846b15fdc3becdef56d12db62aff129-8","sellTxId":"eba690ee3756250d39ae82f1ac1683daa88fef76"}
{"index": {"_index":"sim","_id":"2118014"}}
	{"id":2118014,"type":"sell","buyer":"pi-trader","seller":"muenchen","symbol":"SIM","quantity":"18382.500","price":"0.00057401","timestamp":1637948607,"volume":"10.55173883","buyTxId":"6a93a1702212ee0e6742c658bca9a6d23e5b78b3-3","sellTxId":"ec4d0e0a160fda7e62d427cb5e0c5ab10a250eca"}
{"index": {"_index":"sim","_id":"2118044"}}
	{"id":2118044,"type":"sell","buyer":"pi-trader","seller":"captaincryptic","symbol":"SIM","quantity":"1120.033","price":"0.00057401","timestamp":1637948964,"volume":"0.64291014","buyTxId":"ef76bc1846764a3a29085925a8fe4a1cbfe1d964-5","sellTxId":"3352433d7e79f565b92b6108d67c7ec066f1ce02"}
{"index": {"_index":"sim","_id":"2118067"}}
	{"id":2118067,"type":"sell","buyer":"pi-trader","seller":"eforucom","symbol":"SIM","quantity":"0.180","price":"0.00057401","timestamp":1637949213,"volume":"0.00010332","buyTxId":"e2adcb01a1700358d5d8eef2dd52a4120d2d1d68-4","sellTxId":"ca796aa2a6fda8974f77142e9c120cd6a911f693"}
{"index": {"_index":"sim","_id":"2118085"}}
	{"id":2118085,"type":"sell","buyer":"pi-trader","seller":"eforucom","symbol":"SIM","quantity":"0.001","price":"0.00057401","timestamp":1637949312,"volume":"0.00000057","buyTxId":"6fdc3de31893593ed8b54e481d8985350072e923-3","sellTxId":"5c69c5cba20811fecd5e30fa3629ed0eabcf3d35"}
{"index": {"_index":"sim","_id":"2118101"}}
	{"id":2118101,"type":"sell","buyer":"pi-trader","seller":"muenchen","symbol":"SIM","quantity":"50000.000","price":"0.00057401","timestamp":1637949462,"volume":"28.70050000","buyTxId":"280d07c5d6ecf042d7b55bd32e27aa7461b033e2-3","sellTxId":"c165ebcec8de6e147d26d79f1b076b0f05dd322f"}
{"index": {"_index":"sim","_id":"2118104"}}
	{"id":2118104,"type":"sell","buyer":"pi-trader","seller":"muenchen","symbol":"SIM","quantity":"8102.000","price":"0.00057401","timestamp":1637949504,"volume":"4.65062902","buyTxId":"074f7d76d5a9d2e99d3582e66c5c6681b49a0d23-4","sellTxId":"94353c32edadead30b32198a52124751745533f6"}
{"index": {"_index":"sim","_id":"2118107"}}
	{"id":2118107,"type":"sell","buyer":"pi-trader","seller":"muenchen","symbol":"SIM","quantity":"11829.400","price":"0.00057401","timestamp":1637949534,"volume":"6.79019389","buyTxId":"074f7d76d5a9d2e99d3582e66c5c6681b49a0d23-4","sellTxId":"23511ecbfdd0d39ea9f801f76e39c7878e620012"}
{"index": {"_index":"sim","_id":"2118111"}}
	{"id":2118111,"type":"sell","buyer":"pi-trader","seller":"muenchen","symbol":"SIM","quantity":"5700.000","price":"0.00057401","timestamp":1637949609,"volume":"3.27185700","buyTxId":"3df70e250b15deaa155ee9d1f5e79225a242789f-3","sellTxId":"4f60ca3599c5df54d3d2328329f1cc7d7c2bdd42"}
{"index": {"_index":"sim","_id":"2118118"}}
	{"id":2118118,"type":"sell","buyer":"pi-trader","seller":"muenchen","symbol":"SIM","quantity":"17347.000","price":"0.00057401","timestamp":1637949696,"volume":"9.95735147","buyTxId":"b6bf5499fa5015fee1cf12ff53ea43e4a280f9d6-3","sellTxId":"2e5ca6498c05d847f1b806a2ecd445910bed25c3"}
{"index": {"_index":"sim","_id":"2118124"}}
	{"id":2118124,"type":"sell","buyer":"pi-trader","seller":"muenchen","symbol":"SIM","quantity":"2945.000","price":"0.00057401","timestamp":1637949774,"volume":"1.69045945","buyTxId":"82557e63066f8f654dcff07346f17a45183af50a-3","sellTxId":"22908327ad368d7b84b502f6684ab106d8f71573"}
{"index": {"_index":"sim","_id":"2118126"}}
	{"id":2118126,"type":"buy","buyer":"stickupboys","seller":"pi-trader","symbol":"SIM","quantity":"3810.000","price":"0.00065000","timestamp":1637949804,"volume":"2.47650000","buyTxId":"846e88df349c71fccfea9ced4983741ba10144e3","sellTxId":"466e4fa2c3993aab01e76b8c7d74965fb03834d0-5"}
{"index": {"_index":"sim","_id":"2118131"}}
	{"id":2118131,"type":"sell","buyer":"pi-trader","seller":"muenchen","symbol":"SIM","quantity":"10359.750","price":"0.00057401","timestamp":1637949867,"volume":"5.94660010","buyTxId":"9a55661a26ca96a7c17753e6ea08cb25f30f8f73-3","sellTxId":"23ce05047799a1ea910c26c74299d7b6655190e0"}
{"index": {"_index":"sim","_id":"2118146"}}
	{"id":2118146,"type":"sell","buyer":"pi-trader","seller":"muenchen","symbol":"SIM","quantity":"50000.000","price":"0.00057401","timestamp":1637950029,"volume":"28.70050000","buyTxId":"3472993d40433c7444eacfba4d666f65f0829a81-5","sellTxId":"4102b50f8d9f453c56377275474eae169ff414b6"}
{"index": {"_index":"sim","_id":"2118148"}}
	{"id":2118148,"type":"sell","buyer":"jelly13","seller":"muenchen","symbol":"SIM","quantity":"18767.650","price":"0.00057400","timestamp":1637950050,"volume":"10.77263110","buyTxId":"6624553e7592f489800c1a736b70efebdb3af21f","sellTxId":"a2a09e7e47adb3fa1e322b0accc721187036bfc6"}
{"index": {"_index":"sim","_id":"2118169"}}
	{"id":2118169,"type":"sell","buyer":"pi-trader","seller":"lightcaptured","symbol":"SIM","quantity":"39.515","price":"0.00057401","timestamp":1637950212,"volume":"0.02268201","buyTxId":"0923bc6e1283c7c1dee0875d141fffeb77f1d852-2","sellTxId":"4a72f8e2a9e1b17d04251bbcc3c29a0ab4757bc0"}
{"index": {"_index":"sim","_id":"2118203"}}
	{"id":2118203,"type":"sell","buyer":"pi-trader","seller":"muenchen","symbol":"SIM","quantity":"46476.850","price":"0.00057401","timestamp":1637950446,"volume":"26.67817667","buyTxId":"a60a2a22f0bac126640c63d934d20e95066a0057-2","sellTxId":"f29cd44032b367597f3dd2dd08dfbaee3a5ac1b3"}
{"index": {"_index":"sim","_id":"2118217"}}
	{"id":2118217,"type":"sell","buyer":"pi-trader","seller":"muenchen","symbol":"SIM","quantity":"1662.500","price":"0.00057401","timestamp":1637950566,"volume":"0.95429163","buyTxId":"bf8cf9c224cda720404b278884415242c6c58dc4-3","sellTxId":"e8892151dd8e17137dbf0a124da12df70fafdfeb"}
{"index": {"_index":"sim","_id":"2118251"}}
	{"id":2118251,"type":"sell","buyer":"pi-trader","seller":"muenchen","symbol":"SIM","quantity":"50000.000","price":"0.00057401","timestamp":1637951007,"volume":"28.70050000","buyTxId":"ad00cb0d91b71a150ec7814c600b9c20f12147e8-5","sellTxId":"bfd1b0100280166638ef18f01d2006537535bae5"}
{"index": {"_index":"sim","_id":"2118257"}}
	{"id":2118257,"type":"sell","buyer":"pi-trader","seller":"muenchen","symbol":"SIM","quantity":"8087.750","price":"0.00057401","timestamp":1637951052,"volume":"4.64244938","buyTxId":"7d725bce0da39f6817fbae11a91b8352e2beca11-8","sellTxId":"fa28b2549df6abd9f55479f23f905aa2d84788d8"}
{"index": {"_index":"sim","_id":"2118283"}}
	{"id":2118283,"type":"sell","buyer":"pi-trader","seller":"muenchen","symbol":"SIM","quantity":"37076.600","price":"0.00057401","timestamp":1637951199,"volume":"21.28233917","buyTxId":"e749b01026945010c58d70cd751cd5aa8d7d669d-5","sellTxId":"bf3ffaf75311ea9878fcc904b5c7b520431f1274"}
{"index": {"_index":"sim","_id":"2118312"}}
	{"id":2118312,"type":"sell","buyer":"pi-trader","seller":"muenchen","symbol":"SIM","quantity":"40289.500","price":"0.00057401","timestamp":1637951403,"volume":"23.12657590","buyTxId":"3e17f6e5d87e8f3c6bd004e63184f386639bfd41-5","sellTxId":"c49032d58b9ee479a95dfbbc451469d9821925dd"}
{"index": {"_index":"sim","_id":"2118366"}}
	{"id":2118366,"type":"sell","buyer":"pi-trader","seller":"muenchen","symbol":"SIM","quantity":"50000.000","price":"0.00057401","timestamp":1637951817,"volume":"28.70050000","buyTxId":"b84400f95a658272a848c7196d1c10a87316f6e5-3","sellTxId":"02760914a8bff0c8f5d0c1af863fa7170ee962ee"}
{"index": {"_index":"sim","_id":"2118367"}}
	{"id":2118367,"type":"buy","buyer":"svirus","seller":"muenchen","symbol":"SIM","quantity":"9965.900","price":"0.00057401","timestamp":1637951820,"volume":"5.72052626","buyTxId":"14399179bbea7593f7a07414b7321ca1d50caff9-0","sellTxId":"02760914a8bff0c8f5d0c1af863fa7170ee962ee"}
{"index": {"_index":"sim","_id":"2118394"}}
	{"id":2118394,"type":"sell","buyer":"pi-trader","seller":"muenchen","symbol":"SIM","quantity":"38285.000","price":"0.00057401","timestamp":1637951997,"volume":"21.97597285","buyTxId":"c096374d42767c6db8fcd1641657149ba9fbab2c-1","sellTxId":"801e1407c3a9016a492027402c5fd944b6211120"}
{"index": {"_index":"sim","_id":"2118405"}}
	{"id":2118405,"type":"sell","buyer":"pi-trader","seller":"muenchen","symbol":"SIM","quantity":"31635.000","price":"0.00057401","timestamp":1637952156,"volume":"18.15880635","buyTxId":"549be30c5542954a8774ee71201acc61313c8fd0-3","sellTxId":"bdeb2cf3fb91510da38454d83a8ef2c829fcda16"}
{"index": {"_index":"sim","_id":"2118438"}}
	{"id":2118438,"type":"sell","buyer":"pi-trader","seller":"muenchen","symbol":"SIM","quantity":"24105.300","price":"0.00057401","timestamp":1637952348,"volume":"13.83668325","buyTxId":"d39120807f671d1e81e3d47b6888b662ef7a5588-4","sellTxId":"9fcae8327643bd98725374b336126aacb14f2261"}
{"index": {"_index":"sim","_id":"2118457"}}
	{"id":2118457,"type":"sell","buyer":"pi-trader","seller":"muenchen","symbol":"SIM","quantity":"23761.400","price":"0.00057401","timestamp":1637952486,"volume":"13.63928121","buyTxId":"7e19c022affdbc8025518aa8c231052d9550d3df-7","sellTxId":"375a8eb730c3db9c4ce4f8fc617034091a05507b"}
{"index": {"_index":"sim","_id":"2118493"}}
	{"id":2118493,"type":"sell","buyer":"pi-trader","seller":"muenchen","symbol":"SIM","quantity":"50000.000","price":"0.00057401","timestamp":1637952858,"volume":"28.70050000","buyTxId":"5792a11294a34a4c18a9c3b875f2ae79a1301e00-5","sellTxId":"d109d680c1eb012b1217d48cf0064e5ad308863f"}
{"index": {"_index":"sim","_id":"2118496"}}
	{"id":2118496,"type":"sell","buyer":"pi-trader","seller":"muenchen","symbol":"SIM","quantity":"26475.000","price":"0.00057401","timestamp":1637952891,"volume":"15.19691475","buyTxId":"b8b037c0f8baee5dc464efd7d7fbd3c5dc014ea5-5","sellTxId":"5a61a9f1484b56f58c32329e582d1d4fb84d6952"}
{"index": {"_index":"sim","_id":"2118500"}}
	{"id":2118500,"type":"sell","buyer":"pi-trader","seller":"muenchen","symbol":"SIM","quantity":"50000.000","price":"0.00057401","timestamp":1637952966,"volume":"28.70050000","buyTxId":"53df5a5b358ba631ee9012a077b8a0ea869f86fe-3","sellTxId":"d9ec301350df32a5b929ac6d63076a6c1ac313f4"}
{"index": {"_index":"sim","_id":"2118504"}}
	{"id":2118504,"type":"sell","buyer":"jelly13","seller":"muenchen","symbol":"SIM","quantity":"2250.000","price":"0.00057400","timestamp":1637952996,"volume":"1.29150000","buyTxId":"6624553e7592f489800c1a736b70efebdb3af21f","sellTxId":"63fd1873e7424c0907b92d49f14a80a26e399638"}
{"index": {"_index":"sim","_id":"2118528"}}
	{"id":2118528,"type":"sell","buyer":"pi-trader","seller":"muenchen","symbol":"SIM","quantity":"50000.000","price":"0.00057401","timestamp":1637953161,"volume":"28.70050000","buyTxId":"354d3fa0a065c62ed9651bbb6bd1775cdbb3c167-4","sellTxId":"41fea25eeadafdcc14aebdf19f01620d1c5107aa"}
{"index": {"_index":"sim","_id":"2118557"}}
	{"id":2118557,"type":"sell","buyer":"pi-trader","seller":"muenchen","symbol":"SIM","quantity":"50000.000","price":"0.00057401","timestamp":1637953341,"volume":"28.70050000","buyTxId":"c772c2d327a5e1ebbfd818e0ce37e7a6d94442d6-3","sellTxId":"e34583949a77c431a226b03d038ef9b27170a1d0"}
{"index": {"_index":"sim","_id":"2118562"}}
	{"id":2118562,"type":"sell","buyer":"pi-trader","seller":"muenchen","symbol":"SIM","quantity":"4500.000","price":"0.00057401","timestamp":1637953392,"volume":"2.58304500","buyTxId":"aa4a1f6f4c8652f2d2014824a61dbcdf5e8dece5-4","sellTxId":"6c93432b5db20e9bb7650e81b40ff0e0fa86b135"}
{"index": {"_index":"sim","_id":"2118568"}}
	{"id":2118568,"type":"buy","buyer":"konvik","seller":"enginemaker","symbol":"SIM","quantity":"39946.020","price":"0.00060997","timestamp":1637953470,"volume":"24.36587382","buyTxId":"a41effd026bc941e85086e4b3721a545ac1e47ad-0","sellTxId":"MM-P-12533927-59520324-3-2-0"}
{"index": {"_index":"sim","_id":"2118646"}}
	{"id":2118646,"type":"sell","buyer":"pi-trader","seller":"muenchen","symbol":"SIM","quantity":"47752.700","price":"0.00057404","timestamp":1637953896,"volume":"27.41195991","buyTxId":"a976d88991973d9aad0cbc8a47d9fef30cfccc3a-7","sellTxId":"d8201dbb41239bd337a0884479427bc1279dc19a"}
{"index": {"_index":"sim","_id":"2118658"}}
	{"id":2118658,"type":"sell","buyer":"pi-trader","seller":"muenchen","symbol":"SIM","quantity":"19997.510","price":"0.00057407","timestamp":1637954187,"volume":"11.47997057","buyTxId":"e23750781533576c2ff054d8254a72721b123303-3","sellTxId":"550985524af2d1f50328ff283f84e5b497042892"}
{"index": {"_index":"sim","_id":"2118691"}}
	{"id":2118691,"type":"sell","buyer":"pi-trader","seller":"muenchen","symbol":"SIM","quantity":"29526.000","price":"0.00057407","timestamp":1637954310,"volume":"16.94999082","buyTxId":"50483ae108c003ff75991fb4a93db0b9f0929296-7","sellTxId":"1188f0930cfec1d5adea83a39adb80e2c1b89505"}
{"index": {"_index":"sim","_id":"2118703"}}
	{"id":2118703,"type":"sell","buyer":"jelly-cz","seller":"muenchen","symbol":"SIM","quantity":"20902.646","price":"0.00057409","timestamp":1637954379,"volume":"12.00000004","buyTxId":"MM-P-12534226-59520623-3-35-0","sellTxId":"6b8df237fb4d8385f21ce4439306546bdbc30501"}
{"index": {"_index":"sim","_id":"2118704"}}
	{"id":2118704,"type":"sell","buyer":"pi-trader","seller":"muenchen","symbol":"SIM","quantity":"26644.854","price":"0.00057407","timestamp":1637954379,"volume":"15.29601134","buyTxId":"dee4708d076b08501dff39556ac3ea6001b3c783-3","sellTxId":"6b8df237fb4d8385f21ce4439306546bdbc30501"}
{"index": {"_index":"sim","_id":"2118734"}}
	{"id":2118734,"type":"sell","buyer":"pi-trader","seller":"automaton","symbol":"SIM","quantity":"2100.000","price":"0.00057401","timestamp":1637954562,"volume":"1.20542100","buyTxId":"591ceb565596797b01910b318cd9e8dcb5efbe1b-5","sellTxId":"8cd313876f3f58e9d8ac8c592b073b07c1d6a444"}
{"index": {"_index":"sim","_id":"2118743"}}
	{"id":2118743,"type":"sell","buyer":"pi-trader","seller":"muenchen","symbol":"SIM","quantity":"33396.300","price":"0.00057404","timestamp":1637954742,"volume":"19.17081205","buyTxId":"d7e76d6de40da39fd192665f7a7484ca471bd14f-4","sellTxId":"d08b9852bacb5a4c7374f3235d8161b228695029"}
{"index": {"_index":"sim","_id":"2118749"}}
	{"id":2118749,"type":"buy","buyer":"dswap","seller":"pi-trader","symbol":"SIM","quantity":"5671.980","price":"0.00063999","timestamp":1637954877,"volume":"3.63001100","buyTxId":"6e2584eb0b14e5e13584754275fe4cb4f2cc7bfb","sellTxId":"7d4b29d72780c6fa928a110a0fe35d3681b6221f-5"}
{"index": {"_index":"sim","_id":"2118768"}}
	{"id":2118768,"type":"sell","buyer":"pi-trader","seller":"muenchen","symbol":"SIM","quantity":"23845.000","price":"0.00057407","timestamp":1637955036,"volume":"13.68869915","buyTxId":"d9c0c8acf3e5f608befeeebbbd094c4a274f756d-4","sellTxId":"8a661829319182fde9e8c0870f69d95c55b16236"}
{"index": {"_index":"sim","_id":"2118801"}}
	{"id":2118801,"type":"sell","buyer":"pi-trader","seller":"muenchen","symbol":"SIM","quantity":"23845.000","price":"0.00057410","timestamp":1637955363,"volume":"13.68941450","buyTxId":"fc32689e6a64361e8c39272db720816869ea281d-3","sellTxId":"4ac64b47e3ec966d985433baffb224d2f81c04b2"}
{"index": {"_index":"sim","_id":"2118819"}}
	{"id":2118819,"type":"sell","buyer":"jelly-cz","seller":"muenchen","symbol":"SIM","quantity":"17860.000","price":"0.00057412","timestamp":1637955597,"volume":"10.25378320","buyTxId":"MM-P-12534625-59521022-3-35-0","sellTxId":"7b3d63e601ace71bd31fb207572e7f849c2fa156"}
{"index": {"_index":"sim","_id":"2118839"}}
	{"id":2118839,"type":"sell","buyer":"pi-trader","seller":"muenchen","symbol":"SIM","quantity":"17860.000","price":"0.00057413","timestamp":1637955765,"volume":"10.25396180","buyTxId":"6e6ccf636bcc011424b002ac6955c3213e568f85-3","sellTxId":"9db076566140dd136cfe232332e3a0346366089c"}
{"index": {"_index":"sim","_id":"2118846"}}
	{"id":2118846,"type":"sell","buyer":"pi-trader","seller":"muenchen","symbol":"SIM","quantity":"35720.000","price":"0.00057413","timestamp":1637955807,"volume":"20.50792360","buyTxId":"45d93a61724424ffc5fbfb8e5a592b36d01000b5-1","sellTxId":"91194a53b6f9996fb2d103a75669a813ef601082"}
{"index": {"_index":"sim","_id":"2118851"}}
	{"id":2118851,"type":"sell","buyer":"pi-trader","seller":"thahodler","symbol":"SIM","quantity":"1294.622","price":"0.00057416","timestamp":1637955936,"volume":"0.74332017","buyTxId":"41b0587df82ba468741ea259b55b29acb70a5044-3","sellTxId":"2306b2387d718e3f8467a44e5b7695b61bc5225d"}
{"index": {"_index":"sim","_id":"2118920"}}
	{"id":2118920,"type":"sell","buyer":"pi-trader","seller":"muenchen","symbol":"SIM","quantity":"35007.500","price":"0.00057422","timestamp":1637956587,"volume":"20.10200665","buyTxId":"beb89e52f945af71143a3e82dfb186118d6e0139-1","sellTxId":"aecb88209fdd16d282cf6c6ba6fbbbae6e94bb87"}
{"index": {"_index":"sim","_id":"2118948"}}
	{"id":2118948,"type":"buy","buyer":"dkid14","seller":"pi-trader","symbol":"SIM","quantity":"19948.044","price":"0.00063999","timestamp":1637956896,"volume":"12.76654868","buyTxId":"f247f4c87136d3fcb570133c251a92dcdc718ec5","sellTxId":"c1c98a45ebb7d9ede52cf8dd8918aea1fee5df18-10"}
{"index": {"_index":"sim","_id":"2118963"}}
	{"id":2118963,"type":"sell","buyer":"pi-trader","seller":"muenchen","symbol":"SIM","quantity":"50000.000","price":"0.00057428","timestamp":1637957151,"volume":"28.71400000","buyTxId":"d33b45ad357abd243240c957bf93fa1afb7e5ab0-5","sellTxId":"e6151be1e79629bf9d21c84e8975e1d93d6269c8"}
{"index": {"_index":"sim","_id":"2118968"}}
	{"id":2118968,"type":"sell","buyer":"pi-trader","seller":"muenchen","symbol":"SIM","quantity":"20000.000","price":"0.00057428","timestamp":1637957193,"volume":"11.48560000","buyTxId":"941faa8b6a26512aae57b0fe455f18b0e6350dab-5","sellTxId":"ed2694387009416f4a410e743cd176f61f1e7bb3"}
{"index": {"_index":"sim","_id":"2118971"}}
	{"id":2118971,"type":"sell","buyer":"pi-trader","seller":"muenchen","symbol":"SIM","quantity":"16396.800","price":"0.00057428","timestamp":1637957211,"volume":"9.41635430","buyTxId":"941faa8b6a26512aae57b0fe455f18b0e6350dab-5","sellTxId":"13fb18ffc40066b9b07bacfa4ef785c72379c699"}
{"index": {"_index":"sim","_id":"2119037"}}
	{"id":2119037,"type":"sell","buyer":"pi-trader","seller":"muenchen","symbol":"SIM","quantity":"50000.000","price":"0.00057431","timestamp":1637957562,"volume":"28.71550000","buyTxId":"b0c97713a1c72a7c9c220a3509c9e68f1d55e7f6-4","sellTxId":"df76dca1d489dcd3d2b805984ca8a0453f671233"}
{"index": {"_index":"sim","_id":"2119073"}}
	{"id":2119073,"type":"sell","buyer":"pi-trader","seller":"muenchen","symbol":"SIM","quantity":"16231.150","price":"0.00057434","timestamp":1637957931,"volume":"9.32219869","buyTxId":"5ecda67d86ae378600d2b6866a44f562644b5325-3","sellTxId":"9e8e3a3b5349ee744f0adb7bd5796ed4454b2376"}
{"index": {"_index":"sim","_id":"2119107"}}
	{"id":2119107,"type":"sell","buyer":"pi-trader","seller":"muenchen","symbol":"SIM","quantity":"15592.825","price":"0.00057440","timestamp":1637958333,"volume":"8.95651868","buyTxId":"204f2f5d22b7aa6cc095c652eb3e647e8d0de9bf-3","sellTxId":"920adab62b3104a52be2a7953b548de2f5118e4b"}
{"index": {"_index":"sim","_id":"2119127"}}
	{"id":2119127,"type":"sell","buyer":"pi-trader","seller":"muenchen","symbol":"SIM","quantity":"20116.250","price":"0.00057440","timestamp":1637958360,"volume":"11.55477400","buyTxId":"204f2f5d22b7aa6cc095c652eb3e647e8d0de9bf-3","sellTxId":"eac46fea576a03c90879a064b2df2fcd19f5c797"}
{"index": {"_index":"sim","_id":"2119194"}}
	{"id":2119194,"type":"sell","buyer":"pi-trader","seller":"muenchen","symbol":"SIM","quantity":"20135.250","price":"0.00057446","timestamp":1637959020,"volume":"11.56689572","buyTxId":"974f731ecc57103728613118b8e8f81656080936-5","sellTxId":"710c3b6e4e662f2dcc09931c40eaae747ce6dc69"}
{"index": {"_index":"sim","_id":"2119254"}}
	{"id":2119254,"type":"sell","buyer":"pi-trader","seller":"muenchen","symbol":"SIM","quantity":"24320.000","price":"0.00057449","timestamp":1637959239,"volume":"13.97159680","buyTxId":"9f6e1731471b477e66b486413cbb4a5fc5442b70-5","sellTxId":"2b11ae8806d96d30499f3d48112cf19820227967"}
{"index": {"_index":"sim","_id":"2119262"}}
	{"id":2119262,"type":"sell","buyer":"pi-trader","seller":"marvinix","symbol":"SIM","quantity":"950.01","price":"0.00057449","timestamp":1637959464,"volume":"0.54577124","buyTxId":"e226945b895f4a52f7ee28952a411ccdcc3008ee-5","sellTxId":"f91cf81ffc2bf27f756bb633261588c9ff5038de"}
{"index": {"_index":"sim","_id":"2119267"}}
	{"id":2119267,"type":"buy","buyer":"dswap","seller":"pi-trader","symbol":"SIM","quantity":"23036.553","price":"0.00063999","timestamp":1637959512,"volume":"14.74316400","buyTxId":"4ec297212893645f821f98329cffbd13751f3a37","sellTxId":"e0bd4648236db6e5473e5cdf512bf02c8ac1ecc7-3"}
{"index": {"_index":"sim","_id":"2119295"}}
	{"id":2119295,"type":"sell","buyer":"pi-trader","seller":"muenchen","symbol":"SIM","quantity":"50000.000","price":"0.00057452","timestamp":1637959707,"volume":"28.72600000","buyTxId":"133ebe3ce1352ad119f61ccdbfbb03f359c7d64b-5","sellTxId":"3b6aac469d5a34dd553f646a62ba3b279423e837"}
{"index": {"_index":"sim","_id":"2119297"}}
	{"id":2119297,"type":"sell","buyer":"pi-trader","seller":"muenchen","symbol":"SIM","quantity":"42070.200","price":"0.00057452","timestamp":1637959761,"volume":"24.17017130","buyTxId":"fffa0966288f57c650c5f3752170728ed653d25a-4","sellTxId":"cf6ef8d7f7e3d4acbcd8e0016dc28b178bf26021"}
{"index": {"_index":"sim","_id":"2119343"}}
	{"id":2119343,"type":"buy","buyer":"lrekt01","seller":"pi-trader","symbol":"SIM","quantity":"0.990","price":"0.00063999","timestamp":1637960124,"volume":"0.00063359","buyTxId":"2478f33bd8b3f3709df64074da559a78060608e4","sellTxId":"74055d6d8d961e4caa5bc25b7ed75d041244e475-7"}
{"index": {"_index":"sim","_id":"2119361"}}
	{"id":2119361,"type":"buy","buyer":"achimmertens","seller":"pi-trader","symbol":"SIM","quantity":"10653.000","price":"0.00063999","timestamp":1637960271,"volume":"6.81781347","buyTxId":"f7074cb5589b061c9bdbfe9ec15fd9ea9b5f10d2","sellTxId":"2df4df97b6003000ccbc1ba481405c321b05593c-8"}
{"index": {"_index":"sim","_id":"2119370"}}
	{"id":2119370,"type":"sell","buyer":"pi-trader","seller":"marvinix","symbol":"SIM","quantity":"1140","price":"0.00058007","timestamp":1637960460,"volume":"0.66127980","buyTxId":"17ef031b5c82065fe82a91e252f094334ebd01a5-5","sellTxId":"5419fa953419bc734d1da5f4fee461d8b4834d15"}
{"index": {"_index":"sim","_id":"2119399"}}
	{"id":2119399,"type":"sell","buyer":"pi-trader","seller":"lrekt01","symbol":"SIM","quantity":"25.000","price":"0.00058010","timestamp":1637960736,"volume":"0.01450250","buyTxId":"d95adab290847d89e3627b3e09aa460918b10681-3","sellTxId":"6efcb5cd74311999225cb3e9a948933a7a95bf7e"}
{"index": {"_index":"sim","_id":"2119417"}}
	{"id":2119417,"type":"buy","buyer":"lrekt01","seller":"pi-trader","symbol":"SIM","quantity":"0.111","price":"0.00063999","timestamp":1637960844,"volume":"0.00007104","buyTxId":"37ad0b545d919a7384d65574a93023998ef729bf","sellTxId":"5179ca99e8b445aea62ab9231537d466c5552bf7-6"}
{"index": {"_index":"sim","_id":"2119447"}}
	{"id":2119447,"type":"sell","buyer":"pi-trader","seller":"muenchen","symbol":"SIM","quantity":"14732.600","price":"0.00058013","timestamp":1637961171,"volume":"8.54682324","buyTxId":"693c50c6237ae00caf2aaa41b090bd7ce8d0e277-3","sellTxId":"cb2f1531ec7d4291d5e74364ef64e0ad7b5f9257"}
{"index": {"_index":"sim","_id":"2119451"}}
	{"id":2119451,"type":"sell","buyer":"pi-trader","seller":"muenchen","symbol":"SIM","quantity":"15375.750","price":"0.00058013","timestamp":1637961201,"volume":"8.91993385","buyTxId":"900e35a29cd4a768d581bb5fe2166a471dc14840-7","sellTxId":"421b70de0340136b55e5e12368eb95c51488ce47"}
{"index": {"_index":"sim","_id":"2119502"}}
	{"id":2119502,"type":"sell","buyer":"pi-trader","seller":"muenchen","symbol":"SIM","quantity":"6298.500","price":"0.00058019","timestamp":1637961717,"volume":"3.65432672","buyTxId":"6bbf2cbcbf2e37c76496bf1e16d15cffbaf0e95b-3","sellTxId":"ed711530511ff3a472a6b0a1a093ea0ff499208f"}
{"index": {"_index":"sim","_id":"2119579"}}
	{"id":2119579,"type":"sell","buyer":"pi-trader","seller":"muenchen","symbol":"SIM","quantity":"17195.000","price":"0.00058031","timestamp":1637962968,"volume":"9.97843045","buyTxId":"2fe09af5aa807f6b744a6262e997f57f519f710b-3","sellTxId":"a0ed5c8fe42a11e38bc7d53b1f13fb5a05a4a91e"}
{"index": {"_index":"sim","_id":"2119635"}}
	{"id":2119635,"type":"sell","buyer":"pi-trader","seller":"bitcoinflood","symbol":"SIM","quantity":"311.104","price":"0.00058040","timestamp":1637963886,"volume":"0.18056476","buyTxId":"e05244d4fc87faa1d0216a29531c5f31473ea5df-5","sellTxId":"4b76e7afc00d68d82175eab2cb455bf17c8ed8ca"}
{"index": {"_index":"sim","_id":"2119648"}}
	{"id":2119648,"type":"sell","buyer":"jelly-cz","seller":"vincentnijman","symbol":"SIM","quantity":"1898.936","price":"0.00058042","timestamp":1637963982,"volume":"1.10218043","buyTxId":"MM-P-12537414-59523811-3-35-0","sellTxId":"4eb99b5b18794bc112adfdce573beb710c5b22c1"}
{"index": {"_index":"sim","_id":"2119655"}}
	{"id":2119655,"type":"sell","buyer":"pi-trader","seller":"muenchen","symbol":"SIM","quantity":"3194.945","price":"0.00058043","timestamp":1637964060,"volume":"1.85444193","buyTxId":"bec30ff3c79c41d290a1c4b8e3a0fe6844a76eba-3","sellTxId":"704e04b00e6665d2677117b9e38cefad21d5c176"}
{"index": {"_index":"sim","_id":"2119668"}}
	{"id":2119668,"type":"sell","buyer":"pi-trader","seller":"muenchen","symbol":"SIM","quantity":"29113.700","price":"0.00058046","timestamp":1637964330,"volume":"16.89933830","buyTxId":"eef528859b5a3d80ae8b0147a61e35c249b69916-1","sellTxId":"7fb51412d05a07c3f4e8655622fe4880603a8a0f"}
{"index": {"_index":"sim","_id":"2119697"}}
	{"id":2119697,"type":"sell","buyer":"pi-trader","seller":"he-index","symbol":"SIM","quantity":"35.434","price":"0.00058049","timestamp":1637964666,"volume":"0.02056908","buyTxId":"fe8740ebd27f5c6ff35966c31cdcfcbed110ec71-3","sellTxId":"13db562a916d22e51aa72bd07dde3d0335b94623"}
{"index": {"_index":"sim","_id":"2119747"}}
	{"id":2119747,"type":"sell","buyer":"pi-trader","seller":"themightyvolcano","symbol":"SIM","quantity":"35805.000","price":"0.00058052","timestamp":1637965161,"volume":"20.78551860","buyTxId":"1514feb5b0657d8f5074aef0da26fb14ccfaf47a-3","sellTxId":"1325f611161f387f15f2c95acf67294238d2124f"}
{"index": {"_index":"sim","_id":"2119802"}}
	{"id":2119802,"type":"sell","buyer":"pi-trader","seller":"steem.services","symbol":"SIM","quantity":"50000.000","price":"0.00058058","timestamp":1637965824,"volume":"29.02900000","buyTxId":"0c63d11bf0db27a425087a5ba900083f3a328025-4","sellTxId":"ff41a9cc31ad0b73155b1a57b31b721798586388"}
{"index": {"_index":"sim","_id":"2119803"}}
	{"id":2119803,"type":"sell","buyer":"jelly-cz","seller":"steem.services","symbol":"SIM","quantity":"20669.342","price":"0.00058057","timestamp":1637965824,"volume":"11.99999988","buyTxId":"MM-P-12538012-59524409-3-35-0","sellTxId":"ff41a9cc31ad0b73155b1a57b31b721798586388"}
{"index": {"_index":"sim","_id":"2119804"}}
	{"id":2119804,"type":"sell","buyer":"mary-jane","seller":"steem.services","symbol":"SIM","quantity":"11.908","price":"0.00058000","timestamp":1637965824,"volume":"0.00690664","buyTxId":"7b4bdb3e73b9651ba148a54a26e99a7963e45dc9","sellTxId":"ff41a9cc31ad0b73155b1a57b31b721798586388"}
{"index": {"_index":"sim","_id":"2119845"}}
	{"id":2119845,"type":"sell","buyer":"jelly-cz","seller":"thatcryptodave","symbol":"SIM","quantity":"429.597","price":"0.00059006","timestamp":1637966397,"volume":"0.25348801","buyTxId":"MM-P-12538211-59524609-3-35-0","sellTxId":"ff13bd66fa5a499640f8a78f08575c4933c96a6d"}
{"index": {"_index":"sim","_id":"2119847"}}
	{"id":2119847,"type":"sell","buyer":"jelly-cz","seller":"solarpowers","symbol":"SIM","quantity":"3174.000","price":"0.00059006","timestamp":1637966409,"volume":"1.87285044","buyTxId":"MM-P-12538211-59524609-3-35-0","sellTxId":"e07a27c1b7a6681ea1a70f39ab13540dfc257e17"}
{"index": {"_index":"sim","_id":"2119894"}}
	{"id":2119894,"type":"sell","buyer":"pi-trader","seller":"muenchen","symbol":"SIM","quantity":"18676.765","price":"0.00059013","timestamp":1637967225,"volume":"11.02171933","buyTxId":"ac12c0af2d4e29034ced07ae4156722945aee8c4-5","sellTxId":"ebf3b78c96942151e2452224862a657e253a6973"}
{"index": {"_index":"sim","_id":"2119991"}}
	{"id":2119991,"type":"sell","buyer":"jelly-cz","seller":"muenchen","symbol":"SIM","quantity":"1315.995","price":"0.00059024","timestamp":1637968170,"volume":"0.77675289","buyTxId":"MM-P-12538809-59525207-3-35-0","sellTxId":"309cdca02b3a56571b3cdd726f9ab73fd88c65eb"}
{"index": {"_index":"sim","_id":"2120006"}}
	{"id":2120006,"type":"sell","buyer":"pi-trader","seller":"muenchen","symbol":"SIM","quantity":"1320.000","price":"0.00059025","timestamp":1637968296,"volume":"0.77913000","buyTxId":"0fa62a5cdd7df168f192be90a362fb0fd865c405-3","sellTxId":"f35487505361f17df99b501263c2b22aaf499731"}
{"index": {"_index":"sim","_id":"2120067"}}
	{"id":2120067,"type":"sell","buyer":"pokerarema","seller":"lionsuit","symbol":"SIM","quantity":"4.202","price":"0.00060000","timestamp":1637969049,"volume":"0.00252120","buyTxId":"62a5d246f36dad7dacb2f1d64e41dbbcf10db2ed","sellTxId":"87683ba58d78c55d701aa850bee110722922c562"}
{"index": {"_index":"sim","_id":"2120095"}}
	{"id":2120095,"type":"buy","buyer":"untzuntzuntz","seller":"pi-trader","symbol":"SIM","quantity":"3000.000","price":"0.00063999","timestamp":1637969325,"volume":"1.91997000","buyTxId":"bd73d6c7da5b9955a3f4771793cfa6283d93b7c2","sellTxId":"20d8b467f4dd4e96c1f366552cce986739b991b4-5"}
{"index": {"_index":"sim","_id":"2120184"}}
	{"id":2120184,"type":"sell","buyer":"pokerarema","seller":"augustbrown","symbol":"SIM","quantity":"0.232","price":"0.00060000","timestamp":1637970357,"volume":"0.00013920","buyTxId":"62a5d246f36dad7dacb2f1d64e41dbbcf10db2ed","sellTxId":"18dc6bd5fbeba0850260141b761330e44c807d4e"}
{"index": {"_index":"sim","_id":"2120197"}}
	{"id":2120197,"type":"sell","buyer":"pokerarema","seller":"jesusalejos","symbol":"SIM","quantity":"2502.000","price":"0.00060000","timestamp":1637970606,"volume":"1.50120000","buyTxId":"62a5d246f36dad7dacb2f1d64e41dbbcf10db2ed","sellTxId":"14425368caa423534e64970dd19f3a45e9c31886"}
{"index": {"_index":"sim","_id":"2120236"}}
	{"id":2120236,"type":"sell","buyer":"pokerarema","seller":"reseller","symbol":"SIM","quantity":"7492.566","price":"0.00060000","timestamp":1637970873,"volume":"4.49553960","buyTxId":"62a5d246f36dad7dacb2f1d64e41dbbcf10db2ed","sellTxId":"ad1f2a9669ffb4d5975ad28956f7101cf56ed4a9"}
{"index": {"_index":"sim","_id":"2120237"}}
	{"id":2120237,"type":"sell","buyer":"jelly-cz","seller":"reseller","symbol":"SIM","quantity":"20328.646","price":"0.00059030","timestamp":1637970873,"volume":"11.99999973","buyTxId":"MM-P-12539007-59525405-3-35-0","sellTxId":"ad1f2a9669ffb4d5975ad28956f7101cf56ed4a9"}
{"index": {"_index":"sim","_id":"2120238"}}
	{"id":2120238,"type":"sell","buyer":"udabeu","seller":"reseller","symbol":"SIM","quantity":"2222.000","price":"0.00059000","timestamp":1637970873,"volume":"1.31098000","buyTxId":"082452083a7ec097db0fcbf4fc3ae9288df32eb1","sellTxId":"ad1f2a9669ffb4d5975ad28956f7101cf56ed4a9"}
{"index": {"_index":"sim","_id":"2120239"}}
	{"id":2120239,"type":"sell","buyer":"mary-jane","seller":"reseller","symbol":"SIM","quantity":"8956.788","price":"0.00058000","timestamp":1637970873,"volume":"5.19493704","buyTxId":"7b4bdb3e73b9651ba148a54a26e99a7963e45dc9","sellTxId":"ad1f2a9669ffb4d5975ad28956f7101cf56ed4a9"}
{"index": {"_index":"sim","_id":"2120388"}}
	{"id":2120388,"type":"sell","buyer":"pi-trader","seller":"brofi-market","symbol":"SIM","quantity":"0.003","price":"0.00058010","timestamp":1637972067,"volume":"0.00000174","buyTxId":"d3c3c90e16be88a522f9c72d5ddd40de8928bb56-3","sellTxId":"1016090598ab5ecc441ad2daeff71cc64c602506"}
{"index": {"_index":"sim","_id":"2121030"}}
	{"id":2121030,"type":"sell","buyer":"pi-trader","seller":"pouchon","symbol":"SIM","quantity":"26534.006","price":"0.00058067","timestamp":1637977557,"volume":"15.40750126","buyTxId":"b9878ade4a447afd64d946465310bfd61cfbb0ef-1","sellTxId":"6f0551c147a27b1cc9a954b210020cad764c5825"}
{"index": {"_index":"sim","_id":"2121163"}}
	{"id":2121163,"type":"sell","buyer":"pi-trader","seller":"freemarihuana","symbol":"SIM","quantity":"5.695","price":"0.00058079","timestamp":1637978820,"volume":"0.00330760","buyTxId":"0e013cda97786ba124ac69bd10a446a363431000-5","sellTxId":"45f3881213091faa90ec67d0e17dde62239fda43"}
{"index": {"_index":"sim","_id":"2121183"}}
	{"id":2121183,"type":"sell","buyer":"jelly-cz","seller":"eforucom","symbol":"SIM","quantity":"0.010","price":"0.00058081","timestamp":1637978997,"volume":"0.00000581","buyTxId":"MM-P-12542396-59528795-3-35-0","sellTxId":"651f15215536db559f409a381bfe494a8d3ad243"}
{"index": {"_index":"sim","_id":"2121288"}}
	{"id":2121288,"type":"sell","buyer":"pi-trader","seller":"nrg","symbol":"SIM","quantity":"309.010","price":"0.00058100","timestamp":1637981001,"volume":"0.17953481","buyTxId":"f57cf72522a9320d0e4a3b7e5dffd859b547dfb4-3","sellTxId":"c8a4a72541f710b158e5af3fd389d5012390e110-2"}
{"index": {"_index":"sim","_id":"2121314"}}
	{"id":2121314,"type":"sell","buyer":"pi-trader","seller":"dkid14","symbol":"SIM","quantity":"40000.000","price":"0.00058106","timestamp":1637981631,"volume":"23.24240000","buyTxId":"b82c04d1f534c24053e408db612a39d8a6ba7edb-3","sellTxId":"d64c20f3b2921453e8043647398281d82747f870"}
{"index": {"_index":"sim","_id":"2121355"}}
	{"id":2121355,"type":"sell","buyer":"pi-trader","seller":"valor2s","symbol":"SIM","quantity":"23.010","price":"0.00058112","timestamp":1637982486,"volume":"0.01337157","buyTxId":"2996d875af87cdba90fbac5e74ebaad4a715919b-3","sellTxId":"4e74a6f5c298e2d55d761296ab298dcdfdf82e1f"}
{"index": {"_index":"sim","_id":"2121404"}}
	{"id":2121404,"type":"sell","buyer":"pi-trader","seller":"maffara","symbol":"SIM","quantity":"0.006","price":"0.00058118","timestamp":1637983083,"volume":"0.00000349","buyTxId":"e47f3d8db7f806cabde886442d218bebc3c7d4be-4","sellTxId":"c307cf12da8327aa2503b47919166eaa71f3bea2"}
{"index": {"_index":"sim","_id":"2121417"}}
	{"id":2121417,"type":"sell","buyer":"pi-trader","seller":"maffarag","symbol":"SIM","quantity":"220.000","price":"0.00058121","timestamp":1637983272,"volume":"0.12786620","buyTxId":"957f2dbd087e290c4394aa8da8669e48173175c3-3","sellTxId":"5187583183f7fcf2297bc2cbad63126d025de074"}
{"index": {"_index":"sim","_id":"2121460"}}
	{"id":2121460,"type":"sell","buyer":"pi-trader","seller":"magnacarta","symbol":"SIM","quantity":"0.128","price":"0.00058127","timestamp":1637983953,"volume":"0.00007440","buyTxId":"f7af64f729dd4e4c6e56c091d761324837cf06ba-3","sellTxId":"16243863e77f45cbe1321de83c2c1f574118c36a"}
{"index": {"_index":"sim","_id":"2121486"}}
	{"id":2121486,"type":"sell","buyer":"pi-trader","seller":"frugal-fun","symbol":"SIM","quantity":"50000.000","price":"0.00058130","timestamp":1637984205,"volume":"29.06500000","buyTxId":"3495e63a3e983a36a96165a3e6f714c12b51c734-3","sellTxId":"7aef562ce9716ec169e117edcccff739aa48e596"}
{"index": {"_index":"sim","_id":"2121487"}}
	{"id":2121487,"type":"sell","buyer":"jelly-cz","seller":"frugal-fun","symbol":"SIM","quantity":"20643.741","price":"0.00058129","timestamp":1637984205,"volume":"12.00000021","buyTxId":"MM-P-12544088-59530490-3-35-0","sellTxId":"7aef562ce9716ec169e117edcccff739aa48e596"}
{"index": {"_index":"sim","_id":"2121488"}}
	{"id":2121488,"type":"sell","buyer":"mary-jane","seller":"frugal-fun","symbol":"SIM","quantity":"9356.259","price":"0.00058000","timestamp":1637984205,"volume":"5.42663022","buyTxId":"7b4bdb3e73b9651ba148a54a26e99a7963e45dc9","sellTxId":"7aef562ce9716ec169e117edcccff739aa48e596"}
{"index": {"_index":"sim","_id":"2121508"}}
	{"id":2121508,"type":"sell","buyer":"pi-trader","seller":"frugal-fun","symbol":"SIM","quantity":"50000.000","price":"0.00058004","timestamp":1637984466,"volume":"29.00200000","buyTxId":"7b640c544a305c9d29fd4bc345241da8e2c5768a-1","sellTxId":"fc899866d2bb584fab812ff28092a3281c68f0d9"}
{"index": {"_index":"sim","_id":"2121509"}}
	{"id":2121509,"type":"sell","buyer":"jelly-cz","seller":"frugal-fun","symbol":"SIM","quantity":"20000.000","price":"0.00058003","timestamp":1637984466,"volume":"11.60060000","buyTxId":"MM-P-12544188-59530590-3-35-0","sellTxId":"fc899866d2bb584fab812ff28092a3281c68f0d9"}
