{"index": {"_index":"sim","_id":"1977766"}}
	{"id":1977766,"type":"sell","buyer":"d-pend","seller":"theguruasia","symbol":"SIM","quantity":"2123.725","price":"0.00089000","timestamp":1636862991,"volume":"1.89011525","buyTxId":"36e3f901a9b36231024d7ae915871010aa4d6c9a","sellTxId":"9a7bc46962f9b155f6ab501293e7837238d2b24d"}
{"index": {"_index":"sim","_id":"1977803"}}
	{"id":1977803,"type":"sell","buyer":"d-pend","seller":"brofi-market","symbol":"SIM","quantity":"0.001","price":"0.00089000","timestamp":1636863156,"volume":"0.00000089","buyTxId":"36e3f901a9b36231024d7ae915871010aa4d6c9a","sellTxId":"07914ecfd3fc7868b27a0bc36a41ec138d4cb396"}
{"index": {"_index":"sim","_id":"1977970"}}
	{"id":1977970,"type":"sell","buyer":"d-pend","seller":"theguruasia","symbol":"SIM","quantity":"10098.990","price":"0.00089000","timestamp":1636865415,"volume":"8.98810110","buyTxId":"36e3f901a9b36231024d7ae915871010aa4d6c9a","sellTxId":"228480600b3fc3a85c19beaccd46bc2dc43aa1d1"}
{"index": {"_index":"sim","_id":"1978063"}}
	{"id":1978063,"type":"sell","buyer":"d-pend","seller":"he-index","symbol":"SIM","quantity":"43.162","price":"0.00089000","timestamp":1636866669,"volume":"0.03841418","buyTxId":"36e3f901a9b36231024d7ae915871010aa4d6c9a","sellTxId":"17d15757658144736da1e82c0f9146a0d08e19d4"}
{"index": {"_index":"sim","_id":"1978097"}}
	{"id":1978097,"type":"buy","buyer":"rescobar","seller":"pi-trader","symbol":"SIM","quantity":"294.000","price":"0.00093199","timestamp":1636867395,"volume":"0.27400506","buyTxId":"9eae93055af8576904353fdebab9920242ad91d6","sellTxId":"4d3bb3af97d713a37de360b93b070b58a423dfad-6"}
{"index": {"_index":"sim","_id":"1978217"}}
	{"id":1978217,"type":"buy","buyer":"he-index","seller":"pi-trader","symbol":"SIM","quantity":"85.838","price":"0.00093198","timestamp":1636868796,"volume":"0.07999930","buyTxId":"ebee734c5edd4966570c87867b3c3894102695ae","sellTxId":"d0d4843de19f6245f0dfac623fea192144fbf5bf-4"}
{"index": {"_index":"sim","_id":"1978257"}}
	{"id":1978257,"type":"buy","buyer":"he-index","seller":"pi-trader","symbol":"SIM","quantity":"316.530","price":"0.00093198","timestamp":1636869156,"volume":"0.29499963","buyTxId":"d68dad8009530f2dfb44d104eab9c0daa51bc800","sellTxId":"71bd61377131fb0f664c94d2383aea1f67b7710c-6"}
{"index": {"_index":"sim","_id":"1978336"}}
	{"id":1978336,"type":"sell","buyer":"d-pend","seller":"muenchen","symbol":"SIM","quantity":"6563.000","price":"0.00089000","timestamp":1636869771,"volume":"5.84107000","buyTxId":"36e3f901a9b36231024d7ae915871010aa4d6c9a","sellTxId":"58d618d83440146ecbad665dac3d3d62a22629cc"}
{"index": {"_index":"sim","_id":"1978863"}}
	{"id":1978863,"type":"sell","buyer":"d-pend","seller":"elevator09","symbol":"SIM","quantity":"4918.000","price":"0.00089000","timestamp":1636873161,"volume":"4.37702000","buyTxId":"36e3f901a9b36231024d7ae915871010aa4d6c9a","sellTxId":"14a6dd641442e130cde49f1d5c06d793945f8290"}
{"index": {"_index":"sim","_id":"1978878"}}
	{"id":1978878,"type":"sell","buyer":"d-pend","seller":"manoldonchev","symbol":"SIM","quantity":"6100.000","price":"0.00089000","timestamp":1636873326,"volume":"5.42900000","buyTxId":"36e3f901a9b36231024d7ae915871010aa4d6c9a","sellTxId":"da6611e27d64b01ff8c55da64c957c484c3e1aa0"}
{"index": {"_index":"sim","_id":"1978972"}}
	{"id":1978972,"type":"sell","buyer":"d-pend","seller":"lifeskills-tv","symbol":"SIM","quantity":"5573.443","price":"0.00089000","timestamp":1636874250,"volume":"4.96036427","buyTxId":"36e3f901a9b36231024d7ae915871010aa4d6c9a","sellTxId":"338eb41790bac4b02fd130e6edaca752326d59aa"}
{"index": {"_index":"sim","_id":"1979089"}}
	{"id":1979089,"type":"sell","buyer":"d-pend","seller":"thatcryptodave","symbol":"SIM","quantity":"250.957","price":"0.00089000","timestamp":1636875444,"volume":"0.22335173","buyTxId":"36e3f901a9b36231024d7ae915871010aa4d6c9a","sellTxId":"8486d5e21c109541f316735f138f83ed0f734004"}
{"index": {"_index":"sim","_id":"1979108"}}
	{"id":1979108,"type":"sell","buyer":"d-pend","seller":"lightcaptured","symbol":"SIM","quantity":"814.028","price":"0.00089000","timestamp":1636875696,"volume":"0.72448492","buyTxId":"36e3f901a9b36231024d7ae915871010aa4d6c9a","sellTxId":"23f43f291579ab1713e524670c017348a1ba0747"}
{"index": {"_index":"sim","_id":"1979219"}}
	{"id":1979219,"type":"sell","buyer":"finris","seller":"konvik","symbol":"SIM","quantity":"19980.199","price":"0.00093000","timestamp":1636876575,"volume":"18.58158507","buyTxId":"dbc15980aabff4d51189997e75d0f822a645fd91","sellTxId":"ec4013c8e544db3061995595dd8f492fbb907af5-1"}
{"index": {"_index":"sim","_id":"1979373"}}
	{"id":1979373,"type":"buy","buyer":"pimpstudio","seller":"pi-trader","symbol":"SIM","quantity":"358.666","price":"0.00093198","timestamp":1636877619,"volume":"0.33426954","buyTxId":"ed48faa060c2ba2f2f9608fc79fa5c759a4a5812","sellTxId":"bb3a6495e7d27c6b6afb1b381ac40f5bc3dc3370-6"}
{"index": {"_index":"sim","_id":"1979414"}}
	{"id":1979414,"type":"sell","buyer":"finris","seller":"pokerarema","symbol":"SIM","quantity":"19.801","price":"0.00093000","timestamp":1636877889,"volume":"0.01841493","buyTxId":"dbc15980aabff4d51189997e75d0f822a645fd91","sellTxId":"052c98778682fc8449747afc12f5cf75c4b63464"}
{"index": {"_index":"sim","_id":"1979711"}}
	{"id":1979711,"type":"sell","buyer":"pi-trader","seller":"j85063","symbol":"SIM","quantity":"15000.000","price":"0.00089001","timestamp":1636880175,"volume":"13.35015000","buyTxId":"0dc89ae2eb39f0eabcf9686a911d711ed2ed7535-4","sellTxId":"b356f227a53e029756089b7ae1f08d1d0a67bd33"}
{"index": {"_index":"sim","_id":"1979767"}}
	{"id":1979767,"type":"buy","buyer":"stickupcash","seller":"pi-trader","symbol":"SIM","quantity":"11835.000","price":"0.00092937","timestamp":1636880862,"volume":"10.99909395","buyTxId":"9f81ac177316fb53da90f9b356d7ac1b1df5b458","sellTxId":"abfd78d98722dd87fcac968e73e65417dedf35d2-3"}
{"index": {"_index":"sim","_id":"1979768"}}
	{"id":1979768,"type":"sell","buyer":"pi-trader","seller":"juanmiguelsalas","symbol":"SIM","quantity":"50000.000","price":"0.00089001","timestamp":1636880868,"volume":"44.50050000","buyTxId":"8ce3440c9638c512bf23f160f1d1a660d50f6234-5","sellTxId":"91b7943cdbf727837cad3b393de5953d3b093f7e"}
{"index": {"_index":"sim","_id":"1979799"}}
	{"id":1979799,"type":"sell","buyer":"pi-trader","seller":"ministickupboy","symbol":"SIM","quantity":"144.965","price":"0.00089001","timestamp":1636881072,"volume":"0.12902030","buyTxId":"b405e43a4c7d02aaa0b628dc9a16cc77ce2ad985-2","sellTxId":"83b0a29c0e5f2d95808fca58e84cfe3f43342417"}
{"index": {"_index":"sim","_id":"1980034"}}
	{"id":1980034,"type":"sell","buyer":"mchero","seller":"travelgirl","symbol":"SIM","quantity":"2037.355","price":"0.00090000","timestamp":1636883463,"volume":"1.83361950","buyTxId":"d08657db5a300dae3a2c63c4f35b5e13dd3bb97e","sellTxId":"0b9b3c8689bdeffa08afc413ae4b08570caee8a6"}
{"index": {"_index":"sim","_id":"1980035"}}
	{"id":1980035,"type":"sell","buyer":"d-pend","seller":"travelgirl","symbol":"SIM","quantity":"3612.645","price":"0.00089000","timestamp":1636883463,"volume":"3.21525405","buyTxId":"36e3f901a9b36231024d7ae915871010aa4d6c9a","sellTxId":"0b9b3c8689bdeffa08afc413ae4b08570caee8a6"}
{"index": {"_index":"sim","_id":"1980180"}}
	{"id":1980180,"type":"sell","buyer":"pi-trader","seller":"bosmob","symbol":"SIM","quantity":"6983.887","price":"0.00089001","timestamp":1636884882,"volume":"6.21572927","buyTxId":"3ebc81f2a0fb2df5e78bae4c9bb09d2fd478c068-1","sellTxId":"c8ba06b93c5445d34d8788a153155ee478b30551"}
{"index": {"_index":"sim","_id":"1980326"}}
	{"id":1980326,"type":"buy","buyer":"cardi0","seller":"pi-trader","symbol":"SIM","quantity":"11160.000","price":"0.00092937","timestamp":1636886535,"volume":"10.37176920","buyTxId":"ba9f9f105a3604bc4689b01e2ac64f4ddf54120e","sellTxId":"b405e43a4c7d02aaa0b628dc9a16cc77ce2ad985-10"}
{"index": {"_index":"sim","_id":"1980941"}}
	{"id":1980941,"type":"sell","buyer":"pi-trader","seller":"brofi-market","symbol":"SIM","quantity":"0.006","price":"0.00089001","timestamp":1636891986,"volume":"0.00000534","buyTxId":"5ef4c2a4f097e73f5cc17bdc7b8ff9050519c0bf-4","sellTxId":"de024f0ec5c8ceec856d7bd17ed6c0829e448c7a"}
{"index": {"_index":"sim","_id":"1980991"}}
	{"id":1980991,"type":"sell","buyer":"pi-trader","seller":"anosys","symbol":"SIM","quantity":"15.049","price":"0.00089001","timestamp":1636892316,"volume":"0.01339376","buyTxId":"6c0884442aaa44cac84bd155c2048e3a1620b9cd-3","sellTxId":"3029bb706b9fc78e56064eb8adcddd479004fc30"}
{"index": {"_index":"sim","_id":"1981050"}}
	{"id":1981050,"type":"sell","buyer":"pi-trader","seller":"taitux","symbol":"SIM","quantity":"1847.880","price":"0.00089001","timestamp":1636892805,"volume":"1.64463168","buyTxId":"27323846ae3b0417ebaabc6da96f539e25a89590-5","sellTxId":"e74691b9a1f3990e5b36f652922f6e1de7ecdfbd"}
{"index": {"_index":"sim","_id":"1981056"}}
	{"id":1981056,"type":"sell","buyer":"pi-trader","seller":"willsaldeno","symbol":"SIM","quantity":"10197.000","price":"0.00089001","timestamp":1636892895,"volume":"9.07543197","buyTxId":"705dc49588eaab175b90bc5e0434c111050b8577-3","sellTxId":"bfccaa03f45192a0bdbafd1f3d23d85e9bfc8c06"}
{"index": {"_index":"sim","_id":"1981121"}}
	{"id":1981121,"type":"sell","buyer":"pi-trader","seller":"tonytrillions","symbol":"SIM","quantity":"0.048","price":"0.00089001","timestamp":1636893237,"volume":"0.00004272","buyTxId":"4cd651b15cd7ea440c59e219efe2c31d5a57e276-7","sellTxId":"20db27d54639e56733e13e923105f080e593caf0"}
{"index": {"_index":"sim","_id":"1981620"}}
	{"id":1981620,"type":"sell","buyer":"ahblue599","seller":"flaxz","symbol":"SIM","quantity":"5.133","price":"0.00090000","timestamp":1636897446,"volume":"0.00461970","buyTxId":"ae53201e8fb050c9f22a93baf1f55c66fdf61e70","sellTxId":"de2632c78f7e8a91c41fdb2ea8f31d83df8b28e0"}
{"index": {"_index":"sim","_id":"1981971"}}
	{"id":1981971,"type":"sell","buyer":"ahblue599","seller":"magnacarta","symbol":"SIM","quantity":"0.058","price":"0.00090000","timestamp":1636900215,"volume":"0.00005220","buyTxId":"ae53201e8fb050c9f22a93baf1f55c66fdf61e70","sellTxId":"7d19699098cc73e2b1c1f7ef7cdd6a1a7800ff34"}
{"index": {"_index":"sim","_id":"1982182"}}
	{"id":1982182,"type":"sell","buyer":"ahblue599","seller":"atongis","symbol":"SIM","quantity":"8.086","price":"0.00090000","timestamp":1636901919,"volume":"0.00727740","buyTxId":"ae53201e8fb050c9f22a93baf1f55c66fdf61e70","sellTxId":"ba024c29cc27505173006b85ebe6b029d3a5e510"}
{"index": {"_index":"sim","_id":"1982695"}}
	{"id":1982695,"type":"sell","buyer":"ahblue599","seller":"brofi-market","symbol":"SIM","quantity":"0.001","price":"0.00090000","timestamp":1636906401,"volume":"0.00000090","buyTxId":"ae53201e8fb050c9f22a93baf1f55c66fdf61e70","sellTxId":"84c4649939e5e53754f101571408f4be3b42e81d"}
{"index": {"_index":"sim","_id":"1982713"}}
	{"id":1982713,"type":"buy","buyer":"dswap","seller":"terapallo","symbol":"SIM","quantity":"197.840","price":"0.00090890","timestamp":1636906494,"volume":"0.17981678","buyTxId":"cefc107ec4e49d7066fc7c8a88df01e324e136bd","sellTxId":"da80d71cceccb77efb45129e358459756ad4cb66"}
{"index": {"_index":"sim","_id":"1982714"}}
	{"id":1982714,"type":"buy","buyer":"dswap","seller":"brofi-market","symbol":"SIM","quantity":"0.001","price":"0.00090890","timestamp":1636906494,"volume":"0.00000091","buyTxId":"cefc107ec4e49d7066fc7c8a88df01e324e136bd","sellTxId":"aa789dd4270d484330362aeb04862961a4eb2440"}
{"index": {"_index":"sim","_id":"1982715"}}
	{"id":1982715,"type":"buy","buyer":"dswap","seller":"axeman","symbol":"SIM","quantity":"557.020","price":"0.00090900","timestamp":1636906494,"volume":"0.50633118","buyTxId":"cefc107ec4e49d7066fc7c8a88df01e324e136bd","sellTxId":"1659746329c4b238fc15cce307757cd43c077f54"}
{"index": {"_index":"sim","_id":"1982716"}}
	{"id":1982716,"type":"buy","buyer":"dswap","seller":"jelly13","symbol":"SIM","quantity":"6942.188","price":"0.00090949","timestamp":1636906494,"volume":"6.31385113","buyTxId":"cefc107ec4e49d7066fc7c8a88df01e324e136bd","sellTxId":"58429d59dfaf74aa25b574dcd9880806ef0d71b5"}
{"index": {"_index":"sim","_id":"1982830"}}
	{"id":1982830,"type":"sell","buyer":"ahblue599","seller":"thahodler","symbol":"SIM","quantity":"2178.722","price":"0.00090000","timestamp":1636907097,"volume":"1.96084980","buyTxId":"ae53201e8fb050c9f22a93baf1f55c66fdf61e70","sellTxId":"a7ea1fecf0ed645ab1f6c0af620f64b8a4ab2990"}
{"index": {"_index":"sim","_id":"1982877"}}
	{"id":1982877,"type":"sell","buyer":"pi-trader","seller":"thahodler","symbol":"SIM","quantity":"3513.351","price":"0.00089001","timestamp":1636907313,"volume":"3.12691752","buyTxId":"23a7adb40a714236335759a8ecec475094d8c304-2","sellTxId":"2bc048bcda8e44ee90d54074f60d175e055937f9"}
{"index": {"_index":"sim","_id":"1982922"}}
	{"id":1982922,"type":"sell","buyer":"pi-trader","seller":"steemstreems","symbol":"SIM","quantity":"2053","price":"0.00089001","timestamp":1636907478,"volume":"1.82719053","buyTxId":"2d5557b481973004a81d1a12f1377d980b0e324c-5","sellTxId":"9ab2d957ce578bcbeff4d9150dfd8973be2b374d"}
{"index": {"_index":"sim","_id":"1982923"}}
	{"id":1982923,"type":"sell","buyer":"pi-trader","seller":"jrcornel","symbol":"SIM","quantity":"29309.000","price":"0.00089001","timestamp":1636907484,"volume":"26.08530309","buyTxId":"2d5557b481973004a81d1a12f1377d980b0e324c-5","sellTxId":"33e72f76acfbff89d49304f7d5354b84f5c11600"}
{"index": {"_index":"sim","_id":"1983251"}}
	{"id":1983251,"type":"sell","buyer":"d-pend","seller":"lisamgentile1961","symbol":"SIM","quantity":"20.617","price":"0.00089000","timestamp":1636909359,"volume":"0.01834913","buyTxId":"36e3f901a9b36231024d7ae915871010aa4d6c9a","sellTxId":"fda13f292c400d943d4f451ea41373ea01edb1aa"}
{"index": {"_index":"sim","_id":"1983314"}}
	{"id":1983314,"type":"sell","buyer":"d-pend","seller":"alberto0607","symbol":"SIM","quantity":"0.896","price":"0.00089000","timestamp":1636909464,"volume":"0.00079744","buyTxId":"36e3f901a9b36231024d7ae915871010aa4d6c9a","sellTxId":"d7abfd07777bd896f50f7f628ca61a52bedcdd59"}
{"index": {"_index":"sim","_id":"1983326"}}
	{"id":1983326,"type":"sell","buyer":"d-pend","seller":"ironshield","symbol":"SIM","quantity":"50000.000","price":"0.00089000","timestamp":1636909503,"volume":"44.50000000","buyTxId":"36e3f901a9b36231024d7ae915871010aa4d6c9a","sellTxId":"6d01f2f3a88898c05d22ec3d10a655c6ee44397d"}
{"index": {"_index":"sim","_id":"1983523"}}
	{"id":1983523,"type":"buy","buyer":"happy-sss","seller":"pi-trader","symbol":"SIM","quantity":"50000.000","price":"0.00090948","timestamp":1636910580,"volume":"45.47400000","buyTxId":"1729b898486e2c9690af462cdeb07b7bba41865a","sellTxId":"eca9b26991788ddedfbff7276790550376e17f73-8"}
{"index": {"_index":"sim","_id":"1983524"}}
	{"id":1983524,"type":"buy","buyer":"happy-sss","seller":"ganjafarmer","symbol":"SIM","quantity":"1.786","price":"0.00090948","timestamp":1636910580,"volume":"0.00162433","buyTxId":"1729b898486e2c9690af462cdeb07b7bba41865a","sellTxId":"e4793980f738642340ed71de6136be331614382b"}
{"index": {"_index":"sim","_id":"1983525"}}
	{"id":1983525,"type":"buy","buyer":"happy-sss","seller":"jelly13","symbol":"SIM","quantity":"29998.214","price":"0.00090949","timestamp":1636910580,"volume":"27.28307565","buyTxId":"1729b898486e2c9690af462cdeb07b7bba41865a","sellTxId":"58429d59dfaf74aa25b574dcd9880806ef0d71b5"}
{"index": {"_index":"sim","_id":"1983789"}}
	{"id":1983789,"type":"sell","buyer":"pi-trader","seller":"bigram13","symbol":"SIM","quantity":"17000.000","price":"0.00089001","timestamp":1636912344,"volume":"15.13017000","buyTxId":"e817eed2707afd96e160c94fa70aa0d1e6477e75","sellTxId":"9c7e9b333ecae74a9511f75b1c50715026336c71"}
{"index": {"_index":"sim","_id":"1984127"}}
	{"id":1984127,"type":"buy","buyer":"mchero","seller":"pi-trader","symbol":"SIM","quantity":"675.000","price":"0.00090899","timestamp":1636913724,"volume":"0.61356825","buyTxId":"59e2799dd8d77c2bb9a03c2ac149225f464f4eed","sellTxId":"f61a132d5edc9e2069a970ad8354d51a332b09b8-6"}
{"index": {"_index":"sim","_id":"1984222"}}
	{"id":1984222,"type":"buy","buyer":"he-index","seller":"pi-trader","symbol":"SIM","quantity":"371.841","price":"0.00090899","timestamp":1636914513,"volume":"0.33799975","buyTxId":"359e2173e1c34785c182428799f0b067a3872df9","sellTxId":"5665a7909f06aedd141af9be1732c4eae808e904-6"}
{"index": {"_index":"sim","_id":"1984234"}}
	{"id":1984234,"type":"buy","buyer":"he-index","seller":"pi-trader","symbol":"SIM","quantity":"903.200","price":"0.00090899","timestamp":1636914636,"volume":"0.82099977","buyTxId":"59abd0c9e55a15430927fc3ef31515c66891db7d","sellTxId":"a65722a9c6a76d668b5b31dde9ed259c1a2529a5-9"}
{"index": {"_index":"sim","_id":"1984318"}}
	{"id":1984318,"type":"sell","buyer":"d-pend","seller":"stickupboys","symbol":"SIM","quantity":"21.838","price":"0.00089000","timestamp":1636915053,"volume":"0.01943582","buyTxId":"36e3f901a9b36231024d7ae915871010aa4d6c9a","sellTxId":"3f1969b777e67e4ef3f5aecc876eff0d00bd1c64"}
{"index": {"_index":"sim","_id":"1984378"}}
	{"id":1984378,"type":"sell","buyer":"d-pend","seller":"muenchen","symbol":"SIM","quantity":"6368.000","price":"0.00089000","timestamp":1636915503,"volume":"5.66752000","buyTxId":"36e3f901a9b36231024d7ae915871010aa4d6c9a","sellTxId":"bbb81901c287ee39fdc0a7067c25ee1de79cc22c"}
{"index": {"_index":"sim","_id":"1984406"}}
	{"id":1984406,"type":"buy","buyer":"stickupboys","seller":"pi-trader","symbol":"SIM","quantity":"11865.000","price":"0.00090899","timestamp":1636915653,"volume":"10.78516635","buyTxId":"b792ba023288edbc28e583849c6b25f3635ab979","sellTxId":"2fea19e8eaa67e250af2e35bb6cdc75480c84162-8"}
{"index": {"_index":"sim","_id":"1984803"}}
	{"id":1984803,"type":"sell","buyer":"pi-trader","seller":"ctrlyse","symbol":"SIM","quantity":"0.020","price":"0.00089001","timestamp":1636916586,"volume":"0.00001780","buyTxId":"c9a1d9198d4afda3949696ee265c3b2825859d5b-0","sellTxId":"ca9e56797b2c49f44fcb77513a576ff0a1890d22"}
{"index": {"_index":"sim","_id":"1984879"}}
	{"id":1984879,"type":"sell","buyer":"pi-trader","seller":"jrcornel","symbol":"SIM","quantity":"38418.000","price":"0.00089001","timestamp":1636917294,"volume":"34.19240418","buyTxId":"980117636a01aa2ba4df223f01f82678b9e98e8b-1","sellTxId":"cfbb1d287316d443db315820d816d9fa06c0dc6b"}
{"index": {"_index":"sim","_id":"1984908"}}
	{"id":1984908,"type":"sell","buyer":"d-pend","seller":"muenchen","symbol":"SIM","quantity":"1751.000","price":"0.00089000","timestamp":1636917486,"volume":"1.55839000","buyTxId":"36e3f901a9b36231024d7ae915871010aa4d6c9a","sellTxId":"89bd2d1bdbd0699a9dc6a340fe03f48aa8053ec4"}
{"index": {"_index":"sim","_id":"1984955"}}
	{"id":1984955,"type":"sell","buyer":"d-pend","seller":"automaton","symbol":"SIM","quantity":"2400.000","price":"0.00089000","timestamp":1636917903,"volume":"2.13600000","buyTxId":"36e3f901a9b36231024d7ae915871010aa4d6c9a","sellTxId":"3d798d5fae31a7feb0a4d0bb2c0a4ce1400bcbec"}
{"index": {"_index":"sim","_id":"1985006"}}
	{"id":1985006,"type":"sell","buyer":"d-pend","seller":"balte","symbol":"SIM","quantity":"4538.019","price":"0.00089000","timestamp":1636918185,"volume":"4.03883691","buyTxId":"36e3f901a9b36231024d7ae915871010aa4d6c9a","sellTxId":"b220d7e076699f04cd8153f65dacefc9b7dabf14"}
{"index": {"_index":"sim","_id":"1985007"}}
	{"id":1985007,"type":"sell","buyer":"nyinyiwin","seller":"balte","symbol":"SIM","quantity":"200.000","price":"0.00087000","timestamp":1636918185,"volume":"0.17400000","buyTxId":"f746ae44c46f2232f5e5b926f09286e1fd1f18d3","sellTxId":"b220d7e076699f04cd8153f65dacefc9b7dabf14"}
{"index": {"_index":"sim","_id":"1985008"}}
	{"id":1985008,"type":"sell","buyer":"steemshiro","seller":"balte","symbol":"SIM","quantity":"6261.981","price":"0.00071400","timestamp":1636918185,"volume":"4.47105443","buyTxId":"dae92fbf13a4df188c09b1042c848d21f176b286","sellTxId":"b220d7e076699f04cd8153f65dacefc9b7dabf14"}
{"index": {"_index":"sim","_id":"1985088"}}
	{"id":1985088,"type":"sell","buyer":"pi-trader","seller":"lightcaptured","symbol":"SIM","quantity":"430.132","price":"0.00071401","timestamp":1636918467,"volume":"0.30711855","buyTxId":"4181e81ac5d8ffb0a038623c8e9944c795825f7c-0","sellTxId":"755eafff84047f325062249cf176c7f50fd82dff"}
{"index": {"_index":"sim","_id":"1985132"}}
	{"id":1985132,"type":"sell","buyer":"pi-trader","seller":"razam","symbol":"SIM","quantity":"2.000","price":"0.00071412","timestamp":1636918695,"volume":"0.00142824","buyTxId":"3675b2c9d68933f4bb7f8ca77fff59eb2a4afd49-1","sellTxId":"b90179d9857c57df4cf680e2294bd333be2f3f4c"}
{"index": {"_index":"sim","_id":"1985162"}}
	{"id":1985162,"type":"buy","buyer":"lrekt01","seller":"pi-trader","symbol":"SIM","quantity":"114.000","price":"0.00090899","timestamp":1636918881,"volume":"0.10362486","buyTxId":"17b30eeedd47d4d3b6fa7ede5eadc2f43db2f911","sellTxId":"48409f9ca362caa9963b607a2017cf317c424752-4"}
{"index": {"_index":"sim","_id":"1985465"}}
	{"id":1985465,"type":"sell","buyer":"pi-trader","seller":"captaincryptic","symbol":"SIM","quantity":"1029.030","price":"0.00080001","timestamp":1636920879,"volume":"0.82323429","buyTxId":"1c6b6abc91df0d99a5c9003a5ea938a2462b9f47-1","sellTxId":"d5c46afa775c1ba55578522477eee009255dfa08"}
{"index": {"_index":"sim","_id":"1985793"}}
	{"id":1985793,"type":"buy","buyer":"konvik","seller":"vincentnijman","symbol":"SIM","quantity":"1531.735","price":"0.00085000","timestamp":1636923015,"volume":"1.30197475","buyTxId":"787bffd9b0526a14659691d22bdf0ff931427c79-0","sellTxId":"5b4c31a96d21bb9e9a90cdc4909ae487d81c3902"}
{"index": {"_index":"sim","_id":"1985794"}}
	{"id":1985794,"type":"buy","buyer":"konvik","seller":"faraicelebr8","symbol":"SIM","quantity":"6232.342","price":"0.00085001","timestamp":1636923015,"volume":"5.29755302","buyTxId":"787bffd9b0526a14659691d22bdf0ff931427c79-0","sellTxId":"2aa0633ec1ec08710281c2b603d3637e28dc0306"}
{"index": {"_index":"sim","_id":"1985822"}}
	{"id":1985822,"type":"sell","buyer":"pi-trader","seller":"piotr42","symbol":"SIM","quantity":"1143.000","price":"0.00077701","timestamp":1636923234,"volume":"0.88812243","buyTxId":"7735868a6feb3ded21ba5cae98e15522e0e1edf7-1","sellTxId":"1bc3bcc82820919f86a4f0bf290215345d2a3ccc"}
{"index": {"_index":"sim","_id":"1985997"}}
	{"id":1985997,"type":"buy","buyer":"konvik","seller":"peerfinance","symbol":"SIM","quantity":"192.950","price":"0.00078000","timestamp":1636924221,"volume":"0.15050100","buyTxId":"484c8d1363887a3af66221f92756256f5e001365-0","sellTxId":"ff1073a3b8fab77956eb4704054a23c0b29db859"}
{"index": {"_index":"sim","_id":"1985998"}}
	{"id":1985998,"type":"buy","buyer":"konvik","seller":"haitch","symbol":"SIM","quantity":"97182.083","price":"0.00078000","timestamp":1636924221,"volume":"75.80202474","buyTxId":"484c8d1363887a3af66221f92756256f5e001365-0","sellTxId":"6df3dac31cc4644f2c92d3412b71483beaa05f00"}
{"index": {"_index":"sim","_id":"1986303"}}
	{"id":1986303,"type":"buy","buyer":"pi-trader","seller":"faraicelebr8","symbol":"SIM","quantity":"1531.658","price":"0.00085001","timestamp":1636925874,"volume":"1.30192462","buyTxId":"4e1b18a57779bd5742daebc3d31e216a290e2cfc-3","sellTxId":"2aa0633ec1ec08710281c2b603d3637e28dc0306"}
{"index": {"_index":"sim","_id":"1986433"}}
	{"id":1986433,"type":"sell","buyer":"pi-trader","seller":"thegoliath","symbol":"SIM","quantity":"5621.018","price":"0.00085001","timestamp":1636927482,"volume":"4.77792151","buyTxId":"833fe81168f1497d1f63a9b40e2a9a2bdb04bc48-6","sellTxId":"58a38fd272f7e4be1de43106ed9c0ec31285edc7"}
{"index": {"_index":"sim","_id":"1986513"}}
	{"id":1986513,"type":"sell","buyer":"pi-trader","seller":"pjansen.bcp","symbol":"SIM","quantity":"0.030","price":"0.00085001","timestamp":1636928043,"volume":"0.00002550","buyTxId":"538283b491121dd16725c6240b03263ba8af371c-3","sellTxId":"af7d24cfb696c6e5d92a339e7d65edaa78fbd53e"}
{"index": {"_index":"sim","_id":"1986532"}}
	{"id":1986532,"type":"buy","buyer":"lookplz","seller":"axeman","symbol":"SIM","quantity":"986.000","price":"0.00090000","timestamp":1636928226,"volume":"0.88740000","buyTxId":"4a116db836856500cffbfe6814d46d6d13b04a63","sellTxId":"1a0a17ad92b1bcb5e15e2a925bb405351ae8beb9"}
{"index": {"_index":"sim","_id":"1986533"}}
	{"id":1986533,"type":"buy","buyer":"lookplz","seller":"jelly-cz","symbol":"SIM","quantity":"51141.832","price":"0.00090890","timestamp":1636928226,"volume":"46.48281110","buyTxId":"4a116db836856500cffbfe6814d46d6d13b04a63","sellTxId":"MM-P-12190894-59177037-3-34-0"}
{"index": {"_index":"sim","_id":"1986547"}}
	{"id":1986547,"type":"sell","buyer":"pi-trader","seller":"sicarius","symbol":"SIM","quantity":"50000.000","price":"0.00085001","timestamp":1636928316,"volume":"42.50050000","buyTxId":"b82ac747b3288567c33ad5998cd19f96a3322176-3","sellTxId":"28e3061276f1be20a2815ed453720c05c20af01e"}
{"index": {"_index":"sim","_id":"1986548"}}
	{"id":1986548,"type":"sell","buyer":"adriaticnews","seller":"sicarius","symbol":"SIM","quantity":"3000.000","price":"0.00085000","timestamp":1636928316,"volume":"2.55000000","buyTxId":"68ae692f4d8829f4bfa9958067a64d3b3c0c9298","sellTxId":"28e3061276f1be20a2815ed453720c05c20af01e"}
{"index": {"_index":"sim","_id":"1986549"}}
	{"id":1986549,"type":"sell","buyer":"jelly-cz","seller":"sicarius","symbol":"SIM","quantity":"98726.679","price":"0.00079006","timestamp":1636928316,"volume":"78.00000001","buyTxId":"MM-P-12192889-59179032-3-34-0","sellTxId":"28e3061276f1be20a2815ed453720c05c20af01e"}
{"index": {"_index":"sim","_id":"1986550"}}
	{"id":1986550,"type":"sell","buyer":"maryjane.main","seller":"sicarius","symbol":"SIM","quantity":"24000.000","price":"0.00079000","timestamp":1636928316,"volume":"18.96000000","buyTxId":"db113880531ebe90cc688b7e48ad4045159ed919","sellTxId":"28e3061276f1be20a2815ed453720c05c20af01e"}
{"index": {"_index":"sim","_id":"1986551"}}
	{"id":1986551,"type":"sell","buyer":"megalithic","seller":"sicarius","symbol":"SIM","quantity":"5000.000","price":"0.00075000","timestamp":1636928316,"volume":"3.75000000","buyTxId":"f7fe6fae26b909490253c3eb08ad10e818f27c83","sellTxId":"28e3061276f1be20a2815ed453720c05c20af01e"}
{"index": {"_index":"sim","_id":"1986552"}}
	{"id":1986552,"type":"sell","buyer":"jelly13","seller":"sicarius","symbol":"SIM","quantity":"20000.000","price":"0.00071413","timestamp":1636928316,"volume":"14.28260000","buyTxId":"a653ff0c6b1c6b11991083ee8f6561ab56e518d4","sellTxId":"28e3061276f1be20a2815ed453720c05c20af01e"}
{"index": {"_index":"sim","_id":"1986553"}}
	{"id":1986553,"type":"sell","buyer":"jelly13","seller":"sicarius","symbol":"SIM","quantity":"49273.321","price":"0.00071411","timestamp":1636928316,"volume":"35.18657126","buyTxId":"f2a3759351b15d9bfb216dfe1587331f08a744ae","sellTxId":"28e3061276f1be20a2815ed453720c05c20af01e"}
{"index": {"_index":"sim","_id":"1986743"}}
	{"id":1986743,"type":"buy","buyer":"stickupboys","seller":"jelly-cz","symbol":"SIM","quantity":"100000.000","price":"0.00089947","timestamp":1636930437,"volume":"89.94700000","buyTxId":"e430498d1d6975e716af54a790c316a773f25798","sellTxId":"MM-P-12193888-59180031-3-34-1"}
{"index": {"_index":"sim","_id":"1986896"}}
	{"id":1986896,"type":"sell","buyer":"pi-trader","seller":"ericburgoyne","symbol":"SIM","quantity":"32.258","price":"0.00080019","timestamp":1636932030,"volume":"0.02581253","buyTxId":"1567e1587270ff850f99cc223d63f9b449dca80a-2","sellTxId":"6c5057f430b6b01fa41de897e46cfaa84b970c11"}
{"index": {"_index":"sim","_id":"1986919"}}
	{"id":1986919,"type":"sell","buyer":"pi-trader","seller":"elianaicgomes","symbol":"SIM","quantity":"2119.361","price":"0.00080019","timestamp":1636932129,"volume":"1.69589148","buyTxId":"f8573a1882659cf2272e58eb52fa39e47d4127d8-8","sellTxId":"7159b2e1314d6884a4b07782cb69a166228f4d30"}
{"index": {"_index":"sim","_id":"1987322"}}
	{"id":1987322,"type":"buy","buyer":"zuldazane","seller":"jelly-cz","symbol":"SIM","quantity":"1389.389","price":"0.00089947","timestamp":1636934988,"volume":"1.24971372","buyTxId":"036dccb1a58dd1acc1d6a931f5531a9efad84dc5","sellTxId":"MM-P-12194587-59180730-3-34-1"}
{"index": {"_index":"sim","_id":"1987333"}}
	{"id":1987333,"type":"sell","buyer":"pi-trader","seller":"brofi-market","symbol":"SIM","quantity":"0.003","price":"0.00080049","timestamp":1636935051,"volume":"0.00000240","buyTxId":"fda5a8633e0cfffcdde7462938784e60bc328f84-3","sellTxId":"8e51340a64d601cbf54f0cd50639d2826e5f02c8"}
{"index": {"_index":"sim","_id":"1988008"}}
	{"id":1988008,"type":"sell","buyer":"pi-trader","seller":"m2nnari","symbol":"SIM","quantity":"664.000","price":"0.00082001","timestamp":1636940727,"volume":"0.54448664","buyTxId":"fe44eb6a86dd6179704535724671de25c1f30540-3","sellTxId":"90695402a98f14a35dee7231063a790a4e6f1fb2"}
{"index": {"_index":"sim","_id":"1989254"}}
	{"id":1989254,"type":"sell","buyer":"pi-trader","seller":"theguruasia","symbol":"SIM","quantity":"2233.744","price":"0.00082001","timestamp":1636944459,"volume":"1.83169242","buyTxId":"e2fcc335ea92956a18ebf42cd12a75ce7090d36e-3","sellTxId":"3b259a3ec97d8d810c16dbda3b696053401a6fc2"}
{"index": {"_index":"sim","_id":"1989856"}}
	{"id":1989856,"type":"sell","buyer":"pi-trader","seller":"minerthreat","symbol":"SIM","quantity":"1911.000","price":"0.00082001","timestamp":1636945560,"volume":"1.56703911","buyTxId":"1d35c34bfafd121c1f08a0d9c9fae7f5d1fe1845-1","sellTxId":"b80682398a30cb4579636361ae140f9bca9b0b50"}
{"index": {"_index":"sim","_id":"1990297"}}
	{"id":1990297,"type":"sell","buyer":"pi-trader","seller":"theshaki","symbol":"SIM","quantity":"103.094","price":"0.00082001","timestamp":1636947465,"volume":"0.08453811","buyTxId":"6c0b772ccfc237231d3f800a9cda64d5c300dbd8-3","sellTxId":"fe6bf2cee73ea22dd9725d2525b37bff1538703e"}
{"index": {"_index":"sim","_id":"1990613"}}
	{"id":1990613,"type":"sell","buyer":"pi-trader","seller":"hjchilb","symbol":"SIM","quantity":"5.418","price":"0.00086101","timestamp":1636948116,"volume":"0.00466495","buyTxId":"3a8f8168a83f2f6bb4040d4547faa1717632413b-2","sellTxId":"c99c24ea9ef3738d037529b22591317a74f127ee"}
