{"index": {"_index":"sim","_id":"1315669"}}
	{"id":1315669,"type":"buy","buyer":"eythorphoto","seller":"nftmart.fees","symbol":"SIM","quantity":"1.000","price":"0.00190395","timestamp":1628305908,"volume":"0.00190395","buyTxId":"5d308eac0067b5fec776a22ed71d3e574929556b","sellTxId":"80e1823e00c4fce18b9c303b321136cf7d19c0fe-0"}
{"index": {"_index":"sim","_id":"1315716"}}
	{"id":1315716,"type":"sell","buyer":"eythorphoto","seller":"pinkfloyd878","symbol":"SIM","quantity":"3999.000","price":"0.00190395","timestamp":1628306550,"volume":"7.61389605","buyTxId":"5d308eac0067b5fec776a22ed71d3e574929556b","sellTxId":"115766041d3aec65e854788ad9be47ad81472f6e"}
{"index": {"_index":"sim","_id":"1315740"}}
	{"id":1315740,"type":"sell","buyer":"pinkfloyd878","seller":"wxmark","symbol":"SIM","quantity":"422.619","price":"0.00175000","timestamp":1628307243,"volume":"0.73958325","buyTxId":"a04494681b10a8f8378e4e8ad41c376ec270232a","sellTxId":"2fe3baac047f63e651d0562337cbf3e4334c5957"}
{"index": {"_index":"sim","_id":"1315749"}}
	{"id":1315749,"type":"buy","buyer":"pinkfloyd878","seller":"nftmart.fees","symbol":"SIM","quantity":"1.000","price":"0.00190396","timestamp":1628307525,"volume":"0.00190396","buyTxId":"9c9f4d80276e799d163e8302ee7100a79bdac902","sellTxId":"341757f26617f81090777553bb485197480709b5-0"}
{"index": {"_index":"sim","_id":"1315750"}}
	{"id":1315750,"type":"buy","buyer":"pinkfloyd878","seller":"nftmart.fees","symbol":"SIM","quantity":"1.000","price":"0.00190397","timestamp":1628307525,"volume":"0.00190397","buyTxId":"9c9f4d80276e799d163e8302ee7100a79bdac902","sellTxId":"0e0db5a2e62e13b4418268149a74010609240e6f-0"}
{"index": {"_index":"sim","_id":"1315751"}}
	{"id":1315751,"type":"buy","buyer":"pinkfloyd878","seller":"mapac","symbol":"SIM","quantity":"1039.000","price":"0.00190400","timestamp":1628307525,"volume":"1.97825600","buyTxId":"9c9f4d80276e799d163e8302ee7100a79bdac902","sellTxId":"e7a8f03f0fc77470bb48fa1c64eae2269ff315a3"}
{"index": {"_index":"sim","_id":"1315756"}}
	{"id":1315756,"type":"buy","buyer":"pinkfloyd878","seller":"mapac","symbol":"SIM","quantity":"2.000","price":"0.00190400","timestamp":1628307597,"volume":"0.00380800","buyTxId":"d6b9358e3634ba8c217ba0fa5bfa0ad8dc7005fa","sellTxId":"e7a8f03f0fc77470bb48fa1c64eae2269ff315a3"}
{"index": {"_index":"sim","_id":"1315759"}}
	{"id":1315759,"type":"buy","buyer":"pinkfloyd878","seller":"nftmart.fees","symbol":"SIM","quantity":"2.000","price":"0.00190992","timestamp":1628307654,"volume":"0.00381984","buyTxId":"5cec827f90bd02ef8d859760998751d16e41f516","sellTxId":"2ca05bf9abbf162306ce98a5a7ebb4c61b6d57af-0"}
{"index": {"_index":"sim","_id":"1315760"}}
	{"id":1315760,"type":"buy","buyer":"pinkfloyd878","seller":"nftmart.fees","symbol":"SIM","quantity":"2.000","price":"0.00190993","timestamp":1628307654,"volume":"0.00381986","buyTxId":"5cec827f90bd02ef8d859760998751d16e41f516","sellTxId":"e94c439ea4c59fbcd6014d2d0a041025a870701b-0"}
{"index": {"_index":"sim","_id":"1315761"}}
	{"id":1315761,"type":"buy","buyer":"pinkfloyd878","seller":"nftmart.fees","symbol":"SIM","quantity":"2.000","price":"0.00190993","timestamp":1628307654,"volume":"0.00381986","buyTxId":"5cec827f90bd02ef8d859760998751d16e41f516","sellTxId":"74fc53096773ee976436a5133fad853583d2375e-0"}
{"index": {"_index":"sim","_id":"1315762"}}
	{"id":1315762,"type":"buy","buyer":"pinkfloyd878","seller":"nftmart.fees","symbol":"SIM","quantity":"2.000","price":"0.00190994","timestamp":1628307654,"volume":"0.00381988","buyTxId":"5cec827f90bd02ef8d859760998751d16e41f516","sellTxId":"674ec24306e17360f623a5f5699fbcf6590ba64c-0"}
{"index": {"_index":"sim","_id":"1315763"}}
	{"id":1315763,"type":"buy","buyer":"pinkfloyd878","seller":"nftmart.fees","symbol":"SIM","quantity":"3.000","price":"0.00190995","timestamp":1628307654,"volume":"0.00572985","buyTxId":"5cec827f90bd02ef8d859760998751d16e41f516","sellTxId":"b1a4f6ff9bc8a4a4bf3bfe63f3647cc5e7e0dccb-0"}
{"index": {"_index":"sim","_id":"1315764"}}
	{"id":1315764,"type":"buy","buyer":"pinkfloyd878","seller":"dhedge-drips","symbol":"SIM","quantity":"3.177","price":"0.00190995","timestamp":1628307654,"volume":"0.00606791","buyTxId":"5cec827f90bd02ef8d859760998751d16e41f516","sellTxId":"24121db434b0a282f833ff4d5b4f179156020fcb"}
{"index": {"_index":"sim","_id":"1315765"}}
	{"id":1315765,"type":"buy","buyer":"pinkfloyd878","seller":"nftmart.fees","symbol":"SIM","quantity":"3.000","price":"0.00190996","timestamp":1628307654,"volume":"0.00572988","buyTxId":"5cec827f90bd02ef8d859760998751d16e41f516","sellTxId":"fbec6f37349be90cde1b1add2d894fd29ad27fe2-0"}
{"index": {"_index":"sim","_id":"1315766"}}
	{"id":1315766,"type":"buy","buyer":"pinkfloyd878","seller":"nftmart.fees","symbol":"SIM","quantity":"4.000","price":"0.00190997","timestamp":1628307654,"volume":"0.00763988","buyTxId":"5cec827f90bd02ef8d859760998751d16e41f516","sellTxId":"a0ab549f49c0d4225c5dd0f58102021a0b7f7a0d-0"}
{"index": {"_index":"sim","_id":"1315767"}}
	{"id":1315767,"type":"buy","buyer":"pinkfloyd878","seller":"nastyforce","symbol":"SIM","quantity":"78.823","price":"0.00191000","timestamp":1628307654,"volume":"0.15055193","buyTxId":"5cec827f90bd02ef8d859760998751d16e41f516","sellTxId":"5d3f8c2ef5b3a09622b6daaeb8b8def1a6177556"}
{"index": {"_index":"sim","_id":"1315867"}}
	{"id":1315867,"type":"buy","buyer":"barrenwolfsbane","seller":"nastyforce","symbol":"SIM","quantity":"2.997","price":"0.00191000","timestamp":1628309067,"volume":"0.00572427","buyTxId":"1e511885037e92a423d566b61a999e2835eb1b4d","sellTxId":"5d3f8c2ef5b3a09622b6daaeb8b8def1a6177556"}
{"index": {"_index":"sim","_id":"1315899"}}
	{"id":1315899,"type":"sell","buyer":"solovey6o2","seller":"morzex","symbol":"SIM","quantity":"0.294","price":"0.00171220","timestamp":1628309733,"volume":"0.00050339","buyTxId":"f5350dac3813483c5ec58a387ed579103baab11f","sellTxId":"537c8832518838e6d869e06dd74800597b4205d1"}
{"index": {"_index":"sim","_id":"1315917"}}
	{"id":1315917,"type":"sell","buyer":"solovey6o2","seller":"ericburgoyne","symbol":"SIM","quantity":"61.319","price":"0.00171225","timestamp":1628310141,"volume":"0.10499346","buyTxId":"3b763b61361d0b00eba9d29226cea55e81cad16b","sellTxId":"739f09ef6c9fc028481eef4ab42c730938f36ea0"}
{"index": {"_index":"sim","_id":"1315932"}}
	{"id":1315932,"type":"sell","buyer":"jelly-cz","seller":"brofi-market","symbol":"SIM","quantity":"111.617","price":"0.00171232","timestamp":1628310582,"volume":"0.19112402","buyTxId":"MM-P-9332754-56314711-3-34-0","sellTxId":"384842aa79d2a6df59bad0246cfcbbdbc2156965"}
{"index": {"_index":"sim","_id":"1316002"}}
	{"id":1316002,"type":"sell","buyer":"solovey6o2","seller":"hive.pizza","symbol":"SIM","quantity":"49.354","price":"0.00171255","timestamp":1628311803,"volume":"0.08452119","buyTxId":"880d11569f41075c76ffcfeba02fc28ce2c20ac1","sellTxId":"d65c486ced4207cf80dc23c4b79ad1208580db36"}
{"index": {"_index":"sim","_id":"1316005"}}
	{"id":1316005,"type":"sell","buyer":"solovey6o2","seller":"juanvegetarian","symbol":"SIM","quantity":"1085.000","price":"0.00171255","timestamp":1628311812,"volume":"1.85811675","buyTxId":"880d11569f41075c76ffcfeba02fc28ce2c20ac1","sellTxId":"29e4fcdd3c42d7c731b394515a31986a8b80968d"}
{"index": {"_index":"sim","_id":"1316036"}}
	{"id":1316036,"type":"sell","buyer":"solovey6o2","seller":"dripdropp","symbol":"SIM","quantity":"454.452","price":"0.00171270","timestamp":1628312895,"volume":"0.77833994","buyTxId":"5b47b8269920eb6432c61690a889d4beb63025cd","sellTxId":"8b12fdf117fe5a282395a0f4a4638cf24e0c7b42"}
{"index": {"_index":"sim","_id":"1316155"}}
	{"id":1316155,"type":"sell","buyer":"solovey6o2","seller":"yintercept","symbol":"SIM","quantity":"8.506","price":"0.00171325","timestamp":1628316147,"volume":"0.01457290","buyTxId":"641fe4785b8ce795519f42cb2598c23742ca80fd","sellTxId":"a49787f4d8f4ab3e813f075065afc6ce0c2d6a60"}
{"index": {"_index":"sim","_id":"1316223"}}
	{"id":1316223,"type":"sell","buyer":"solovey6o2","seller":"lifeskills-tv","symbol":"SIM","quantity":"1368.599","price":"0.00171350","timestamp":1628317614,"volume":"2.34509439","buyTxId":"c39e8f37ad886c2a23bd1acb9e2ee0f0449e9ad0","sellTxId":"227a22ccc154dadcf7e34bb677a65c6a85927771"}
{"index": {"_index":"sim","_id":"1316258"}}
	{"id":1316258,"type":"sell","buyer":"solovey6o2","seller":"dhedge-drips","symbol":"SIM","quantity":"10.464","price":"0.00171370","timestamp":1628318733,"volume":"0.01793216","buyTxId":"d72bba216077c1cfafcded8b22e8060a76064240","sellTxId":"b5e22fb9a511460d1a833c7c122fbfd1791733a7"}
{"index": {"_index":"sim","_id":"1316260"}}
	{"id":1316260,"type":"buy","buyer":"stickupboys","seller":"nftmart.fees","symbol":"SIM","quantity":"6.000","price":"0.00190997","timestamp":1628318751,"volume":"0.01145982","buyTxId":"d5d21d532f0614ab97270ae2aeea0236b9a2694d","sellTxId":"36f22e9ccfec4eb9e3fc7c8bb83525a50a2acb95-0"}
{"index": {"_index":"sim","_id":"1316261"}}
	{"id":1316261,"type":"buy","buyer":"stickupboys","seller":"dhedge-drips","symbol":"SIM","quantity":"10.464","price":"0.00190997","timestamp":1628318751,"volume":"0.01998593","buyTxId":"d5d21d532f0614ab97270ae2aeea0236b9a2694d","sellTxId":"079bdf24f91704f47e082b8aa647a29c1b478eb9"}
{"index": {"_index":"sim","_id":"1316270"}}
	{"id":1316270,"type":"buy","buyer":"stickupboys","seller":"pinkfloyd878","symbol":"SIM","quantity":"2200.000","price":"0.00190998","timestamp":1628318811,"volume":"4.20195600","buyTxId":"ca869044920ce72e34af8f494fa14af461075405","sellTxId":"b8a9a208357be40c987fbefcd66c54715587b927"}
{"index": {"_index":"sim","_id":"1316294"}}
	{"id":1316294,"type":"buy","buyer":"konvik","seller":"jywahaha","symbol":"SIM","quantity":"33240.500","price":"0.00188000","timestamp":1628319111,"volume":"62.49214000","buyTxId":"ea6d5d91ff98e1669956c33dc0060d9314875f1f-0","sellTxId":"1790285fb2ae2ba390e1c5899c4f8cb0075cf8f7"}
{"index": {"_index":"sim","_id":"1316384"}}
	{"id":1316384,"type":"sell","buyer":"dadspardan","seller":"finguru","symbol":"SIM","quantity":"209.493","price":"0.00190000","timestamp":1628321541,"volume":"0.39803670","buyTxId":"8e78f6f4b8ad43a2b6092dcb0b8f3cb32e87d091","sellTxId":"b47f797ca95500c175e1b705efa2bbb30128cfde"}
{"index": {"_index":"sim","_id":"1316400"}}
	{"id":1316400,"type":"buy","buyer":"amaari","seller":"nftmart.fees","symbol":"SIM","quantity":"3.000","price":"0.00190499","timestamp":1628321925,"volume":"0.00571497","buyTxId":"2e5960168e524782d0d3e79c6452d6c4ff8bda60","sellTxId":"6cd281483baa696dbdea8098f8f4cb0a0b087bb4-0"}
{"index": {"_index":"sim","_id":"1316402"}}
	{"id":1316402,"type":"sell","buyer":"dadspardan","seller":"thesimguru","symbol":"SIM","quantity":"1859.400","price":"0.00190000","timestamp":1628321970,"volume":"3.53286000","buyTxId":"8e78f6f4b8ad43a2b6092dcb0b8f3cb32e87d091","sellTxId":"460851b8476636584f5529df8cd6ea55bf1e8bb5"}
{"index": {"_index":"sim","_id":"1316406"}}
	{"id":1316406,"type":"buy","buyer":"lifeskills-tv","seller":"nftmart.fees","symbol":"SIM","quantity":"3.000","price":"0.00190499","timestamp":1628322093,"volume":"0.00571497","buyTxId":"632d3d24b33f35bdf589ae834a3e7abcb57e0412","sellTxId":"6cd281483baa696dbdea8098f8f4cb0a0b087bb4-0"}
{"index": {"_index":"sim","_id":"1316439"}}
	{"id":1316439,"type":"sell","buyer":"dadspardan","seller":"medaymane","symbol":"SIM","quantity":"3481.000","price":"0.00190000","timestamp":1628322363,"volume":"6.61390000","buyTxId":"8e78f6f4b8ad43a2b6092dcb0b8f3cb32e87d091","sellTxId":"9628874060480ac66ce15911c6ff1e7cec1ce0b9"}
{"index": {"_index":"sim","_id":"1316456"}}
	{"id":1316456,"type":"sell","buyer":"dadspardan","seller":"theguruasia","symbol":"SIM","quantity":"256.359","price":"0.00190000","timestamp":1628322663,"volume":"0.48708210","buyTxId":"8e78f6f4b8ad43a2b6092dcb0b8f3cb32e87d091","sellTxId":"6b30de9ce561ca8e662e87f1877d5c6f984c2ded"}
{"index": {"_index":"sim","_id":"1316474"}}
	{"id":1316474,"type":"sell","buyer":"dadspardan","seller":"dera123","symbol":"SIM","quantity":"217.672","price":"0.00190000","timestamp":1628323086,"volume":"0.41357680","buyTxId":"8e78f6f4b8ad43a2b6092dcb0b8f3cb32e87d091","sellTxId":"f40d791cb85399483be25b2369e69cced161bd09"}
{"index": {"_index":"sim","_id":"1316494"}}
	{"id":1316494,"type":"sell","buyer":"dadspardan","seller":"looftee","symbol":"SIM","quantity":"4481.863","price":"0.00190000","timestamp":1628323536,"volume":"8.51553970","buyTxId":"8e78f6f4b8ad43a2b6092dcb0b8f3cb32e87d091","sellTxId":"f1b07ac9fa493c3dd1993868998f14b4b855b9e5"}
{"index": {"_index":"sim","_id":"1316600"}}
	{"id":1316600,"type":"sell","buyer":"jelly-cz","seller":"onealfa","symbol":"SIM","quantity":"39079.132","price":"0.00171447","timestamp":1628324646,"volume":"66.99999944","buyTxId":"MM-P-9337381-56319398-3-34-0","sellTxId":"a0f1eaf5897dc8127e3e174c148f6df2df2125cd"}
{"index": {"_index":"sim","_id":"1316601"}}
	{"id":1316601,"type":"sell","buyer":"solovey6o2","seller":"onealfa","symbol":"SIM","quantity":"2245.898","price":"0.00171445","timestamp":1628324646,"volume":"3.85047983","buyTxId":"01f9d2afffb5c386001ac157b7dd2dca20d7bac0","sellTxId":"a0f1eaf5897dc8127e3e174c148f6df2df2125cd"}
{"index": {"_index":"sim","_id":"1316602"}}
	{"id":1316602,"type":"sell","buyer":"solovey6o2","seller":"threejay","symbol":"SIM","quantity":"235.000","price":"0.00171445","timestamp":1628324670,"volume":"0.40289575","buyTxId":"01f9d2afffb5c386001ac157b7dd2dca20d7bac0","sellTxId":"2fbe286b8e18d6e5fa3cd01684fe446a93e62d47"}
{"index": {"_index":"sim","_id":"1316656"}}
	{"id":1316656,"type":"sell","buyer":"pinkfloyd878","seller":"chronocrypto","symbol":"SIM","quantity":"2997.000","price":"0.00171390","timestamp":1628326182,"volume":"5.13655830","buyTxId":"8019ebaee964be79b131aa42f56af9cf39a3b6f3","sellTxId":"87ce487be585f388ede2eab6f78efbcf37cbed04"}
{"index": {"_index":"sim","_id":"1316657"}}
	{"id":1316657,"type":"sell","buyer":"jelly-cz","seller":"chronocrypto","symbol":"SIM","quantity":"39175.559","price":"0.00171025","timestamp":1628326182,"volume":"66.99999978","buyTxId":"MM-P-9337863-56319895-3-34-0","sellTxId":"87ce487be585f388ede2eab6f78efbcf37cbed04"}
{"index": {"_index":"sim","_id":"1316658"}}
	{"id":1316658,"type":"sell","buyer":"ethergram","seller":"chronocrypto","symbol":"SIM","quantity":"20000.000","price":"0.00171000","timestamp":1628326182,"volume":"34.20000000","buyTxId":"c59d6f9cd507910b15514d4e2f08723da4d7cdf6","sellTxId":"87ce487be585f388ede2eab6f78efbcf37cbed04"}
{"index": {"_index":"sim","_id":"1316659"}}
	{"id":1316659,"type":"sell","buyer":"jfang003","seller":"chronocrypto","symbol":"SIM","quantity":"200.000","price":"0.00170250","timestamp":1628326182,"volume":"0.34050000","buyTxId":"449f5e768ce9b0ab849e82fd545cf8d254e9fd6d","sellTxId":"87ce487be585f388ede2eab6f78efbcf37cbed04"}
{"index": {"_index":"sim","_id":"1316660"}}
	{"id":1316660,"type":"sell","buyer":"willsaldeno","seller":"chronocrypto","symbol":"SIM","quantity":"9500.000","price":"0.00170069","timestamp":1628326182,"volume":"16.15655500","buyTxId":"c872efc74039e6156bb3e736544176be02b2c57d","sellTxId":"87ce487be585f388ede2eab6f78efbcf37cbed04"}
{"index": {"_index":"sim","_id":"1316661"}}
	{"id":1316661,"type":"sell","buyer":"d-pend","seller":"chronocrypto","symbol":"SIM","quantity":"50000.000","price":"0.00170000","timestamp":1628326182,"volume":"85.00000000","buyTxId":"fdff4ffc20833d433d0f8a246a83d850fc530cdf","sellTxId":"87ce487be585f388ede2eab6f78efbcf37cbed04"}
{"index": {"_index":"sim","_id":"1316662"}}
	{"id":1316662,"type":"sell","buyer":"gerber","seller":"chronocrypto","symbol":"SIM","quantity":"50000.000","price":"0.00170000","timestamp":1628326182,"volume":"85.00000000","buyTxId":"6800449cd0dff87f7cbaee135f8398092bb3d605","sellTxId":"87ce487be585f388ede2eab6f78efbcf37cbed04"}
{"index": {"_index":"sim","_id":"1316663"}}
	{"id":1316663,"type":"sell","buyer":"rital75","seller":"chronocrypto","symbol":"SIM","quantity":"30000.000","price":"0.00168503","timestamp":1628326182,"volume":"50.55090000","buyTxId":"3b1fe18daa0e2f4f5fef2a716582c6a9ae3dfa86","sellTxId":"87ce487be585f388ede2eab6f78efbcf37cbed04"}
{"index": {"_index":"sim","_id":"1316664"}}
	{"id":1316664,"type":"sell","buyer":"gerber","seller":"chronocrypto","symbol":"SIM","quantity":"34850.000","price":"0.00168500","timestamp":1628326182,"volume":"58.72225000","buyTxId":"ce1c300026f385ec195ccdd25adf4e68e3f189af","sellTxId":"87ce487be585f388ede2eab6f78efbcf37cbed04"}
{"index": {"_index":"sim","_id":"1316665"}}
	{"id":1316665,"type":"sell","buyer":"gerber","seller":"chronocrypto","symbol":"SIM","quantity":"5895.970","price":"0.00168008","timestamp":1628326182,"volume":"9.90570128","buyTxId":"1ffdacfb12491b2ab31022f5f0ae9318dcd6aacf","sellTxId":"87ce487be585f388ede2eab6f78efbcf37cbed04"}
{"index": {"_index":"sim","_id":"1316744"}}
	{"id":1316744,"type":"sell","buyer":"solovey6o2","seller":"imperij4427","symbol":"SIM","quantity":"20587.000","price":"0.00168046","timestamp":1628328510,"volume":"34.59563002","buyTxId":"4fab84867262f31592a09627adb31266ec9f6917","sellTxId":"197e4c4e42cf6a88462bd05e19bf5802e0ff7b0f"}
{"index": {"_index":"sim","_id":"1316768"}}
	{"id":1316768,"type":"buy","buyer":"juanmiguelsalas","seller":"nftmart.fees","symbol":"SIM","quantity":"5.000","price":"0.00189997","timestamp":1628328858,"volume":"0.00949985","buyTxId":"dfea63a13a72df778f2c311c6bff11577997435b","sellTxId":"70594a543bd50871230f5dd2f8cdf78fa0aed124-0"}
{"index": {"_index":"sim","_id":"1316769"}}
	{"id":1316769,"type":"buy","buyer":"juanmiguelsalas","seller":"solovey6o2","symbol":"SIM","quantity":"2543.000","price":"0.00189999","timestamp":1628328858,"volume":"4.83167457","buyTxId":"dfea63a13a72df778f2c311c6bff11577997435b","sellTxId":"95202e7f1ec0ff4c719084e9515d54d538ea5f73"}
{"index": {"_index":"sim","_id":"1316870"}}
	{"id":1316870,"type":"sell","buyer":"jelly-cz","seller":"lionsuit","symbol":"SIM","quantity":"2.039","price":"0.00168093","timestamp":1628331249,"volume":"0.00342742","buyTxId":"MM-P-9339493-56321592-3-34-0","sellTxId":"603646ae7795798dee2277484ac7afc74c569f60"}
{"index": {"_index":"sim","_id":"1317024"}}
	{"id":1317024,"type":"sell","buyer":"solovey6o2","seller":"trumpman","symbol":"SIM","quantity":"1132.159","price":"0.00168136","timestamp":1628333691,"volume":"1.90356686","buyTxId":"e3a7ba0e9e1b40d0976fb3a04fe2d41d44a100cd","sellTxId":"4c985a32366ac72dd836e0cf3d4fca9f2af114c5"}
{"index": {"_index":"sim","_id":"1317030"}}
	{"id":1317030,"type":"sell","buyer":"solovey6o2","seller":"atongis","symbol":"SIM","quantity":"14.105","price":"0.00168136","timestamp":1628333775,"volume":"0.02371558","buyTxId":"e3a7ba0e9e1b40d0976fb3a04fe2d41d44a100cd","sellTxId":"c0ac33d0250592103dd3d58616eb26e63d43754f"}
{"index": {"_index":"sim","_id":"1317035"}}
	{"id":1317035,"type":"sell","buyer":"solovey6o2","seller":"iamalivechalleng","symbol":"SIM","quantity":"1.374","price":"0.00168136","timestamp":1628333904,"volume":"0.00231019","buyTxId":"e3a7ba0e9e1b40d0976fb3a04fe2d41d44a100cd","sellTxId":"58b0afaaac622e482290af36ec60df72cbe376ee"}
{"index": {"_index":"sim","_id":"1317128"}}
	{"id":1317128,"type":"sell","buyer":"solovey6o2","seller":"andy4475","symbol":"SIM","quantity":"40.677","price":"0.00168171","timestamp":1628335803,"volume":"0.06840692","buyTxId":"a664306b2b24d5c3b7d089d007da5ccc4eb41b04","sellTxId":"ce023429d0a756aa26afb85d2be44c8910e5c05f"}
{"index": {"_index":"sim","_id":"1317131"}}
	{"id":1317131,"type":"sell","buyer":"solovey6o2","seller":"elbrava","symbol":"SIM","quantity":"3259.000","price":"0.00168171","timestamp":1628335869,"volume":"5.48069289","buyTxId":"a664306b2b24d5c3b7d089d007da5ccc4eb41b04","sellTxId":"d8ec807c716825961fd79caaa65e222f2b4a21b9"}
{"index": {"_index":"sim","_id":"1317169"}}
	{"id":1317169,"type":"buy","buyer":"rubymooney","seller":"solovey6o2","symbol":"SIM","quantity":"1.000","price":"0.00189994","timestamp":1628336358,"volume":"0.00189994","buyTxId":"7c7d139739d8b3db4d105c42d8935dbf6b21051f","sellTxId":"8164d1837d85df8377fc628279db4ea6e028a74f"}
{"index": {"_index":"sim","_id":"1317210"}}
	{"id":1317210,"type":"sell","buyer":"solovey6o2","seller":"uzumaki7","symbol":"SIM","quantity":"8000.000","price":"0.00168171","timestamp":1628336955,"volume":"13.45368000","buyTxId":"a664306b2b24d5c3b7d089d007da5ccc4eb41b04","sellTxId":"5fb85d6cf3eb162991c3f0052c8651b984dc3b4a"}
{"index": {"_index":"sim","_id":"1317274"}}
	{"id":1317274,"type":"sell","buyer":"solovey6o2","seller":"he-index","symbol":"SIM","quantity":"643.041","price":"0.00168171","timestamp":1628338152,"volume":"1.08140848","buyTxId":"a664306b2b24d5c3b7d089d007da5ccc4eb41b04","sellTxId":"88ad7a32c8e34cf5b1d59bb74dbee233730841ed"}
{"index": {"_index":"sim","_id":"1317302"}}
	{"id":1317302,"type":"sell","buyer":"solovey6o2","seller":"darmst5339","symbol":"SIM","quantity":"5.879","price":"0.00168171","timestamp":1628338425,"volume":"0.00988677","buyTxId":"a664306b2b24d5c3b7d089d007da5ccc4eb41b04","sellTxId":"1c5dc61ac4092d2f3f0d38f6417981e499ccf51a"}
{"index": {"_index":"sim","_id":"1317310"}}
	{"id":1317310,"type":"sell","buyer":"solovey6o2","seller":"pimpstudio","symbol":"SIM","quantity":"1182.146","price":"0.00168171","timestamp":1628338572,"volume":"1.98802675","buyTxId":"a664306b2b24d5c3b7d089d007da5ccc4eb41b04","sellTxId":"376dbaf29153dfc9b97908f79eefd71f768883c1"}
{"index": {"_index":"sim","_id":"1317311"}}
	{"id":1317311,"type":"buy","buyer":"konvik","seller":"pimpstudio","symbol":"SIM","quantity":"12888.554","price":"0.00168171","timestamp":1628338575,"volume":"21.67481015","buyTxId":"249f841f6bc4b39fa33d04975349c2e27c9b8929-0","sellTxId":"376dbaf29153dfc9b97908f79eefd71f768883c1"}
{"index": {"_index":"sim","_id":"1317380"}}
	{"id":1317380,"type":"buy","buyer":"konvik","seller":"ethergram","symbol":"SIM","quantity":"20000.000","price":"0.00189000","timestamp":1628339307,"volume":"37.80000000","buyTxId":"3caf94730db4a8c724089eac95a6f12cbcbcc758-0","sellTxId":"8e1c7771db3414b4f28849724934ca4a81497436"}
{"index": {"_index":"sim","_id":"1317445"}}
	{"id":1317445,"type":"sell","buyer":"jelly-cz","seller":"empoderat","symbol":"SIM","quantity":"21744","price":"0.00168168","timestamp":1628340222,"volume":"36.56644992","buyTxId":"MM-P-9340921-56323083-3-34-0","sellTxId":"aa5a5b1b8165ba5e7fedcff3b75cd33cbb89cda6"}
{"index": {"_index":"sim","_id":"1317456"}}
	{"id":1317456,"type":"sell","buyer":"jelly-cz","seller":"eldonburr","symbol":"SIM","quantity":"34.000","price":"0.00168168","timestamp":1628340348,"volume":"0.05717712","buyTxId":"MM-P-9340921-56323083-3-34-0","sellTxId":"f0934274d924d3c107c2700f83fa4b28caf4d44f"}
{"index": {"_index":"sim","_id":"1317490"}}
	{"id":1317490,"type":"buy","buyer":"konvik","seller":"solovey6o2","symbol":"SIM","quantity":"125434.232","price":"0.00189498","timestamp":1628340621,"volume":"237.69536096","buyTxId":"0ecdfe5b5b8b85da9016d4afd47d81443b80612a-0","sellTxId":"527d51a8739a507a1731ac2f29419d04009b3338"}
{"index": {"_index":"sim","_id":"1317534"}}
	{"id":1317534,"type":"sell","buyer":"solovey6o2","seller":"bluenarcolepsy","symbol":"SIM","quantity":"21.070","price":"0.00172008","timestamp":1628341104,"volume":"0.03624209","buyTxId":"b34d071465f87b0c5aa7c6cc3d7e27e837a060e0","sellTxId":"9c5ad9ae6d59e147c1c99143a0f95503ec890d4f"}
{"index": {"_index":"sim","_id":"1317642"}}
	{"id":1317642,"type":"sell","buyer":"solovey6o2","seller":"thegoliath","symbol":"SIM","quantity":"3198.349","price":"0.00172028","timestamp":1628342193,"volume":"5.50205582","buyTxId":"c61083de6f31d0e5a61a1423e9c692bc9a35fd8a","sellTxId":"691e855bf6acd32c88a2b1bbc3551cedf37c5ef1"}
{"index": {"_index":"sim","_id":"1317713"}}
	{"id":1317713,"type":"sell","buyer":"solovey6o2","seller":"balte","symbol":"SIM","quantity":"24000.000","price":"0.00172048","timestamp":1628343345,"volume":"41.29152000","buyTxId":"a24ffa024c6ebb52bd03fd182d9c5d2545f568fd","sellTxId":"fcccd5e25add0e5d9e633e3fef83b46d460c0a2b"}
{"index": {"_index":"sim","_id":"1317754"}}
	{"id":1317754,"type":"sell","buyer":"solovey6o2","seller":"investinthefutur","symbol":"SIM","quantity":"200.000","price":"0.00172063","timestamp":1628344236,"volume":"0.34412600","buyTxId":"a0e077867e729cc72da58393d41e8b4257cdb946","sellTxId":"1d565624af82b0fbd8e0e86ececd8830fd45a457"}
{"index": {"_index":"sim","_id":"1317828"}}
	{"id":1317828,"type":"sell","buyer":"detlev","seller":"chireerocks","symbol":"SIM","quantity":"106.845","price":"0.00189000","timestamp":1628345175,"volume":"0.20193705","buyTxId":"90ba4c398fc803b1dbc46418677810dcfa0dc0f2","sellTxId":"e7fe8b409d9e04a837d05bd7eed113e195f5798c"}
{"index": {"_index":"sim","_id":"1317829"}}
	{"id":1317829,"type":"sell","buyer":"detlev","seller":"nastyforce","symbol":"SIM","quantity":"1700.000","price":"0.00189000","timestamp":1628345196,"volume":"3.21300000","buyTxId":"90ba4c398fc803b1dbc46418677810dcfa0dc0f2","sellTxId":"29fb6982a77591d463c7cdaf430b69e40e910699"}
{"index": {"_index":"sim","_id":"1317870"}}
	{"id":1317870,"type":"buy","buyer":"eythorphoto","seller":"nftmart.fees","symbol":"SIM","quantity":"4.000","price":"0.00189495","timestamp":1628345907,"volume":"0.00757980","buyTxId":"ff53c71b9ac2da76a5ce69774351c962c3687091","sellTxId":"3ede5723798c50c02cce14aba97eace618e12d9b-0"}
{"index": {"_index":"sim","_id":"1317887"}}
	{"id":1317887,"type":"sell","buyer":"eythorphoto","seller":"investinthefutur","symbol":"SIM","quantity":"631.620","price":"0.00189495","timestamp":1628346153,"volume":"1.19688832","buyTxId":"ff53c71b9ac2da76a5ce69774351c962c3687091","sellTxId":"62ebb215c88e032335cb20f7c40b39c8e45002fb"}
{"index": {"_index":"sim","_id":"1317906"}}
	{"id":1317906,"type":"sell","buyer":"eythorphoto","seller":"themightyvolcano","symbol":"SIM","quantity":"164.380","price":"0.00189495","timestamp":1628346438,"volume":"0.31149188","buyTxId":"ff53c71b9ac2da76a5ce69774351c962c3687091","sellTxId":"66294bcc042b9a3787f75144d1bec67da1e8b238"}
{"index": {"_index":"sim","_id":"1317907"}}
	{"id":1317907,"type":"sell","buyer":"detlev","seller":"themightyvolcano","symbol":"SIM","quantity":"994.620","price":"0.00189000","timestamp":1628346438,"volume":"1.87983180","buyTxId":"90ba4c398fc803b1dbc46418677810dcfa0dc0f2","sellTxId":"66294bcc042b9a3787f75144d1bec67da1e8b238"}
{"index": {"_index":"sim","_id":"1317917"}}
	{"id":1317917,"type":"sell","buyer":"detlev","seller":"bigram13","symbol":"SIM","quantity":"417.955","price":"0.00189000","timestamp":1628346669,"volume":"0.78993495","buyTxId":"90ba4c398fc803b1dbc46418677810dcfa0dc0f2","sellTxId":"ffac831dde6c5000386d73006615d21942993cfe"}
{"index": {"_index":"sim","_id":"1317918"}}
	{"id":1317918,"type":"sell","buyer":"eythorphoto","seller":"bigram13","symbol":"SIM","quantity":"1400.000","price":"0.00189000","timestamp":1628346669,"volume":"2.64600000","buyTxId":"3b0fa44ec693d82c0462e6cf0906754a9e4f4314","sellTxId":"ffac831dde6c5000386d73006615d21942993cfe"}
{"index": {"_index":"sim","_id":"1317919"}}
	{"id":1317919,"type":"sell","buyer":"nastyforce","seller":"bigram13","symbol":"SIM","quantity":"900.000","price":"0.00174000","timestamp":1628346669,"volume":"1.56600000","buyTxId":"cfc1d77ea9013f74df693ef23f50fbe147baea44","sellTxId":"ffac831dde6c5000386d73006615d21942993cfe"}
{"index": {"_index":"sim","_id":"1317920"}}
	{"id":1317920,"type":"sell","buyer":"nastyforce","seller":"bigram13","symbol":"SIM","quantity":"553.000","price":"0.00174000","timestamp":1628346669,"volume":"0.96222000","buyTxId":"2eebacc1858d0e8d6a557fc5c546f6974567eb0c","sellTxId":"ffac831dde6c5000386d73006615d21942993cfe"}
{"index": {"_index":"sim","_id":"1317921"}}
	{"id":1317921,"type":"sell","buyer":"solovey6o2","seller":"bigram13","symbol":"SIM","quantity":"24329.045","price":"0.00173040","timestamp":1628346669,"volume":"42.09897947","buyTxId":"67faffc79c270db85226bf95b49ecf99f70907ec","sellTxId":"ffac831dde6c5000386d73006615d21942993cfe"}
{"index": {"_index":"sim","_id":"1317972"}}
	{"id":1317972,"type":"buy","buyer":"ahmetay","seller":"nftmart.fees","symbol":"SIM","quantity":"4.000","price":"0.00189496","timestamp":1628347806,"volume":"0.00757984","buyTxId":"e27f8b9548d5a8bcfafb13093e9f681f1a1df7eb","sellTxId":"637136c086fe4902ed06e00c196d3a3f4c15daac-0"}
{"index": {"_index":"sim","_id":"1317978"}}
	{"id":1317978,"type":"buy","buyer":"ahmetay","seller":"solovey6o2","symbol":"SIM","quantity":"3219.420","price":"0.00189498","timestamp":1628347962,"volume":"6.10073651","buyTxId":"ba1388becc5383142f19ad33ab8b2cee813f0e1d","sellTxId":"df0b877107d77eba492f0a4452070436290a584a"}
{"index": {"_index":"sim","_id":"1317979"}}
	{"id":1317979,"type":"buy","buyer":"ahmetay","seller":"solovey6o2","symbol":"SIM","quantity":"6780.580","price":"0.00189498","timestamp":1628347962,"volume":"12.84906349","buyTxId":"ba1388becc5383142f19ad33ab8b2cee813f0e1d","sellTxId":"addcd6f151c138acf5182cba79a531fd0331c4b1"}
{"index": {"_index":"sim","_id":"1317982"}}
	{"id":1317982,"type":"buy","buyer":"konvik","seller":"solovey6o2","symbol":"SIM","quantity":"17219.420","price":"0.00189498","timestamp":1628347965,"volume":"32.63045651","buyTxId":"9d8b36c3e40db78536792c4664d2ee0df0bb10fe-0","sellTxId":"addcd6f151c138acf5182cba79a531fd0331c4b1"}
{"index": {"_index":"sim","_id":"1317983"}}
	{"id":1317983,"type":"buy","buyer":"konvik","seller":"solovey6o2","symbol":"SIM","quantity":"0.172","price":"0.00189498","timestamp":1628347965,"volume":"0.00032594","buyTxId":"9d8b36c3e40db78536792c4664d2ee0df0bb10fe-0","sellTxId":"c452dde3d682b5daf3a4d6d756422fdcb702bd7c"}
{"index": {"_index":"sim","_id":"1317984"}}
	{"id":1317984,"type":"buy","buyer":"konvik","seller":"solovey6o2","symbol":"SIM","quantity":"24528.872","price":"0.00189498","timestamp":1628347968,"volume":"46.48172186","buyTxId":"578f4fcc31fdf1a7999a726e3b2472b9e7830bef-0","sellTxId":"c452dde3d682b5daf3a4d6d756422fdcb702bd7c"}
{"index": {"_index":"sim","_id":"1318004"}}
	{"id":1318004,"type":"sell","buyer":"jelly-cz","seller":"cryptictruth","symbol":"SIM","quantity":"9000.000","price":"0.00173067","timestamp":1628348352,"volume":"15.57603000","buyTxId":"MM-P-9344920-56327250-3-34-0","sellTxId":"bbaf1d0ad5d8a720a89092313b879b29c52548c8"}
{"index": {"_index":"sim","_id":"1318051"}}
	{"id":1318051,"type":"sell","buyer":"solovey6o2","seller":"winebank","symbol":"SIM","quantity":"1905.000","price":"0.00173085","timestamp":1628349519,"volume":"3.29726925","buyTxId":"80acbccf46c0ce30b738e4b7d25cac96e8dec612","sellTxId":"6d7ce66d171d7f115c68d4b6938448bfdeea1368"}
{"index": {"_index":"sim","_id":"1318053"}}
	{"id":1318053,"type":"buy","buyer":"barrenwolfsbane","seller":"nastyforce","symbol":"SIM","quantity":"54.788","price":"0.00188000","timestamp":1628349519,"volume":"0.10300144","buyTxId":"afe95d36692d3b3704c7d11953189dacec51390c","sellTxId":"516033097ac02872c655c2ff321423bc958ce400"}
{"index": {"_index":"sim","_id":"1318078"}}
	{"id":1318078,"type":"buy","buyer":"ahmetay","seller":"nftmart.fees","symbol":"SIM","quantity":"4.000","price":"0.00187999","timestamp":1628350062,"volume":"0.00751996","buyTxId":"b72a5866605736f581ffddabb08ef96c1e4a26aa","sellTxId":"89efbe4e6aae727b3b6a7c0d0994986f9a5f6519-0"}
{"index": {"_index":"sim","_id":"1318079"}}
	{"id":1318079,"type":"buy","buyer":"ahmetay","seller":"nastyforce","symbol":"SIM","quantity":"1445.212","price":"0.00188000","timestamp":1628350062,"volume":"2.71699856","buyTxId":"b72a5866605736f581ffddabb08ef96c1e4a26aa","sellTxId":"516033097ac02872c655c2ff321423bc958ce400"}
{"index": {"_index":"sim","_id":"1318089"}}
	{"id":1318089,"type":"buy","buyer":"konvik","seller":"low-taxes","symbol":"SIM","quantity":"19842.000","price":"0.00188490","timestamp":1628350338,"volume":"37.40018580","buyTxId":"ffd2589e0b55a730816b885f5dc46111911dd33f-0","sellTxId":"9a72bb4ac080e458809ff920f2fe95715ef181fe"}
{"index": {"_index":"sim","_id":"1318091"}}
	{"id":1318091,"type":"sell","buyer":"nastyforce","seller":"theoriginal86","symbol":"SIM","quantity":"386.000","price":"0.00174000","timestamp":1628350359,"volume":"0.67164000","buyTxId":"93a639c5ca7498291dd517b46e699ed0b4830fe8","sellTxId":"f439c3de2bc0c753f920e7be53177925d178b3bc"}
{"index": {"_index":"sim","_id":"1318092"}}
	{"id":1318092,"type":"sell","buyer":"solovey6o2","seller":"theoriginal86","symbol":"SIM","quantity":"494.000","price":"0.00173100","timestamp":1628350359,"volume":"0.85511400","buyTxId":"6162cad78d9f00984e0f7cab3298f54218a44ad3","sellTxId":"f439c3de2bc0c753f920e7be53177925d178b3bc"}
{"index": {"_index":"sim","_id":"1318108"}}
	{"id":1318108,"type":"sell","buyer":"nastyforce","seller":"eythorphoto","symbol":"SIM","quantity":"528.504","price":"0.00174000","timestamp":1628350569,"volume":"0.91959696","buyTxId":"bc3937dc4c7980edc64ef7711ca53922d7735d01","sellTxId":"cb9a28d87b22dae8d508c498e1bd3559dfed9340"}
{"index": {"_index":"sim","_id":"1318326"}}
	{"id":1318326,"type":"sell","buyer":"nastyforce","seller":"sallhiddles","symbol":"SIM","quantity":"1034.496","price":"0.00174000","timestamp":1628353311,"volume":"1.80002304","buyTxId":"bc3937dc4c7980edc64ef7711ca53922d7735d01","sellTxId":"7c8dc513892f99e40d7eddc0ca114ecf2221e8a5"}
{"index": {"_index":"sim","_id":"1318365"}}
	{"id":1318365,"type":"sell","buyer":"solovey6o2","seller":"sallhiddles","symbol":"SIM","quantity":"26536.504","price":"0.00173155","timestamp":1628353710,"volume":"45.94928350","buyTxId":"23844dcf30cbdbf240a4fb3741e8c149b76b5657","sellTxId":"35d299ef538793500c3a2468a3da0437fa6a4c52"}
{"index": {"_index":"sim","_id":"1318381"}}
	{"id":1318381,"type":"sell","buyer":"solovey6o2","seller":"lestrange","symbol":"SIM","quantity":"3896.080","price":"0.00173160","timestamp":1628353920,"volume":"6.74645213","buyTxId":"fa94360c1a4112534667b74c33cdc4afb4fb16f6","sellTxId":"331fa2ce8d7f2ee69939028c1bad71994c6544d6"}
{"index": {"_index":"sim","_id":"1318672"}}
	{"id":1318672,"type":"buy","buyer":"konvik","seller":"tussar11","symbol":"SIM","quantity":"5844.000","price":"0.00187060","timestamp":1628358240,"volume":"10.93178640","buyTxId":"06e6bd02dc3f9666890565a7dd0ef293ac1ee14a-0","sellTxId":"b6e7ec7c61efbbbcbbef5ac6b1d373ca9ff2934c"}
{"index": {"_index":"sim","_id":"1318708"}}
	{"id":1318708,"type":"buy","buyer":"soteyapanbot","seller":"nftmart.fees","symbol":"SIM","quantity":"3.000","price":"0.00187993","timestamp":1628358606,"volume":"0.00563979","buyTxId":"d97d048ff6657790527712c290e6069717e6337c","sellTxId":"2b8fc0add85ced46dc067c6dbff140e7af413819-0"}
{"index": {"_index":"sim","_id":"1318738"}}
	{"id":1318738,"type":"sell","buyer":"soteyapanbot","seller":"nathanpieters","symbol":"SIM","quantity":"228.000","price":"0.00187993","timestamp":1628359191,"volume":"0.42862404","buyTxId":"d97d048ff6657790527712c290e6069717e6337c","sellTxId":"56055544db098bb4c894aa42c08a65768dd46327"}
{"index": {"_index":"sim","_id":"1318758"}}
	{"id":1318758,"type":"buy","buyer":"bamrepa","seller":"nftmart.fees","symbol":"SIM","quantity":"3.000","price":"0.00187999","timestamp":1628359692,"volume":"0.00563997","buyTxId":"27d58fa53e1edf0708d2b527e646168bd006447c","sellTxId":"07b78b6f855b624b0d2c34ca5607a900c64b52ab-0"}
{"index": {"_index":"sim","_id":"1318790"}}
	{"id":1318790,"type":"buy","buyer":"iamdarrenclaxton","seller":"nastyforce","symbol":"SIM","quantity":"400.000","price":"0.00188000","timestamp":1628360277,"volume":"0.75200000","buyTxId":"0a0f2ded497a0ceb4701617c7716e7964d527e7b","sellTxId":"52721ef48c2ed4dfc0ec1800f874fcbc945cbcbb"}
{"index": {"_index":"sim","_id":"1318791"}}
	{"id":1318791,"type":"buy","buyer":"iamdarrenclaxton","seller":"nastyforce","symbol":"SIM","quantity":"500.000","price":"0.00188000","timestamp":1628360277,"volume":"0.94000000","buyTxId":"0a0f2ded497a0ceb4701617c7716e7964d527e7b","sellTxId":"49048276509e8dbc608e8b0b6ccb0cbb34251a1d"}
{"index": {"_index":"sim","_id":"1318792"}}
	{"id":1318792,"type":"buy","buyer":"iamdarrenclaxton","seller":"mapac","symbol":"SIM","quantity":"1468.000","price":"0.00188000","timestamp":1628360277,"volume":"2.75984000","buyTxId":"0a0f2ded497a0ceb4701617c7716e7964d527e7b","sellTxId":"a0efda1ebaca0fd3ca95e289762d175bca0cc337"}
{"index": {"_index":"sim","_id":"1318793"}}
	{"id":1318793,"type":"buy","buyer":"iamdarrenclaxton","seller":"nastyforce","symbol":"SIM","quantity":"34.000","price":"0.00188000","timestamp":1628360277,"volume":"0.06392000","buyTxId":"0a0f2ded497a0ceb4701617c7716e7964d527e7b","sellTxId":"22bf0bfff8a0ba630c9c33f54c9a91f4ae384393"}
{"index": {"_index":"sim","_id":"1318806"}}
	{"id":1318806,"type":"buy","buyer":"pinkfloyd878","seller":"nastyforce","symbol":"SIM","quantity":"966.000","price":"0.00188000","timestamp":1628360442,"volume":"1.81608000","buyTxId":"b92401dfbce5bd7e933775014312a10abcad76f7","sellTxId":"22bf0bfff8a0ba630c9c33f54c9a91f4ae384393"}
{"index": {"_index":"sim","_id":"1318811"}}
	{"id":1318811,"type":"buy","buyer":"pinkfloyd878","seller":"taitux","symbol":"SIM","quantity":"888.000","price":"0.00188000","timestamp":1628360472,"volume":"1.66944000","buyTxId":"d77d05c0625236ca23adc592afda04848e457428","sellTxId":"250f6416585689e776642c3b8b4ba0f76453efa4"}
{"index": {"_index":"sim","_id":"1318823"}}
	{"id":1318823,"type":"buy","buyer":"iamdarrenclaxton","seller":"nftmart.fees","symbol":"SIM","quantity":"2.000","price":"0.00187999","timestamp":1628360688,"volume":"0.00375998","buyTxId":"fa6ea356edcdaac38f90266f4e0342040baf0eb3","sellTxId":"d38278d9fda6cc0f34b81e9788d2c268a920fbef-0"}
{"index": {"_index":"sim","_id":"1318835"}}
	{"id":1318835,"type":"buy","buyer":"iamdarrenclaxton","seller":"taitux","symbol":"SIM","quantity":"1332.000","price":"0.00188000","timestamp":1628360874,"volume":"2.50416000","buyTxId":"75f578705a8eaec13aed6439789b3815f75ca503","sellTxId":"250f6416585689e776642c3b8b4ba0f76453efa4"}
{"index": {"_index":"sim","_id":"1318836"}}
	{"id":1318836,"type":"buy","buyer":"iamdarrenclaxton","seller":"mapac","symbol":"SIM","quantity":"888.000","price":"0.00189000","timestamp":1628360874,"volume":"1.67832000","buyTxId":"75f578705a8eaec13aed6439789b3815f75ca503","sellTxId":"4726b77ceb924b09bca8f4e577224188f7dac007"}
{"index": {"_index":"sim","_id":"1318837"}}
	{"id":1318837,"type":"sell","buyer":"iamdarrenclaxton","seller":"konvik","symbol":"SIM","quantity":"14965.169","price":"0.00189000","timestamp":1628360877,"volume":"28.28416941","buyTxId":"75f578705a8eaec13aed6439789b3815f75ca503","sellTxId":"1aafc6897530fee0d97fb817cda4bd29d0a57d97-1"}
{"index": {"_index":"sim","_id":"1318843"}}
	{"id":1318843,"type":"sell","buyer":"iamdarrenclaxton","seller":"megalithic","symbol":"SIM","quantity":"14.831","price":"0.00189000","timestamp":1628361081,"volume":"0.02803059","buyTxId":"75f578705a8eaec13aed6439789b3815f75ca503","sellTxId":"3669b074899c99eaeb3b30998be6e8f1daf47952"}
{"index": {"_index":"sim","_id":"1318844"}}
	{"id":1318844,"type":"sell","buyer":"soteyapanbot","seller":"megalithic","symbol":"SIM","quantity":"1376.000","price":"0.00187993","timestamp":1628361081,"volume":"2.58678368","buyTxId":"d97d048ff6657790527712c290e6069717e6337c","sellTxId":"3669b074899c99eaeb3b30998be6e8f1daf47952"}
{"index": {"_index":"sim","_id":"1318845"}}
	{"id":1318845,"type":"sell","buyer":"solovey6o2","seller":"megalithic","symbol":"SIM","quantity":"30609.169","price":"0.00176005","timestamp":1628361081,"volume":"53.87366790","buyTxId":"edc0172e487cb3a1585c5a998c4f5e89f741cf75","sellTxId":"3669b074899c99eaeb3b30998be6e8f1daf47952"}
{"index": {"_index":"sim","_id":"1318855"}}
	{"id":1318855,"type":"sell","buyer":"solovey6o2","seller":"fratellodes","symbol":"SIM","quantity":"672.000","price":"0.00176010","timestamp":1628361348,"volume":"1.18278720","buyTxId":"e8d4f0df5f2afb7b841b7dafb4b6ea0bbbd26627","sellTxId":"6456ea27d5e478e59aa8a9d55e77ab089bd58f76"}
{"index": {"_index":"sim","_id":"1318878"}}
	{"id":1318878,"type":"sell","buyer":"solovey6o2","seller":"dhedge-drips","symbol":"SIM","quantity":"0.005","price":"0.00176020","timestamp":1628361918,"volume":"0.00000880","buyTxId":"2380dbbb207df92523c547fd4ed8e4a8b1ceb373","sellTxId":"af89cec02c63ec8fe1a8404c6dc822ca6e9f2407"}
{"index": {"_index":"sim","_id":"1318952"}}
	{"id":1318952,"type":"sell","buyer":"jelly-cz","seller":"tonytrillions","symbol":"SIM","quantity":"0.075","price":"0.00176037","timestamp":1628363073,"volume":"0.00013203","buyTxId":"MM-P-9349576-56332119-3-34-0","sellTxId":"77a257a877305b2a79f575a5799e222251958249"}
{"index": {"_index":"sim","_id":"1318994"}}
	{"id":1318994,"type":"buy","buyer":"konvik","seller":"mary.janikowski","symbol":"SIM","quantity":"27278.455","price":"0.00188000","timestamp":1628363526,"volume":"51.28349540","buyTxId":"ff50fb18148639c97c115f93f2240ddfaccb09ea-0","sellTxId":"1551f0bc3688fc201c5986c64815bdd6776d6775"}
{"index": {"_index":"sim","_id":"1319005"}}
	{"id":1319005,"type":"sell","buyer":"methus","seller":"steify","symbol":"SIM","quantity":"36049.000","price":"0.00176043","timestamp":1628363796,"volume":"63.46174107","buyTxId":"ae1340d482fc51b38453056e6c099863734881ac","sellTxId":"c7992a15d87f35176af191eff72c872aceb52068"}
{"index": {"_index":"sim","_id":"1319053"}}
	{"id":1319053,"type":"buy","buyer":"pinkfloyd878","seller":"mary.janikowski","symbol":"SIM","quantity":"2267.545","price":"0.00188000","timestamp":1628364111,"volume":"4.26298460","buyTxId":"9c1b8537c0d37874e0f43581e579f76968e3fd57","sellTxId":"1551f0bc3688fc201c5986c64815bdd6776d6775"}
{"index": {"_index":"sim","_id":"1319055"}}
	{"id":1319055,"type":"sell","buyer":"jelly-cz","seller":"metzli","symbol":"SIM","quantity":"623.348","price":"0.00176045","timestamp":1628364168,"volume":"1.09737299","buyTxId":"MM-P-9349863-56332419-3-34-0","sellTxId":"ea5783d0bd9c944904c7b3242fdac16f75b3dfc3"}
{"index": {"_index":"sim","_id":"1319082"}}
	{"id":1319082,"type":"sell","buyer":"jelly-cz","seller":"cooltivar","symbol":"SIM","quantity":"0.920","price":"0.00176045","timestamp":1628364426,"volume":"0.00161961","buyTxId":"MM-P-9349863-56332419-3-34-0","sellTxId":"d9190eee3892a73f864c296dfeee14aae84bddeb"}
{"index": {"_index":"sim","_id":"1319095"}}
	{"id":1319095,"type":"sell","buyer":"jelly-cz","seller":"lightcaptured","symbol":"SIM","quantity":"2209.673","price":"0.00176045","timestamp":1628364585,"volume":"3.89001883","buyTxId":"MM-P-9349863-56332419-3-34-0","sellTxId":"21487382ee967b9a88ce5aafd7d89938f64bd85c"}
{"index": {"_index":"sim","_id":"1319116"}}
	{"id":1319116,"type":"sell","buyer":"jelly-cz","seller":"florian-glechner","symbol":"SIM","quantity":"27.000","price":"0.00176045","timestamp":1628364837,"volume":"0.04753215","buyTxId":"MM-P-9349863-56332419-3-34-0","sellTxId":"ffb48ded26d2c6cdccb2e08bb0c8cdbbd39cc45f"}
{"index": {"_index":"sim","_id":"1319125"}}
	{"id":1319125,"type":"buy","buyer":"d-pend","seller":"mapac","symbol":"SIM","quantity":"2456.000","price":"0.00188000","timestamp":1628365032,"volume":"4.61728000","buyTxId":"2a9cb15e464a3682c1ee8f757dcea336956420a5","sellTxId":"02ed61de4e2fd7671f160cdd2e4107142186ff2b"}
{"index": {"_index":"sim","_id":"1319126"}}
	{"id":1319126,"type":"buy","buyer":"d-pend","seller":"nftmart.fees","symbol":"SIM","quantity":"2.000","price":"0.00188494","timestamp":1628365032,"volume":"0.00376988","buyTxId":"2a9cb15e464a3682c1ee8f757dcea336956420a5","sellTxId":"a04c242ea4f363464c00a11abdacecc843b29353-0"}
{"index": {"_index":"sim","_id":"1319127"}}
	{"id":1319127,"type":"buy","buyer":"d-pend","seller":"dhedge-drips","symbol":"SIM","quantity":"0.005","price":"0.00188495","timestamp":1628365032,"volume":"0.00000942","buyTxId":"2a9cb15e464a3682c1ee8f757dcea336956420a5","sellTxId":"8c76cc743184f9eaa61a982c9829cb85cbcf3021"}
{"index": {"_index":"sim","_id":"1319128"}}
	{"id":1319128,"type":"buy","buyer":"d-pend","seller":"solovey6o2","symbol":"SIM","quantity":"12541.995","price":"0.00188496","timestamp":1628365032,"volume":"23.64115890","buyTxId":"2a9cb15e464a3682c1ee8f757dcea336956420a5","sellTxId":"905af516e7145e3c3ded56520d56f6527c66e188"}
{"index": {"_index":"sim","_id":"1319158"}}
	{"id":1319158,"type":"sell","buyer":"jelly-cz","seller":"steem.services","symbol":"SIM","quantity":"35197.510","price":"0.00176045","timestamp":1628365677,"volume":"61.96345648","buyTxId":"MM-P-9349863-56332419-3-34-0","sellTxId":"c84d8dda89d2e4f9465b121351fff1d5da6a65a2"}
{"index": {"_index":"sim","_id":"1319159"}}
	{"id":1319159,"type":"sell","buyer":"methus","seller":"steem.services","symbol":"SIM","quantity":"13951.000","price":"0.00176043","timestamp":1628365677,"volume":"24.55975893","buyTxId":"ae1340d482fc51b38453056e6c099863734881ac","sellTxId":"c84d8dda89d2e4f9465b121351fff1d5da6a65a2"}
{"index": {"_index":"sim","_id":"1319160"}}
	{"id":1319160,"type":"sell","buyer":"pinkfloyd878","seller":"steem.services","symbol":"SIM","quantity":"800.000","price":"0.00176009","timestamp":1628365677,"volume":"1.40807200","buyTxId":"cbbd7b27042ee4690971ea03ea3665c04a5b30a7","sellTxId":"c84d8dda89d2e4f9465b121351fff1d5da6a65a2"}
{"index": {"_index":"sim","_id":"1319161"}}
	{"id":1319161,"type":"sell","buyer":"d-pend","seller":"steem.services","symbol":"SIM","quantity":"35000.000","price":"0.00176000","timestamp":1628365677,"volume":"61.60000000","buyTxId":"884d0f1d46a00c84961596d476ca51d78679b4c8","sellTxId":"c84d8dda89d2e4f9465b121351fff1d5da6a65a2"}
{"index": {"_index":"sim","_id":"1319162"}}
	{"id":1319162,"type":"sell","buyer":"d-pend","seller":"steem.services","symbol":"SIM","quantity":"50000.000","price":"0.00175000","timestamp":1628365677,"volume":"87.50000000","buyTxId":"c56b6da1ef028d52f7c7bb5f5232696ba2d07385","sellTxId":"c84d8dda89d2e4f9465b121351fff1d5da6a65a2"}
{"index": {"_index":"sim","_id":"1319163"}}
	{"id":1319163,"type":"sell","buyer":"gerber","seller":"steem.services","symbol":"SIM","quantity":"56696.490","price":"0.00174000","timestamp":1628365677,"volume":"98.65189260","buyTxId":"32fc254252c7f36a5eb9992e80822979a9f6b098","sellTxId":"c84d8dda89d2e4f9465b121351fff1d5da6a65a2"}
{"index": {"_index":"sim","_id":"1319190"}}
	{"id":1319190,"type":"buy","buyer":"antonym","seller":"taitux","symbol":"SIM","quantity":"445.000","price":"0.00187000","timestamp":1628366352,"volume":"0.83215000","buyTxId":"1019385b26c91ce70c2caf3efc5097a786a4e9e2","sellTxId":"c835df8b125520b66cef89e5aa2ac709832fd598"}
{"index": {"_index":"sim","_id":"1319202"}}
	{"id":1319202,"type":"buy","buyer":"antonym","seller":"nftmart.fees","symbol":"SIM","quantity":"2.000","price":"0.00188495","timestamp":1628366535,"volume":"0.00376990","buyTxId":"811f051b0a21d525f2f067ba758a88341c258786","sellTxId":"ac14b4b2f407e76202e012c2edadb77396a54888-0"}
{"index": {"_index":"sim","_id":"1319203"}}
	{"id":1319203,"type":"buy","buyer":"antonym","seller":"master-lamps","symbol":"SIM","quantity":"7547.000","price":"0.00188497","timestamp":1628366535,"volume":"14.22586859","buyTxId":"811f051b0a21d525f2f067ba758a88341c258786","sellTxId":"7cb2a73bd47389c39a0cfdc09b5e66b63070004c"}
{"index": {"_index":"sim","_id":"1319208"}}
	{"id":1319208,"type":"sell","buyer":"nastyforce","seller":"daveks","symbol":"SIM","quantity":"2000.000","price":"0.00175000","timestamp":1628366616,"volume":"3.50000000","buyTxId":"01412c020c6f9f6fb56c110b2a514a8bff82df95","sellTxId":"afe2144f2d8549b8fd86b396527392e7dd1075ed"}
{"index": {"_index":"sim","_id":"1319209"}}
	{"id":1319209,"type":"sell","buyer":"pinkfloyd878","seller":"daveks","symbol":"SIM","quantity":"5000.000","price":"0.00174005","timestamp":1628366616,"volume":"8.70025000","buyTxId":"f30539dc36a8e30fcbb3414293cfb0477efd0d99","sellTxId":"afe2144f2d8549b8fd86b396527392e7dd1075ed"}
{"index": {"_index":"sim","_id":"1319210"}}
	{"id":1319210,"type":"sell","buyer":"jelly-cz","seller":"daveks","symbol":"SIM","quantity":"1868.000","price":"0.00174002","timestamp":1628366616,"volume":"3.25035736","buyTxId":"MM-P-9350439-56333015-3-34-0","sellTxId":"afe2144f2d8549b8fd86b396527392e7dd1075ed"}
{"index": {"_index":"sim","_id":"1319225"}}
	{"id":1319225,"type":"buy","buyer":"antonym","seller":"nftmart.fees","symbol":"SIM","quantity":"2.000","price":"0.00187999","timestamp":1628366805,"volume":"0.00375998","buyTxId":"5c81867c1ef16e6faa78129a9f4bf4e24ef703d3","sellTxId":"7e986ea6df44708622751cadbd38585732785143-0"}
{"index": {"_index":"sim","_id":"1319226"}}
	{"id":1319226,"type":"buy","buyer":"antonym","seller":"onecent","symbol":"SIM","quantity":"1447.000","price":"0.00188000","timestamp":1628366805,"volume":"2.72036000","buyTxId":"5c81867c1ef16e6faa78129a9f4bf4e24ef703d3","sellTxId":"0fdd6320fd7b16ff05ac36ca6814829f0617a860"}
{"index": {"_index":"sim","_id":"1319227"}}
	{"id":1319227,"type":"buy","buyer":"antonym","seller":"master-lamps","symbol":"SIM","quantity":"787.676","price":"0.00188497","timestamp":1628366805,"volume":"1.48474563","buyTxId":"5c81867c1ef16e6faa78129a9f4bf4e24ef703d3","sellTxId":"7cb2a73bd47389c39a0cfdc09b5e66b63070004c"}
{"index": {"_index":"sim","_id":"1319252"}}
	{"id":1319252,"type":"sell","buyer":"antonym","seller":"jjprac","symbol":"SIM","quantity":"56.393","price":"0.00189000","timestamp":1628367162,"volume":"0.10658277","buyTxId":"5c81867c1ef16e6faa78129a9f4bf4e24ef703d3","sellTxId":"75170581db21a2f0161f5fca5052b496eb618b52"}
{"index": {"_index":"sim","_id":"1319255"}}
	{"id":1319255,"type":"sell","buyer":"antonym","seller":"trentonlundy1","symbol":"SIM","quantity":"0.282","price":"0.00189000","timestamp":1628367237,"volume":"0.00053298","buyTxId":"5c81867c1ef16e6faa78129a9f4bf4e24ef703d3","sellTxId":"4ea35a80da33b42598013164afcb0c669a77ed35"}
{"index": {"_index":"sim","_id":"1319257"}}
	{"id":1319257,"type":"sell","buyer":"antonym","seller":"notaboutme","symbol":"SIM","quantity":"4206.000","price":"0.00189000","timestamp":1628367255,"volume":"7.94934000","buyTxId":"5c81867c1ef16e6faa78129a9f4bf4e24ef703d3","sellTxId":"d68a0598ef9779306abdca6f832fed06e482fca0"}
{"index": {"_index":"sim","_id":"1319263"}}
	{"id":1319263,"type":"sell","buyer":"antonym","seller":"notaboutme","symbol":"SIM","quantity":"0.649","price":"0.00189000","timestamp":1628367381,"volume":"0.00122661","buyTxId":"5c81867c1ef16e6faa78129a9f4bf4e24ef703d3","sellTxId":"ca8576f14043891c94d093cf620512d42452b57e"}
{"index": {"_index":"sim","_id":"1319268"}}
	{"id":1319268,"type":"buy","buyer":"d-pend","seller":"solovey6o2","symbol":"SIM","quantity":"51570.764","price":"0.00189498","timestamp":1628367639,"volume":"97.72556636","buyTxId":"b235e09b5704952bba21a9e32a7bfe3118b7e354","sellTxId":"b5dcf4e136920ebf5158cb11159498d21e8d2191"}
{"index": {"_index":"sim","_id":"1319269"}}
	{"id":1319269,"type":"buy","buyer":"d-pend","seller":"shaktidas2020","symbol":"SIM","quantity":"7220.000","price":"0.00189499","timestamp":1628367639,"volume":"13.68182780","buyTxId":"b235e09b5704952bba21a9e32a7bfe3118b7e354","sellTxId":"52158d6158014a6163c9eba3c9dacb140a0858f3"}
{"index": {"_index":"sim","_id":"1319270"}}
	{"id":1319270,"type":"buy","buyer":"d-pend","seller":"alicemudgarden","symbol":"SIM","quantity":"1209.236","price":"0.00189993","timestamp":1628367639,"volume":"2.29746375","buyTxId":"b235e09b5704952bba21a9e32a7bfe3118b7e354","sellTxId":"a50daf67e83bb5e2864389d486832a8aab98b97a"}
{"index": {"_index":"sim","_id":"1319279"}}
	{"id":1319279,"type":"sell","buyer":"solovey6o2","seller":"balte","symbol":"SIM","quantity":"26000.000","price":"0.00175003","timestamp":1628367792,"volume":"45.50078000","buyTxId":"1f9305a7c33e0a377229331c2f038298d7a2fe9c","sellTxId":"c58d95213b769d840f10ae04731fc59f7c3b4973"}
{"index": {"_index":"sim","_id":"1319352"}}
	{"id":1319352,"type":"buy","buyer":"detlev","seller":"nastyforce","symbol":"SIM","quantity":"2000.000","price":"0.00188000","timestamp":1628368935,"volume":"3.76000000","buyTxId":"79930790e7e53318d75959ff30c56e0a82f5cf87","sellTxId":"1f551cbe45ec53f4e0a65380301fc96e76d32f07"}
{"index": {"_index":"sim","_id":"1319358"}}
	{"id":1319358,"type":"sell","buyer":"solovey6o2","seller":"eldudu","symbol":"SIM","quantity":"28","price":"0.00176012","timestamp":1628369205,"volume":"0.04928336","buyTxId":"cf700a25ff46d204048d2c69fb8a0778330ff771","sellTxId":"1c0c3f11ed2b478feffea12ecd0afd60069f5247"}
{"index": {"_index":"sim","_id":"1319377"}}
	{"id":1319377,"type":"sell","buyer":"solovey6o2","seller":"deathwing","symbol":"SIM","quantity":"916","price":"0.00176018","timestamp":1628369706,"volume":"1.61232488","buyTxId":"76744461c36064f874e12df828c647dad55acd4e","sellTxId":"48bd7d93fb96490725fbaf67c2863082b1f9ffa9-0"}
{"index": {"_index":"sim","_id":"1319442"}}
	{"id":1319442,"type":"sell","buyer":"nastyforce","seller":"pandygirl","symbol":"SIM","quantity":"2165.000","price":"0.00177000","timestamp":1628370645,"volume":"3.83205000","buyTxId":"2bda0c7b9c07bd45cf02c6ed0a3cb149843a7f40","sellTxId":"09b6f93fed60ca5b8c686ad17f20b967fc295266"}
{"index": {"_index":"sim","_id":"1319443"}}
	{"id":1319443,"type":"sell","buyer":"solovey6o2","seller":"pandygirl","symbol":"SIM","quantity":"12239.468","price":"0.00176027","timestamp":1628370645,"volume":"21.54476834","buyTxId":"87e06a49e6e740ef10ce9a295fdc1b61827f8725","sellTxId":"09b6f93fed60ca5b8c686ad17f20b967fc295266"}
{"index": {"_index":"sim","_id":"1319449"}}
	{"id":1319449,"type":"sell","buyer":"solovey6o2","seller":"steemstreems","symbol":"SIM","quantity":"2988.304","price":"0.00176027","timestamp":1628370729,"volume":"5.26022188","buyTxId":"87e06a49e6e740ef10ce9a295fdc1b61827f8725","sellTxId":"7a767a6b5df7891d8aa05228665d5c846c4d9520"}
{"index": {"_index":"sim","_id":"1319450"}}
	{"id":1319450,"type":"sell","buyer":"jelly-cz","seller":"steemstreems","symbol":"SIM","quantity":"687.709","price":"0.00176026","timestamp":1628370729,"volume":"1.21054664","buyTxId":"MM-P-9352034-56334613-3-34-0","sellTxId":"7a767a6b5df7891d8aa05228665d5c846c4d9520"}
{"index": {"_index":"sim","_id":"1319458"}}
	{"id":1319458,"type":"sell","buyer":"jelly-cz","seller":"topdollar001","symbol":"SIM","quantity":"1518","price":"0.00176026","timestamp":1628370900,"volume":"2.67207468","buyTxId":"MM-P-9352034-56334613-3-34-0","sellTxId":"b53e46de00f9c9d8290bf305f2695a8695bd2af3"}
{"index": {"_index":"sim","_id":"1319464"}}
	{"id":1319464,"type":"sell","buyer":"jelly-cz","seller":"mfblack","symbol":"SIM","quantity":"10898.335","price":"0.00176026","timestamp":1628370966,"volume":"19.18390317","buyTxId":"MM-P-9352034-56334613-3-34-0","sellTxId":"bf65a5e1fe0a75745835579910c11357af37bc31"}
{"index": {"_index":"sim","_id":"1319468"}}
	{"id":1319468,"type":"buy","buyer":"konvik","seller":"mary.janikowski","symbol":"SIM","quantity":"10000.000","price":"0.00186000","timestamp":1628371209,"volume":"18.60000000","buyTxId":"e3d6bcba0b11ac381b05f882b75e48c830ad72eb-0","sellTxId":"0f0a45ee388439135826bbe90852193e96d0caf8"}
{"index": {"_index":"sim","_id":"1319538"}}
	{"id":1319538,"type":"sell","buyer":"jelly-cz","seller":"nickyhavey","symbol":"SIM","quantity":"182.368","price":"0.00176026","timestamp":1628372283,"volume":"0.32101510","buyTxId":"MM-P-9352034-56334613-3-34-0","sellTxId":"d6746c5c389592851d80a0b619e115abba2f17fb"}
{"index": {"_index":"sim","_id":"1319562"}}
	{"id":1319562,"type":"sell","buyer":"jelly-cz","seller":"ayhamyou","symbol":"SIM","quantity":"3736.000","price":"0.00176026","timestamp":1628372631,"volume":"6.57633136","buyTxId":"MM-P-9352034-56334613-3-34-0","sellTxId":"659b90ceb8ed6739a1b9b664b46291fee17c2935"}
{"index": {"_index":"sim","_id":"1319583"}}
	{"id":1319583,"type":"sell","buyer":"jelly-cz","seller":"justinparke","symbol":"SIM","quantity":"6453.484","price":"0.00176026","timestamp":1628373318,"volume":"11.35980975","buyTxId":"MM-P-9352034-56334613-3-34-0","sellTxId":"f5c814d981241d760b8b1b25785652d644db43d0"}
{"index": {"_index":"sim","_id":"1319610"}}
	{"id":1319610,"type":"sell","buyer":"jelly-cz","seller":"willsaldeno","symbol":"SIM","quantity":"14586.663","price":"0.00176026","timestamp":1628373678,"volume":"25.67631941","buyTxId":"MM-P-9352034-56334613-3-34-0","sellTxId":"7cf0940ef55294bff221ca46aec559fe296d0f7f"}
{"index": {"_index":"sim","_id":"1319611"}}
	{"id":1319611,"type":"sell","buyer":"master-lamps","seller":"willsaldeno","symbol":"SIM","quantity":"8926.434","price":"0.00176001","timestamp":1628373678,"volume":"15.71061310","buyTxId":"0d15b6646c245a1cf094bcf2afd1bb17120cc076","sellTxId":"7cf0940ef55294bff221ca46aec559fe296d0f7f"}
{"index": {"_index":"sim","_id":"1319612"}}
	{"id":1319612,"type":"sell","buyer":"d-pend","seller":"willsaldeno","symbol":"SIM","quantity":"7186.903","price":"0.00176000","timestamp":1628373678,"volume":"12.64894928","buyTxId":"ef1da5c7c2d9975696090efd3d0d1d7b3f038c0d","sellTxId":"7cf0940ef55294bff221ca46aec559fe296d0f7f"}
{"index": {"_index":"sim","_id":"1319614"}}
	{"id":1319614,"type":"sell","buyer":"d-pend","seller":"simplegame","symbol":"SIM","quantity":"18.615","price":"0.00176000","timestamp":1628373693,"volume":"0.03276240","buyTxId":"ef1da5c7c2d9975696090efd3d0d1d7b3f038c0d","sellTxId":"a0cdf6d6733130bdba1b1e23796c28e9bdcbe5f3"}
{"index": {"_index":"sim","_id":"1319615"}}
	{"id":1319615,"type":"sell","buyer":"d-pend","seller":"eshr92","symbol":"SIM","quantity":"184.000","price":"0.00176000","timestamp":1628373696,"volume":"0.32384000","buyTxId":"ef1da5c7c2d9975696090efd3d0d1d7b3f038c0d","sellTxId":"8f57b184afc4620feca2adb429784d6af2e8d889"}
{"index": {"_index":"sim","_id":"1319619"}}
	{"id":1319619,"type":"buy","buyer":"konvik","seller":"rital75","symbol":"SIM","quantity":"30000.000","price":"0.00186600","timestamp":1628373933,"volume":"55.98000000","buyTxId":"931b1c8a796d068862735014b449581711da0307-0","sellTxId":"f545d40a4936c4942f11d0603c038c6b83c3858e"}
{"index": {"_index":"sim","_id":"1319622"}}
	{"id":1319622,"type":"buy","buyer":"konvik","seller":"solovey6o2","symbol":"SIM","quantity":"42171.771","price":"0.00186599","timestamp":1628373963,"volume":"78.69210297","buyTxId":"89c924c9afbe980cdfbf346988aa513fb0a421cd-0","sellTxId":"53c6f17c010eba530c9e180c31c522d415856942"}
{"index": {"_index":"sim","_id":"1319690"}}
	{"id":1319690,"type":"sell","buyer":"solovey6o2","seller":"elricmoonslayer","symbol":"SIM","quantity":"499.002","price":"0.00176015","timestamp":1628375298,"volume":"0.87831837","buyTxId":"3c0171c673ec6c5e0076d15db849e449748712a8","sellTxId":"bffee252da482c56bcac9406135e7b43662e4389"}
{"index": {"_index":"sim","_id":"1319706"}}
	{"id":1319706,"type":"buy","buyer":"blockchainleo","seller":"nftmart.fees","symbol":"SIM","quantity":"1.000","price":"0.00186698","timestamp":1628375877,"volume":"0.00186698","buyTxId":"d97d82a860d3bfd78b78fa56cce6061d6aeccba2","sellTxId":"588877a1057fe8a149ae349c9690072ddf62d4d4-0"}
{"index": {"_index":"sim","_id":"1319715"}}
	{"id":1319715,"type":"sell","buyer":"blockchainleo","seller":"nftmart.fees","symbol":"SIM","quantity":"1.000","price":"0.00186698","timestamp":1628376204,"volume":"0.00186698","buyTxId":"d97d82a860d3bfd78b78fa56cce6061d6aeccba2","sellTxId":"56be11c8482279eced1471d14a5306f9af68a622-0"}
{"index": {"_index":"sim","_id":"1319778"}}
	{"id":1319778,"type":"sell","buyer":"blockchainleo","seller":"nftmart.fees","symbol":"SIM","quantity":"1.000","price":"0.00186698","timestamp":1628377404,"volume":"0.00186698","buyTxId":"d97d82a860d3bfd78b78fa56cce6061d6aeccba2","sellTxId":"13cff66571f0735f6cf607f56ac3d3fedf98548a-0"}
{"index": {"_index":"sim","_id":"1319836"}}
	{"id":1319836,"type":"sell","buyer":"blockchainleo","seller":"nftmart.fees","symbol":"SIM","quantity":"1.000","price":"0.00186698","timestamp":1628378607,"volume":"0.00186698","buyTxId":"d97d82a860d3bfd78b78fa56cce6061d6aeccba2","sellTxId":"ed099db99127414fd8fcffeb4c6cb3fd2bd26bc1-0"}
{"index": {"_index":"sim","_id":"1319840"}}
	{"id":1319840,"type":"sell","buyer":"blockchainleo","seller":"ragnarokdel","symbol":"SIM","quantity":"20.101","price":"0.00186698","timestamp":1628378712,"volume":"0.03752816","buyTxId":"d97d82a860d3bfd78b78fa56cce6061d6aeccba2","sellTxId":"98476f9df6ddc7b985734ef6c9aa3e429992a708"}
{"index": {"_index":"sim","_id":"1319841"}}
	{"id":1319841,"type":"sell","buyer":"solovey6o2","seller":"ragnarokdel","symbol":"SIM","quantity":"121.926","price":"0.00176051","timestamp":1628378712,"volume":"0.21465194","buyTxId":"066584dbac185e8444293f9a59ca20a8b9380688","sellTxId":"98476f9df6ddc7b985734ef6c9aa3e429992a708"}
{"index": {"_index":"sim","_id":"1319857"}}
	{"id":1319857,"type":"sell","buyer":"solovey6o2","seller":"bitcoinflood","symbol":"SIM","quantity":"3659.000","price":"0.00176054","timestamp":1628379012,"volume":"6.44181586","buyTxId":"09d71b9cca119bff33d819ba6a7bd2e9a92bfdaa","sellTxId":"e99255768a8e266be7ca48d1d29cc2ed145f72cd"}
{"index": {"_index":"sim","_id":"1319861"}}
	{"id":1319861,"type":"buy","buyer":"konvik","seller":"ubeautiful","symbol":"SIM","quantity":"49127.091","price":"0.00186054","timestamp":1628379240,"volume":"91.40291789","buyTxId":"9a2e75bcd2cd9ef22cb4a2bcae4a9b1a68bd7d77-0","sellTxId":"eb6aeeaecd15ca130dad3d895e82813c99638e59"}
{"index": {"_index":"sim","_id":"1319879"}}
	{"id":1319879,"type":"buy","buyer":"konvik","seller":"ubeautiful","symbol":"SIM","quantity":"75558.073","price":"0.00185059","timestamp":1628379717,"volume":"139.82701431","buyTxId":"6da9863d07a2e17efbcc0e68b4e700ab83590002-0","sellTxId":"71aeb5d451c84e16d89a8fdb939b70160c31b3ef"}
{"index": {"_index":"sim","_id":"1319882"}}
	{"id":1319882,"type":"sell","buyer":"jelly-cz","seller":"dera123","symbol":"SIM","quantity":"13463.494","price":"0.00176062","timestamp":1628379876,"volume":"23.70409681","buyTxId":"MM-P-9355115-56337705-3-34-0","sellTxId":"d723371c67bb72696686c91944ab57f3ab44f967"}
{"index": {"_index":"sim","_id":"1319893"}}
	{"id":1319893,"type":"sell","buyer":"solovey6o2","seller":"thegoliath","symbol":"SIM","quantity":"11995.010","price":"0.00176063","timestamp":1628380089,"volume":"21.11877446","buyTxId":"ac98f8fc2df8de67a293dc505d33fe321475ff7a","sellTxId":"dd4fb716aec1fd0ad431802d45563ff357b51254"}
{"index": {"_index":"sim","_id":"1320042"}}
	{"id":1320042,"type":"sell","buyer":"pinkfloyd878","seller":"travelgirl","symbol":"SIM","quantity":"1000.000","price":"0.00176096","timestamp":1628382972,"volume":"1.76096000","buyTxId":"234afbb50f54943d28a56824b731257646a727f8","sellTxId":"43c2323ffa79e5bb757823fa531498aabb58d7ba"}
{"index": {"_index":"sim","_id":"1320043"}}
	{"id":1320043,"type":"sell","buyer":"solovey6o2","seller":"travelgirl","symbol":"SIM","quantity":"2180.007","price":"0.00176095","timestamp":1628382972,"volume":"3.83888333","buyTxId":"63f14ef55171d218d40f42024b7b4eabd95dca72","sellTxId":"43c2323ffa79e5bb757823fa531498aabb58d7ba"}
{"index": {"_index":"sim","_id":"1320131"}}
	{"id":1320131,"type":"sell","buyer":"solovey6o2","seller":"dhedge-drips","symbol":"SIM","quantity":"2.927","price":"0.00176101","timestamp":1628383527,"volume":"0.00515448","buyTxId":"54fc4ea3ca495e5795887fd1f0009415eeeb88c3","sellTxId":"62410d46a52d89107369930e179588af21e38f16"}
{"index": {"_index":"sim","_id":"1320230"}}
	{"id":1320230,"type":"sell","buyer":"solovey6o2","seller":"linco","symbol":"SIM","quantity":"1888.000","price":"0.00176110","timestamp":1628384439,"volume":"3.32495680","buyTxId":"c972034eecdb252045b3d52c0d19af3147b3d5be","sellTxId":"1cdb3b31864e6a952337ea006a8f6c6738162c0d"}
{"index": {"_index":"sim","_id":"1320238"}}
	{"id":1320238,"type":"sell","buyer":"jelly-cz","seller":"trentonlundy1","symbol":"SIM","quantity":"0.208","price":"0.00176112","timestamp":1628384655,"volume":"0.00036631","buyTxId":"MM-P-9356707-56339299-3-34-0","sellTxId":"d5a19cb65557c1f4ac5f55a890ebb925685a186c"}
{"index": {"_index":"sim","_id":"1320260"}}
	{"id":1320260,"type":"sell","buyer":"solovey6o2","seller":"solarpowers","symbol":"SIM","quantity":"3686.000","price":"0.00176113","timestamp":1628384868,"volume":"6.49152518","buyTxId":"e33a2c98e195558a7de5ec4fdace574cb5b9d483","sellTxId":"cd5eb4bc4715856f7e8be92e7839f78709114c02"}
{"index": {"_index":"sim","_id":"1320270"}}
	{"id":1320270,"type":"sell","buyer":"solovey6o2","seller":"joheredia21","symbol":"SIM","quantity":"6991","price":"0.00176116","timestamp":1628385018,"volume":"12.31226956","buyTxId":"8697ba146a9f751707132188398e3cb9db4f7bc8","sellTxId":"de8e346beb17d2015825c4589534406015ae9c9e"}
{"index": {"_index":"sim","_id":"1320279"}}
	{"id":1320279,"type":"sell","buyer":"pinkfloyd878","seller":"danewilliams","symbol":"SIM","quantity":"379.000","price":"0.00176129","timestamp":1628385555,"volume":"0.66752891","buyTxId":"5aea38ed55d3bdf7c135fb2652f77da001dbb5e9","sellTxId":"4ff3a50f44b97d032da8e86fda2702d96a8f3a0a"}
{"index": {"_index":"sim","_id":"1320314"}}
	{"id":1320314,"type":"sell","buyer":"nastyforce","seller":"muenchen","symbol":"SIM","quantity":"247.000","price":"0.00177000","timestamp":1628386128,"volume":"0.43719000","buyTxId":"fb555716b9a7da4bfbba0ab7a99d571d741de305","sellTxId":"ad8a680b115f5527b2a577b974ada728b78fba33"}
{"index": {"_index":"sim","_id":"1320317"}}
	{"id":1320317,"type":"sell","buyer":"pinkfloyd878","seller":"muenchen","symbol":"SIM","quantity":"621.000","price":"0.00176129","timestamp":1628386161,"volume":"1.09376109","buyTxId":"5aea38ed55d3bdf7c135fb2652f77da001dbb5e9","sellTxId":"42c69f723a228a931be6aac5a8a4039b647bf3ad"}
{"index": {"_index":"sim","_id":"1320318"}}
	{"id":1320318,"type":"sell","buyer":"jelly-cz","seller":"magascon","symbol":"SIM","quantity":"38040.732","price":"0.00176127","timestamp":1628386173,"volume":"67.00000005","buyTxId":"MM-P-9357206-56339798-3-34-0","sellTxId":"465800bb86c7a7c7c3e453ea133d300791745b35"}
{"index": {"_index":"sim","_id":"1320319"}}
	{"id":1320319,"type":"sell","buyer":"solovey6o2","seller":"magascon","symbol":"SIM","quantity":"10235.832","price":"0.00176125","timestamp":1628386173,"volume":"18.02785911","buyTxId":"06c408ac8998951a5e170bce9b179c03603f11ba","sellTxId":"465800bb86c7a7c7c3e453ea133d300791745b35"}
{"index": {"_index":"sim","_id":"1320320"}}
	{"id":1320320,"type":"sell","buyer":"pinkfloyd878","seller":"magascon","symbol":"SIM","quantity":"2500.000","price":"0.00176099","timestamp":1628386173,"volume":"4.40247500","buyTxId":"15573e9f05a5b2ffef17a0029895b4928defbb92","sellTxId":"465800bb86c7a7c7c3e453ea133d300791745b35"}
{"index": {"_index":"sim","_id":"1320321"}}
	{"id":1320321,"type":"sell","buyer":"pinkfloyd878","seller":"magascon","symbol":"SIM","quantity":"2000.000","price":"0.00176095","timestamp":1628386173,"volume":"3.52190000","buyTxId":"2e3e089d6f8b9025fec9d1921c3b7278d8ac483f","sellTxId":"465800bb86c7a7c7c3e453ea133d300791745b35"}
{"index": {"_index":"sim","_id":"1320322"}}
	{"id":1320322,"type":"sell","buyer":"d-pend","seller":"magascon","symbol":"SIM","quantity":"12610.482","price":"0.00176000","timestamp":1628386173,"volume":"22.19444832","buyTxId":"ef1da5c7c2d9975696090efd3d0d1d7b3f038c0d","sellTxId":"465800bb86c7a7c7c3e453ea133d300791745b35"}
{"index": {"_index":"sim","_id":"1320323"}}
	{"id":1320323,"type":"sell","buyer":"notaboutme","seller":"magascon","symbol":"SIM","quantity":"2209.806","price":"0.00175000","timestamp":1628386173,"volume":"3.86716050","buyTxId":"524a5b6d93af11a134961bd467e9ab8b8b4e282b","sellTxId":"465800bb86c7a7c7c3e453ea133d300791745b35"}
{"index": {"_index":"sim","_id":"1320325"}}
	{"id":1320325,"type":"buy","buyer":"konvik","seller":"muenchen","symbol":"SIM","quantity":"15633.000","price":"0.00176127","timestamp":1628386185,"volume":"27.53393391","buyTxId":"cd5787ba54175ae8aa3320474d7499387f7aa783-0","sellTxId":"8e03fa86608b334dcd43cc6424502da7d8ed467e"}
{"index": {"_index":"sim","_id":"1320331"}}
	{"id":1320331,"type":"sell","buyer":"notaboutme","seller":"kiwibloke","symbol":"SIM","quantity":"511","price":"0.00175000","timestamp":1628386239,"volume":"0.89425000","buyTxId":"524a5b6d93af11a134961bd467e9ab8b8b4e282b","sellTxId":"16e485af46e25a55828a84c0b809226b53eca772"}
{"index": {"_index":"sim","_id":"1320332"}}
	{"id":1320332,"type":"buy","buyer":"emergehealthier","seller":"nftmart.fees","symbol":"SIM","quantity":"1.000","price":"0.00183999","timestamp":1628386284,"volume":"0.00183999","buyTxId":"648c4287eef5f46f44793e69967331833f9619fd","sellTxId":"6f743c7d8d0433b01c76a72362049c00b4738e71-0"}
{"index": {"_index":"sim","_id":"1320339"}}
	{"id":1320339,"type":"buy","buyer":"emergehealthier","seller":"nastyforce","symbol":"SIM","quantity":"700.000","price":"0.00184000","timestamp":1628386335,"volume":"1.28800000","buyTxId":"b7eabb063e583fd42358a84dea51f1e1a2399f1f","sellTxId":"212efdbad2447fa82e5c09ce1ed3c120df58025e"}
{"index": {"_index":"sim","_id":"1320342"}}
	{"id":1320342,"type":"buy","buyer":"petlore","seller":"nastyforce","symbol":"SIM","quantity":"1550.000","price":"0.00184000","timestamp":1628386401,"volume":"2.85200000","buyTxId":"507d50de20371b5ccc8096128278736502efbb6d","sellTxId":"212efdbad2447fa82e5c09ce1ed3c120df58025e"}
{"index": {"_index":"sim","_id":"1320358"}}
	{"id":1320358,"type":"sell","buyer":"petlore","seller":"bawltricka","symbol":"SIM","quantity":"50.000","price":"0.00184100","timestamp":1628386677,"volume":"0.09205000","buyTxId":"507d50de20371b5ccc8096128278736502efbb6d","sellTxId":"86bee136a055ef1d840cb1ad4f76b3b4906e2df3"}
{"index": {"_index":"sim","_id":"1320359"}}
	{"id":1320359,"type":"sell","buyer":"notaboutme","seller":"bawltricka","symbol":"SIM","quantity":"10.020","price":"0.00175000","timestamp":1628386677,"volume":"0.01753500","buyTxId":"524a5b6d93af11a134961bd467e9ab8b8b4e282b","sellTxId":"86bee136a055ef1d840cb1ad4f76b3b4906e2df3"}
{"index": {"_index":"sim","_id":"1320524"}}
	{"id":1320524,"type":"buy","buyer":"pinkfloyd878","seller":"nftmart.fees","symbol":"SIM","quantity":"1.000","price":"0.00185053","timestamp":1628390160,"volume":"0.00185053","buyTxId":"edc62e764cccb1e3a3892c1820462ff546d81f38","sellTxId":"fd8a24cf6b4aad40d86d2a51d8273a1cdd0df02c-0"}
{"index": {"_index":"sim","_id":"1320525"}}
	{"id":1320525,"type":"buy","buyer":"pinkfloyd878","seller":"dhedge-drips","symbol":"SIM","quantity":"2.927","price":"0.00185054","timestamp":1628390160,"volume":"0.00541653","buyTxId":"edc62e764cccb1e3a3892c1820462ff546d81f38","sellTxId":"6b75e26cee67b92acee8ce2d2c559358c7455941"}
{"index": {"_index":"sim","_id":"1320526"}}
	{"id":1320526,"type":"buy","buyer":"pinkfloyd878","seller":"solovey6o2","symbol":"SIM","quantity":"1.073","price":"0.00186697","timestamp":1628390160,"volume":"0.00200326","buyTxId":"edc62e764cccb1e3a3892c1820462ff546d81f38","sellTxId":"53903a63408a19df57729d78c3ad4d13c2aaec62"}
{"index": {"_index":"sim","_id":"1320528"}}
	{"id":1320528,"type":"sell","buyer":"pinkfloyd878","seller":"phoenixwren","symbol":"SIM","quantity":"0.124","price":"0.00176100","timestamp":1628390190,"volume":"0.00021836","buyTxId":"86a8a0e4d061a26e97d0a6a3f72f8861615bcc9a","sellTxId":"5b67a0455398c4ed3914df5577f55aa0ef403db4"}
{"index": {"_index":"sim","_id":"1320529"}}
	{"id":1320529,"type":"sell","buyer":"pinkfloyd878","seller":"imperij4427","symbol":"SIM","quantity":"1999.876","price":"0.00176100","timestamp":1628390250,"volume":"3.52178164","buyTxId":"86a8a0e4d061a26e97d0a6a3f72f8861615bcc9a","sellTxId":"103721875e15f3ab785e59c72ad9110c49327d38"}
{"index": {"_index":"sim","_id":"1320530"}}
	{"id":1320530,"type":"sell","buyer":"nastyforce","seller":"imperij4427","symbol":"SIM","quantity":"2352.000","price":"0.00176000","timestamp":1628390250,"volume":"4.13952000","buyTxId":"765160defc600535a67bac6f4b30c60dac4ba2a0","sellTxId":"103721875e15f3ab785e59c72ad9110c49327d38"}
{"index": {"_index":"sim","_id":"1320531"}}
	{"id":1320531,"type":"sell","buyer":"nastyforce","seller":"imperij4427","symbol":"SIM","quantity":"1137.000","price":"0.00176000","timestamp":1628390250,"volume":"2.00112000","buyTxId":"f37fdaeaca08bef90e03852e8e01215698392fd0","sellTxId":"103721875e15f3ab785e59c72ad9110c49327d38"}
{"index": {"_index":"sim","_id":"1320532"}}
	{"id":1320532,"type":"sell","buyer":"jelly-cz","seller":"imperij4427","symbol":"SIM","quantity":"19815.124","price":"0.00175003","timestamp":1628390250,"volume":"34.67706145","buyTxId":"MM-P-9358303-56340895-3-34-0","sellTxId":"103721875e15f3ab785e59c72ad9110c49327d38"}
{"index": {"_index":"sim","_id":"1320542"}}
	{"id":1320542,"type":"sell","buyer":"pinkfloyd878","seller":"libert","symbol":"SIM","quantity":"1000.000","price":"0.00175004","timestamp":1628390451,"volume":"1.75004000","buyTxId":"41278a0ea7b0110e79b4a08da7782e137b4e5a34","sellTxId":"9dae0fd93ed7b1d3eda62bf4dd408e6e73040f02"}
{"index": {"_index":"sim","_id":"1320543"}}
	{"id":1320543,"type":"sell","buyer":"jelly-cz","seller":"libert","symbol":"SIM","quantity":"13000.000","price":"0.00175003","timestamp":1628390451,"volume":"22.75039000","buyTxId":"MM-P-9358303-56340895-3-34-0","sellTxId":"9dae0fd93ed7b1d3eda62bf4dd408e6e73040f02"}
{"index": {"_index":"sim","_id":"1320559"}}
	{"id":1320559,"type":"buy","buyer":"teejays","seller":"solovey6o2","symbol":"SIM","quantity":"1.000","price":"0.00184999","timestamp":1628390862,"volume":"0.00184999","buyTxId":"cc0533518056d3ee1828586ba1b2d68d10da190b","sellTxId":"703b03f7b967cf01cdcccefed16d797c605aa791"}
{"index": {"_index":"sim","_id":"1320574"}}
	{"id":1320574,"type":"buy","buyer":"konvik","seller":"jywahaha","symbol":"SIM","quantity":"47147.000","price":"0.00182000","timestamp":1628391093,"volume":"85.80754000","buyTxId":"f66ea35cdbf640b859f9e6b765e31f4999ad69f8-0","sellTxId":"c1b6349df1886e73424a70ba1ba1f1c471380986"}
{"index": {"_index":"sim","_id":"1320575"}}
	{"id":1320575,"type":"sell","buyer":"konvik","seller":"libert","symbol":"SIM","quantity":"0.471","price":"0.00182000","timestamp":1628391096,"volume":"0.00085722","buyTxId":"f66ea35cdbf640b859f9e6b765e31f4999ad69f8-0","sellTxId":"e07cb0286805c38fdc687a794a9c10d43bf7cf42"}
{"index": {"_index":"sim","_id":"1320576"}}
	{"id":1320576,"type":"sell","buyer":"nastyforce","seller":"libert","symbol":"SIM","quantity":"386.000","price":"0.00176000","timestamp":1628391096,"volume":"0.67936000","buyTxId":"4fd45f1ecc3580d6c043b224fec1aa05afe42fc2","sellTxId":"e07cb0286805c38fdc687a794a9c10d43bf7cf42"}
{"index": {"_index":"sim","_id":"1320577"}}
	{"id":1320577,"type":"sell","buyer":"jelly-cz","seller":"libert","symbol":"SIM","quantity":"5469.934","price":"0.00175003","timestamp":1628391096,"volume":"9.57254860","buyTxId":"MM-P-9358303-56340895-3-34-0","sellTxId":"e07cb0286805c38fdc687a794a9c10d43bf7cf42"}
{"index": {"_index":"sim","_id":"1320578"}}
	{"id":1320578,"type":"sell","buyer":"notaboutme","seller":"libert","symbol":"SIM","quantity":"4143.595","price":"0.00175000","timestamp":1628391096,"volume":"7.25129125","buyTxId":"524a5b6d93af11a134961bd467e9ab8b8b4e282b","sellTxId":"e07cb0286805c38fdc687a794a9c10d43bf7cf42"}
{"index": {"_index":"sim","_id":"1320591"}}
	{"id":1320591,"type":"sell","buyer":"notaboutme","seller":"ericburgoyne","symbol":"SIM","quantity":"64.459","price":"0.00175000","timestamp":1628391210,"volume":"0.11280325","buyTxId":"524a5b6d93af11a134961bd467e9ab8b8b4e282b","sellTxId":"8bd86896951f2aa7efc0d9e6171ea6390dfec259"}
