{"index": {"_index":"sim","_id":"1374926"}}
	{"id":1374926,"type":"sell","buyer":"pi-trader","seller":"bitcoinflood","symbol":"SIM","quantity":"75.576","price":"0.00177778","timestamp":1629256371,"volume":"0.13435750","buyTxId":"2c27b9ad4f6f379754eec5fc3eb2ce6b392a5d74","sellTxId":"93cadd74c84865f66b9e04358e3da06a1801c89f"}
{"index": {"_index":"sim","_id":"1374937"}}
	{"id":1374937,"type":"sell","buyer":"pi-trader","seller":"theguruasia","symbol":"SIM","quantity":"173.962","price":"0.00177778","timestamp":1629256695,"volume":"0.30926616","buyTxId":"daf52084cd0134d432d93a54df5978c0d3f3bb3a-1","sellTxId":"abf450e312a5eedff18396af7dbcf568efa06ba9"}
{"index": {"_index":"sim","_id":"1374961"}}
	{"id":1374961,"type":"sell","buyer":"pi-trader","seller":"bigram13","symbol":"SIM","quantity":"5000.000","price":"0.00177778","timestamp":1629257154,"volume":"8.88890000","buyTxId":"74055138fb96ba02c3f47be1ed90fba951c5aebb-1","sellTxId":"f31c02db12f001cca2190fa3328d58f0e436908d"}
{"index": {"_index":"sim","_id":"1374962"}}
	{"id":1374962,"type":"sell","buyer":"master-lamps","seller":"bigram13","symbol":"SIM","quantity":"5723.662","price":"0.00177777","timestamp":1629257154,"volume":"10.17535459","buyTxId":"04cada013cf77c7cd6345b9066d28679050c3bec","sellTxId":"f31c02db12f001cca2190fa3328d58f0e436908d"}
{"index": {"_index":"sim","_id":"1374963"}}
	{"id":1374963,"type":"sell","buyer":"master-lamps","seller":"bigram13","symbol":"SIM","quantity":"232.622","price":"0.00177777","timestamp":1629257154,"volume":"0.41354841","buyTxId":"cd286e00dcaa12886711aaac0ff1900afb0e16cf","sellTxId":"f31c02db12f001cca2190fa3328d58f0e436908d"}
{"index": {"_index":"sim","_id":"1374964"}}
	{"id":1374964,"type":"sell","buyer":"solovey6o2","seller":"bigram13","symbol":"SIM","quantity":"12443.716","price":"0.00177001","timestamp":1629257154,"volume":"22.02550176","buyTxId":"bc3a8cdf21a44533e0e908eff60a986d6bd932b0","sellTxId":"f31c02db12f001cca2190fa3328d58f0e436908d"}
{"index": {"_index":"sim","_id":"1375018"}}
	{"id":1375018,"type":"sell","buyer":"pi-trader","seller":"bwar","symbol":"SIM","quantity":"5000.000","price":"0.00178401","timestamp":1629258732,"volume":"8.92005000","buyTxId":"7e9e2226f3c5b6b0f6a6b7d96117852a397be09e-1","sellTxId":"340327ead9d2f54b5554231c2e9a0527e4cf8fcf"}
{"index": {"_index":"sim","_id":"1375019"}}
	{"id":1375019,"type":"sell","buyer":"videobooster","seller":"bwar","symbol":"SIM","quantity":"400.000","price":"0.00178400","timestamp":1629258732,"volume":"0.71360000","buyTxId":"6b75e4a38acaf3f6466e58eeeb60faecda3239d2","sellTxId":"340327ead9d2f54b5554231c2e9a0527e4cf8fcf"}
{"index": {"_index":"sim","_id":"1375020"}}
	{"id":1375020,"type":"sell","buyer":"videobooster","seller":"bwar","symbol":"SIM","quantity":"400.000","price":"0.00178400","timestamp":1629258732,"volume":"0.71360000","buyTxId":"5084ed3c4ec161e7aae401089b6ba284ab713ce7","sellTxId":"340327ead9d2f54b5554231c2e9a0527e4cf8fcf"}
{"index": {"_index":"sim","_id":"1375021"}}
	{"id":1375021,"type":"sell","buyer":"videobooster","seller":"bwar","symbol":"SIM","quantity":"1000.000","price":"0.00178000","timestamp":1629258732,"volume":"1.78000000","buyTxId":"e3c7f9d067f8a505d6db6bf12e18b281354063f9","sellTxId":"340327ead9d2f54b5554231c2e9a0527e4cf8fcf"}
{"index": {"_index":"sim","_id":"1375022"}}
	{"id":1375022,"type":"sell","buyer":"solovey6o2","seller":"bwar","symbol":"SIM","quantity":"18619.136","price":"0.00177001","timestamp":1629258732,"volume":"32.95605691","buyTxId":"bc3a8cdf21a44533e0e908eff60a986d6bd932b0","sellTxId":"340327ead9d2f54b5554231c2e9a0527e4cf8fcf"}
{"index": {"_index":"sim","_id":"1375024"}}
	{"id":1375024,"type":"buy","buyer":"themanwithnoname","seller":"videobooster","symbol":"SIM","quantity":"1000.000","price":"0.00235000","timestamp":1629258780,"volume":"2.35000000","buyTxId":"7be0f84e357a89e3be76ec6c5b83b8ca96cdc71a","sellTxId":"8b5ac2cdcda723900c4777df6170a3e186a563c5"}
{"index": {"_index":"sim","_id":"1375074"}}
	{"id":1375074,"type":"buy","buyer":"nastyforce","seller":"nftmart.fees","symbol":"SIM","quantity":"4.000","price":"0.00234999","timestamp":1629259770,"volume":"0.00939996","buyTxId":"b4876f4f70ad0ecb4012729b43e38482965d1158","sellTxId":"8bccc884c47eda62ae272dd3dd85452794c67143-0"}
{"index": {"_index":"sim","_id":"1375075"}}
	{"id":1375075,"type":"buy","buyer":"nastyforce","seller":"videobooster","symbol":"SIM","quantity":"8000.000","price":"0.00235000","timestamp":1629259833,"volume":"18.80000000","buyTxId":"30489053ddcf87e26ff1faf5660c1b2d4edd91f8","sellTxId":"8b5ac2cdcda723900c4777df6170a3e186a563c5"}
{"index": {"_index":"sim","_id":"1375081"}}
	{"id":1375081,"type":"sell","buyer":"pi-trader","seller":"bwar","symbol":"SIM","quantity":"5000.000","price":"0.00178001","timestamp":1629259893,"volume":"8.90005000","buyTxId":"f6f83e27b173e9c89b9add77b8e79eafdadd3fde-1","sellTxId":"f472520fdf0d80a52c8d2c6ffc040856457fc83f"}
{"index": {"_index":"sim","_id":"1375082"}}
	{"id":1375082,"type":"sell","buyer":"videobooster","seller":"bwar","symbol":"SIM","quantity":"400.000","price":"0.00178000","timestamp":1629259893,"volume":"0.71200000","buyTxId":"caa8a8eb62061c83a634d544e524499f15d289b0","sellTxId":"f472520fdf0d80a52c8d2c6ffc040856457fc83f"}
{"index": {"_index":"sim","_id":"1375083"}}
	{"id":1375083,"type":"sell","buyer":"videobooster","seller":"bwar","symbol":"SIM","quantity":"400.000","price":"0.00178000","timestamp":1629259893,"volume":"0.71200000","buyTxId":"a70c2b209dd311bb3ee32b09f0ee30d8b7cb1b26","sellTxId":"f472520fdf0d80a52c8d2c6ffc040856457fc83f"}
{"index": {"_index":"sim","_id":"1375084"}}
	{"id":1375084,"type":"sell","buyer":"videobooster","seller":"bwar","symbol":"SIM","quantity":"3000.000","price":"0.00178000","timestamp":1629259893,"volume":"5.34000000","buyTxId":"1b3a1795f1a52d6fa5aa571c1fc3749b9b4e0cc0","sellTxId":"f472520fdf0d80a52c8d2c6ffc040856457fc83f"}
{"index": {"_index":"sim","_id":"1375085"}}
	{"id":1375085,"type":"sell","buyer":"solovey6o2","seller":"bwar","symbol":"SIM","quantity":"38505.493","price":"0.00177001","timestamp":1629259893,"volume":"68.15510766","buyTxId":"bc3a8cdf21a44533e0e908eff60a986d6bd932b0","sellTxId":"f472520fdf0d80a52c8d2c6ffc040856457fc83f"}
{"index": {"_index":"sim","_id":"1375098"}}
	{"id":1375098,"type":"sell","buyer":"pi-trader","seller":"brofi-market","symbol":"SIM","quantity":"140.232","price":"0.00177002","timestamp":1629260052,"volume":"0.24821344","buyTxId":"50396fb1e44a8ae527d4d7c1754980d7de907d82","sellTxId":"939d5ba439f252da046efcc9dd8978a66855c75c"}
{"index": {"_index":"sim","_id":"1375168"}}
	{"id":1375168,"type":"buy","buyer":"ashesrisen","seller":"nftmart.fees","symbol":"SIM","quantity":"4.000","price":"0.00229999","timestamp":1629261339,"volume":"0.00919996","buyTxId":"376a125b5b1ea30efdfbd02d229ca4c4d7e84a3e","sellTxId":"874220acfc388782f34106372dd10e2c7616d620-0"}
{"index": {"_index":"sim","_id":"1375169"}}
	{"id":1375169,"type":"sell","buyer":"ashesrisen","seller":"konvik","symbol":"SIM","quantity":"19976.203","price":"0.00229999","timestamp":1629261342,"volume":"45.94506714","buyTxId":"376a125b5b1ea30efdfbd02d229ca4c4d7e84a3e","sellTxId":"1bf977996e94a9849ce10b52d523b2b923ff39c5-1"}
{"index": {"_index":"sim","_id":"1375193"}}
	{"id":1375193,"type":"sell","buyer":"ashesrisen","seller":"nftmart.fees","symbol":"SIM","quantity":"4.000","price":"0.00229999","timestamp":1629261603,"volume":"0.00919996","buyTxId":"376a125b5b1ea30efdfbd02d229ca4c4d7e84a3e","sellTxId":"7da399da49d4c7e5c06bfe7447de9afee7977024-0"}
{"index": {"_index":"sim","_id":"1375284"}}
	{"id":1375284,"type":"sell","buyer":"ashesrisen","seller":"nftmart.fees","symbol":"SIM","quantity":"3.000","price":"0.00229999","timestamp":1629262803,"volume":"0.00689997","buyTxId":"376a125b5b1ea30efdfbd02d229ca4c4d7e84a3e","sellTxId":"2a381b90b95a6ddbcce1f92734d8191cd486e11e-0"}
{"index": {"_index":"sim","_id":"1375348"}}
	{"id":1375348,"type":"buy","buyer":"eythorphoto","seller":"joshh71390","symbol":"SIM","quantity":"800.000","price":"0.00230000","timestamp":1629263490,"volume":"1.84000000","buyTxId":"dee9829f39e2160302be06a7216755c8c19cc885","sellTxId":"57acf915c394410be214eaed80d16a5a20a5b9ba"}
{"index": {"_index":"sim","_id":"1375353"}}
	{"id":1375353,"type":"buy","buyer":"eythorphoto","seller":"videobooster","symbol":"SIM","quantity":"1000.000","price":"0.00235000","timestamp":1629263532,"volume":"2.35000000","buyTxId":"fa9f5ef7fd54c39eb637f2275591df0159c644bd","sellTxId":"8b5ac2cdcda723900c4777df6170a3e186a563c5"}
{"index": {"_index":"sim","_id":"1375354"}}
	{"id":1375354,"type":"buy","buyer":"eythorphoto","seller":"brofi-market","symbol":"SIM","quantity":"140.232","price":"0.00235000","timestamp":1629263532,"volume":"0.32954520","buyTxId":"fa9f5ef7fd54c39eb637f2275591df0159c644bd","sellTxId":"40e553ba36dfadddc4287f00490aea0562a33694"}
{"index": {"_index":"sim","_id":"1375355"}}
	{"id":1375355,"type":"buy","buyer":"eythorphoto","seller":"master-lamps","symbol":"SIM","quantity":"5956.284","price":"0.00238997","timestamp":1629263532,"volume":"14.23534007","buyTxId":"fa9f5ef7fd54c39eb637f2275591df0159c644bd","sellTxId":"7ee188c579d202651afb7398cf39ea9a24e6f1ec"}
{"index": {"_index":"sim","_id":"1375356"}}
	{"id":1375356,"type":"buy","buyer":"eythorphoto","seller":"master-lamps","symbol":"SIM","quantity":"6433.566","price":"0.00238999","timestamp":1629263532,"volume":"15.37615840","buyTxId":"fa9f5ef7fd54c39eb637f2275591df0159c644bd","sellTxId":"9a3555092ce9d8c021e4727e99128c7362cee8a3"}
{"index": {"_index":"sim","_id":"1375357"}}
	{"id":1375357,"type":"buy","buyer":"eythorphoto","seller":"solovey6o2","symbol":"SIM","quantity":"12443.717","price":"0.00238999","timestamp":1629263532,"volume":"29.74035919","buyTxId":"fa9f5ef7fd54c39eb637f2275591df0159c644bd","sellTxId":"5358b19c0f4b46822b74d3f3f84fc9bd96cbeee5"}
{"index": {"_index":"sim","_id":"1375358"}}
	{"id":1375358,"type":"buy","buyer":"eythorphoto","seller":"solovey6o2","symbol":"SIM","quantity":"26.201","price":"0.00238999","timestamp":1629263532,"volume":"0.06262013","buyTxId":"fa9f5ef7fd54c39eb637f2275591df0159c644bd","sellTxId":"dfc01cac3d9923ea0d828e048eeae125ade7b651"}
{"index": {"_index":"sim","_id":"1375376"}}
	{"id":1375376,"type":"buy","buyer":"eythorphoto","seller":"solovey6o2","symbol":"SIM","quantity":"1340.843","price":"0.00238999","timestamp":1629263862,"volume":"3.20460136","buyTxId":"3a9798bb6c4ed6827ed58510b04ec98ebcae8fe1","sellTxId":"dfc01cac3d9923ea0d828e048eeae125ade7b651"}
{"index": {"_index":"sim","_id":"1375378"}}
	{"id":1375378,"type":"sell","buyer":"ashesrisen","seller":"kaminchan","symbol":"SIM","quantity":"11.449","price":"0.00229999","timestamp":1629263904,"volume":"0.02633259","buyTxId":"376a125b5b1ea30efdfbd02d229ca4c4d7e84a3e","sellTxId":"95b90ee7d1540b07b96d6b3f64a7c3e623e7d187"}
{"index": {"_index":"sim","_id":"1375427"}}
	{"id":1375427,"type":"sell","buyer":"ashesrisen","seller":"theshaki","symbol":"SIM","quantity":"1.348","price":"0.00229999","timestamp":1629264780,"volume":"0.00310038","buyTxId":"376a125b5b1ea30efdfbd02d229ca4c4d7e84a3e","sellTxId":"d98c3f1a11533a1d7d3d0cecb6d4cd9cab77bd69"}
{"index": {"_index":"sim","_id":"1375436"}}
	{"id":1375436,"type":"sell","buyer":"pi-trader","seller":"thesimguru","symbol":"SIM","quantity":"1377.460","price":"0.00180001","timestamp":1629264924,"volume":"2.47944177","buyTxId":"64d76e65489321ce1dbe40ebfd48c8743be374ef","sellTxId":"7ac6145a1ae82cc1ffcde56b9bd7bda17aab08e1"}
{"index": {"_index":"sim","_id":"1375489"}}
	{"id":1375489,"type":"buy","buyer":"konvik","seller":"looftee","symbol":"SIM","quantity":"14588.000","price":"0.00225000","timestamp":1629266040,"volume":"32.82300000","buyTxId":"28aaf955d21f87a56dbf15c7f21241521ec11ec5-0","sellTxId":"f29b06cab84fe13a2a58ee260fde600151ed8d12"}
{"index": {"_index":"sim","_id":"1375555"}}
	{"id":1375555,"type":"sell","buyer":"pi-trader","seller":"japanguide","symbol":"SIM","quantity":"3250.070","price":"0.00205001","timestamp":1629267810,"volume":"6.66267600","buyTxId":"f9010cd0249d427a276b8d6a74ca31c312ccd0d8-1","sellTxId":"f6110a37d0fc8de92954bea6a77756a6a80b6344"}
{"index": {"_index":"sim","_id":"1375557"}}
	{"id":1375557,"type":"sell","buyer":"pi-trader","seller":"mapac","symbol":"SIM","quantity":"888.000","price":"0.00205001","timestamp":1629267891,"volume":"1.82040888","buyTxId":"372b0e15365251ae863f57709856a0a491d41892-1","sellTxId":"13b1b397a9a75c0b709a14b8ea46ae323669ac8d"}
{"index": {"_index":"sim","_id":"1375580"}}
	{"id":1375580,"type":"buy","buyer":"mapac","seller":"joshh71390","symbol":"SIM","quantity":"100.000","price":"0.00225000","timestamp":1629268392,"volume":"0.22500000","buyTxId":"e9cb25d45a9d5a82afd664c916a462f2630b8058","sellTxId":"e352b6fabe1ceee68579733e6326a31b34a794f1"}
{"index": {"_index":"sim","_id":"1375644"}}
	{"id":1375644,"type":"sell","buyer":"pi-trader","seller":"muenchen","symbol":"SIM","quantity":"2000.000","price":"0.00205001","timestamp":1629269094,"volume":"4.10002000","buyTxId":"785072018c97518758fbb4cd826d4141892f2952-1","sellTxId":"3f2f9da9f186c13e7cb85586e1572ae837a19694"}
{"index": {"_index":"sim","_id":"1375646"}}
	{"id":1375646,"type":"sell","buyer":"pi-trader","seller":"muenchen","symbol":"SIM","quantity":"3000.000","price":"0.00205001","timestamp":1629269112,"volume":"6.15003000","buyTxId":"785072018c97518758fbb4cd826d4141892f2952-1","sellTxId":"07760a88c8435c6a228f98d7171cbb1ab614642a"}
{"index": {"_index":"sim","_id":"1375647"}}
	{"id":1375647,"type":"buy","buyer":"konvik","seller":"muenchen","symbol":"SIM","quantity":"2000.000","price":"0.00205001","timestamp":1629269115,"volume":"4.10002000","buyTxId":"a81b9f92393150f4bd78ffa90dabb31b9f74c36f-0","sellTxId":"07760a88c8435c6a228f98d7171cbb1ab614642a"}
{"index": {"_index":"sim","_id":"1375648"}}
	{"id":1375648,"type":"sell","buyer":"pi-trader","seller":"dhedge-drips","symbol":"SIM","quantity":"13.078","price":"0.00205001","timestamp":1629269127,"volume":"0.02681003","buyTxId":"046491bce9d49e998859d0f0e4c5826ed9896832","sellTxId":"5cf3044c3cfea00d1ce4512c0007458f4a19435d"}
{"index": {"_index":"sim","_id":"1375652"}}
	{"id":1375652,"type":"sell","buyer":"pi-trader","seller":"muenchen","symbol":"SIM","quantity":"4986.922","price":"0.00205001","timestamp":1629269154,"volume":"10.22323997","buyTxId":"046491bce9d49e998859d0f0e4c5826ed9896832","sellTxId":"246b02a5081cf1054818b2a2a07d045f4e9e08c7"}
{"index": {"_index":"sim","_id":"1375655"}}
	{"id":1375655,"type":"buy","buyer":"pi-trader","seller":"muenchen","symbol":"SIM","quantity":"513.097","price":"0.00205001","timestamp":1629269166,"volume":"1.05185398","buyTxId":"ef6947aad9d3f15e77cd7c73b3e2bb2374ecbf8e","sellTxId":"246b02a5081cf1054818b2a2a07d045f4e9e08c7"}
{"index": {"_index":"sim","_id":"1375661"}}
	{"id":1375661,"type":"sell","buyer":"pi-trader","seller":"muenchen","symbol":"SIM","quantity":"4486.903","price":"0.00205001","timestamp":1629269211,"volume":"9.19819602","buyTxId":"319ad0e5be81758aa759143f3f76519300c444c9-1","sellTxId":"fad861c52be75d20360c8321d92ea83e31848f44"}
{"index": {"_index":"sim","_id":"1375665"}}
	{"id":1375665,"type":"sell","buyer":"pi-trader","seller":"muenchen","symbol":"SIM","quantity":"513.097","price":"0.00205001","timestamp":1629269235,"volume":"1.05185398","buyTxId":"319ad0e5be81758aa759143f3f76519300c444c9-1","sellTxId":"fe49a38e8e567edc37e6b63be063304710f5e79e"}
{"index": {"_index":"sim","_id":"1375670"}}
	{"id":1375670,"type":"sell","buyer":"pi-trader","seller":"muenchen","symbol":"SIM","quantity":"1500.000","price":"0.00205001","timestamp":1629269256,"volume":"3.07501500","buyTxId":"b2f2938819aaf372346e34dab68d070a3b9c4a05-1","sellTxId":"f8b06f3a06a38f6b01f04eb5ce72a86ea06c449a"}
{"index": {"_index":"sim","_id":"1375673"}}
	{"id":1375673,"type":"sell","buyer":"pi-trader","seller":"muenchen","symbol":"SIM","quantity":"3500.000","price":"0.00205001","timestamp":1629269280,"volume":"7.17503500","buyTxId":"196b21aa0185eeb0c4e17008921abfc6b57984c2-1","sellTxId":"a3c3234cfd4efa6c30a848f300a556cc41f8a389"}
{"index": {"_index":"sim","_id":"1375675"}}
	{"id":1375675,"type":"sell","buyer":"pi-trader","seller":"muenchen","symbol":"SIM","quantity":"1500.000","price":"0.00205001","timestamp":1629269298,"volume":"3.07501500","buyTxId":"196b21aa0185eeb0c4e17008921abfc6b57984c2-1","sellTxId":"0a5277bb59506925aada58cb091dd97932e7c24e"}
{"index": {"_index":"sim","_id":"1375676"}}
	{"id":1375676,"type":"buy","buyer":"konvik","seller":"muenchen","symbol":"SIM","quantity":"1500.000","price":"0.00205001","timestamp":1629269301,"volume":"3.07501500","buyTxId":"5421af0c14f415e11b5c497f61519c6485f281f6-0","sellTxId":"0a5277bb59506925aada58cb091dd97932e7c24e"}
{"index": {"_index":"sim","_id":"1375679"}}
	{"id":1375679,"type":"sell","buyer":"pi-trader","seller":"muenchen","symbol":"SIM","quantity":"0.014","price":"0.00205001","timestamp":1629269322,"volume":"0.00002870","buyTxId":"98c65614bec18459644d0eeaf7086e50da47f1cc","sellTxId":"2e0e61ee48387954f45fb9d63443aefba3ff7366"}
{"index": {"_index":"sim","_id":"1375680"}}
	{"id":1375680,"type":"sell","buyer":"pi-trader","seller":"muenchen","symbol":"SIM","quantity":"4999.986","price":"0.00205001","timestamp":1629269349,"volume":"10.25002130","buyTxId":"98c65614bec18459644d0eeaf7086e50da47f1cc","sellTxId":"389ad9e4d1ed517d6e98c17d668e07d630c7d211"}
{"index": {"_index":"sim","_id":"1375682"}}
	{"id":1375682,"type":"sell","buyer":"pi-trader","seller":"muenchen","symbol":"SIM","quantity":"5000.000","price":"0.00205001","timestamp":1629269370,"volume":"10.25005000","buyTxId":"3e74a074bcd87a7d2483cffefc72cf751e11040a-1","sellTxId":"09adabf065c957397b90a09fc7ac281438a85dc9"}
{"index": {"_index":"sim","_id":"1375684"}}
	{"id":1375684,"type":"sell","buyer":"pi-trader","seller":"muenchen","symbol":"SIM","quantity":"1500.000","price":"0.00205001","timestamp":1629269394,"volume":"3.07501500","buyTxId":"0f9a98e88e1b572943f74ed7557f8397799f6a1d","sellTxId":"93fe591d42e452754dec421714bff723cc33d66c"}
{"index": {"_index":"sim","_id":"1375688"}}
	{"id":1375688,"type":"sell","buyer":"pi-trader","seller":"muenchen","symbol":"SIM","quantity":"2695.981","price":"0.00205001","timestamp":1629269454,"volume":"5.52678801","buyTxId":"467f7419496e0f8c45f7a6dfb410111a9b6a56b1-1","sellTxId":"4dc493199b01f7381344945472ddd50fefb2a650"}
{"index": {"_index":"sim","_id":"1375726"}}
	{"id":1375726,"type":"buy","buyer":"konvik","seller":"atomcollector","symbol":"SIM","quantity":"5573.000","price":"0.00224000","timestamp":1629270042,"volume":"12.48352000","buyTxId":"5fa21f8aed959588677d296c7bc0f644896b3875-0","sellTxId":"b9478e57584759e3bc23d8c42696c4024d893cbe"}
{"index": {"_index":"sim","_id":"1375746"}}
	{"id":1375746,"type":"buy","buyer":"konvik","seller":"jywahaha","symbol":"SIM","quantity":"50464.000","price":"0.00224000","timestamp":1629270357,"volume":"113.03936000","buyTxId":"31e854b1aaf74b62bc5566e6b55c731aa2dc3e8c-0","sellTxId":"f1369e0bc029112ab089aa0aa5478b7fecad0def"}
{"index": {"_index":"sim","_id":"1375860"}}
	{"id":1375860,"type":"sell","buyer":"pi-trader","seller":"innyc","symbol":"SIM","quantity":"1113.920","price":"0.00205001","timestamp":1629272853,"volume":"2.28354714","buyTxId":"02e64774e3ab17a21642bfea08b347978d502ce9-1","sellTxId":"2b75f44477589fc4f5ec43a1adb4317d3ea8313b"}
{"index": {"_index":"sim","_id":"1375914"}}
	{"id":1375914,"type":"sell","buyer":"pi-trader","seller":"ayhamyou","symbol":"SIM","quantity":"4769.000","price":"0.00205001","timestamp":1629274080,"volume":"9.77649769","buyTxId":"227f9648740a9d03ba9d4e46d5d9cac6330b655b-1","sellTxId":"2082e1aa133964ce1069b625cf5044fd22614711"}
{"index": {"_index":"sim","_id":"1375921"}}
	{"id":1375921,"type":"sell","buyer":"pi-trader","seller":"brofi-market","symbol":"SIM","quantity":"0.001","price":"0.00205001","timestamp":1629274143,"volume":"0.00000205","buyTxId":"8a9c4eeeba66fd5d2e9e5c3b24d6bf40d2b447f5-1","sellTxId":"89b33c1ae24ae723e89034751756bda56c3e59ff"}
{"index": {"_index":"sim","_id":"1375969"}}
	{"id":1375969,"type":"buy","buyer":"stickupmusic","seller":"nftmart.fees","symbol":"SIM","quantity":"8.000","price":"0.00209998","timestamp":1629275106,"volume":"0.01679984","buyTxId":"81f8449645fdfc43662ead504ab5fb380804ccf4","sellTxId":"658deb855e69ef084a22700aef04d7f6e8578cef-0"}
{"index": {"_index":"sim","_id":"1375971"}}
	{"id":1375971,"type":"buy","buyer":"pi-trader","seller":"brofi-market","symbol":"SIM","quantity":"0.001","price":"0.00209999","timestamp":1629275118,"volume":"0.00000210","buyTxId":"4dec3f4ddb876d13d9afb87089efa6f097209fcb-1","sellTxId":"9bb3a5066eaee7be9003f7b00d9846dde1c59ea7"}
{"index": {"_index":"sim","_id":"1376018"}}
	{"id":1376018,"type":"sell","buyer":"pi-trader","seller":"nftmart.fees","symbol":"SIM","quantity":"7.000","price":"0.00209999","timestamp":1629276003,"volume":"0.01469993","buyTxId":"027bb491c1ea8ca4d6fce943bea02e5fcd832282-1","sellTxId":"d6d39bf4e1469230eea3df1ea4a5002fb2df56d5-0"}
{"index": {"_index":"sim","_id":"1376063"}}
	{"id":1376063,"type":"sell","buyer":"pi-trader","seller":"digital-fortress","symbol":"SIM","quantity":"0.008","price":"0.00209999","timestamp":1629276756,"volume":"0.00001680","buyTxId":"68e6a60f20fa13a2d060f1d2f0e3d629494ae1d1-1","sellTxId":"da80aa99a8e477939339aae6a6d0f9e257c79122"}
{"index": {"_index":"sim","_id":"1376101"}}
	{"id":1376101,"type":"sell","buyer":"pi-trader","seller":"nftmart.fees","symbol":"SIM","quantity":"6.000","price":"0.00209999","timestamp":1629277203,"volume":"0.01259994","buyTxId":"af3e39c148d1d36378889a6695e56c9a9e97e3e9-1","sellTxId":"05552949fd65a44b250a7defe018d42b842b4436-0"}
{"index": {"_index":"sim","_id":"1376118"}}
	{"id":1376118,"type":"buy","buyer":"jacques0829","seller":"godfish","symbol":"SIM","quantity":"118.252","price":"0.00210000","timestamp":1629277500,"volume":"0.24832920","buyTxId":"66ddb42e297b2a11473231285d9d01e391bf2833","sellTxId":"703e73544e627f249d501b85df1f137b431276b3"}
{"index": {"_index":"sim","_id":"1376119"}}
	{"id":1376119,"type":"buy","buyer":"jacques0829","seller":"algotraderx","symbol":"SIM","quantity":"38.000","price":"0.00210000","timestamp":1629277500,"volume":"0.07980000","buyTxId":"66ddb42e297b2a11473231285d9d01e391bf2833","sellTxId":"c3d10f73ea0885d15add66fc8b74d855d2a9d170"}
{"index": {"_index":"sim","_id":"1376145"}}
	{"id":1376145,"type":"buy","buyer":"konvik","seller":"rgondie","symbol":"SIM","quantity":"5000.000","price":"0.00210000","timestamp":1629277950,"volume":"10.50000000","buyTxId":"4ed187d104e38286dcaf3760f31701212ed32621-0","sellTxId":"6a92a21a8727452d5790e9734426aaaa6b667fa8"}
{"index": {"_index":"sim","_id":"1376152"}}
	{"id":1376152,"type":"buy","buyer":"konvik","seller":"rgondie","symbol":"SIM","quantity":"5000.000","price":"0.00210000","timestamp":1629278142,"volume":"10.50000000","buyTxId":"7cdf2b74e9f05714d69bdcd1d729a168a81a51e4-0","sellTxId":"b99325730dddcb389e96ab666d1d643103d1135f"}
{"index": {"_index":"sim","_id":"1376155"}}
	{"id":1376155,"type":"buy","buyer":"konvik","seller":"rgondie","symbol":"SIM","quantity":"5000.000","price":"0.00210000","timestamp":1629278193,"volume":"10.50000000","buyTxId":"26cd720c5eb037858b4e91b811582da00d4e0da8-0","sellTxId":"f3dcfa81babfd2836018e111bd02d3a68b1b1d2d"}
{"index": {"_index":"sim","_id":"1376158"}}
	{"id":1376158,"type":"buy","buyer":"konvik","seller":"rgondie","symbol":"SIM","quantity":"5000.000","price":"0.00210000","timestamp":1629278241,"volume":"10.50000000","buyTxId":"1a5fe4be111bb4e81c384a6359664455e5594b09-0","sellTxId":"10e945b29a6ddc445de23ea3f2f2eccb573e45c5"}
{"index": {"_index":"sim","_id":"1376160"}}
	{"id":1376160,"type":"buy","buyer":"konvik","seller":"rgondie","symbol":"SIM","quantity":"5000.000","price":"0.00210000","timestamp":1629278322,"volume":"10.50000000","buyTxId":"cccfe4c7a845be21960adfa0132919f91d11db15-0","sellTxId":"cd58227d0ed4751218a5e01ead64055f93bdcd92"}
{"index": {"_index":"sim","_id":"1376176"}}
	{"id":1376176,"type":"buy","buyer":"lulu-the-fizzgig","seller":"nftmart.fees","symbol":"SIM","quantity":"6.000","price":"0.00224998","timestamp":1629278532,"volume":"0.01349988","buyTxId":"77d2d7729f9b03555f18ceb17a006dfa6e91d500","sellTxId":"ca456299ae8dfac1a125f3ed2af844f8d798d23b-0"}
{"index": {"_index":"sim","_id":"1376192"}}
	{"id":1376192,"type":"buy","buyer":"ahmetay","seller":"dhedge-drips","symbol":"SIM","quantity":"13.078","price":"0.00224999","timestamp":1629278841,"volume":"0.02942537","buyTxId":"72e84cc9cdd4ba442c11591cd42b3958c740c62b","sellTxId":"3416f394ccd76305078803a5f185986d0375375a"}
{"index": {"_index":"sim","_id":"1376193"}}
	{"id":1376193,"type":"buy","buyer":"ahmetay","seller":"joshh71390","symbol":"SIM","quantity":"200.000","price":"0.00225000","timestamp":1629278841,"volume":"0.45000000","buyTxId":"72e84cc9cdd4ba442c11591cd42b3958c740c62b","sellTxId":"e352b6fabe1ceee68579733e6326a31b34a794f1"}
{"index": {"_index":"sim","_id":"1376194"}}
	{"id":1376194,"type":"buy","buyer":"ahmetay","seller":"theshaki","symbol":"SIM","quantity":"94.794","price":"0.00229999","timestamp":1629278841,"volume":"0.21802525","buyTxId":"72e84cc9cdd4ba442c11591cd42b3958c740c62b","sellTxId":"d98c3f1a11533a1d7d3d0cecb6d4cd9cab77bd69"}
{"index": {"_index":"sim","_id":"1376195"}}
	{"id":1376195,"type":"buy","buyer":"ahmetay","seller":"mapac","symbol":"SIM","quantity":"1256.000","price":"0.00230000","timestamp":1629278841,"volume":"2.88880000","buyTxId":"72e84cc9cdd4ba442c11591cd42b3958c740c62b","sellTxId":"0f4fcba898830598b709d62575c6eb2c93b317d5"}
{"index": {"_index":"sim","_id":"1376200"}}
	{"id":1376200,"type":"sell","buyer":"lulu-the-fizzgig","seller":"rgondie","symbol":"SIM","quantity":"0.950","price":"0.00224998","timestamp":1629278916,"volume":"0.00213748","buyTxId":"77d2d7729f9b03555f18ceb17a006dfa6e91d500","sellTxId":"90070d16174b58a51c92d6f97e8e03865075ff51"}
{"index": {"_index":"sim","_id":"1376201"}}
	{"id":1376201,"type":"sell","buyer":"stickupmusic","seller":"rgondie","symbol":"SIM","quantity":"2292.000","price":"0.00209998","timestamp":1629278916,"volume":"4.81315416","buyTxId":"81f8449645fdfc43662ead504ab5fb380804ccf4","sellTxId":"90070d16174b58a51c92d6f97e8e03865075ff51"}
{"index": {"_index":"sim","_id":"1376202"}}
	{"id":1376202,"type":"sell","buyer":"pinkfloyd878","seller":"rgondie","symbol":"SIM","quantity":"250.000","price":"0.00205002","timestamp":1629278916,"volume":"0.51250500","buyTxId":"9960187187465825754491e5d7c7a1a9248cea26","sellTxId":"90070d16174b58a51c92d6f97e8e03865075ff51"}
{"index": {"_index":"sim","_id":"1376203"}}
	{"id":1376203,"type":"sell","buyer":"joshh71390","seller":"rgondie","symbol":"SIM","quantity":"1500.000","price":"0.00205000","timestamp":1629278916,"volume":"3.07500000","buyTxId":"e99439b319d0a34afb1073a76cbdca1ae86933c2","sellTxId":"90070d16174b58a51c92d6f97e8e03865075ff51"}
{"index": {"_index":"sim","_id":"1376244"}}
	{"id":1376244,"type":"sell","buyer":"pi-trader","seller":"tsnaks","symbol":"SIM","quantity":"950.001","price":"0.00195001","timestamp":1629279516,"volume":"1.85251145","buyTxId":"bc8698c8fac78aa63a27f0d20193b499f51d8196","sellTxId":"0485c78d4df0796b3ff7bb0361da9bf2e73f5d55"}
{"index": {"_index":"sim","_id":"1376308"}}
	{"id":1376308,"type":"sell","buyer":"pi-trader","seller":"lightcaptured","symbol":"SIM","quantity":"1140.569","price":"0.00195001","timestamp":1629280599,"volume":"2.22412096","buyTxId":"1d6402f8f5ad58fd7267aea51eed63cf5744a888-1","sellTxId":"2e582a8ff9989b961cc1d60685546203290335b0"}
{"index": {"_index":"sim","_id":"1376321"}}
	{"id":1376321,"type":"sell","buyer":"pi-trader","seller":"rgondie","symbol":"SIM","quantity":"5000.000","price":"0.00195001","timestamp":1629280920,"volume":"9.75005000","buyTxId":"0148ada8f140f4f5d1bf070d07afeb51d5665cf0-1","sellTxId":"1cac29c5982aff1e4dcfed6d044f3712457e3c16"}
{"index": {"_index":"sim","_id":"1376322"}}
	{"id":1376322,"type":"sell","buyer":"joshh71390","seller":"rgondie","symbol":"SIM","quantity":"2000.000","price":"0.00195000","timestamp":1629280920,"volume":"3.90000000","buyTxId":"0e28e7bb77726c82bdf1187a3f22e9c325bd805a","sellTxId":"1cac29c5982aff1e4dcfed6d044f3712457e3c16"}
{"index": {"_index":"sim","_id":"1376388"}}
	{"id":1376388,"type":"buy","buyer":"elricmoonslayer","seller":"nftmart.fees","symbol":"SIM","quantity":"5.000","price":"0.00232999","timestamp":1629282267,"volume":"0.01164995","buyTxId":"b17d691344d92a9ac7116688e78235be66e77922","sellTxId":"6bd37be603b541292008528dda7df762841e21ca-0"}
{"index": {"_index":"sim","_id":"1376389"}}
	{"id":1376389,"type":"sell","buyer":"elricmoonslayer","seller":"konvik","symbol":"SIM","quantity":"2992.034","price":"0.00232999","timestamp":1629282270,"volume":"6.97140930","buyTxId":"b17d691344d92a9ac7116688e78235be66e77922","sellTxId":"11ac6792b77e37a5cae34b8909174122ac8a4779-1"}
{"index": {"_index":"sim","_id":"1376398"}}
	{"id":1376398,"type":"buy","buyer":"elricmoonslayer","seller":"rgondie","symbol":"SIM","quantity":"800.000","price":"0.00233000","timestamp":1629282483,"volume":"1.86400000","buyTxId":"5a0293a5e731a3c225dbe18d006c11efee2704c1","sellTxId":"7bdff2364a401b0d33531235824cb4b6f729742e"}
{"index": {"_index":"sim","_id":"1376434"}}
	{"id":1376434,"type":"sell","buyer":"elricmoonslayer","seller":"elricmoonslayer","symbol":"SIM","quantity":"2.966","price":"0.00232999","timestamp":1629282924,"volume":"0.00691075","buyTxId":"b17d691344d92a9ac7116688e78235be66e77922","sellTxId":"8c46208181697f739f5e5ef93765ecde92e66e70"}
{"index": {"_index":"sim","_id":"1376473"}}
	{"id":1376473,"type":"buy","buyer":"he-index","seller":"nftmart.fees","symbol":"SIM","quantity":"4.000","price":"0.00232998","timestamp":1629283236,"volume":"0.00931992","buyTxId":"d9820f62b3540625bafbd75227dc942632d1c255","sellTxId":"907ff67facc26620c843736d1d28ca36c6f67859-0"}
{"index": {"_index":"sim","_id":"1376474"}}
	{"id":1376474,"type":"buy","buyer":"he-index","seller":"elricmoonslayer","symbol":"SIM","quantity":"194.284","price":"0.00232999","timestamp":1629283236,"volume":"0.45267978","buyTxId":"d9820f62b3540625bafbd75227dc942632d1c255","sellTxId":"8c46208181697f739f5e5ef93765ecde92e66e70"}
{"index": {"_index":"sim","_id":"1376557"}}
	{"id":1376557,"type":"sell","buyer":"pi-trader","seller":"anosys","symbol":"SIM","quantity":"155.078","price":"0.00190001","timestamp":1629284820,"volume":"0.29464975","buyTxId":"ba6702c5cfa0c9f15a6ab53ee78e6d0ea302e80d","sellTxId":"40e6bb9e9ac9abad181735fbff88f7e2ec5a02b3"}
{"index": {"_index":"sim","_id":"1376563"}}
	{"id":1376563,"type":"sell","buyer":"pi-trader","seller":"elricmoonslayer","symbol":"SIM","quantity":"743.750","price":"0.00190001","timestamp":1629284997,"volume":"1.41313244","buyTxId":"077942f43c89baed342c516cae3198b04cadabda-1","sellTxId":"8220a8ff322af415047cda4784b37ecec24fe0c0"}
{"index": {"_index":"sim","_id":"1376583"}}
	{"id":1376583,"type":"sell","buyer":"pi-trader","seller":"chireerocks","symbol":"SIM","quantity":"69.762","price":"0.00190003","timestamp":1629285291,"volume":"0.13254989","buyTxId":"d16e103fe7f40df1554c2338a50e0363ea6825cd-1","sellTxId":"12893ce1d39121903d2b0caba67222c74d380cf1"}
{"index": {"_index":"sim","_id":"1376588"}}
	{"id":1376588,"type":"buy","buyer":"konvik","seller":"jywahaha","symbol":"SIM","quantity":"42103.050","price":"0.00223000","timestamp":1629285402,"volume":"93.88980150","buyTxId":"2e9e689d70f8aa2b7e84722dccffc3477c78bd5d-0","sellTxId":"6df55808a39f59489e6a3b3ca5866bc605b019c4"}
{"index": {"_index":"sim","_id":"1376710"}}
	{"id":1376710,"type":"sell","buyer":"pi-trader","seller":"tonytrillions","symbol":"SIM","quantity":"0.002","price":"0.00190001","timestamp":1629287166,"volume":"0.00000380","buyTxId":"d12a39a192b72081ee8b7c4d2c3300f52b59763b-1","sellTxId":"47fd2f2c14f1b08bbca2dae2ae53ab1712a5892b"}
{"index": {"_index":"sim","_id":"1376717"}}
	{"id":1376717,"type":"sell","buyer":"pi-trader","seller":"andy4475","symbol":"SIM","quantity":"70.567","price":"0.00190001","timestamp":1629287271,"volume":"0.13407801","buyTxId":"d2d0393af6a7a652f2f99713beae425fd44e0496-1","sellTxId":"6c2341dbae261cadaa36914580409e3d5aed5c0f"}
{"index": {"_index":"sim","_id":"1376723"}}
	{"id":1376723,"type":"sell","buyer":"pi-trader","seller":"topdollar001","symbol":"SIM","quantity":"1553","price":"0.00190001","timestamp":1629287346,"volume":"2.95071553","buyTxId":"31d7fa3e0d26800df9ccefce26ed783ccfd1afee-1","sellTxId":"19da9c3e5b117d863992f4de8595291c1c936bb4"}
{"index": {"_index":"sim","_id":"1376807"}}
	{"id":1376807,"type":"sell","buyer":"pi-trader","seller":"brofi-market","symbol":"SIM","quantity":"0.002","price":"0.00190001","timestamp":1629288534,"volume":"0.00000380","buyTxId":"f3f13236f1438df62e1625ec7cced6405861c392-1","sellTxId":"cd6c8676c8ecbaf9c9cd62a758bb1c236f1e46dc"}
{"index": {"_index":"sim","_id":"1376857"}}
	{"id":1376857,"type":"sell","buyer":"pi-trader","seller":"discohedge","symbol":"SIM","quantity":"5000.000","price":"0.00190001","timestamp":1629289308,"volume":"9.50005000","buyTxId":"082fbd211968bfcc8e1f4a3b0ee5d5741a5d92b8-1","sellTxId":"2f784625710b0b41265d6290a1800cbb6b9de9c8"}
{"index": {"_index":"sim","_id":"1376858"}}
	{"id":1376858,"type":"sell","buyer":"joshh71390","seller":"discohedge","symbol":"SIM","quantity":"2000.000","price":"0.00190000","timestamp":1629289308,"volume":"3.80000000","buyTxId":"582a444a2a0afdd458759b16b23c89b760374849","sellTxId":"2f784625710b0b41265d6290a1800cbb6b9de9c8"}
{"index": {"_index":"sim","_id":"1376859"}}
	{"id":1376859,"type":"sell","buyer":"master-lamps","seller":"discohedge","symbol":"SIM","quantity":"16728.990","price":"0.00177005","timestamp":1629289308,"volume":"29.61114875","buyTxId":"417ce06f76c4b9fcb37cfeca5e5bab54307e1d9b","sellTxId":"2f784625710b0b41265d6290a1800cbb6b9de9c8"}
{"index": {"_index":"sim","_id":"1376860"}}
	{"id":1376860,"type":"sell","buyer":"solovey6o2","seller":"discohedge","symbol":"SIM","quantity":"30521.971","price":"0.00177001","timestamp":1629289308,"volume":"54.02419389","buyTxId":"bc3a8cdf21a44533e0e908eff60a986d6bd932b0","sellTxId":"2f784625710b0b41265d6290a1800cbb6b9de9c8"}
{"index": {"_index":"sim","_id":"1376943"}}
	{"id":1376943,"type":"buy","buyer":"qsett","seller":"tonytrillions","symbol":"SIM","quantity":"0.036","price":"0.00200001","timestamp":1629290082,"volume":"0.00007200","buyTxId":"30612afb50d3c200a80ddc54883cfec7c4df5641","sellTxId":"8997eadee331f2f262f5bf44eb38b1387c606831"}
{"index": {"_index":"sim","_id":"1376944"}}
	{"id":1376944,"type":"buy","buyer":"qsett","seller":"master-lamps","symbol":"SIM","quantity":"679.964","price":"0.00233999","timestamp":1629290082,"volume":"1.59110896","buyTxId":"30612afb50d3c200a80ddc54883cfec7c4df5641","sellTxId":"cb750738d052e8f5d2ee8e441ca71169cdda3696"}
{"index": {"_index":"sim","_id":"1376988"}}
	{"id":1376988,"type":"sell","buyer":"pi-trader","seller":"dhedge-drips","symbol":"SIM","quantity":"0.001","price":"0.00180001","timestamp":1629290718,"volume":"0.00000180","buyTxId":"c910ffe8a9bacc376034868df5159e1dd58e9c16-1","sellTxId":"61d814c03423ab7b762218bef009e9b8c4ece8e2"}
{"index": {"_index":"sim","_id":"1377050"}}
	{"id":1377050,"type":"sell","buyer":"pi-trader","seller":"pandygirl","symbol":"SIM","quantity":"5000.000","price":"0.00180001","timestamp":1629291486,"volume":"9.00005000","buyTxId":"3c8d7a7e0dd5fcfa706233e703591746152ef605-1","sellTxId":"f284585510d79c147f674f16777b7d6af7166e1a"}
{"index": {"_index":"sim","_id":"1377051"}}
	{"id":1377051,"type":"sell","buyer":"dalz","seller":"pandygirl","symbol":"SIM","quantity":"20000.000","price":"0.00180000","timestamp":1629291486,"volume":"36.00000000","buyTxId":"fffb0e7590170aabf2980557fb99c7b0ba71ac99","sellTxId":"f284585510d79c147f674f16777b7d6af7166e1a"}
{"index": {"_index":"sim","_id":"1377052"}}
	{"id":1377052,"type":"sell","buyer":"master-lamps","seller":"pandygirl","symbol":"SIM","quantity":"894.423","price":"0.00177900","timestamp":1629291486,"volume":"1.59117852","buyTxId":"8580d2d8ea46835243fc945bd36a217314d1190c","sellTxId":"f284585510d79c147f674f16777b7d6af7166e1a"}
{"index": {"_index":"sim","_id":"1377053"}}
	{"id":1377053,"type":"sell","buyer":"solovey6o2","seller":"pandygirl","symbol":"SIM","quantity":"2142.104","price":"0.00177001","timestamp":1629291486,"volume":"3.79154550","buyTxId":"bc3a8cdf21a44533e0e908eff60a986d6bd932b0","sellTxId":"f284585510d79c147f674f16777b7d6af7166e1a"}
{"index": {"_index":"sim","_id":"1377063"}}
	{"id":1377063,"type":"buy","buyer":"konvik","seller":"joshh71390","symbol":"SIM","quantity":"3000.000","price":"0.00220000","timestamp":1629291603,"volume":"6.60000000","buyTxId":"82f3ce0eef6b19ee76657a024183c9660f209db9-0","sellTxId":"0755a0dcba7d1d3fa910bb82d830ddd0ec4fecb8"}
{"index": {"_index":"sim","_id":"1377123"}}
	{"id":1377123,"type":"sell","buyer":"pi-trader","seller":"atongis","symbol":"SIM","quantity":"8.005","price":"0.00177002","timestamp":1629292266,"volume":"0.01416901","buyTxId":"4ec591915f24e20d71d7081e66fada30fea19cee","sellTxId":"b2d6d1ab99cb31fe3cb444a59ec4b4558ac4c134"}
{"index": {"_index":"sim","_id":"1377141"}}
	{"id":1377141,"type":"sell","buyer":"pi-trader","seller":"votebetting","symbol":"SIM","quantity":"129.907","price":"0.00177002","timestamp":1629292560,"volume":"0.22993799","buyTxId":"7e8458940c5e15f0ddafac1e32bc4502e5e882a1-1","sellTxId":"294b6ede0c29fa33cabcc4272792c67fbbc1c945"}
{"index": {"_index":"sim","_id":"1377501"}}
	{"id":1377501,"type":"buy","buyer":"konvik","seller":"shaktidas2020","symbol":"SIM","quantity":"73860.000","price":"0.00229900","timestamp":1629296631,"volume":"169.80414000","buyTxId":"ddb0592d7cd71e7a6a78f79af7117bf0daec1bf6-0","sellTxId":"2f59198bbe855221ee2dfd3cf4f1291eae1a679f"}
{"index": {"_index":"sim","_id":"1377544"}}
	{"id":1377544,"type":"buy","buyer":"shaktidas2020","seller":"nftmart.fees","symbol":"SIM","quantity":"0.210","price":"0.00233994","timestamp":1629297045,"volume":"0.00049139","buyTxId":"237aa78f7aa3ce5ef2ad639b9230cc6947284e8d","sellTxId":"2c6dddd975fde35c6301ea6cc1ede16f262fb54e-0"}
{"index": {"_index":"sim","_id":"1377570"}}
	{"id":1377570,"type":"buy","buyer":"konvik","seller":"videobooster","symbol":"SIM","quantity":"7000.000","price":"0.00229000","timestamp":1629297417,"volume":"16.03000000","buyTxId":"64f982052cf64f79f45ae08efed6c5dc4113aa2b-0","sellTxId":"176e33faba5562f924a2064aa293a2c8b59b3f9e"}
{"index": {"_index":"sim","_id":"1377578"}}
	{"id":1377578,"type":"buy","buyer":"konvik","seller":"videobooster","symbol":"SIM","quantity":"30000.000","price":"0.00229000","timestamp":1629297585,"volume":"68.70000000","buyTxId":"7c8f32f3c9ed799dcb36269d360b9a32380b4605-0","sellTxId":"a37e15dd869a0acce7b7c9ba0ef1adf364112534"}
{"index": {"_index":"sim","_id":"1377593"}}
	{"id":1377593,"type":"buy","buyer":"konvik","seller":"upali","symbol":"SIM","quantity":"38237.413","price":"0.00229000","timestamp":1629297750,"volume":"87.56367577","buyTxId":"1eebe17bb2b29acbc553717c29aa753ce1df4c0a-0","sellTxId":"f12f2e917279f171610f64b2698f835f0f1855af"}
{"index": {"_index":"sim","_id":"1377603"}}
	{"id":1377603,"type":"sell","buyer":"pi-trader","seller":"insaneworks","symbol":"SIM","quantity":"0.290","price":"0.00177008","timestamp":1629297954,"volume":"0.00051332","buyTxId":"7bce722c921f724a3f3ac333884aadf5ee11e289-1","sellTxId":"9bf9bc2cd83b05b108c115b48080389647697ac8"}
{"index": {"_index":"sim","_id":"1377605"}}
	{"id":1377605,"type":"sell","buyer":"pi-trader","seller":"kaeves4711","symbol":"SIM","quantity":"5000.000","price":"0.00177008","timestamp":1629298035,"volume":"8.85040000","buyTxId":"25920e0e758a2addbd489fe1330641c8f093b095-1","sellTxId":"fe12cc0943c19e3ab6e1212c522a7e22812ae1ac"}
{"index": {"_index":"sim","_id":"1377607"}}
	{"id":1377607,"type":"buy","buyer":"konvik","seller":"kaeves4711","symbol":"SIM","quantity":"4961.000","price":"0.00177008","timestamp":1629298038,"volume":"8.78136688","buyTxId":"8e89167bcb8f18e3d641a365dcaef17cbaf0bf4f-0","sellTxId":"fe12cc0943c19e3ab6e1212c522a7e22812ae1ac"}
{"index": {"_index":"sim","_id":"1377788"}}
	{"id":1377788,"type":"buy","buyer":"konvik","seller":"themightyvolcano","symbol":"SIM","quantity":"55399.802","price":"0.00227999","timestamp":1629300582,"volume":"126.31099456","buyTxId":"05a2cc949328229e6a821a6efd21e62a465efa3f-0","sellTxId":"3b90a519c0b24c04665898ba2299bbb0bb4b6b95"}
{"index": {"_index":"sim","_id":"1377836"}}
	{"id":1377836,"type":"buy","buyer":"konvik","seller":"upali","symbol":"SIM","quantity":"20000.000","price":"0.00227000","timestamp":1629301158,"volume":"45.40000000","buyTxId":"cae6cc82dd98710342ec0a6ba94a3d72b17add08-0","sellTxId":"74b2725067ba20b5b88ff4a58bb7696301b68e84"}
{"index": {"_index":"sim","_id":"1377842"}}
	{"id":1377842,"type":"buy","buyer":"konvik","seller":"upali","symbol":"SIM","quantity":"30000.000","price":"0.00227000","timestamp":1629301272,"volume":"68.10000000","buyTxId":"c0eb8cab4c07abb8a81e004f545200b20ab35374-0","sellTxId":"d1a565a8ff5f9916a3158825c23d9edaea0f298c"}
{"index": {"_index":"sim","_id":"1377871"}}
	{"id":1377871,"type":"sell","buyer":"pi-trader","seller":"flaxz","symbol":"SIM","quantity":"15.495","price":"0.00180001","timestamp":1629301593,"volume":"0.02789115","buyTxId":"5f6fb23780ce79d4d3568101552c637b1624b6ca-1","sellTxId":"31b4d2dd9f9884be3373e2ce88a5581afc4ca1c0"}
{"index": {"_index":"sim","_id":"1377873"}}
	{"id":1377873,"type":"buy","buyer":"konvik","seller":"upali","symbol":"SIM","quantity":"12000.000","price":"0.00226000","timestamp":1629301617,"volume":"27.12000000","buyTxId":"b32f8832bb3547aa7c0970f340ab285a52cdc716-0","sellTxId":"2f9e260e1233c370f0e1d873473292da24fbe530"}
{"index": {"_index":"sim","_id":"1377881"}}
	{"id":1377881,"type":"buy","buyer":"stickupboys","seller":"nftmart.fees","symbol":"SIM","quantity":"4.000","price":"0.00227998","timestamp":1629301725,"volume":"0.00911992","buyTxId":"336a30fde2cba0d0a8bac4af88c2918737d34b9a","sellTxId":"45938a1020d14d8dafdd6f7f718d354bf78d8937-0"}
{"index": {"_index":"sim","_id":"1377886"}}
	{"id":1377886,"type":"buy","buyer":"stickupboys","seller":"themightyvolcano","symbol":"SIM","quantity":"328.000","price":"0.00227999","timestamp":1629301794,"volume":"0.74783672","buyTxId":"9ea9252d524306d97113c170fe24f4e7cbb12b6a","sellTxId":"3b90a519c0b24c04665898ba2299bbb0bb4b6b95"}
{"index": {"_index":"sim","_id":"1377983"}}
	{"id":1377983,"type":"sell","buyer":"pi-trader","seller":"trumpman","symbol":"SIM","quantity":"290.969","price":"0.00180001","timestamp":1629303102,"volume":"0.52374711","buyTxId":"a9d0fc1fa971fb1ec2395a7a50aeed320309b0cd","sellTxId":"9eafe5ad38f945b2b1a0c8083c3bc054b70d3479"}
{"index": {"_index":"sim","_id":"1378032"}}
	{"id":1378032,"type":"buy","buyer":"konvik","seller":"themightyvolcano","symbol":"SIM","quantity":"11829.198","price":"0.00225999","timestamp":1629303369,"volume":"26.73386919","buyTxId":"a3bae046f01b0a6fdc82a7ca0dd598dd483aac9d-0","sellTxId":"81e62f52a758cbbb930465b6289c8da4d397f8ba"}
{"index": {"_index":"sim","_id":"1378074"}}
	{"id":1378074,"type":"buy","buyer":"stickupboys","seller":"nftmart.fees","symbol":"SIM","quantity":"3.000","price":"0.00226998","timestamp":1629303663,"volume":"0.00680994","buyTxId":"da5706983183326772fa6dc52eb12675e898f54c","sellTxId":"1029533e4097c58fc32f3f2bee0ea36e196c9f6b-0"}
{"index": {"_index":"sim","_id":"1378090"}}
	{"id":1378090,"type":"buy","buyer":"stickupboys","seller":"hotasian","symbol":"SIM","quantity":"3500.000","price":"0.00227000","timestamp":1629303756,"volume":"7.94500000","buyTxId":"7cbd428cb2fa4f9a0f5b62e8f455eb091e105306","sellTxId":"d7ccafa5e746bac28f833a630f1b262820f6df51"}
{"index": {"_index":"sim","_id":"1378091"}}
	{"id":1378091,"type":"buy","buyer":"stickupboys","seller":"cryptofiloz","symbol":"SIM","quantity":"1483.000","price":"0.00233501","timestamp":1629303756,"volume":"3.46281983","buyTxId":"7cbd428cb2fa4f9a0f5b62e8f455eb091e105306","sellTxId":"fd6bc771a7557406940684c55062a2d838d25b1d"}
{"index": {"_index":"sim","_id":"1378112"}}
	{"id":1378112,"type":"sell","buyer":"pi-trader","seller":"hive.pizza","symbol":"SIM","quantity":"202.194","price":"0.00180001","timestamp":1629303909,"volume":"0.36395122","buyTxId":"34622bdaa4aa31af8bf5d3cdfceceaa481685c9d","sellTxId":"0bcebe07695c5ab6c79cdf67201943bfbcf2d920"}
{"index": {"_index":"sim","_id":"1378270"}}
	{"id":1378270,"type":"buy","buyer":"gerber","seller":"nftmart.fees","symbol":"SIM","quantity":"3.000","price":"0.00233500","timestamp":1629305532,"volume":"0.00700500","buyTxId":"bf52b82b1eeb20df6aca448ae67ce910d71e5018","sellTxId":"32a3a2d4076dde1bf1b5146fa986370a27cb1a86-0"}
{"index": {"_index":"sim","_id":"1378276"}}
	{"id":1378276,"type":"sell","buyer":"pi-trader","seller":"thebeardflex","symbol":"SIM","quantity":"44.017","price":"0.00199001","timestamp":1629305649,"volume":"0.08759427","buyTxId":"2f723dade9fb47e447ec92ef915e656acf5b33c2-1","sellTxId":"3a6866d654a9b1afb42b99075d2a8f3813febef2"}
{"index": {"_index":"sim","_id":"1378443"}}
	{"id":1378443,"type":"sell","buyer":"pi-trader","seller":"tomhall","symbol":"SIM","quantity":"195.809","price":"0.00199001","timestamp":1629308076,"volume":"0.38966187","buyTxId":"dc859377aed1e234da211c9ef7faeb2c1cb67460-1","sellTxId":"8c865db44f378f3eedc8820ad2136129f32e6539"}
{"index": {"_index":"sim","_id":"1378592"}}
	{"id":1378592,"type":"sell","buyer":"pi-trader","seller":"dustindivitto","symbol":"SIM","quantity":"5000.000","price":"0.00199001","timestamp":1629310020,"volume":"9.95005000","buyTxId":"d495cb8f819f12cc90a285cee4ac6733db0fc7d9-1","sellTxId":"3c7e6b522c14407f308478f02be8d0530692f906"}
{"index": {"_index":"sim","_id":"1378593"}}
	{"id":1378593,"type":"sell","buyer":"gerber","seller":"dustindivitto","symbol":"SIM","quantity":"26000.000","price":"0.00199000","timestamp":1629310020,"volume":"51.74000000","buyTxId":"b00b786a133c08fa42efefa63faf3b672a197c49","sellTxId":"3c7e6b522c14407f308478f02be8d0530692f906"}
{"index": {"_index":"sim","_id":"1378595"}}
	{"id":1378595,"type":"sell","buyer":"pi-trader","seller":"dustindivitto","symbol":"SIM","quantity":"114.000","price":"0.00199001","timestamp":1629310047,"volume":"0.22686114","buyTxId":"128429fb6d4b538e26ba5686b5e419681ed44604","sellTxId":"50621ab01ed68c47ee20eaf23491b7d16106ba56"}
{"index": {"_index":"sim","_id":"1378655"}}
	{"id":1378655,"type":"sell","buyer":"pi-trader","seller":"fantasycrypto","symbol":"SIM","quantity":"5000.000","price":"0.00205001","timestamp":1629310752,"volume":"10.25005000","buyTxId":"dc74c78094c7b59d149ac134e856ff92da0f3833-1","sellTxId":"c7cfef8b66a9686809fcd09e82085c1c07762742"}
{"index": {"_index":"sim","_id":"1378656"}}
	{"id":1378656,"type":"sell","buyer":"joshh71390","seller":"fantasycrypto","symbol":"SIM","quantity":"2000.000","price":"0.00205000","timestamp":1629310752,"volume":"4.10000000","buyTxId":"49a6f2df26e6b8a391b86f325a8fef7003b6ea77","sellTxId":"c7cfef8b66a9686809fcd09e82085c1c07762742"}
{"index": {"_index":"sim","_id":"1378657"}}
	{"id":1378657,"type":"sell","buyer":"gerber","seller":"fantasycrypto","symbol":"SIM","quantity":"18381.900","price":"0.00199000","timestamp":1629310752,"volume":"36.57998100","buyTxId":"b00b786a133c08fa42efefa63faf3b672a197c49","sellTxId":"c7cfef8b66a9686809fcd09e82085c1c07762742"}
{"index": {"_index":"sim","_id":"1378682"}}
	{"id":1378682,"type":"buy","buyer":"nastyforce","seller":"nftmart.fees","symbol":"SIM","quantity":"2.000","price":"0.00224999","timestamp":1629311238,"volume":"0.00449998","buyTxId":"c073ca217c68e18514a804a1286433c41baa2db3","sellTxId":"3498b12df89b00633b7645b7883b454d5cd5a71c-0"}
{"index": {"_index":"sim","_id":"1378683"}}
	{"id":1378683,"type":"buy","buyer":"nastyforce","seller":"joshh71390","symbol":"SIM","quantity":"1000.000","price":"0.00225000","timestamp":1629311274,"volume":"2.25000000","buyTxId":"81f7327c5808e3b8df2694ee9b89715a43e36717","sellTxId":"9f24971d00587f655cd70f947eb3d2018c98fbad"}
{"index": {"_index":"sim","_id":"1378689"}}
	{"id":1378689,"type":"buy","buyer":"nastyforce","seller":"joshh71390","symbol":"SIM","quantity":"403.000","price":"0.00230000","timestamp":1629311313,"volume":"0.92690000","buyTxId":"a3f1b2c7ba241043b39188de9f19d70c14c67b44","sellTxId":"834117d47f9d529f0e08a47e11220faa45ffe8be"}
{"index": {"_index":"sim","_id":"1378704"}}
	{"id":1378704,"type":"sell","buyer":"pi-trader","seller":"florian-glechner","symbol":"SIM","quantity":"44.000","price":"0.00199001","timestamp":1629311454,"volume":"0.08756044","buyTxId":"f74d267689fc13f1069e9bc1158239807ba4830b","sellTxId":"abfb6fbf0c29f595afe63374e939ad666e24581d"}
{"index": {"_index":"sim","_id":"1378705"}}
	{"id":1378705,"type":"buy","buyer":"konvik","seller":"dustindivitto","symbol":"SIM","quantity":"19509.000","price":"0.00215000","timestamp":1629311463,"volume":"41.94435000","buyTxId":"b98c80a62203be701ecff1d9a18805aef64734bd-0","sellTxId":"899195c131f9a7347f3ef39b03e6a026a77d1b39"}
{"index": {"_index":"sim","_id":"1378716"}}
	{"id":1378716,"type":"sell","buyer":"pi-trader","seller":"simplegame","symbol":"SIM","quantity":"21.651","price":"0.00199001","timestamp":1629311589,"volume":"0.04308571","buyTxId":"d74b42f75abdf34b56f3befcf0d31e61e4caaa10-1","sellTxId":"dbd0b4c0a3962dd6320fe417ea0d3784127cea48"}
{"index": {"_index":"sim","_id":"1378756"}}
	{"id":1378756,"type":"sell","buyer":"pi-trader","seller":"emsonic","symbol":"SIM","quantity":"5000.000","price":"0.00199001","timestamp":1629311934,"volume":"9.95005000","buyTxId":"5066605829b3f0b295b83d2b9ce151842a34de2a-1","sellTxId":"1bcc19d9ead98ec5586b06bfd0b5e0b4c9aa54d8"}
{"index": {"_index":"sim","_id":"1378757"}}
	{"id":1378757,"type":"buy","buyer":"konvik","seller":"emsonic","symbol":"SIM","quantity":"5797.000","price":"0.00199001","timestamp":1629311937,"volume":"11.53608797","buyTxId":"7672a4d5c63fbacc25790b1a0ef65f0acaa97c1e-0","sellTxId":"1bcc19d9ead98ec5586b06bfd0b5e0b4c9aa54d8"}
{"index": {"_index":"sim","_id":"1378778"}}
	{"id":1378778,"type":"sell","buyer":"pi-trader","seller":"dhedge-drips","symbol":"SIM","quantity":"0.004","price":"0.00199001","timestamp":1629312327,"volume":"0.00000796","buyTxId":"f0c4dd4ec09fd702f73fb219326efe98362c8452","sellTxId":"6f11b96cecb671a7daf1bdee425d00bfd722d1ab"}
{"index": {"_index":"sim","_id":"1378795"}}
	{"id":1378795,"type":"sell","buyer":"pi-trader","seller":"egistar","symbol":"SIM","quantity":"250","price":"0.00199001","timestamp":1629312447,"volume":"0.49750250","buyTxId":"02d40b85526b1c639ec235fb4d021d3451480d50-1","sellTxId":"52b35dcf3860ae6ab754be9b2778fa6b8f9fe45c"}
{"index": {"_index":"sim","_id":"1378807"}}
	{"id":1378807,"type":"sell","buyer":"pi-trader","seller":"jrcornel","symbol":"SIM","quantity":"5000.000","price":"0.00199001","timestamp":1629312609,"volume":"9.95005000","buyTxId":"bb32bc7991dc9c145ab1325367a1c31983487965-1","sellTxId":"95d7027307e341bd2ebab07cd195f80e6804db05"}
{"index": {"_index":"sim","_id":"1378808"}}
	{"id":1378808,"type":"sell","buyer":"gerber","seller":"jrcornel","symbol":"SIM","quantity":"74179.000","price":"0.00199000","timestamp":1629312609,"volume":"147.61621000","buyTxId":"b00b786a133c08fa42efefa63faf3b672a197c49","sellTxId":"95d7027307e341bd2ebab07cd195f80e6804db05"}
{"index": {"_index":"sim","_id":"1378825"}}
	{"id":1378825,"type":"sell","buyer":"pi-trader","seller":"peerfinance","symbol":"SIM","quantity":"711.163","price":"0.00199001","timestamp":1629312810,"volume":"1.41522148","buyTxId":"08304c6d1ea5264ef00ac01c3b8e178c4cbcdda0","sellTxId":"704fa96590d650fb2a36d952848679f2d3d8aae4"}
{"index": {"_index":"sim","_id":"1378876"}}
	{"id":1378876,"type":"sell","buyer":"pi-trader","seller":"ayhamyou","symbol":"SIM","quantity":"4194.000","price":"0.00199001","timestamp":1629313350,"volume":"8.34610194","buyTxId":"98ed5b1fadaba7f83d31e31226e7be495be90120-1","sellTxId":"cf7de268109f6c9ddc6827551b35a1f0868988d1"}
{"index": {"_index":"sim","_id":"1378880"}}
	{"id":1378880,"type":"buy","buyer":"konvik","seller":"looftee","symbol":"SIM","quantity":"14652.000","price":"0.00220000","timestamp":1629313437,"volume":"32.23440000","buyTxId":"fbb769de23f23ec2647f766ea2d65e5867a01dc9-0","sellTxId":"4218f68c3358fe36caccde0ad2f924824e83a243"}
{"index": {"_index":"sim","_id":"1378888"}}
	{"id":1378888,"type":"sell","buyer":"pi-trader","seller":"monsterjamgold","symbol":"SIM","quantity":"2587.000","price":"0.00199001","timestamp":1629313587,"volume":"5.14815587","buyTxId":"91cea4b1bf00cc606d038fae940bd64411711792-1","sellTxId":"ece65f1424d82a407d8768bc01dcb63017c2c388"}
{"index": {"_index":"sim","_id":"1378915"}}
	{"id":1378915,"type":"sell","buyer":"pi-trader","seller":"miketr","symbol":"SIM","quantity":"500.000","price":"0.00199001","timestamp":1629313887,"volume":"0.99500500","buyTxId":"2dc78b3244f26b5cdb43470843f5786728b10fa0-1","sellTxId":"04d5e52596e4fef04de40caa1dbca9f8cc999e75"}
{"index": {"_index":"sim","_id":"1378926"}}
	{"id":1378926,"type":"buy","buyer":"senstless","seller":"nftmart.fees","symbol":"SIM","quantity":"2.000","price":"0.00224999","timestamp":1629314070,"volume":"0.00449998","buyTxId":"d09111da4f77adb9c4cfd6650c0a34c273bf70ed","sellTxId":"16f28c77b648d77a405935cfd0ab593d56f386d4-0"}
{"index": {"_index":"sim","_id":"1378931"}}
	{"id":1378931,"type":"sell","buyer":"gerber","seller":"krakonos","symbol":"SIM","quantity":"23.300","price":"0.00199000","timestamp":1629314205,"volume":"0.04636700","buyTxId":"b00b786a133c08fa42efefa63faf3b672a197c49","sellTxId":"6125c038cdfbc07d3a064abb070481b7cc05cc39"}
{"index": {"_index":"sim","_id":"1378934"}}
	{"id":1378934,"type":"buy","buyer":"senstless","seller":"tussar11","symbol":"SIM","quantity":"4440.000","price":"0.00228000","timestamp":1629314280,"volume":"10.12320000","buyTxId":"b3903e76eb5a544d34b8792052d79f7e94265eb0","sellTxId":"995c8d2f697b55be68acd61eb7491cc44b2abe81"}
{"index": {"_index":"sim","_id":"1378940"}}
	{"id":1378940,"type":"buy","buyer":"rb3coins","seller":"nftmart.fees","symbol":"SIM","quantity":"2.000","price":"0.00227999","timestamp":1629314415,"volume":"0.00455998","buyTxId":"348e7278575f2d4d635ece3cef5b1007fce368aa","sellTxId":"fdea429fc334693593148f005a8300f803b8748f-0"}
{"index": {"_index":"sim","_id":"1378941"}}
	{"id":1378941,"type":"buy","buyer":"rb3coins","seller":"tussar11","symbol":"SIM","quantity":"98.000","price":"0.00228000","timestamp":1629314415,"volume":"0.22344000","buyTxId":"348e7278575f2d4d635ece3cef5b1007fce368aa","sellTxId":"995c8d2f697b55be68acd61eb7491cc44b2abe81"}
{"index": {"_index":"sim","_id":"1378947"}}
	{"id":1378947,"type":"buy","buyer":"rb3coins","seller":"tussar11","symbol":"SIM","quantity":"1.000","price":"0.00228000","timestamp":1629314460,"volume":"0.00228000","buyTxId":"5086bd982aa187fe1d87ab7bfec131bc876fb776","sellTxId":"995c8d2f697b55be68acd61eb7491cc44b2abe81"}
{"index": {"_index":"sim","_id":"1378948"}}
	{"id":1378948,"type":"buy","buyer":"rb3coins","seller":"dhedge-drips","symbol":"SIM","quantity":"0.004","price":"0.00229000","timestamp":1629314460,"volume":"0.00000916","buyTxId":"5086bd982aa187fe1d87ab7bfec131bc876fb776","sellTxId":"14ae22332ee64eac9b584da2e3e48265b12c0687"}
{"index": {"_index":"sim","_id":"1378949"}}
	{"id":1378949,"type":"buy","buyer":"rb3coins","seller":"gamsam","symbol":"SIM","quantity":"98.996","price":"0.00229000","timestamp":1629314460,"volume":"0.22670084","buyTxId":"5086bd982aa187fe1d87ab7bfec131bc876fb776","sellTxId":"94ef1aae261e0f085f9a9e71090394fac69564b8"}
{"index": {"_index":"sim","_id":"1378961"}}
	{"id":1378961,"type":"sell","buyer":"pi-trader","seller":"lammbock","symbol":"SIM","quantity":"183.783","price":"0.00199001","timestamp":1629314616,"volume":"0.36573001","buyTxId":"15f153f42fecb3378fba054bed2bc81dab660314","sellTxId":"e4f6856d7f966a4c006c557e142e2f5d5ffebe5b"}
{"index": {"_index":"sim","_id":"1379091"}}
	{"id":1379091,"type":"buy","buyer":"worldfinances","seller":"joshh71390","symbol":"SIM","quantity":"1500.000","price":"0.00225000","timestamp":1629316386,"volume":"3.37500000","buyTxId":"4e08541a7d4c04b31b47ec489f624fc4e0bd9eee","sellTxId":"33877b2aae5b9d90366ef1ed3436568cdf9cbee1"}
{"index": {"_index":"sim","_id":"1379158"}}
	{"id":1379158,"type":"sell","buyer":"pi-trader","seller":"farm1","symbol":"SIM","quantity":"5000.000","price":"0.00203001","timestamp":1629317346,"volume":"10.15005000","buyTxId":"15ffca87b012285334ecebb5f2f0ce961c698da8-1","sellTxId":"5f8fdd45a5ebd0ae09d691b11ed8924905b4382a"}
{"index": {"_index":"sim","_id":"1379159"}}
	{"id":1379159,"type":"sell","buyer":"joshh71390","seller":"farm1","symbol":"SIM","quantity":"2200.000","price":"0.00203000","timestamp":1629317346,"volume":"4.46600000","buyTxId":"dfd1221a008af96215a5dc96d97fc9415dc9c633","sellTxId":"5f8fdd45a5ebd0ae09d691b11ed8924905b4382a"}
{"index": {"_index":"sim","_id":"1379160"}}
	{"id":1379160,"type":"sell","buyer":"solovey6o2","seller":"farm1","symbol":"SIM","quantity":"58872.000","price":"0.00199001","timestamp":1629317346,"volume":"117.15586872","buyTxId":"ef527b48442d683d640cf7d3570ee3dd7b942908","sellTxId":"5f8fdd45a5ebd0ae09d691b11ed8924905b4382a"}
{"index": {"_index":"sim","_id":"1379173"}}
	{"id":1379173,"type":"sell","buyer":"pi-trader","seller":"veramen","symbol":"SIM","quantity":"62.250","price":"0.00199002","timestamp":1629317457,"volume":"0.12387875","buyTxId":"f2fec632bb46fe1f499f5769bb75f04724925ade","sellTxId":"877cea84ac6a8964cb145e62e130bb3b382320f8"}
{"index": {"_index":"sim","_id":"1379211"}}
	{"id":1379211,"type":"sell","buyer":"pi-trader","seller":"fantasycrypto","symbol":"SIM","quantity":"5000.000","price":"0.00199002","timestamp":1629317763,"volume":"9.95010000","buyTxId":"7074cb6e6862f17f470e1bb3865c109a5646db47-1","sellTxId":"f98f1641e09c52b1b48df80cfc9d79eaf8080615"}
{"index": {"_index":"sim","_id":"1379212"}}
	{"id":1379212,"type":"sell","buyer":"solovey6o2","seller":"fantasycrypto","symbol":"SIM","quantity":"2280.000","price":"0.00199001","timestamp":1629317763,"volume":"4.53722280","buyTxId":"ef527b48442d683d640cf7d3570ee3dd7b942908","sellTxId":"f98f1641e09c52b1b48df80cfc9d79eaf8080615"}
{"index": {"_index":"sim","_id":"1379220"}}
	{"id":1379220,"type":"buy","buyer":"konvik","seller":"atomcollector","symbol":"SIM","quantity":"4799.000","price":"0.00223000","timestamp":1629317889,"volume":"10.70177000","buyTxId":"7913dd986287928c476aafef314e8453d65bb430-0","sellTxId":"7425a170cf98ec13398fe8b6c537338b0c225f16"}
{"index": {"_index":"sim","_id":"1379224"}}
	{"id":1379224,"type":"buy","buyer":"stickupboys","seller":"nftmart.fees","symbol":"SIM","quantity":"1.000","price":"0.00223999","timestamp":1629317910,"volume":"0.00223999","buyTxId":"1571556c49a4b9114c5eb78ce65f799122f426ab","sellTxId":"49e97cd24a030047b3ab22b4bd66f94268b098aa-0"}
{"index": {"_index":"sim","_id":"1379225"}}
	{"id":1379225,"type":"buy","buyer":"stickupboys","seller":"braaiboy","symbol":"SIM","quantity":"1906.409","price":"0.00224000","timestamp":1629317910,"volume":"4.27035616","buyTxId":"1571556c49a4b9114c5eb78ce65f799122f426ab","sellTxId":"bebd64ae535da09562ab94c505012e49d92c930e"}
{"index": {"_index":"sim","_id":"1379226"}}
	{"id":1379226,"type":"buy","buyer":"stickupboys","seller":"joshh71390","symbol":"SIM","quantity":"392.591","price":"0.00225000","timestamp":1629317910,"volume":"0.88332975","buyTxId":"1571556c49a4b9114c5eb78ce65f799122f426ab","sellTxId":"33877b2aae5b9d90366ef1ed3436568cdf9cbee1"}
{"index": {"_index":"sim","_id":"1379233"}}
	{"id":1379233,"type":"sell","buyer":"pi-trader","seller":"quantumg","symbol":"SIM","quantity":"115.000","price":"0.00199002","timestamp":1629318048,"volume":"0.22885230","buyTxId":"a9126e98a479cf8a950d9f14c3b73f00a7e49bc0","sellTxId":"d9907c6213a49ac76c6e3c0336751ccda5842a50"}
{"index": {"_index":"sim","_id":"1379328"}}
	{"id":1379328,"type":"sell","buyer":"pi-trader","seller":"dannychain","symbol":"SIM","quantity":"5000.000","price":"0.00199002","timestamp":1629319233,"volume":"9.95010000","buyTxId":"173265cfba0585b33670849bde16bfabb99eae65-1","sellTxId":"fa6546f3bd35ea8b6253b6913c2e974fca3100b2"}
{"index": {"_index":"sim","_id":"1379329"}}
	{"id":1379329,"type":"sell","buyer":"solovey6o2","seller":"dannychain","symbol":"SIM","quantity":"140649.000","price":"0.00199001","timestamp":1629319233,"volume":"279.89291649","buyTxId":"ef527b48442d683d640cf7d3570ee3dd7b942908","sellTxId":"fa6546f3bd35ea8b6253b6913c2e974fca3100b2"}
{"index": {"_index":"sim","_id":"1379351"}}
	{"id":1379351,"type":"buy","buyer":"stickupboys","seller":"nftmart.fees","symbol":"SIM","quantity":"1.000","price":"0.00224998","timestamp":1629319551,"volume":"0.00224998","buyTxId":"fbb8b26b8005a7aca9a16fc050e9369d391d7ecf","sellTxId":"9b60d5f115828fb4a9f2612bb85b709f1e440fdc-0"}
{"index": {"_index":"sim","_id":"1379368"}}
	{"id":1379368,"type":"buy","buyer":"stickupboys","seller":"joshh71390","symbol":"SIM","quantity":"1204.000","price":"0.00225000","timestamp":1629319698,"volume":"2.70900000","buyTxId":"eff7eedb71eb066e93a20a6fada7ee582342e803","sellTxId":"33877b2aae5b9d90366ef1ed3436568cdf9cbee1"}
{"index": {"_index":"sim","_id":"1379377"}}
	{"id":1379377,"type":"sell","buyer":"pi-trader","seller":"bitcoinflood","symbol":"SIM","quantity":"4810.072","price":"0.00199002","timestamp":1629319776,"volume":"9.57213948","buyTxId":"2cf94420801da6b1ac201129d190994defe8d88e","sellTxId":"5db3a902d37405513ee0b940bcb1c810f5cd778d"}
{"index": {"_index":"sim","_id":"1379401"}}
	{"id":1379401,"type":"sell","buyer":"pi-trader","seller":"deathwing","symbol":"SIM","quantity":"983","price":"0.00199002","timestamp":1629320106,"volume":"1.95618966","buyTxId":"bc584bb6427f9c290fc7523b4590dff09bf3a35d-1","sellTxId":"3ade928dafb764ec4505477de7dd671760c00b63-0"}
{"index": {"_index":"sim","_id":"1379408"}}
	{"id":1379408,"type":"sell","buyer":"pi-trader","seller":"egistar","symbol":"SIM","quantity":"450","price":"0.00199002","timestamp":1629320121,"volume":"0.89550900","buyTxId":"bc584bb6427f9c290fc7523b4590dff09bf3a35d-1","sellTxId":"396ea56afbd5cba9b0f32ae22c53a55cbcc08066"}
{"index": {"_index":"sim","_id":"1379432"}}
	{"id":1379432,"type":"sell","buyer":"pi-trader","seller":"valor2s","symbol":"SIM","quantity":"30.000","price":"0.00199002","timestamp":1629320316,"volume":"0.05970060","buyTxId":"c6071186a46c447e904c4f3949989e9faa86d058-1","sellTxId":"f4706f33e7c2ee7285e7fa0e7b8f20565f7d8345"}
{"index": {"_index":"sim","_id":"1379447"}}
	{"id":1379447,"type":"buy","buyer":"konvik","seller":"steem-hodler","symbol":"SIM","quantity":"26500.000","price":"0.00220000","timestamp":1629320592,"volume":"58.30000000","buyTxId":"dec0cf7944e54c91261242bfe87ced6a8cad94ab-0","sellTxId":"613015ae0be431babf066ded6305c18aa1d72948"}
{"index": {"_index":"sim","_id":"1379448"}}
	{"id":1379448,"type":"buy","buyer":"konvik","seller":"mary.janikowski","symbol":"SIM","quantity":"35535.000","price":"0.00224000","timestamp":1629320604,"volume":"79.59840000","buyTxId":"57c9e95b15b785fa323b7c51e9a506633f635941-0","sellTxId":"77999c23b26767d5107defccf25a22c9e8343a33"}
{"index": {"_index":"sim","_id":"1379458"}}
	{"id":1379458,"type":"buy","buyer":"konvik","seller":"news-today","symbol":"SIM","quantity":"6100.000","price":"0.00220000","timestamp":1629320667,"volume":"13.42000000","buyTxId":"ee450c8c9235ffa11980c84e1b98bffd94c48664-0","sellTxId":"0c35c971a37cf8e0f3d3e38cbfe4f625eb0c9b57"}
{"index": {"_index":"sim","_id":"1379498"}}
	{"id":1379498,"type":"sell","buyer":"pi-trader","seller":"balte","symbol":"SIM","quantity":"5000.000","price":"0.00201001","timestamp":1629321312,"volume":"10.05005000","buyTxId":"63f9f6debd7087e93e6ee9ab6bc6ff6f1c8733c2-1","sellTxId":"60979fce3ed2e440ce0d495300240b9379ca36c3"}
{"index": {"_index":"sim","_id":"1379499"}}
	{"id":1379499,"type":"sell","buyer":"joshh71390","seller":"balte","symbol":"SIM","quantity":"3500.000","price":"0.00201000","timestamp":1629321312,"volume":"7.03500000","buyTxId":"41699309ae90683d0a633bf872f3d37320226882","sellTxId":"60979fce3ed2e440ce0d495300240b9379ca36c3"}
{"index": {"_index":"sim","_id":"1379500"}}
	{"id":1379500,"type":"sell","buyer":"solovey6o2","seller":"balte","symbol":"SIM","quantity":"21500.000","price":"0.00199001","timestamp":1629321312,"volume":"42.78521500","buyTxId":"ef527b48442d683d640cf7d3570ee3dd7b942908","sellTxId":"60979fce3ed2e440ce0d495300240b9379ca36c3"}
{"index": {"_index":"sim","_id":"1379505"}}
	{"id":1379505,"type":"sell","buyer":"pi-trader","seller":"forykw","symbol":"SIM","quantity":"5000.000","price":"0.00199002","timestamp":1629321504,"volume":"9.95010000","buyTxId":"2c39d4f430671065e9a2071118f6d9f0d510cd5b","sellTxId":"176a41034f621ea63d012ed44ff4132c261f91ab"}
{"index": {"_index":"sim","_id":"1379506"}}
	{"id":1379506,"type":"sell","buyer":"solovey6o2","seller":"forykw","symbol":"SIM","quantity":"128044.157","price":"0.00199001","timestamp":1629321504,"volume":"254.80915287","buyTxId":"ef527b48442d683d640cf7d3570ee3dd7b942908","sellTxId":"176a41034f621ea63d012ed44ff4132c261f91ab"}
{"index": {"_index":"sim","_id":"1379564"}}
	{"id":1379564,"type":"sell","buyer":"pi-trader","seller":"willsaldeno","symbol":"SIM","quantity":"3675.000","price":"0.00199002","timestamp":1629322920,"volume":"7.31332350","buyTxId":"8536fa8fbae2cf737c456e587882454aba292f0f","sellTxId":"056be2ef0faeb7945f5e1dbd500f088ba15d7bc7"}
{"index": {"_index":"sim","_id":"1379608"}}
	{"id":1379608,"type":"sell","buyer":"pi-trader","seller":"megalithic","symbol":"SIM","quantity":"5000.000","price":"0.00199002","timestamp":1629323517,"volume":"9.95010000","buyTxId":"065883c574520ddd369523b10a2f3ad1f22266ac-1","sellTxId":"dfce954271809023ee448ae98000495c786a57c3"}
{"index": {"_index":"sim","_id":"1379609"}}
	{"id":1379609,"type":"sell","buyer":"solovey6o2","seller":"megalithic","symbol":"SIM","quantity":"19778.000","price":"0.00199001","timestamp":1629323517,"volume":"39.35841778","buyTxId":"ef527b48442d683d640cf7d3570ee3dd7b942908","sellTxId":"dfce954271809023ee448ae98000495c786a57c3"}
{"index": {"_index":"sim","_id":"1379616"}}
	{"id":1379616,"type":"buy","buyer":"jacques0829","seller":"nftmart.fees","symbol":"SIM","quantity":"1.000","price":"0.00222998","timestamp":1629323598,"volume":"0.00222998","buyTxId":"e02b1bd934845d664b5bc7e488e3741a51a76c25","sellTxId":"5b6704963d67a4be93e402495378537fc91f87ed-0"}
{"index": {"_index":"sim","_id":"1379617"}}
	{"id":1379617,"type":"buy","buyer":"jacques0829","seller":"joshh71390","symbol":"SIM","quantity":"2200.000","price":"0.00223000","timestamp":1629323598,"volume":"4.90600000","buyTxId":"e02b1bd934845d664b5bc7e488e3741a51a76c25","sellTxId":"327743dddc6680d7a880d4756aa2ef65001de37b"}
{"index": {"_index":"sim","_id":"1379618"}}
	{"id":1379618,"type":"buy","buyer":"jacques0829","seller":"jackofcrows","symbol":"SIM","quantity":"4469.830","price":"0.00223000","timestamp":1629323598,"volume":"9.96772090","buyTxId":"e02b1bd934845d664b5bc7e488e3741a51a76c25","sellTxId":"e5ee6e90baacdaf2036c0819840c71f6bc362b06"}
{"index": {"_index":"sim","_id":"1379619"}}
	{"id":1379619,"type":"buy","buyer":"jacques0829","seller":"joshh71390","symbol":"SIM","quantity":"0.409","price":"0.00225000","timestamp":1629323598,"volume":"0.00092025","buyTxId":"e02b1bd934845d664b5bc7e488e3741a51a76c25","sellTxId":"33877b2aae5b9d90366ef1ed3436568cdf9cbee1"}
{"index": {"_index":"sim","_id":"1379620"}}
	{"id":1379620,"type":"buy","buyer":"jacques0829","seller":"vincentnijman","symbol":"SIM","quantity":"15329.170","price":"0.00225000","timestamp":1629323598,"volume":"34.49063250","buyTxId":"e02b1bd934845d664b5bc7e488e3741a51a76c25","sellTxId":"08ec3fca54376b869cd3becae2372c5c7a4e4c94"}
{"index": {"_index":"sim","_id":"1379670"}}
	{"id":1379670,"type":"buy","buyer":"jacques0829","seller":"nftmart.fees","symbol":"SIM","quantity":"1.000","price":"0.00224999","timestamp":1629324360,"volume":"0.00224999","buyTxId":"09a25f15eb2afd2018c6e5895e4c21b806629689","sellTxId":"3f8e811a83cb47265dd487130c1409c6469abece-0"}
{"index": {"_index":"sim","_id":"1379671"}}
	{"id":1379671,"type":"buy","buyer":"jacques0829","seller":"vincentnijman","symbol":"SIM","quantity":"3999.000","price":"0.00225000","timestamp":1629324360,"volume":"8.99775000","buyTxId":"09a25f15eb2afd2018c6e5895e4c21b806629689","sellTxId":"08ec3fca54376b869cd3becae2372c5c7a4e4c94"}
{"index": {"_index":"sim","_id":"1379681"}}
	{"id":1379681,"type":"buy","buyer":"jacques0829","seller":"vincentnijman","symbol":"SIM","quantity":"1000.000","price":"0.00225000","timestamp":1629324459,"volume":"2.25000000","buyTxId":"ca3bd08ac199014321a8ab905fa97fe8e3eea6a5","sellTxId":"08ec3fca54376b869cd3becae2372c5c7a4e4c94"}
{"index": {"_index":"sim","_id":"1379721"}}
	{"id":1379721,"type":"sell","buyer":"pi-trader","seller":"automaton","symbol":"SIM","quantity":"1800.000","price":"0.00200001","timestamp":1629324816,"volume":"3.60001800","buyTxId":"7b413eb4aff960bff2263a924056cd89912ba95e-1","sellTxId":"7afb1f208a1db5f8febf895ecf257b88a3b8b10d"}
{"index": {"_index":"sim","_id":"1379803"}}
	{"id":1379803,"type":"sell","buyer":"pi-trader","seller":"siirif","symbol":"SIM","quantity":"1.566","price":"0.00200001","timestamp":1629325746,"volume":"0.00313202","buyTxId":"77464cf7fc9b95bac9e8d67be6571f91fa666687-1","sellTxId":"d3fa89e944e490271ea68358e14a5f3a20dc8682"}
{"index": {"_index":"sim","_id":"1379883"}}
	{"id":1379883,"type":"sell","buyer":"pi-trader","seller":"pixelfan","symbol":"SIM","quantity":"109.387","price":"0.00200001","timestamp":1629326373,"volume":"0.21877509","buyTxId":"fd88437d4c528ab3415697393c7d7f1d68a4783d-1","sellTxId":"a773da6dd31bf4593b5b1d30770d1a5e28471a05"}
{"index": {"_index":"sim","_id":"1379915"}}
	{"id":1379915,"type":"buy","buyer":"konvik","seller":"joshh71390","symbol":"SIM","quantity":"2000.000","price":"0.00220000","timestamp":1629326865,"volume":"4.40000000","buyTxId":"5f0ac0e6d1de6b1bd2cdb77e5b0068776a06adf6-0","sellTxId":"e37b3b2a5ec76a30b5083c06cebae50750fced58"}
{"index": {"_index":"sim","_id":"1380034"}}
	{"id":1380034,"type":"sell","buyer":"pi-trader","seller":"trentonlundy1","symbol":"SIM","quantity":"0.030","price":"0.00203001","timestamp":1629328218,"volume":"0.00006090","buyTxId":"52ca8a48c4cb2bbd22af4124faa431d9232c01fd-1","sellTxId":"f96d5cbc462a0af8dfea61b2f2d9c95a93d8d2d3"}
{"index": {"_index":"sim","_id":"1380045"}}
	{"id":1380045,"type":"sell","buyer":"pi-trader","seller":"steem.services","symbol":"SIM","quantity":"5000.000","price":"0.00203001","timestamp":1629328341,"volume":"10.15005000","buyTxId":"53b0e63a5f13adef958313d7aef9207c108286f5-1","sellTxId":"6e7a577552a99ea1088a735ccefa5e11881f8cb2"}
{"index": {"_index":"sim","_id":"1380046"}}
	{"id":1380046,"type":"sell","buyer":"joshh71390","seller":"steem.services","symbol":"SIM","quantity":"3500.000","price":"0.00203000","timestamp":1629328341,"volume":"7.10500000","buyTxId":"0b234a39cdb34f58356f78eb5eb91937d6d1f846","sellTxId":"6e7a577552a99ea1088a735ccefa5e11881f8cb2"}
{"index": {"_index":"sim","_id":"1380047"}}
	{"id":1380047,"type":"sell","buyer":"chunkysoupsvc","seller":"steem.services","symbol":"SIM","quantity":"16000.000","price":"0.00200000","timestamp":1629328341,"volume":"32.00000000","buyTxId":"c30e1299bc300572e8b610fe886a47b6207c8c7b","sellTxId":"6e7a577552a99ea1088a735ccefa5e11881f8cb2"}
{"index": {"_index":"sim","_id":"1380048"}}
	{"id":1380048,"type":"sell","buyer":"jelly-cz","seller":"steem.services","symbol":"SIM","quantity":"11000.000","price":"0.00200000","timestamp":1629328341,"volume":"22.00000000","buyTxId":"MM-P-9669990-56653080-3-34-0","sellTxId":"6e7a577552a99ea1088a735ccefa5e11881f8cb2"}
{"index": {"_index":"sim","_id":"1380049"}}
	{"id":1380049,"type":"sell","buyer":"solovey6o2","seller":"steem.services","symbol":"SIM","quantity":"89026.000","price":"0.00199001","timestamp":1629328341,"volume":"177.16263026","buyTxId":"ef527b48442d683d640cf7d3570ee3dd7b942908","sellTxId":"6e7a577552a99ea1088a735ccefa5e11881f8cb2"}
{"index": {"_index":"sim","_id":"1380057"}}
	{"id":1380057,"type":"sell","buyer":"pi-trader","seller":"rgondie","symbol":"SIM","quantity":"5000.000","price":"0.00199002","timestamp":1629328431,"volume":"9.95010000","buyTxId":"26890d8eb4782534d032f44a39f64d20c9e9c7f7","sellTxId":"abf045d9c8471d529c4c430f89a5e5d01b619a2a"}
{"index": {"_index":"sim","_id":"1380058"}}
	{"id":1380058,"type":"sell","buyer":"solovey6o2","seller":"rgondie","symbol":"SIM","quantity":"5000.000","price":"0.00199001","timestamp":1629328431,"volume":"9.95005000","buyTxId":"ef527b48442d683d640cf7d3570ee3dd7b942908","sellTxId":"abf045d9c8471d529c4c430f89a5e5d01b619a2a"}
{"index": {"_index":"sim","_id":"1380075"}}
	{"id":1380075,"type":"buy","buyer":"emergehealthier","seller":"nftmart.fees","symbol":"SIM","quantity":"195.000","price":"0.00224997","timestamp":1629328626,"volume":"0.43874415","buyTxId":"e848b1e62229b17fa3f82778535434080454c626","sellTxId":"377e028f29f0d40439ff68ae8600aec8c8ea05bc-0"}
{"index": {"_index":"sim","_id":"1380091"}}
	{"id":1380091,"type":"buy","buyer":"emergehealthier","seller":"vincentnijman","symbol":"SIM","quantity":"200.000","price":"0.00225000","timestamp":1629328722,"volume":"0.45000000","buyTxId":"ef6303a7e6a85255a37469fcf37ce4827f08d6a7","sellTxId":"08ec3fca54376b869cd3becae2372c5c7a4e4c94"}
{"index": {"_index":"sim","_id":"1380092"}}
	{"id":1380092,"type":"buy","buyer":"itzninjafool","seller":"vincentnijman","symbol":"SIM","quantity":"1471.830","price":"0.00225000","timestamp":1629328734,"volume":"3.31161750","buyTxId":"8dc1bcc1cc322e7dc1d2840a0295c1ba0af006af","sellTxId":"08ec3fca54376b869cd3becae2372c5c7a4e4c94"}
{"index": {"_index":"sim","_id":"1380093"}}
	{"id":1380093,"type":"buy","buyer":"itzninjafool","seller":"coininstant","symbol":"SIM","quantity":"56.688","price":"0.00225000","timestamp":1629328734,"volume":"0.12754800","buyTxId":"8dc1bcc1cc322e7dc1d2840a0295c1ba0af006af","sellTxId":"bdcc0e3f43bd35a68ee9c38e483b5c93dd104597"}
{"index": {"_index":"sim","_id":"1380094"}}
	{"id":1380094,"type":"sell","buyer":"itzninjafool","seller":"konvik","symbol":"SIM","quantity":"17745.895","price":"0.00225000","timestamp":1629328737,"volume":"39.92826375","buyTxId":"8dc1bcc1cc322e7dc1d2840a0295c1ba0af006af","sellTxId":"cc85c2c916e9db0d04a364c4d0b1efe6ee527f51-1"}
{"index": {"_index":"sim","_id":"1380167"}}
	{"id":1380167,"type":"sell","buyer":"pi-trader","seller":"dannychain","symbol":"SIM","quantity":"5000.000","price":"0.00203001","timestamp":1629329604,"volume":"10.15005000","buyTxId":"1f8960824104663f37e87e180fe0a14f2371cb60-1","sellTxId":"12f38ff43537e8cdcefb966383781a1477db29b5"}
{"index": {"_index":"sim","_id":"1380168"}}
	{"id":1380168,"type":"sell","buyer":"joshh71390","seller":"dannychain","symbol":"SIM","quantity":"4000.000","price":"0.00203000","timestamp":1629329604,"volume":"8.12000000","buyTxId":"1b224ef1fe85a5cd7f8b9ac430381a128b3da62f","sellTxId":"12f38ff43537e8cdcefb966383781a1477db29b5"}
{"index": {"_index":"sim","_id":"1380169"}}
	{"id":1380169,"type":"sell","buyer":"solovey6o2","seller":"dannychain","symbol":"SIM","quantity":"45497.000","price":"0.00199001","timestamp":1629329604,"volume":"90.53948497","buyTxId":"ef527b48442d683d640cf7d3570ee3dd7b942908","sellTxId":"12f38ff43537e8cdcefb966383781a1477db29b5"}
{"index": {"_index":"sim","_id":"1380187"}}
	{"id":1380187,"type":"buy","buyer":"konvik","seller":"joshh71390","symbol":"SIM","quantity":"3000.000","price":"0.00224000","timestamp":1629329904,"volume":"6.72000000","buyTxId":"10297e7e52ed4ede292e1ee2e1f051bf8b0416f8-0","sellTxId":"0fb3c17d7f3d2e418356b4671cd555c5c6328e01"}
{"index": {"_index":"sim","_id":"1380188"}}
	{"id":1380188,"type":"buy","buyer":"konvik","seller":"kaseldz","symbol":"SIM","quantity":"0.029","price":"0.00224000","timestamp":1629329904,"volume":"0.00006496","buyTxId":"10297e7e52ed4ede292e1ee2e1f051bf8b0416f8-0","sellTxId":"735f8f711098a924ed69e3f07094d663a25c6f75"}
{"index": {"_index":"sim","_id":"1380189"}}
	{"id":1380189,"type":"buy","buyer":"konvik","seller":"kaseldz","symbol":"SIM","quantity":"1329.971","price":"0.00224000","timestamp":1629329907,"volume":"2.97913504","buyTxId":"b86febc19eece9d00f2e46155e0764c344182cbd-0","sellTxId":"735f8f711098a924ed69e3f07094d663a25c6f75"}
{"index": {"_index":"sim","_id":"1380190"}}
	{"id":1380190,"type":"buy","buyer":"konvik","seller":"dera123","symbol":"SIM","quantity":"20123.797","price":"0.00225000","timestamp":1629329907,"volume":"45.27854325","buyTxId":"b86febc19eece9d00f2e46155e0764c344182cbd-0","sellTxId":"655dc0feff0296e5074df3c3eecc5514429e661f"}
{"index": {"_index":"sim","_id":"1380195"}}
	{"id":1380195,"type":"buy","buyer":"konvik","seller":"nftmart.fees","symbol":"SIM","quantity":"148.000","price":"0.00224999","timestamp":1629330006,"volume":"0.33299852","buyTxId":"6cd1d14fdb86e0ff86976a997ccf6786bb27dd91-0","sellTxId":"5034e72b02612944b32888d1841b92466131c744-0"}
{"index": {"_index":"sim","_id":"1380196"}}
	{"id":1380196,"type":"buy","buyer":"konvik","seller":"dera123","symbol":"SIM","quantity":"1181.770","price":"0.00225000","timestamp":1629330006,"volume":"2.65898250","buyTxId":"6cd1d14fdb86e0ff86976a997ccf6786bb27dd91-0","sellTxId":"655dc0feff0296e5074df3c3eecc5514429e661f"}
{"index": {"_index":"sim","_id":"1380197"}}
	{"id":1380197,"type":"sell","buyer":"pi-trader","seller":"loganhate","symbol":"SIM","quantity":"4008.000","price":"0.00199002","timestamp":1629330021,"volume":"7.97600016","buyTxId":"ad256e4b7fe6a8c0c644ecd8cf897f4bcf324229","sellTxId":"6a9636031592d88f43c4dfbde2a0ba517eed0ac0"}
{"index": {"_index":"sim","_id":"1380229"}}
	{"id":1380229,"type":"buy","buyer":"konvik","seller":"joshh71390","symbol":"SIM","quantity":"4000.000","price":"0.00223000","timestamp":1629330894,"volume":"8.92000000","buyTxId":"70548daacbe108eb4f0b6496a98ea41fdf67277c-0","sellTxId":"c5a21a895a66dc09b6be2edf501ac30e7b2c0ad5"}
{"index": {"_index":"sim","_id":"1380230"}}
	{"id":1380230,"type":"sell","buyer":"pi-trader","seller":"bigram13","symbol":"SIM","quantity":"5000.000","price":"0.00199002","timestamp":1629330900,"volume":"9.95010000","buyTxId":"589e7dbb3bdf5725fdd26a4d5b3a3c2dd4000ef7-1","sellTxId":"1a17747c5fb0377a6c206d7dadef9bbea5b64419"}
{"index": {"_index":"sim","_id":"1380231"}}
	{"id":1380231,"type":"sell","buyer":"solovey6o2","seller":"bigram13","symbol":"SIM","quantity":"15100.000","price":"0.00199001","timestamp":1629330900,"volume":"30.04915100","buyTxId":"ef527b48442d683d640cf7d3570ee3dd7b942908","sellTxId":"1a17747c5fb0377a6c206d7dadef9bbea5b64419"}
{"index": {"_index":"sim","_id":"1380308"}}
	{"id":1380308,"type":"sell","buyer":"pi-trader","seller":"dannychain","symbol":"SIM","quantity":"5000.000","price":"0.00199002","timestamp":1629332265,"volume":"9.95010000","buyTxId":"2f2f3a487c7193b8edc9e473e58f2c23e9800c80-1","sellTxId":"d00956e9a25094f687e56901920ab953e6386400"}
{"index": {"_index":"sim","_id":"1380309"}}
	{"id":1380309,"type":"sell","buyer":"solovey6o2","seller":"dannychain","symbol":"SIM","quantity":"30001.955","price":"0.00199001","timestamp":1629332265,"volume":"59.70419047","buyTxId":"ef527b48442d683d640cf7d3570ee3dd7b942908","sellTxId":"d00956e9a25094f687e56901920ab953e6386400"}
{"index": {"_index":"sim","_id":"1380310"}}
	{"id":1380310,"type":"sell","buyer":"solovey6o2","seller":"dannychain","symbol":"SIM","quantity":"28687.569","price":"0.00199001","timestamp":1629332265,"volume":"57.08854919","buyTxId":"5e69b3a442b79b1cf65e6a6e37142d42962c6dd8","sellTxId":"d00956e9a25094f687e56901920ab953e6386400"}
{"index": {"_index":"sim","_id":"1380311"}}
	{"id":1380311,"type":"sell","buyer":"he-index","seller":"dannychain","symbol":"SIM","quantity":"234.170","price":"0.00199001","timestamp":1629332265,"volume":"0.46600064","buyTxId":"2b23349c7e69803dc2314bd42d61ca1a8f88b810","sellTxId":"d00956e9a25094f687e56901920ab953e6386400"}
{"index": {"_index":"sim","_id":"1380312"}}
	{"id":1380312,"type":"sell","buyer":"he-index","seller":"dannychain","symbol":"SIM","quantity":"166.833","price":"0.00199001","timestamp":1629332265,"volume":"0.33199934","buyTxId":"3aaad448b7ea91e5838adb0b7e65cf7b02907403","sellTxId":"d00956e9a25094f687e56901920ab953e6386400"}
{"index": {"_index":"sim","_id":"1380313"}}
	{"id":1380313,"type":"sell","buyer":"gerber","seller":"dannychain","symbol":"SIM","quantity":"8883.473","price":"0.00199000","timestamp":1629332265,"volume":"17.67811127","buyTxId":"b00b786a133c08fa42efefa63faf3b672a197c49","sellTxId":"d00956e9a25094f687e56901920ab953e6386400"}
{"index": {"_index":"sim","_id":"1380346"}}
	{"id":1380346,"type":"buy","buyer":"joshh71390","seller":"eshr92","symbol":"SIM","quantity":"184.000","price":"0.00220000","timestamp":1629333147,"volume":"0.40480000","buyTxId":"32858b85197fc66c9d5da02b7d59807e2cb1a4d6","sellTxId":"9ae3792a6fdcc87b2f52282ab77f4d5a678b67ac"}
{"index": {"_index":"sim","_id":"1380347"}}
	{"id":1380347,"type":"buy","buyer":"joshh71390","seller":"nftmart.fees","symbol":"SIM","quantity":"131.000","price":"0.00224998","timestamp":1629333147,"volume":"0.29474738","buyTxId":"32858b85197fc66c9d5da02b7d59807e2cb1a4d6","sellTxId":"69c197bd3fae6f84a1d270123d3ea1a2d24071cf-0"}
{"index": {"_index":"sim","_id":"1380348"}}
	{"id":1380348,"type":"buy","buyer":"joshh71390","seller":"dera123","symbol":"SIM","quantity":"147.987","price":"0.00225000","timestamp":1629333147,"volume":"0.33297075","buyTxId":"32858b85197fc66c9d5da02b7d59807e2cb1a4d6","sellTxId":"655dc0feff0296e5074df3c3eecc5514429e661f"}
{"index": {"_index":"sim","_id":"1380349"}}
	{"id":1380349,"type":"buy","buyer":"joshh71390","seller":"quekery","symbol":"SIM","quantity":"237.013","price":"0.00228000","timestamp":1629333147,"volume":"0.54038964","buyTxId":"32858b85197fc66c9d5da02b7d59807e2cb1a4d6","sellTxId":"82236288ada02b1a3787ddc08be9586ae478c107"}
{"index": {"_index":"sim","_id":"1380379"}}
	{"id":1380379,"type":"sell","buyer":"pi-trader","seller":"dhedge-drips","symbol":"SIM","quantity":"2.765","price":"0.00205001","timestamp":1629333927,"volume":"0.00566828","buyTxId":"c5469ad582c60823c7cb1a4fd752312f1b12b73c-1","sellTxId":"37eb71f439035c5628126a8dea2ae90c3b5de224"}
{"index": {"_index":"sim","_id":"1380418"}}
	{"id":1380418,"type":"buy","buyer":"konvik","seller":"jywahaha","symbol":"SIM","quantity":"66691.500","price":"0.00225000","timestamp":1629334272,"volume":"150.05587500","buyTxId":"f8cd6b13738faa238bb4df8ceeeb2516789c2dac-0","sellTxId":"d7a53aadf4a29dc73c9c47f66e10db8030f3408a"}
{"index": {"_index":"sim","_id":"1380519"}}
	{"id":1380519,"type":"sell","buyer":"pi-trader","seller":"atongis","symbol":"SIM","quantity":"6.000","price":"0.00212001","timestamp":1629335829,"volume":"0.01272006","buyTxId":"427764452773de85bc9faad6cad45da271fce1c1-1","sellTxId":"530737245b2c61fae43e9aca745841f765e5ba13"}
{"index": {"_index":"sim","_id":"1380594"}}
	{"id":1380594,"type":"buy","buyer":"danewilliams","seller":"nftmart.fees","symbol":"SIM","quantity":"118.000","price":"0.00227996","timestamp":1629337851,"volume":"0.26903528","buyTxId":"1f830b3e86f9c24c19cd3b736245ea6681aa2f1b","sellTxId":"8a47e68f68dfd3817f4cc38a659106718cf441f5-0"}
{"index": {"_index":"sim","_id":"1380595"}}
	{"id":1380595,"type":"buy","buyer":"danewilliams","seller":"dhedge-drips","symbol":"SIM","quantity":"2.765","price":"0.00227999","timestamp":1629337851,"volume":"0.00630417","buyTxId":"1f830b3e86f9c24c19cd3b736245ea6681aa2f1b","sellTxId":"acc08ea68b0497f5c3e663fa0ab875fb7b149561"}
{"index": {"_index":"sim","_id":"1380596"}}
	{"id":1380596,"type":"buy","buyer":"danewilliams","seller":"quekery","symbol":"SIM","quantity":"762.987","price":"0.00228000","timestamp":1629337851,"volume":"1.73961036","buyTxId":"1f830b3e86f9c24c19cd3b736245ea6681aa2f1b","sellTxId":"82236288ada02b1a3787ddc08be9586ae478c107"}
{"index": {"_index":"sim","_id":"1380597"}}
	{"id":1380597,"type":"buy","buyer":"danewilliams","seller":"solovey6o2","symbol":"SIM","quantity":"9116.248","price":"0.00228999","timestamp":1629337851,"volume":"20.87611676","buyTxId":"1f830b3e86f9c24c19cd3b736245ea6681aa2f1b","sellTxId":"bbaaa3e24e9ada97d17809e074ea1c92fa59bf8c"}
{"index": {"_index":"sim","_id":"1380646"}}
	{"id":1380646,"type":"sell","buyer":"pi-trader","seller":"thesimguru","symbol":"SIM","quantity":"5000.000","price":"0.00222001","timestamp":1629339150,"volume":"11.10005000","buyTxId":"0bac8f2d999da9d7958974529b0907229670dc80-1","sellTxId":"aee30500b2c69e166fb083f9a720d15e06432dce"}
{"index": {"_index":"sim","_id":"1380647"}}
	{"id":1380647,"type":"buy","buyer":"pi-trader","seller":"thesimguru","symbol":"SIM","quantity":"1072.164","price":"0.00222001","timestamp":1629339183,"volume":"2.38021480","buyTxId":"3595bea4d1ca3e8c7eafcd639cc99d126c754e9b","sellTxId":"aee30500b2c69e166fb083f9a720d15e06432dce"}
{"index": {"_index":"sim","_id":"1380676"}}
	{"id":1380676,"type":"sell","buyer":"pi-trader","seller":"taitux","symbol":"SIM","quantity":"3185.000","price":"0.00222001","timestamp":1629339618,"volume":"7.07073185","buyTxId":"4d4932a999f494fe6611d0175000e16ea3eb0fc4-1","sellTxId":"6af9021814dd316e1c749fc1afdca8b2363ee2ce"}
{"index": {"_index":"sim","_id":"1380684"}}
	{"id":1380684,"type":"sell","buyer":"pi-trader","seller":"votebetting","symbol":"SIM","quantity":"60.018","price":"0.00222001","timestamp":1629339687,"volume":"0.13324056","buyTxId":"b32a1b67e0900a9c98a21870158a10814dd98e5c-1","sellTxId":"8535624b01c77c85aa50bd22566559854dcdcf46"}
{"index": {"_index":"sim","_id":"1380692"}}
	{"id":1380692,"type":"sell","buyer":"pi-trader","seller":"theguruasia","symbol":"SIM","quantity":"167.000","price":"0.00222001","timestamp":1629339966,"volume":"0.37074167","buyTxId":"24019797b4a6f459c47f8eda1ac655dbaa2b8b76-1","sellTxId":"0638b07bdbae02010472b23e738874976ad73a48"}
{"index": {"_index":"sim","_id":"1380699"}}
	{"id":1380699,"type":"sell","buyer":"pi-trader","seller":"tan.app","symbol":"SIM","quantity":"26.000","price":"0.00222001","timestamp":1629340224,"volume":"0.05772026","buyTxId":"3c9c111d2668344796fdeab42e52a5de35c12662-1","sellTxId":"5bca06188d6c0ec26e2968a61752d62c4e1c36c3"}
{"index": {"_index":"sim","_id":"1380701"}}
	{"id":1380701,"type":"sell","buyer":"pi-trader","seller":"winebank","symbol":"SIM","quantity":"1455.000","price":"0.00222001","timestamp":1629340332,"volume":"3.23011455","buyTxId":"02526aefc0f6c86d244df26013d2e26971f38a8c-1","sellTxId":"aa77c32da7833bdb63e2ec5794c73984637a8544"}
{"index": {"_index":"sim","_id":"1380732"}}
	{"id":1380732,"type":"sell","buyer":"pi-trader","seller":"goldcoin","symbol":"SIM","quantity":"53.082","price":"0.00222001","timestamp":1629340905,"volume":"0.11784257","buyTxId":"2026085b8cd1d3869d0bbb61db6f550598401260-1","sellTxId":"a0832f334557ef11fab0dfeef202b2d89d220ef8"}
{"index": {"_index":"sim","_id":"1380776"}}
	{"id":1380776,"type":"sell","buyer":"pi-trader","seller":"joshh71390","symbol":"SIM","quantity":"2700.000","price":"0.00222001","timestamp":1629341715,"volume":"5.99402700","buyTxId":"3495f4c83a3a83796a76fc952596558485f1b796-1","sellTxId":"87e18859f707f4d452f8b8b9de1465814e854f1a"}
