{"index": {"_index":"sim","_id":"1226995"}}
	{"id":1226995,"type":"buy","buyer":"konvik","seller":"bitcoinflood","symbol":"SIM","quantity":"3250.000","price":"0.00106000","timestamp":1626491430,"volume":"3.44500000","buyTxId":"05ff646db94161177ceb6b2ab2c60271c0f8cc61-0","sellTxId":"ef934da7e7ef2db969a3688535450dc33c0d8773"}
{"index": {"_index":"sim","_id":"1227119"}}
	{"id":1227119,"type":"sell","buyer":"mmrx","seller":"aulia1993","symbol":"SIM","quantity":"344.000","price":"0.00105801","timestamp":1626496269,"volume":"0.36395544","buyTxId":"MM-P-8730319-55710730-3-40-0","sellTxId":"bc5c8847056f4d5ee9ea6613bfdf303c7f1a3899"}
{"index": {"_index":"sim","_id":"1227138"}}
	{"id":1227138,"type":"sell","buyer":"mmrx","seller":"imperij4427","symbol":"SIM","quantity":"8917.994","price":"0.00105801","timestamp":1626496929,"volume":"9.43532683","buyTxId":"MM-P-8730319-55710730-3-40-0","sellTxId":"622697a3ab3c0995ebc8bebae4ee4e540b282736"}
{"index": {"_index":"sim","_id":"1227139"}}
	{"id":1227139,"type":"sell","buyer":"dcityfund","seller":"imperij4427","symbol":"SIM","quantity":"3256.844","price":"0.00105800","timestamp":1626496929,"volume":"3.44574095","buyTxId":"bf3503cdac0f1e9c4485e0c88cb43861c88954ba","sellTxId":"622697a3ab3c0995ebc8bebae4ee4e540b282736"}
{"index": {"_index":"sim","_id":"1227140"}}
	{"id":1227140,"type":"sell","buyer":"solovey6o2","seller":"imperij4427","symbol":"SIM","quantity":"12885.162","price":"0.00105701","timestamp":1626496929,"volume":"13.61974509","buyTxId":"bbdd25e1d785ca6f6c467936c142d47c2db42098","sellTxId":"622697a3ab3c0995ebc8bebae4ee4e540b282736"}
{"index": {"_index":"sim","_id":"1227208"}}
	{"id":1227208,"type":"buy","buyer":"zelensky","seller":"solovey6o2","symbol":"SIM","quantity":"900.920","price":"0.00108852","timestamp":1626499050,"volume":"0.98066944","buyTxId":"5e7ba03e63a80794eea147b6df9c9b4effa67b7d","sellTxId":"864cd6078816c0185aed667763dc5c8cdaa21df4"}
{"index": {"_index":"sim","_id":"1227240"}}
	{"id":1227240,"type":"sell","buyer":"mmrx","seller":"nftmart.fees","symbol":"SIM","quantity":"1609.008","price":"0.00105702","timestamp":1626499869,"volume":"1.70075364","buyTxId":"MM-P-8732215-55712628-3-40-0","sellTxId":"e78f45c729d6d629e71970b945caaadb31175cca"}
{"index": {"_index":"sim","_id":"1227360"}}
	{"id":1227360,"type":"sell","buyer":"mmrx","seller":"justinparke","symbol":"SIM","quantity":"1235.087","price":"0.00105702","timestamp":1626503034,"volume":"1.30551166","buyTxId":"MM-P-8732215-55712628-3-40-0","sellTxId":"b14b7d5ee776198712ef52ad70d50526e1beb35b"}
{"index": {"_index":"sim","_id":"1227361"}}
	{"id":1227361,"type":"sell","buyer":"solovey6o2","seller":"justinparke","symbol":"SIM","quantity":"6763.505","price":"0.00105701","timestamp":1626503034,"volume":"7.14909242","buyTxId":"bbdd25e1d785ca6f6c467936c142d47c2db42098","sellTxId":"b14b7d5ee776198712ef52ad70d50526e1beb35b"}
{"index": {"_index":"sim","_id":"1227381"}}
	{"id":1227381,"type":"sell","buyer":"solovey6o2","seller":"lionsuit","symbol":"SIM","quantity":"2.745","price":"0.00105701","timestamp":1626503583,"volume":"0.00290149","buyTxId":"bbdd25e1d785ca6f6c467936c142d47c2db42098","sellTxId":"89b1f23d66dfdd1b1d6d130f7be001945d8fcfa8"}
{"index": {"_index":"sim","_id":"1227392"}}
	{"id":1227392,"type":"sell","buyer":"solovey6o2","seller":"dhedge-drips","symbol":"SIM","quantity":"9.917","price":"0.00105701","timestamp":1626504321,"volume":"0.01048237","buyTxId":"bbdd25e1d785ca6f6c467936c142d47c2db42098","sellTxId":"1ae38a2de5472a139cc46fb15be38edf223f3da6"}
{"index": {"_index":"sim","_id":"1227462"}}
	{"id":1227462,"type":"buy","buyer":"chunchun123","seller":"solovey6o2","symbol":"SIM","quantity":"10600.000","price":"0.00108797","timestamp":1626506580,"volume":"11.53248200","buyTxId":"e1f43a38c597f53d955f6b29426cde933389ee48","sellTxId":"4f5c2f2859ac1fae30d5bfe4556cafcc442ea6a1"}
{"index": {"_index":"sim","_id":"1227484"}}
	{"id":1227484,"type":"sell","buyer":"mmrx","seller":"fantasycrypto","symbol":"SIM","quantity":"2578.585","price":"0.00105702","timestamp":1626507282,"volume":"2.72561592","buyTxId":"MM-P-8734105-55714522-3-40-0","sellTxId":"344c768fad82759243190d53a5c8994f2b8f17ba"}
{"index": {"_index":"sim","_id":"1227485"}}
	{"id":1227485,"type":"sell","buyer":"solovey6o2","seller":"fantasycrypto","symbol":"SIM","quantity":"7182.667","price":"0.00105701","timestamp":1626507282,"volume":"7.59215084","buyTxId":"bbdd25e1d785ca6f6c467936c142d47c2db42098","sellTxId":"344c768fad82759243190d53a5c8994f2b8f17ba"}
{"index": {"_index":"sim","_id":"1227486"}}
	{"id":1227486,"type":"sell","buyer":"solovey6o2","seller":"fantasycrypto","symbol":"SIM","quantity":"16230.748","price":"0.00105701","timestamp":1626507282,"volume":"17.15606294","buyTxId":"b14cdc1f2bcd5e6962dae45b2b91a6c0f7b785c0","sellTxId":"344c768fad82759243190d53a5c8994f2b8f17ba"}
{"index": {"_index":"sim","_id":"1227531"}}
	{"id":1227531,"type":"sell","buyer":"solovey6o2","seller":"thesimguru","symbol":"SIM","quantity":"2824.537","price":"0.00105701","timestamp":1626508968,"volume":"2.98556385","buyTxId":"b14cdc1f2bcd5e6962dae45b2b91a6c0f7b785c0","sellTxId":"4500a7e3d523d426c9aabb944a42b350510b7bc0"}
{"index": {"_index":"sim","_id":"1227538"}}
	{"id":1227538,"type":"sell","buyer":"solovey6o2","seller":"megalithic","symbol":"SIM","quantity":"12334.000","price":"0.00105701","timestamp":1626509178,"volume":"13.03716134","buyTxId":"b14cdc1f2bcd5e6962dae45b2b91a6c0f7b785c0","sellTxId":"18be6b4613a541c2e4205ef0b97cd361984a2cde"}
{"index": {"_index":"sim","_id":"1227556"}}
	{"id":1227556,"type":"sell","buyer":"solovey6o2","seller":"megalithic","symbol":"SIM","quantity":"4000.479","price":"0.00105701","timestamp":1626509406,"volume":"4.22854631","buyTxId":"b14cdc1f2bcd5e6962dae45b2b91a6c0f7b785c0","sellTxId":"b87011670844e81d34e0024e341812ec7d8fe67b"}
{"index": {"_index":"sim","_id":"1227557"}}
	{"id":1227557,"type":"sell","buyer":"joshh71390","seller":"megalithic","symbol":"SIM","quantity":"20000.000","price":"0.00105700","timestamp":1626509406,"volume":"21.14000000","buyTxId":"8efd7e2b4238187008350284d4f467807a2ed11d","sellTxId":"b87011670844e81d34e0024e341812ec7d8fe67b"}
{"index": {"_index":"sim","_id":"1227558"}}
	{"id":1227558,"type":"sell","buyer":"dcityfund","seller":"megalithic","symbol":"SIM","quantity":"3429.387","price":"0.00105300","timestamp":1626509406,"volume":"3.61114451","buyTxId":"9dcae6ec3ca5cc03c621407b7cc8fd7908b8e01c","sellTxId":"b87011670844e81d34e0024e341812ec7d8fe67b"}
{"index": {"_index":"sim","_id":"1227559"}}
	{"id":1227559,"type":"sell","buyer":"gerber","seller":"megalithic","symbol":"SIM","quantity":"2570.134","price":"0.00105200","timestamp":1626509406,"volume":"2.70378097","buyTxId":"23f4c0e53a19db2fa1038b6b7b496f88925045ad","sellTxId":"b87011670844e81d34e0024e341812ec7d8fe67b"}
{"index": {"_index":"sim","_id":"1227563"}}
	{"id":1227563,"type":"buy","buyer":"barrenwolfsbane","seller":"mmrx","symbol":"SIM","quantity":"95.609","price":"0.00108775","timestamp":1626509520,"volume":"0.10399869","buyTxId":"a6fd63cab73e62508b877be9b811d24f682b5ac7","sellTxId":"MM-P-8735701-55716119-3-40-0"}
{"index": {"_index":"sim","_id":"1227585"}}
	{"id":1227585,"type":"sell","buyer":"gerber","seller":"theguruasia","symbol":"SIM","quantity":"194.584","price":"0.00105200","timestamp":1626510963,"volume":"0.20470237","buyTxId":"23f4c0e53a19db2fa1038b6b7b496f88925045ad","sellTxId":"ed9bbfb976d0d47fd794eb219d8113bc004f5a86"}
{"index": {"_index":"sim","_id":"1227615"}}
	{"id":1227615,"type":"sell","buyer":"gerber","seller":"winebank","symbol":"SIM","quantity":"4719.000","price":"0.00105200","timestamp":1626511980,"volume":"4.96438800","buyTxId":"23f4c0e53a19db2fa1038b6b7b496f88925045ad","sellTxId":"4701a77e82b02e52f9c6d3da6f171f8530cff08b"}
{"index": {"_index":"sim","_id":"1227774"}}
	{"id":1227774,"type":"buy","buyer":"javier42","seller":"mmrx","symbol":"SIM","quantity":"12000.000","price":"0.00108682","timestamp":1626517926,"volume":"13.04184000","buyTxId":"9af2ccc9eece1681819885721b27f95773bb1a8a","sellTxId":"MM-P-8738486-55718913-3-40-1"}
{"index": {"_index":"sim","_id":"1227792"}}
	{"id":1227792,"type":"sell","buyer":"mmrx","seller":"andy4475","symbol":"SIM","quantity":"49.009","price":"0.00105202","timestamp":1626518307,"volume":"0.05155845","buyTxId":"MM-P-8738486-55718913-3-40-0","sellTxId":"ab8aafe6b8cca27afa66a5af0b940b45c085b93e"}
{"index": {"_index":"sim","_id":"1227810"}}
	{"id":1227810,"type":"sell","buyer":"mmrx","seller":"kaeptn-iglo","symbol":"SIM","quantity":"7519.202","price":"0.00105202","timestamp":1626519468,"volume":"7.91035089","buyTxId":"MM-P-8738486-55718913-3-40-0","sellTxId":"3cacee7850635be371d0527e6f444bf207a52928"}
{"index": {"_index":"sim","_id":"1227811"}}
	{"id":1227811,"type":"sell","buyer":"solovey6o2","seller":"kaeptn-iglo","symbol":"SIM","quantity":"4859.668","price":"0.00105201","timestamp":1626519468,"volume":"5.11241933","buyTxId":"dcb28da75c83dcdb71a56fd127cf9946d1f2ae71","sellTxId":"3cacee7850635be371d0527e6f444bf207a52928"}
{"index": {"_index":"sim","_id":"1227849"}}
	{"id":1227849,"type":"sell","buyer":"mmrx","seller":"anosys","symbol":"SIM","quantity":"29.012","price":"0.00105202","timestamp":1626520812,"volume":"0.03052120","buyTxId":"MM-P-8739079-55719508-3-40-0","sellTxId":"8a8e0eee1996c28bb3a1797a3b1cbee4c930613c"}
{"index": {"_index":"sim","_id":"1227869"}}
	{"id":1227869,"type":"sell","buyer":"mmrx","seller":"louis88","symbol":"SIM","quantity":"2567.200","price":"0.00105202","timestamp":1626521304,"volume":"2.70074574","buyTxId":"MM-P-8739079-55719508-3-40-0","sellTxId":"87cf6168dbed7f70db27ee7188b84ac21fb9f4f6"}
{"index": {"_index":"sim","_id":"1227903"}}
	{"id":1227903,"type":"sell","buyer":"mmrx","seller":"lightcaptured","symbol":"SIM","quantity":"820.564","price":"0.00105202","timestamp":1626522765,"volume":"0.86324974","buyTxId":"MM-P-8739079-55719508-3-40-0","sellTxId":"800149d8f184ebebfa562a96cacf659bf05302ed"}
{"index": {"_index":"sim","_id":"1227958"}}
	{"id":1227958,"type":"buy","buyer":"zelensky","seller":"mmrx","symbol":"SIM","quantity":"13574.052","price":"0.00107996","timestamp":1626524928,"volume":"14.65943320","buyTxId":"ed57599be55b069f5c7c25220e7069c5a52a97ff","sellTxId":"MM-P-8740776-55721205-3-40-0"}
{"index": {"_index":"sim","_id":"1227959"}}
	{"id":1227959,"type":"buy","buyer":"zelensky","seller":"nftmart.fees","symbol":"SIM","quantity":"29.000","price":"0.00107997","timestamp":1626524928,"volume":"0.03131913","buyTxId":"ed57599be55b069f5c7c25220e7069c5a52a97ff","sellTxId":"4d38cd1a4d31c1e94fed8c035e019fb2150ab428-0"}
{"index": {"_index":"sim","_id":"1227960"}}
	{"id":1227960,"type":"buy","buyer":"zelensky","seller":"solovey6o2","symbol":"SIM","quantity":"24397.401","price":"0.00107998","timestamp":1626524928,"volume":"26.34870513","buyTxId":"ed57599be55b069f5c7c25220e7069c5a52a97ff","sellTxId":"b985e17a26635873a9530498fbe7134395c5d55b"}
{"index": {"_index":"sim","_id":"1227970"}}
	{"id":1227970,"type":"buy","buyer":"cryptoaeneas","seller":"solovey6o2","symbol":"SIM","quantity":"11000.043","price":"0.00107998","timestamp":1626525288,"volume":"11.87982644","buyTxId":"d40ab3fdde4d85efa0f29b22530dd59878a0f38d","sellTxId":"b985e17a26635873a9530498fbe7134395c5d55b"}
{"index": {"_index":"sim","_id":"1227975"}}
	{"id":1227975,"type":"sell","buyer":"mmrx","seller":"dhedge-drips","symbol":"SIM","quantity":"0.001","price":"0.00105202","timestamp":1626525918,"volume":"0.00000105","buyTxId":"MM-P-8739079-55719508-3-40-0","sellTxId":"f5f6984b34ea95a256dce0bf4c043e8f450272dd"}
{"index": {"_index":"sim","_id":"1228093"}}
	{"id":1228093,"type":"sell","buyer":"mmrx","seller":"pouchon","symbol":"SIM","quantity":"4052.789","price":"0.00105202","timestamp":1626529089,"volume":"4.26361508","buyTxId":"MM-P-8739079-55719508-3-40-0","sellTxId":"261d69fcd661831e3bd72646a09f8a2dc5c41be0"}
{"index": {"_index":"sim","_id":"1228094"}}
	{"id":1228094,"type":"sell","buyer":"solovey6o2","seller":"pouchon","symbol":"SIM","quantity":"58849.308","price":"0.00105201","timestamp":1626529089,"volume":"61.91006051","buyTxId":"dcb28da75c83dcdb71a56fd127cf9946d1f2ae71","sellTxId":"261d69fcd661831e3bd72646a09f8a2dc5c41be0"}
{"index": {"_index":"sim","_id":"1228095"}}
	{"id":1228095,"type":"sell","buyer":"gerber","seller":"pouchon","symbol":"SIM","quantity":"15822.081","price":"0.00105200","timestamp":1626529089,"volume":"16.64482921","buyTxId":"23f4c0e53a19db2fa1038b6b7b496f88925045ad","sellTxId":"261d69fcd661831e3bd72646a09f8a2dc5c41be0"}
{"index": {"_index":"sim","_id":"1228096"}}
	{"id":1228096,"type":"sell","buyer":"dcityfund","seller":"pouchon","symbol":"SIM","quantity":"3305.799","price":"0.00105100","timestamp":1626529089,"volume":"3.47439475","buyTxId":"09b2c03a4e2bd4da4a8c11b7b11d77c9cb8fa130","sellTxId":"261d69fcd661831e3bd72646a09f8a2dc5c41be0"}
{"index": {"_index":"sim","_id":"1228097"}}
	{"id":1228097,"type":"sell","buyer":"freebornsociety","seller":"pouchon","symbol":"SIM","quantity":"71412.249","price":"0.00105024","timestamp":1626529089,"volume":"75.00000039","buyTxId":"MM-P-8729069-55709477-3-4-0","sellTxId":"261d69fcd661831e3bd72646a09f8a2dc5c41be0"}
{"index": {"_index":"sim","_id":"1228098"}}
	{"id":1228098,"type":"sell","buyer":"enginemaker","seller":"pouchon","symbol":"SIM","quantity":"23806.576","price":"0.00105013","timestamp":1626529089,"volume":"24.99999965","buyTxId":"MM-P-8729026-55709434-3-2-0","sellTxId":"261d69fcd661831e3bd72646a09f8a2dc5c41be0"}
{"index": {"_index":"sim","_id":"1228099"}}
	{"id":1228099,"type":"sell","buyer":"gerber","seller":"pouchon","symbol":"SIM","quantity":"6751.198","price":"0.00104500","timestamp":1626529089,"volume":"7.05500191","buyTxId":"fe9f4057ef174b9c2d65a7957d7453eb8a84f6f9","sellTxId":"261d69fcd661831e3bd72646a09f8a2dc5c41be0"}
{"index": {"_index":"sim","_id":"1228140"}}
	{"id":1228140,"type":"buy","buyer":"wizzitywillican","seller":"mmrx","symbol":"SIM","quantity":"2558.000","price":"0.00107993","timestamp":1626530670,"volume":"2.76246094","buyTxId":"c14f34f2b31f2ee83d11ce0f1ad649838fd1b38b","sellTxId":"MM-P-8742363-55722799-3-40-0"}
{"index": {"_index":"sim","_id":"1228186"}}
	{"id":1228186,"type":"sell","buyer":"gerber","seller":"chittysity","symbol":"SIM","quantity":"15323.565","price":"0.00104500","timestamp":1626532920,"volume":"16.01312543","buyTxId":"fe9f4057ef174b9c2d65a7957d7453eb8a84f6f9","sellTxId":"17f5b70ebda73c2fefeb5456a614f6405bac900a"}
{"index": {"_index":"sim","_id":"1228187"}}
	{"id":1228187,"type":"buy","buyer":"konvik","seller":"chittysity","symbol":"SIM","quantity":"19148.105","price":"0.00104500","timestamp":1626532923,"volume":"20.00976973","buyTxId":"eed5f979674e82c751216217ac97b795215db1c5-0","sellTxId":"17f5b70ebda73c2fefeb5456a614f6405bac900a"}
{"index": {"_index":"sim","_id":"1228201"}}
	{"id":1228201,"type":"sell","buyer":"toni.curation","seller":"darmst5339","symbol":"SIM","quantity":"4.746","price":"0.00104500","timestamp":1626533517,"volume":"0.00495957","buyTxId":"a78d4f10776418e3989645e43fbc8ca1218aa07f-0","sellTxId":"c32fbf4ea905fb20a5355b1f78581624f7c66ab8"}
{"index": {"_index":"sim","_id":"1228218"}}
	{"id":1228218,"type":"sell","buyer":"toni.curation","seller":"iamalivechalleng","symbol":"SIM","quantity":"0.297","price":"0.00104500","timestamp":1626533991,"volume":"0.00031037","buyTxId":"a78d4f10776418e3989645e43fbc8ca1218aa07f-0","sellTxId":"4c62346b5cacb8e9e4dd921ff96f04b8b1dd4cc7"}
{"index": {"_index":"sim","_id":"1228321"}}
	{"id":1228321,"type":"sell","buyer":"dcityfund","seller":"justinparke","symbol":"SIM","quantity":"3790.123","price":"0.00104200","timestamp":1626536907,"volume":"3.94930817","buyTxId":"679b0f6e9f89f8634d447644f0d6c99700278316","sellTxId":"556112bf5eba4a173077858fcb78fec54e09ae1c"}
{"index": {"_index":"sim","_id":"1228322"}}
	{"id":1228322,"type":"sell","buyer":"dcityfund","seller":"justinparke","symbol":"SIM","quantity":"3806.244","price":"0.00104100","timestamp":1626536907,"volume":"3.96230000","buyTxId":"e28fac26985c54ed1f2961c2b0dab1e0805b11b5","sellTxId":"556112bf5eba4a173077858fcb78fec54e09ae1c"}
{"index": {"_index":"sim","_id":"1228323"}}
	{"id":1228323,"type":"sell","buyer":"gerber","seller":"justinparke","symbol":"SIM","quantity":"3127.233","price":"0.00104100","timestamp":1626536907,"volume":"3.25544955","buyTxId":"8c173e25d0be4638ffc03ec7303cc0947c974d30","sellTxId":"556112bf5eba4a173077858fcb78fec54e09ae1c"}
{"index": {"_index":"sim","_id":"1228342"}}
	{"id":1228342,"type":"sell","buyer":"gerber","seller":"joheredia21","symbol":"SIM","quantity":"4602.06","price":"0.00104100","timestamp":1626537573,"volume":"4.79074446","buyTxId":"8c173e25d0be4638ffc03ec7303cc0947c974d30","sellTxId":"ec0be962a8980953df3dfab5082799ca72f9fabc"}
{"index": {"_index":"sim","_id":"1228373"}}
	{"id":1228373,"type":"sell","buyer":"gerber","seller":"automaton","symbol":"SIM","quantity":"1600.000","price":"0.00104100","timestamp":1626538647,"volume":"1.66560000","buyTxId":"8c173e25d0be4638ffc03ec7303cc0947c974d30","sellTxId":"d364b95ea67c7f4daf20acc6d457ffd59d28b2a9"}
{"index": {"_index":"sim","_id":"1228382"}}
	{"id":1228382,"type":"buy","buyer":"shmoogleosukami","seller":"mmrx","symbol":"SIM","quantity":"173.894","price":"0.00107979","timestamp":1626538848,"volume":"0.18776959","buyTxId":"4e6ffb5bfbba2a989f6e066e51a5da6ca7b73886","sellTxId":"MM-P-8745154-55725595-3-40-0"}
{"index": {"_index":"sim","_id":"1228388"}}
	{"id":1228388,"type":"sell","buyer":"gerber","seller":"geadriana","symbol":"SIM","quantity":"3001.130","price":"0.00104100","timestamp":1626539010,"volume":"3.12417633","buyTxId":"8c173e25d0be4638ffc03ec7303cc0947c974d30","sellTxId":"1a3415d92896f07406ab327e1741cbbeb5cbc493"}
{"index": {"_index":"sim","_id":"1228396"}}
	{"id":1228396,"type":"sell","buyer":"gerber","seller":"tsnaks","symbol":"SIM","quantity":"2441.032","price":"0.00104100","timestamp":1626539106,"volume":"2.54111431","buyTxId":"8c173e25d0be4638ffc03ec7303cc0947c974d30","sellTxId":"e61e4571161e0fdd6d581dd432b5770bb16783ac"}
{"index": {"_index":"sim","_id":"1228481"}}
	{"id":1228481,"type":"buy","buyer":"heikki1337","seller":"mmrx","symbol":"SIM","quantity":"1320.896","price":"0.00107975","timestamp":1626540813,"volume":"1.42623746","buyTxId":"72bf45dfb54341916f82c2a1bdb4d2c8106271b1","sellTxId":"MM-P-8745952-55726393-3-40-0"}
{"index": {"_index":"sim","_id":"1228482"}}
	{"id":1228482,"type":"buy","buyer":"heikki1337","seller":"nftmart.fees","symbol":"SIM","quantity":"30.000","price":"0.00107976","timestamp":1626540813,"volume":"0.03239280","buyTxId":"72bf45dfb54341916f82c2a1bdb4d2c8106271b1","sellTxId":"eba5afd3c971ba5a391038f2fb6687c40e8dd6cf-0"}
{"index": {"_index":"sim","_id":"1228483"}}
	{"id":1228483,"type":"buy","buyer":"heikki1337","seller":"solovey6o2","symbol":"SIM","quantity":"6026.104","price":"0.00107999","timestamp":1626540813,"volume":"6.50813206","buyTxId":"72bf45dfb54341916f82c2a1bdb4d2c8106271b1","sellTxId":"6a7ee480ffed6bfea51e2073c08613cd5303dbd1"}
{"index": {"_index":"sim","_id":"1228497"}}
	{"id":1228497,"type":"sell","buyer":"gerber","seller":"razack-pulo","symbol":"SIM","quantity":"53.814","price":"0.00104100","timestamp":1626541506,"volume":"0.05602037","buyTxId":"8c173e25d0be4638ffc03ec7303cc0947c974d30","sellTxId":"4af8a7d8f8de1bef597cc8017e62eadedb969da5"}
{"index": {"_index":"sim","_id":"1228520"}}
	{"id":1228520,"type":"sell","buyer":"mmrx","seller":"mary.janikowski","symbol":"SIM","quantity":"2315.000","price":"0.00104101","timestamp":1626542241,"volume":"2.40993815","buyTxId":"MM-P-8746452-55726893-3-40-0","sellTxId":"a36e1b8f0036fef27f51ee0643d9d0915d63adf6"}
{"index": {"_index":"sim","_id":"1228534"}}
	{"id":1228534,"type":"sell","buyer":"mmrx","seller":"captaincryptic","symbol":"SIM","quantity":"1006.280","price":"0.00104101","timestamp":1626542658,"volume":"1.04754754","buyTxId":"MM-P-8746452-55726893-3-40-0","sellTxId":"988ef59f32bf44d1680f33eb06ef532a116f7269"}
{"index": {"_index":"sim","_id":"1228539"}}
	{"id":1228539,"type":"buy","buyer":"konvik","seller":"dera123","symbol":"SIM","quantity":"23746.003","price":"0.00107000","timestamp":1626542910,"volume":"25.40822321","buyTxId":"a6b19e86f08d3b4b4fe33c7c64c5f16a68ce3b23-0","sellTxId":"b8f7497d7caa152985fc2b04dd244fa08a4c89b9"}
{"index": {"_index":"sim","_id":"1228553"}}
	{"id":1228553,"type":"sell","buyer":"konvik","seller":"morzex","symbol":"SIM","quantity":"0.237","price":"0.00107000","timestamp":1626543252,"volume":"0.00025359","buyTxId":"a6b19e86f08d3b4b4fe33c7c64c5f16a68ce3b23-0","sellTxId":"1d3253732ab59c85cd830d1e184b9aa9cab41f13"}
{"index": {"_index":"sim","_id":"1228557"}}
	{"id":1228557,"type":"sell","buyer":"mmrx","seller":"morzex","symbol":"SIM","quantity":"520.611","price":"0.00104101","timestamp":1626543366,"volume":"0.54196126","buyTxId":"MM-P-8746452-55726893-3-40-0","sellTxId":"d966aa624d1cebe3b117e8f3b72e69b80d5564b8"}
{"index": {"_index":"sim","_id":"1228558"}}
	{"id":1228558,"type":"sell","buyer":"gerber","seller":"morzex","symbol":"SIM","quantity":"2709.152","price":"0.00104100","timestamp":1626543366,"volume":"2.82022723","buyTxId":"8c173e25d0be4638ffc03ec7303cc0947c974d30","sellTxId":"d966aa624d1cebe3b117e8f3b72e69b80d5564b8"}
{"index": {"_index":"sim","_id":"1228562"}}
	{"id":1228562,"type":"sell","buyer":"gerber","seller":"justinparke","symbol":"SIM","quantity":"8282.100","price":"0.00104100","timestamp":1626543429,"volume":"8.62166610","buyTxId":"8c173e25d0be4638ffc03ec7303cc0947c974d30","sellTxId":"6f2545f3df25f7ad8049aba88079e671be2af323"}
{"index": {"_index":"sim","_id":"1228583"}}
	{"id":1228583,"type":"buy","buyer":"heikki1337","seller":"mmrx","symbol":"SIM","quantity":"3321.280","price":"0.00107796","timestamp":1626543972,"volume":"3.58020699","buyTxId":"5451f0fe71ca3ab9bac3f93ea9f9674b790723e9","sellTxId":"MM-P-8746750-55727192-3-40-0"}
{"index": {"_index":"sim","_id":"1228584"}}
	{"id":1228584,"type":"buy","buyer":"heikki1337","seller":"nftmart.fees","symbol":"SIM","quantity":"188.000","price":"0.00107797","timestamp":1626543972,"volume":"0.20265836","buyTxId":"5451f0fe71ca3ab9bac3f93ea9f9674b790723e9","sellTxId":"14ec473b745f76aa03a0c08dbda3d91bfd44bb7a-0"}
{"index": {"_index":"sim","_id":"1228585"}}
	{"id":1228585,"type":"buy","buyer":"heikki1337","seller":"mapac","symbol":"SIM","quantity":"555.000","price":"0.00107800","timestamp":1626543972,"volume":"0.59829000","buyTxId":"5451f0fe71ca3ab9bac3f93ea9f9674b790723e9","sellTxId":"532838346b663d605c7e0baf617564708bb1fa9c"}
{"index": {"_index":"sim","_id":"1228586"}}
	{"id":1228586,"type":"buy","buyer":"heikki1337","seller":"solovey6o2","symbol":"SIM","quantity":"5481.720","price":"0.00107999","timestamp":1626543972,"volume":"5.92020278","buyTxId":"5451f0fe71ca3ab9bac3f93ea9f9674b790723e9","sellTxId":"6a7ee480ffed6bfea51e2073c08613cd5303dbd1"}
{"index": {"_index":"sim","_id":"1228597"}}
	{"id":1228597,"type":"buy","buyer":"konvik","seller":"mmrx","symbol":"SIM","quantity":"520.611","price":"0.00107794","timestamp":1626544368,"volume":"0.56118742","buyTxId":"b852e594bd502c7d9d6a871f68dece353e940988-0","sellTxId":"MM-P-8747147-55727590-3-40-1"}
{"index": {"_index":"sim","_id":"1228598"}}
	{"id":1228598,"type":"buy","buyer":"konvik","seller":"nftmart.fees","symbol":"SIM","quantity":"173.000","price":"0.00107795","timestamp":1626544368,"volume":"0.18648535","buyTxId":"b852e594bd502c7d9d6a871f68dece353e940988-0","sellTxId":"d8d25e4cd179c8586850c59b2848d23ab1cdabbd-0"}
{"index": {"_index":"sim","_id":"1228599"}}
	{"id":1228599,"type":"buy","buyer":"konvik","seller":"solovey6o2","symbol":"SIM","quantity":"41288.907","price":"0.00107999","timestamp":1626544368,"volume":"44.59160667","buyTxId":"b852e594bd502c7d9d6a871f68dece353e940988-0","sellTxId":"6a7ee480ffed6bfea51e2073c08613cd5303dbd1"}
{"index": {"_index":"sim","_id":"1228601"}}
	{"id":1228601,"type":"buy","buyer":"konvik","seller":"solovey6o2","symbol":"SIM","quantity":"693.192","price":"0.00107999","timestamp":1626544434,"volume":"0.74864043","buyTxId":"40a744c7a48c4ced7d12afe9862c180fdbcb1ab1-0","sellTxId":"6a7ee480ffed6bfea51e2073c08613cd5303dbd1"}
{"index": {"_index":"sim","_id":"1228602"}}
	{"id":1228602,"type":"buy","buyer":"konvik","seller":"dhedge-drips","symbol":"SIM","quantity":"0.001","price":"0.00107999","timestamp":1626544434,"volume":"0.00000108","buyTxId":"40a744c7a48c4ced7d12afe9862c180fdbcb1ab1-0","sellTxId":"238123fbc7a78d8e7d313414b6d1d890b78f170c"}
{"index": {"_index":"sim","_id":"1228603"}}
	{"id":1228603,"type":"buy","buyer":"konvik","seller":"solovey6o2","symbol":"SIM","quantity":"31409.214","price":"0.00107999","timestamp":1626544434,"volume":"33.92163703","buyTxId":"40a744c7a48c4ced7d12afe9862c180fdbcb1ab1-0","sellTxId":"b74694ede7bef9b7362a26af8170289468b01b33"}
{"index": {"_index":"sim","_id":"1228609"}}
	{"id":1228609,"type":"sell","buyer":"mmrx","seller":"justinparke","symbol":"SIM","quantity":"3154.000","price":"0.00104101","timestamp":1626544683,"volume":"3.28334554","buyTxId":"MM-P-8747147-55727590-3-40-0","sellTxId":"5f0ef4375991b9a44ac49dd3f20ba9ff123b8642"}
{"index": {"_index":"sim","_id":"1228612"}}
	{"id":1228612,"type":"sell","buyer":"mmrx","seller":"gamsam","symbol":"SIM","quantity":"285.167","price":"0.00104101","timestamp":1626544809,"volume":"0.29686170","buyTxId":"MM-P-8747147-55727590-3-40-0","sellTxId":"dfaa187f9ed3164a7874a0b3f4f25de1a21a04de"}
{"index": {"_index":"sim","_id":"1228613"}}
	{"id":1228613,"type":"sell","buyer":"gerber","seller":"gamsam","symbol":"SIM","quantity":"1664.111","price":"0.00104100","timestamp":1626544809,"volume":"1.73233955","buyTxId":"8c173e25d0be4638ffc03ec7303cc0947c974d30","sellTxId":"dfaa187f9ed3164a7874a0b3f4f25de1a21a04de"}
{"index": {"_index":"sim","_id":"1228614"}}
	{"id":1228614,"type":"sell","buyer":"solovey6o2","seller":"gamsam","symbol":"SIM","quantity":"5925.719","price":"0.00104014","timestamp":1626544809,"volume":"6.16357736","buyTxId":"5eca9268e1bd50c1325d2c9c0d46299476c38229","sellTxId":"dfaa187f9ed3164a7874a0b3f4f25de1a21a04de"}
{"index": {"_index":"sim","_id":"1228615"}}
	{"id":1228615,"type":"sell","buyer":"solovey6o2","seller":"gamsam","symbol":"SIM","quantity":"33332.317","price":"0.00104014","timestamp":1626544809,"volume":"34.67027620","buyTxId":"89bb6978f45969dc423c91219b6c41762ef3d2db","sellTxId":"dfaa187f9ed3164a7874a0b3f4f25de1a21a04de"}
{"index": {"_index":"sim","_id":"1228616"}}
	{"id":1228616,"type":"sell","buyer":"aggroed","seller":"gamsam","symbol":"SIM","quantity":"191616.686","price":"0.00104013","timestamp":1626544809,"volume":"199.30626361","buyTxId":"48a220ea42d3bae5c013e98f874220a7381060b8","sellTxId":"dfaa187f9ed3164a7874a0b3f4f25de1a21a04de"}
{"index": {"_index":"sim","_id":"1228665"}}
	{"id":1228665,"type":"buy","buyer":"heikki1337","seller":"mmrx","symbol":"SIM","quantity":"3439.167","price":"0.00107994","timestamp":1626546594,"volume":"3.71409401","buyTxId":"d8956388ad32bc01f428a559b34e6956658e8baa","sellTxId":"MM-P-8747945-55728388-3-40-0"}
{"index": {"_index":"sim","_id":"1228675"}}
	{"id":1228675,"type":"buy","buyer":"heikki1337","seller":"morzex","symbol":"SIM","quantity":"522.510","price":"0.00107994","timestamp":1626546723,"volume":"0.56427945","buyTxId":"1d7adb3a5edc1f490f46f7150d638c2ae301174b","sellTxId":"d7309bccd429891aebd6d69205ff84a8ce6a8caf"}
{"index": {"_index":"sim","_id":"1228676"}}
	{"id":1228676,"type":"buy","buyer":"heikki1337","seller":"nftmart.fees","symbol":"SIM","quantity":"176.000","price":"0.00107995","timestamp":1626546723,"volume":"0.19007120","buyTxId":"1d7adb3a5edc1f490f46f7150d638c2ae301174b","sellTxId":"118731584c5be288f4f67455e6f300108df5b441-0"}
{"index": {"_index":"sim","_id":"1228677"}}
	{"id":1228677,"type":"buy","buyer":"heikki1337","seller":"joshh71390","symbol":"SIM","quantity":"20000.000","price":"0.00108000","timestamp":1626546723,"volume":"21.60000000","buyTxId":"1d7adb3a5edc1f490f46f7150d638c2ae301174b","sellTxId":"606e70281c5dd5e6440493dd3e7a419c3637b46e"}
{"index": {"_index":"sim","_id":"1228678"}}
	{"id":1228678,"type":"sell","buyer":"heikki1337","seller":"solovey6o2","symbol":"SIM","quantity":"66698.130","price":"0.00108000","timestamp":1626546726,"volume":"72.03398040","buyTxId":"1d7adb3a5edc1f490f46f7150d638c2ae301174b","sellTxId":"907b147aca4611c3d1f72e579f77cc11cc4a6847"}
{"index": {"_index":"sim","_id":"1228690"}}
	{"id":1228690,"type":"buy","buyer":"nastyforce","seller":"mapac","symbol":"SIM","quantity":"350.000","price":"0.00108690","timestamp":1626547185,"volume":"0.38041500","buyTxId":"ecabef7ea69207a0cb00d882fda164e95334f3f4","sellTxId":"cf2808dd2a6259dda929a94cc24bd2cdb4a36a92"}
{"index": {"_index":"sim","_id":"1228706"}}
	{"id":1228706,"type":"sell","buyer":"heikki1337","seller":"dhedge-drips","symbol":"SIM","quantity":"0.004","price":"0.00108000","timestamp":1626547521,"volume":"0.00000432","buyTxId":"1d7adb3a5edc1f490f46f7150d638c2ae301174b","sellTxId":"0c72effc050ba38bbe668d510c52d7182e39d28d"}
{"index": {"_index":"sim","_id":"1228731"}}
	{"id":1228731,"type":"sell","buyer":"heikki1337","seller":"jrcornel","symbol":"SIM","quantity":"40955.000","price":"0.00108000","timestamp":1626548457,"volume":"44.23140000","buyTxId":"1d7adb3a5edc1f490f46f7150d638c2ae301174b","sellTxId":"5609f1c5eb6670d355ddafbd82012caf45b167ca"}
{"index": {"_index":"sim","_id":"1228747"}}
	{"id":1228747,"type":"sell","buyer":"heikki1337","seller":"casilokodesing","symbol":"SIM","quantity":"316.000","price":"0.00108000","timestamp":1626549408,"volume":"0.34128000","buyTxId":"1d7adb3a5edc1f490f46f7150d638c2ae301174b","sellTxId":"4924067530c0635fac88a9aafa3c870457dfa1bd"}
{"index": {"_index":"sim","_id":"1228748"}}
	{"id":1228748,"type":"sell","buyer":"heikki1337","seller":"fratellodes","symbol":"SIM","quantity":"752.000","price":"0.00108000","timestamp":1626549438,"volume":"0.81216000","buyTxId":"1d7adb3a5edc1f490f46f7150d638c2ae301174b","sellTxId":"97bddb3026b512f2620850c3b9bcc651c14d36dc"}
{"index": {"_index":"sim","_id":"1228759"}}
	{"id":1228759,"type":"buy","buyer":"dadspardan","seller":"nftmart.fees","symbol":"SIM","quantity":"675.000","price":"0.00108688","timestamp":1626549696,"volume":"0.73364400","buyTxId":"71fea54ca69311c53bd47b7da9e46c3be32e31fa","sellTxId":"b5cc68755342a0a353fce96f9dc92f6c7c090ca3-0"}
{"index": {"_index":"sim","_id":"1228760"}}
	{"id":1228760,"type":"buy","buyer":"dadspardan","seller":"mapac","symbol":"SIM","quantity":"205.000","price":"0.00108690","timestamp":1626549696,"volume":"0.22281450","buyTxId":"71fea54ca69311c53bd47b7da9e46c3be32e31fa","sellTxId":"cf2808dd2a6259dda929a94cc24bd2cdb4a36a92"}
{"index": {"_index":"sim","_id":"1228761"}}
	{"id":1228761,"type":"buy","buyer":"dadspardan","seller":"dhedge-drips","symbol":"SIM","quantity":"0.004","price":"0.00108690","timestamp":1626549696,"volume":"0.00000435","buyTxId":"71fea54ca69311c53bd47b7da9e46c3be32e31fa","sellTxId":"bd0ac1494dcdebccbe6d181425bb921707b88e47"}
{"index": {"_index":"sim","_id":"1228762"}}
	{"id":1228762,"type":"buy","buyer":"dadspardan","seller":"dhedge-drips","symbol":"SIM","quantity":"9.917","price":"0.00108815","timestamp":1626549696,"volume":"0.01079118","buyTxId":"71fea54ca69311c53bd47b7da9e46c3be32e31fa","sellTxId":"a4baa358069e3180b7fe7cf32aba598c3b5a6fd7"}
{"index": {"_index":"sim","_id":"1228763"}}
	{"id":1228763,"type":"buy","buyer":"dadspardan","seller":"enginemaker","symbol":"SIM","quantity":"13990.079","price":"0.00108875","timestamp":1626549696,"volume":"15.23169851","buyTxId":"71fea54ca69311c53bd47b7da9e46c3be32e31fa","sellTxId":"MM-P-8729224-55709634-3-2-0"}
{"index": {"_index":"sim","_id":"1228764"}}
	{"id":1228764,"type":"sell","buyer":"heikki1337","seller":"chorock","symbol":"SIM","quantity":"15358.000","price":"0.00108000","timestamp":1626549744,"volume":"16.58664000","buyTxId":"1d7adb3a5edc1f490f46f7150d638c2ae301174b","sellTxId":"a1df596c3b37ebe0f00612849f2d234f56384582"}
{"index": {"_index":"sim","_id":"1228807"}}
	{"id":1228807,"type":"buy","buyer":"nastyforce","seller":"nftmart.fees","symbol":"SIM","quantity":"325.000","price":"0.00108874","timestamp":1626550566,"volume":"0.35384050","buyTxId":"57c0019833c548ec56453db69b63dc9f9326ee24","sellTxId":"96759a28d167b99faafc41600aed506d18670ced-0"}
{"index": {"_index":"sim","_id":"1228825"}}
	{"id":1228825,"type":"buy","buyer":"lrekt01","seller":"nftmart.fees","symbol":"SIM","quantity":"363.000","price":"0.00108874","timestamp":1626550857,"volume":"0.39521262","buyTxId":"a9150ff2c15e8a0c0fc15d182ec8eeaf305a6e74","sellTxId":"96759a28d167b99faafc41600aed506d18670ced-0"}
{"index": {"_index":"sim","_id":"1228826"}}
	{"id":1228826,"type":"sell","buyer":"lrekt01","seller":"konvik","symbol":"SIM","quantity":"8828.251","price":"0.00108874","timestamp":1626550860,"volume":"9.61166999","buyTxId":"a9150ff2c15e8a0c0fc15d182ec8eeaf305a6e74","sellTxId":"057451e7f53269cdac25647e542768107bae829c-1"}
{"index": {"_index":"sim","_id":"1228830"}}
	{"id":1228830,"type":"buy","buyer":"lrekt01","seller":"enginemaker","symbol":"SIM","quantity":"74.749","price":"0.00108875","timestamp":1626550941,"volume":"0.08138297","buyTxId":"00251134693247b99b2840881869daf055909fd2","sellTxId":"MM-P-8729224-55709634-3-2-0"}
{"index": {"_index":"sim","_id":"1228835"}}
	{"id":1228835,"type":"sell","buyer":"heikki1337","seller":"miketr","symbol":"SIM","quantity":"441.000","price":"0.00108000","timestamp":1626551004,"volume":"0.47628000","buyTxId":"1d7adb3a5edc1f490f46f7150d638c2ae301174b","sellTxId":"e91904223778a0261591a396a25b85b9bae0fa00"}
{"index": {"_index":"sim","_id":"1228853"}}
	{"id":1228853,"type":"sell","buyer":"heikki1337","seller":"willsaldeno","symbol":"SIM","quantity":"2216.000","price":"0.00108000","timestamp":1626551415,"volume":"2.39328000","buyTxId":"1d7adb3a5edc1f490f46f7150d638c2ae301174b","sellTxId":"b41b4edac13c0058df71966ae0709891d23bd1d1"}
{"index": {"_index":"sim","_id":"1228930"}}
	{"id":1228930,"type":"sell","buyer":"heikki1337","seller":"eldonburr","symbol":"SIM","quantity":"18.273","price":"0.00108000","timestamp":1626553710,"volume":"0.01973484","buyTxId":"1d7adb3a5edc1f490f46f7150d638c2ae301174b","sellTxId":"e83157eda2ea76e0998974a4421934f80259e15e"}
{"index": {"_index":"sim","_id":"1228937"}}
	{"id":1228937,"type":"sell","buyer":"heikki1337","seller":"monsterjamgold","symbol":"SIM","quantity":"1012.000","price":"0.00108000","timestamp":1626553980,"volume":"1.09296000","buyTxId":"1d7adb3a5edc1f490f46f7150d638c2ae301174b","sellTxId":"255b54ddd4bb77426acf059853d0ce883c165d60"}
{"index": {"_index":"sim","_id":"1228983"}}
	{"id":1228983,"type":"sell","buyer":"heikki1337","seller":"deathwing","symbol":"SIM","quantity":"523","price":"0.00108000","timestamp":1626555306,"volume":"0.56484000","buyTxId":"1d7adb3a5edc1f490f46f7150d638c2ae301174b","sellTxId":"c3ebd630513cf5cdf866f11343befe6875ca918d-0"}
{"index": {"_index":"sim","_id":"1229038"}}
	{"id":1229038,"type":"sell","buyer":"heikki1337","seller":"morzex","symbol":"SIM","quantity":"285.000","price":"0.00108000","timestamp":1626556881,"volume":"0.30780000","buyTxId":"1d7adb3a5edc1f490f46f7150d638c2ae301174b","sellTxId":"759fd860f44e27c9040efe47c44e3b5c4b1b2fa2"}
{"index": {"_index":"sim","_id":"1229090"}}
	{"id":1229090,"type":"sell","buyer":"heikki1337","seller":"fantasycrypto","symbol":"SIM","quantity":"14319.000","price":"0.00108000","timestamp":1626558894,"volume":"15.46452000","buyTxId":"1d7adb3a5edc1f490f46f7150d638c2ae301174b","sellTxId":"740a416fe313e713ff2bf7a63edacda9ed0485d8"}
{"index": {"_index":"sim","_id":"1229106"}}
	{"id":1229106,"type":"sell","buyer":"heikki1337","seller":"tussar11","symbol":"SIM","quantity":"11618.000","price":"0.00108000","timestamp":1626559602,"volume":"12.54744000","buyTxId":"1d7adb3a5edc1f490f46f7150d638c2ae301174b","sellTxId":"7b9e61e831bbd5ee79295359d69eb90521b8eccb"}
{"index": {"_index":"sim","_id":"1229170"}}
	{"id":1229170,"type":"sell","buyer":"heikki1337","seller":"mary.janikowski","symbol":"SIM","quantity":"8399.000","price":"0.00108000","timestamp":1626563322,"volume":"9.07092000","buyTxId":"1d7adb3a5edc1f490f46f7150d638c2ae301174b","sellTxId":"199200838db3a324c6ecae7e4d2d90b0abbc22e1"}
{"index": {"_index":"sim","_id":"1229175"}}
	{"id":1229175,"type":"sell","buyer":"heikki1337","seller":"holoferncro","symbol":"SIM","quantity":"3549.001","price":"0.00108000","timestamp":1626563508,"volume":"3.83292108","buyTxId":"1d7adb3a5edc1f490f46f7150d638c2ae301174b","sellTxId":"4e9a7881bad69df7eb3dc28f014b1d8b00025dcb"}
{"index": {"_index":"sim","_id":"1229221"}}
	{"id":1229221,"type":"sell","buyer":"heikki1337","seller":"thegoliath","symbol":"SIM","quantity":"25111.265","price":"0.00108000","timestamp":1626565680,"volume":"27.12016620","buyTxId":"1d7adb3a5edc1f490f46f7150d638c2ae301174b","sellTxId":"8c910f3d25203271de9bf6290db7969af907aa1c"}
{"index": {"_index":"sim","_id":"1229225"}}
	{"id":1229225,"type":"sell","buyer":"heikki1337","seller":"daveks","symbol":"SIM","quantity":"10506.000","price":"0.00108000","timestamp":1626565995,"volume":"11.34648000","buyTxId":"1d7adb3a5edc1f490f46f7150d638c2ae301174b","sellTxId":"f89380311bd1bf6be9326c76379a48155c576a7c"}
{"index": {"_index":"sim","_id":"1229231"}}
	{"id":1229231,"type":"sell","buyer":"heikki1337","seller":"thegoliath","symbol":"SIM","quantity":"23191.817","price":"0.00108000","timestamp":1626566394,"volume":"25.04716236","buyTxId":"1d7adb3a5edc1f490f46f7150d638c2ae301174b","sellTxId":"2b095d5d3336971ea90111eacc0bbd0948ceea01"}
{"index": {"_index":"sim","_id":"1229232"}}
	{"id":1229232,"type":"sell","buyer":"dcityfund","seller":"thegoliath","symbol":"SIM","quantity":"8506.450","price":"0.00108000","timestamp":1626566394,"volume":"9.18696600","buyTxId":"5cfa1bf6c2ae4398829d527a29be8aaa86f6ad7c","sellTxId":"2b095d5d3336971ea90111eacc0bbd0948ceea01"}
{"index": {"_index":"sim","_id":"1229233"}}
	{"id":1229233,"type":"sell","buyer":"dcityfund","seller":"thegoliath","symbol":"SIM","quantity":"4952.733","price":"0.00108000","timestamp":1626566394,"volume":"5.34895164","buyTxId":"6c3b67eb086ef5f5d907833b3354ccf1e35f4d50","sellTxId":"2b095d5d3336971ea90111eacc0bbd0948ceea01"}
{"index": {"_index":"sim","_id":"1229235"}}
	{"id":1229235,"type":"sell","buyer":"dcityfund","seller":"thegoliath","symbol":"SIM","quantity":"3322.698","price":"0.00108000","timestamp":1626566433,"volume":"3.58851384","buyTxId":"6c3b67eb086ef5f5d907833b3354ccf1e35f4d50","sellTxId":"2bc64fb45682305e02f18065f928c62e1965dd8c"}
{"index": {"_index":"sim","_id":"1229236"}}
	{"id":1229236,"type":"sell","buyer":"solovey6o2","seller":"thegoliath","symbol":"SIM","quantity":"15387.552","price":"0.00104014","timestamp":1626566433,"volume":"16.00520834","buyTxId":"dbefff338c31ac2c4445d22023234fc6deb99e5c","sellTxId":"2bc64fb45682305e02f18065f928c62e1965dd8c"}
{"index": {"_index":"sim","_id":"1229240"}}
	{"id":1229240,"type":"sell","buyer":"solovey6o2","seller":"daveks","symbol":"SIM","quantity":"6650.000","price":"0.00104014","timestamp":1626566532,"volume":"6.91693100","buyTxId":"dbefff338c31ac2c4445d22023234fc6deb99e5c","sellTxId":"fdf609a5c6d38441728f56fd04e76c3999f66929"}
{"index": {"_index":"sim","_id":"1229248"}}
	{"id":1229248,"type":"sell","buyer":"solovey6o2","seller":"captaincryptic","symbol":"SIM","quantity":"362.000","price":"0.00104014","timestamp":1626566946,"volume":"0.37653068","buyTxId":"dbefff338c31ac2c4445d22023234fc6deb99e5c","sellTxId":"d3e4c82e4f8bb3a77c440751a21eab4c09ec7efe"}
{"index": {"_index":"sim","_id":"1229329"}}
	{"id":1229329,"type":"sell","buyer":"solovey6o2","seller":"dhedge-drips","symbol":"SIM","quantity":"2.395","price":"0.00104014","timestamp":1626569121,"volume":"0.00249114","buyTxId":"dbefff338c31ac2c4445d22023234fc6deb99e5c","sellTxId":"7bd8df0d5abb720ac18bc1f7d04d53d20af016a0"}
{"index": {"_index":"sim","_id":"1229420"}}
	{"id":1229420,"type":"sell","buyer":"solovey6o2","seller":"forykw","symbol":"SIM","quantity":"34214.834","price":"0.00104014","timestamp":1626571116,"volume":"35.58821744","buyTxId":"dbefff338c31ac2c4445d22023234fc6deb99e5c","sellTxId":"d3e9c3d58480090f9485b85b97a76b263f14fb41"}
{"index": {"_index":"sim","_id":"1229448"}}
	{"id":1229448,"type":"sell","buyer":"solovey6o2","seller":"he-index","symbol":"SIM","quantity":"385.762","price":"0.00104014","timestamp":1626572226,"volume":"0.40124649","buyTxId":"dbefff338c31ac2c4445d22023234fc6deb99e5c","sellTxId":"68d824e5288b23dd6680caf30914e185e6f084ae"}
{"index": {"_index":"sim","_id":"1229463"}}
	{"id":1229463,"type":"sell","buyer":"solovey6o2","seller":"kishan006","symbol":"SIM","quantity":"11058.109","price":"0.00104014","timestamp":1626572520,"volume":"11.50198149","buyTxId":"dbefff338c31ac2c4445d22023234fc6deb99e5c","sellTxId":"66ff6eb4c87faff6491a4d46887f78837b0e64d3"}
{"index": {"_index":"sim","_id":"1229464"}}
	{"id":1229464,"type":"sell","buyer":"solovey6o2","seller":"kishan006","symbol":"SIM","quantity":"7580.470","price":"0.00104014","timestamp":1626572520,"volume":"7.88475007","buyTxId":"483e31e46dc285a8937d38d294d026b52fdc40a5","sellTxId":"66ff6eb4c87faff6491a4d46887f78837b0e64d3"}
{"index": {"_index":"sim","_id":"1229465"}}
	{"id":1229465,"type":"buy","buyer":"konvik","seller":"kishan006","symbol":"SIM","quantity":"67146.421","price":"0.00104014","timestamp":1626572523,"volume":"69.84167834","buyTxId":"63a4901605b1c36386335bbc2c1bf788b77ee093-0","sellTxId":"66ff6eb4c87faff6491a4d46887f78837b0e64d3"}
{"index": {"_index":"sim","_id":"1229468"}}
	{"id":1229468,"type":"buy","buyer":"nastyforce","seller":"nftmart.fees","symbol":"SIM","quantity":"320.000","price":"0.00108685","timestamp":1626572751,"volume":"0.34779200","buyTxId":"c473078c19ce3d35635b35bcdd7e45c95797d48c","sellTxId":"56f8a0ec1063e4b35fa91baea68b1247e8d3fa5b-0"}
{"index": {"_index":"sim","_id":"1229492"}}
	{"id":1229492,"type":"sell","buyer":"aggroed","seller":"thegoliath","symbol":"SIM","quantity":"41800.006","price":"0.00104013","timestamp":1626573957,"volume":"43.47744024","buyTxId":"48a220ea42d3bae5c013e98f874220a7381060b8","sellTxId":"feed4c7e77c923e07cc3283f274cebbc37ff2e14"}
{"index": {"_index":"sim","_id":"1229496"}}
	{"id":1229496,"type":"sell","buyer":"aggroed","seller":"jywahaha","symbol":"SIM","quantity":"186029.500","price":"0.00104013","timestamp":1626574302,"volume":"193.49486384","buyTxId":"48a220ea42d3bae5c013e98f874220a7381060b8","sellTxId":"7ef73559cfd3290519464e81cf67c1fb58486e4c"}
{"index": {"_index":"sim","_id":"1229512"}}
	{"id":1229512,"type":"buy","buyer":"damus-nostra","seller":"eshr92","symbol":"SIM","quantity":"352.000","price":"0.00108000","timestamp":1626575349,"volume":"0.38016000","buyTxId":"15d3e70f51aba852b1250369f134f348588f4221","sellTxId":"f93e40e02865af10c2b09416d4f4760f18748273"}
{"index": {"_index":"sim","_id":"1229517"}}
	{"id":1229517,"type":"sell","buyer":"mmrx","seller":"konvik","symbol":"SIM","quantity":"18500.009","price":"0.00108001","timestamp":1626575814,"volume":"19.98019472","buyTxId":"MM-P-8757683-55738153-3-40-0","sellTxId":"cd4aa121abfd630c0e831cc89df461dda63b40a1-1"}
{"index": {"_index":"sim","_id":"1229530"}}
	{"id":1229530,"type":"sell","buyer":"mmrx","seller":"trentonlundy1","symbol":"SIM","quantity":"0.322","price":"0.00108001","timestamp":1626576450,"volume":"0.00034776","buyTxId":"MM-P-8757683-55738153-3-40-0","sellTxId":"d42d38462aac0a2a86974ddf626edec6a6493697"}
