{"index": {"_index":"sim","_id":"3366107"}}
	{"id":3366107,"type":"sell","buyer":"d-pend","seller":"justinparke","symbol":"SIM","quantity":"14254.7","price":"0.00042400","timestamp":1651899492,"volume":"6.04399280","buyTxId":"a1d6e3bd553d7383efff664d2de47db56e5223af","sellTxId":"d91507e1cabbecf99692f320e1c319573a1b6aea"}
{"index": {"_index":"sim","_id":"3366678"}}
	{"id":3366678,"type":"buy","buyer":"d-pend","seller":"nftmart.fees","symbol":"SIM","quantity":"23.000","price":"0.00042487","timestamp":1651909890,"volume":"0.00977201","buyTxId":"902deba1f0c3db86f7ef5153c19937aecc90431f","sellTxId":"4d496766f6e62cc0476af19fadc545e269b29731-0"}
{"index": {"_index":"sim","_id":"3366704"}}
	{"id":3366704,"type":"sell","buyer":"d-pend","seller":"fnvdesigns","symbol":"SIM","quantity":"6.150","price":"0.00042500","timestamp":1651910343,"volume":"0.00261375","buyTxId":"902deba1f0c3db86f7ef5153c19937aecc90431f","sellTxId":"085d26e39b9abc4436e73a4649f1c5fe0ecabfb3"}
{"index": {"_index":"sim","_id":"3366887"}}
	{"id":3366887,"type":"sell","buyer":"d-pend","seller":"crypto-dz","symbol":"SIM","quantity":"2533.900","price":"0.00042500","timestamp":1651912635,"volume":"1.07690750","buyTxId":"902deba1f0c3db86f7ef5153c19937aecc90431f","sellTxId":"3c5aa885396edfc45654fe8f1f74174d14ba7045"}
{"index": {"_index":"sim","_id":"3366888"}}
	{"id":3366888,"type":"sell","buyer":"d-pend","seller":"medaymane","symbol":"SIM","quantity":"447.000","price":"0.00042500","timestamp":1651912647,"volume":"0.18997500","buyTxId":"902deba1f0c3db86f7ef5153c19937aecc90431f","sellTxId":"d8eb7b912bbf4ded390bb37d6b06116c3dbecd0d"}
{"index": {"_index":"sim","_id":"3367047"}}
	{"id":3367047,"type":"buy","buyer":"assassyn","seller":"nftmart.fees","symbol":"SIM","quantity":"21.000","price":"0.00042506","timestamp":1651915017,"volume":"0.00892626","buyTxId":"d3629432e3c56c57432e283eb9b75269fe8b7607","sellTxId":"86ebb1d90361ae5c0b42b453391e6692c1dc555f-0"}
{"index": {"_index":"sim","_id":"3367101"}}
	{"id":3367101,"type":"sell","buyer":"assassyn","seller":"erikah","symbol":"SIM","quantity":"228.000","price":"0.00042509","timestamp":1651915782,"volume":"0.09692052","buyTxId":"d3629432e3c56c57432e283eb9b75269fe8b7607","sellTxId":"582e05ca7750c3f82579150922d5bf41ba64c8a1"}
{"index": {"_index":"sim","_id":"3367106"}}
	{"id":3367106,"type":"sell","buyer":"d-pend","seller":"erikah","symbol":"SIM","quantity":"187.947","price":"0.00042500","timestamp":1651915806,"volume":"0.07987748","buyTxId":"902deba1f0c3db86f7ef5153c19937aecc90431f","sellTxId":"7c0fe8ea03d41b4e253e9bf99ee6c935e8b20522"}
{"index": {"_index":"sim","_id":"3367120"}}
	{"id":3367120,"type":"sell","buyer":"d-pend","seller":"evilisme","symbol":"SIM","quantity":"6927.150","price":"0.00042500","timestamp":1651915986,"volume":"2.94403875","buyTxId":"902deba1f0c3db86f7ef5153c19937aecc90431f","sellTxId":"53117d9354f37d9f39e7571b6500dbe4f29213fd"}
{"index": {"_index":"sim","_id":"3367252"}}
	{"id":3367252,"type":"buy","buyer":"drea07","seller":"nftmart.fees","symbol":"SIM","quantity":"18.000","price":"0.00042508","timestamp":1651917906,"volume":"0.00765144","buyTxId":"ee436c47dff497137dcd891d96a342d6368af529","sellTxId":"be5ed99f23d30cd7d930fd8c62c1e3bd52586cfd-0"}
{"index": {"_index":"sim","_id":"3367253"}}
	{"id":3367253,"type":"buy","buyer":"drea07","seller":"rarej","symbol":"SIM","quantity":"2717.812","price":"0.00042510","timestamp":1651917906,"volume":"1.15534188","buyTxId":"ee436c47dff497137dcd891d96a342d6368af529","sellTxId":"f39703367ce384ee488efb10769a813af6587f36"}
{"index": {"_index":"sim","_id":"3367357"}}
	{"id":3367357,"type":"sell","buyer":"d-pend","seller":"danewilliams","symbol":"SIM","quantity":"8335.136","price":"0.00042500","timestamp":1651919562,"volume":"3.54243280","buyTxId":"902deba1f0c3db86f7ef5153c19937aecc90431f","sellTxId":"b33a6df0ca8cd794ad538ab0c8234a696ce3b49f"}
{"index": {"_index":"sim","_id":"3367632"}}
	{"id":3367632,"type":"buy","buyer":"leosoph","seller":"nftmart.fees","symbol":"SIM","quantity":"34.000","price":"0.00042505","timestamp":1651924227,"volume":"0.01445170","buyTxId":"d3c27599f3d92be6f7921fc2ad9ff63ff7573d52","sellTxId":"77a88113061e899256c11e8ca47066717f568a83-0"}
{"index": {"_index":"sim","_id":"3367633"}}
	{"id":3367633,"type":"buy","buyer":"leosoph","seller":"rarej","symbol":"SIM","quantity":"3141.964","price":"0.00042510","timestamp":1651924227,"volume":"1.33564890","buyTxId":"d3c27599f3d92be6f7921fc2ad9ff63ff7573d52","sellTxId":"f39703367ce384ee488efb10769a813af6587f36"}
{"index": {"_index":"sim","_id":"3367634"}}
	{"id":3367634,"type":"buy","buyer":"leosoph","seller":"dhedge-drips","symbol":"SIM","quantity":"11.000","price":"0.00042510","timestamp":1651924227,"volume":"0.00467610","buyTxId":"d3c27599f3d92be6f7921fc2ad9ff63ff7573d52","sellTxId":"47f5e8ea2f9534ad9d626c616c2fcc8564100ca6"}
{"index": {"_index":"sim","_id":"3367635"}}
	{"id":3367635,"type":"buy","buyer":"leosoph","seller":"mamolya","symbol":"SIM","quantity":"5996.742","price":"0.00044111","timestamp":1651924227,"volume":"2.64522330","buyTxId":"d3c27599f3d92be6f7921fc2ad9ff63ff7573d52","sellTxId":"c693878322c7479976b5e4583566be8749c75f12"}
{"index": {"_index":"sim","_id":"3367750"}}
	{"id":3367750,"type":"sell","buyer":"d-pend","seller":"j85063","symbol":"SIM","quantity":"81539.717","price":"0.00042500","timestamp":1651925760,"volume":"34.65437973","buyTxId":"902deba1f0c3db86f7ef5153c19937aecc90431f","sellTxId":"a4d2d00c60ef15babc99b6886c0bac40017f576d"}
{"index": {"_index":"sim","_id":"3367833"}}
	{"id":3367833,"type":"buy","buyer":"libert","seller":"nftmart.fees","symbol":"SIM","quantity":"30.000","price":"0.00044108","timestamp":1651926648,"volume":"0.01323240","buyTxId":"4ee945cbbcd0df4c2030d08a7587d4839fd4ab49","sellTxId":"72b774b84782ab14e6c934df335a8e2da3392b02-0"}
{"index": {"_index":"sim","_id":"3367834"}}
	{"id":3367834,"type":"buy","buyer":"libert","seller":"pi-trader","symbol":"SIM","quantity":"8920.352","price":"0.00044110","timestamp":1651926648,"volume":"3.93476760","buyTxId":"4ee945cbbcd0df4c2030d08a7587d4839fd4ab49","sellTxId":"a205d3d6385c178dce0d6b1a04a1d6539fbc6b7d"}
{"index": {"_index":"sim","_id":"3367849"}}
	{"id":3367849,"type":"sell","buyer":"d-pend","seller":"steem82868","symbol":"SIM","quantity":"0.010","price":"0.00042400","timestamp":1651927161,"volume":"0.00000424","buyTxId":"a1d6e3bd553d7383efff664d2de47db56e5223af","sellTxId":"a897c7c8b826f385e321ed5634b91e2dd338cd24"}
{"index": {"_index":"sim","_id":"3367880"}}
	{"id":3367880,"type":"buy","buyer":"assassyn","seller":"nftmart.fees","symbol":"SIM","quantity":"31.000","price":"0.00044109","timestamp":1651927443,"volume":"0.01367379","buyTxId":"7431718097387c5305f28d9c40c9b87c98e99d6d","sellTxId":"78b35e3ecb2ad48478e7c9d57998b06c99b4c598-0"}
{"index": {"_index":"sim","_id":"3367915"}}
	{"id":3367915,"type":"sell","buyer":"assassyn","seller":"nftmart.fees","symbol":"SIM","quantity":"27.000","price":"0.00044109","timestamp":1651927878,"volume":"0.01190943","buyTxId":"7431718097387c5305f28d9c40c9b87c98e99d6d","sellTxId":"f6f922a9f364bfd13f79309289523770a394e692-0"}
{"index": {"_index":"sim","_id":"3368004"}}
	{"id":3368004,"type":"sell","buyer":"assassyn","seller":"nftmart.fees","symbol":"SIM","quantity":"23.000","price":"0.00044109","timestamp":1651929078,"volume":"0.01014507","buyTxId":"7431718097387c5305f28d9c40c9b87c98e99d6d","sellTxId":"737aa6f2ead5a383055f29bbfb3a6df1dabe78e4-0"}
{"index": {"_index":"sim","_id":"3368009"}}
	{"id":3368009,"type":"sell","buyer":"assassyn","seller":"themightyvolcano","symbol":"SIM","quantity":"43.000","price":"0.00044109","timestamp":1651929123,"volume":"0.01896687","buyTxId":"7431718097387c5305f28d9c40c9b87c98e99d6d","sellTxId":"f2640ccdf47bddbd51da0ff84fad5eb6fe0a3fa4"}
{"index": {"_index":"sim","_id":"3368010"}}
	{"id":3368010,"type":"sell","buyer":"d-pend","seller":"themightyvolcano","symbol":"SIM","quantity":"27219.000","price":"0.00042400","timestamp":1651929123,"volume":"11.54085600","buyTxId":"a1d6e3bd553d7383efff664d2de47db56e5223af","sellTxId":"f2640ccdf47bddbd51da0ff84fad5eb6fe0a3fa4"}
{"index": {"_index":"sim","_id":"3368913"}}
	{"id":3368913,"type":"sell","buyer":"d-pend","seller":"loro68","symbol":"SIM","quantity":"10000.000","price":"0.00042400","timestamp":1651938783,"volume":"4.24000000","buyTxId":"a1d6e3bd553d7383efff664d2de47db56e5223af","sellTxId":"bfb59be34dee7412c3d9b58718b94480da0d49a4"}
{"index": {"_index":"sim","_id":"3369037"}}
	{"id":3369037,"type":"sell","buyer":"d-pend","seller":"mcgilli","symbol":"SIM","quantity":"113.297","price":"0.00042400","timestamp":1651939689,"volume":"0.04803793","buyTxId":"a1d6e3bd553d7383efff664d2de47db56e5223af","sellTxId":"ae7bcda6a9808363c3796232c7d174059d623f9d"}
{"index": {"_index":"sim","_id":"3369091"}}
	{"id":3369091,"type":"sell","buyer":"d-pend","seller":"denmarkguy","symbol":"SIM","quantity":"0.644","price":"0.00042400","timestamp":1651940229,"volume":"0.00027306","buyTxId":"a1d6e3bd553d7383efff664d2de47db56e5223af","sellTxId":"660f0a86bbd018251d4d2aa4b66379002b51d43d"}
{"index": {"_index":"sim","_id":"3369347"}}
	{"id":3369347,"type":"buy","buyer":"zottone444","seller":"nftmart.fees","symbol":"SIM","quantity":"18.000","price":"0.00044098","timestamp":1651942470,"volume":"0.00793764","buyTxId":"1ea89329d18493504df175dafa61846bfe8d4709","sellTxId":"5457cd3ddc9c6e67ac2729633520d5d6db266380-0"}
{"index": {"_index":"sim","_id":"3369777"}}
	{"id":3369777,"type":"buy","buyer":"pompeylad","seller":"nftmart.fees","symbol":"SIM","quantity":"15.000","price":"0.00044108","timestamp":1651945713,"volume":"0.00661620","buyTxId":"45ec8fb3ecf0a43197c9ac3c6269448ac3d630b8","sellTxId":"e6eff236fc2efc85e00207ffff194035a1360c9f-0"}
{"index": {"_index":"sim","_id":"3369779"}}
	{"id":3369779,"type":"sell","buyer":"pompeylad","seller":"konvik","symbol":"SIM","quantity":"19985.000","price":"0.00044108","timestamp":1651945716,"volume":"8.81498380","buyTxId":"45ec8fb3ecf0a43197c9ac3c6269448ac3d630b8","sellTxId":"ba1f43aa0af96e3d8191f7d0b271f991e2a04f81-1"}
{"index": {"_index":"sim","_id":"3369780"}}
	{"id":3369780,"type":"sell","buyer":"zottone444","seller":"konvik","symbol":"SIM","quantity":"4982.000","price":"0.00044098","timestamp":1651945716,"volume":"2.19696236","buyTxId":"1ea89329d18493504df175dafa61846bfe8d4709","sellTxId":"ba1f43aa0af96e3d8191f7d0b271f991e2a04f81-1"}
{"index": {"_index":"sim","_id":"3369781"}}
	{"id":3369781,"type":"sell","buyer":"assassyn","seller":"konvik","symbol":"SIM","quantity":"117.654","price":"0.00044098","timestamp":1651945716,"volume":"0.05188306","buyTxId":"e6dc2d2c68ee7b4fb4b142fe0baab7b0dc9083be","sellTxId":"ba1f43aa0af96e3d8191f7d0b271f991e2a04f81-1"}
{"index": {"_index":"sim","_id":"3369782"}}
	{"id":3369782,"type":"sell","buyer":"assassyn","seller":"konvik","symbol":"SIM","quantity":"20.346","price":"0.00044098","timestamp":1651945725,"volume":"0.00897218","buyTxId":"e6dc2d2c68ee7b4fb4b142fe0baab7b0dc9083be","sellTxId":"79a55eecdc33f27e4172efc9b01f8123ad4be89e-1"}
{"index": {"_index":"sim","_id":"3371347"}}
	{"id":3371347,"type":"sell","buyer":"d-pend","seller":"jrcornel","symbol":"SIM","quantity":"25582.407","price":"0.00042400","timestamp":1651947384,"volume":"10.84694056","buyTxId":"a1d6e3bd553d7383efff664d2de47db56e5223af","sellTxId":"89a9b70190fe765fd50cff518125363b0ac83b9f"}
{"index": {"_index":"sim","_id":"3371430"}}
	{"id":3371430,"type":"buy","buyer":"quantumg","seller":"jrcornel","symbol":"SIM","quantity":"5368.287","price":"0.00042400","timestamp":1651948068,"volume":"2.27615383","buyTxId":"b3faad90478c45043a3cb24530243d6f45c29e09","sellTxId":"89a9b70190fe765fd50cff518125363b0ac83b9f"}
{"index": {"_index":"sim","_id":"3371609"}}
	{"id":3371609,"type":"sell","buyer":"jelly-cz","seller":"paulmoon410","symbol":"SIM","quantity":"9.585","price":"0.00042353","timestamp":1651948980,"volume":"0.00405954","buyTxId":"MM-P-17154048-64143769-3-31-0","sellTxId":"b2059e6c1fd531011b185ae683225af272b35265"}
{"index": {"_index":"sim","_id":"3371804"}}
	{"id":3371804,"type":"buy","buyer":"assassyn","seller":"nftmart.fees","symbol":"SIM","quantity":"14.000","price":"0.00042398","timestamp":1651950429,"volume":"0.00593572","buyTxId":"fa12290fb5ef1a76bafaee1640350462b741112a","sellTxId":"212575a4d38a5c6b477effb520fdd83f29f09899-0"}
{"index": {"_index":"sim","_id":"3371838"}}
	{"id":3371838,"type":"sell","buyer":"assassyn","seller":"nftmart.fees","symbol":"SIM","quantity":"14.000","price":"0.00042399","timestamp":1651950678,"volume":"0.00593586","buyTxId":"fa12290fb5ef1a76bafaee1640350462b741112a","sellTxId":"55039e71d160828b3895a85d8ca909f4f0a2df09-0"}
{"index": {"_index":"sim","_id":"3371909"}}
	{"id":3371909,"type":"sell","buyer":"assassyn","seller":"nftmart.fees","symbol":"SIM","quantity":"64.000","price":"0.00042399","timestamp":1651951356,"volume":"0.02713536","buyTxId":"fa12290fb5ef1a76bafaee1640350462b741112a","sellTxId":"d312b79c8129bd509e87cb8dcdeca2739b60cf7d"}
{"index": {"_index":"sim","_id":"3371999"}}
	{"id":3371999,"type":"sell","buyer":"jelly-cz","seller":"valor2s","symbol":"SIM","quantity":"96.671","price":"0.00042353","timestamp":1651952292,"volume":"0.04094307","buyTxId":"MM-P-17154048-64143769-3-31-0","sellTxId":"75fcc241ae87eedff8b4c55aa259777147a45db4"}
{"index": {"_index":"sim","_id":"3372001"}}
	{"id":3372001,"type":"buy","buyer":"alwaysbaked","seller":"jrcornel","symbol":"SIM","quantity":"3000.000","price":"0.00042400","timestamp":1651952328,"volume":"1.27200000","buyTxId":"4941eed144cc09fbd55fdbfa27d604be4d9d8911","sellTxId":"89a9b70190fe765fd50cff518125363b0ac83b9f"}
{"index": {"_index":"sim","_id":"3372093"}}
	{"id":3372093,"type":"buy","buyer":"maryjane.main","seller":"nftmart.fees","symbol":"SIM","quantity":"4.000","price":"0.00042399","timestamp":1651953177,"volume":"0.00169596","buyTxId":"81a2e4628aaf926a788b2f26ce4a058c77bf0c34","sellTxId":"62760f8c0a7fc87b0211618a5b00b162d641b670-0"}
{"index": {"_index":"sim","_id":"3372094"}}
	{"id":3372094,"type":"buy","buyer":"maryjane.main","seller":"jrcornel","symbol":"SIM","quantity":"14086.000","price":"0.00042400","timestamp":1651953177,"volume":"5.97246400","buyTxId":"81a2e4628aaf926a788b2f26ce4a058c77bf0c34","sellTxId":"89a9b70190fe765fd50cff518125363b0ac83b9f"}
{"index": {"_index":"sim","_id":"3372101"}}
	{"id":3372101,"type":"buy","buyer":"maryjane.main","seller":"jrcornel","symbol":"SIM","quantity":"5.306","price":"0.00042400","timestamp":1651953264,"volume":"0.00224974","buyTxId":"9e55f3b317cc9a4ee97453a2d410fef986b6a8d9","sellTxId":"89a9b70190fe765fd50cff518125363b0ac83b9f"}
{"index": {"_index":"sim","_id":"3372116"}}
	{"id":3372116,"type":"sell","buyer":"lookplz","seller":"konvik","symbol":"SIM","quantity":"10000.000","price":"0.00044000","timestamp":1651953420,"volume":"4.40000000","buyTxId":"e22271a200e68dd0943ad8d023efd5b206313387","sellTxId":"ea6a9bd2615da42495e449931ccecd8700bcff84-1"}
{"index": {"_index":"sim","_id":"3372117"}}
	{"id":3372117,"type":"sell","buyer":"maryjane.main","seller":"konvik","symbol":"SIM","quantity":"3842.042","price":"0.00043353","timestamp":1651953420,"volume":"1.66564047","buyTxId":"9e55f3b317cc9a4ee97453a2d410fef986b6a8d9","sellTxId":"ea6a9bd2615da42495e449931ccecd8700bcff84-1"}
{"index": {"_index":"sim","_id":"3372206"}}
	{"id":3372206,"type":"sell","buyer":"jelly-cz","seller":"emsonic","symbol":"SIM","quantity":"4577","price":"0.00042353","timestamp":1651954695,"volume":"1.93849681","buyTxId":"MM-P-17154048-64143769-3-31-0","sellTxId":"7e516a25bd41212f11cb42dcb13a4da5985ab707"}
{"index": {"_index":"sim","_id":"3375396"}}
	{"id":3375396,"type":"sell","buyer":"jelly-cz","seller":"nftmart.fees","symbol":"SIM","quantity":"26.100","price":"0.00042353","timestamp":1651957170,"volume":"0.01105413","buyTxId":"MM-P-17154048-64143769-3-31-0","sellTxId":"5fe853e085e739d623824f5d4492dc89e511ae5b"}
{"index": {"_index":"sim","_id":"3376181"}}
	{"id":3376181,"type":"sell","buyer":"jelly-cz","seller":"thatcryptodave","symbol":"SIM","quantity":"294.669","price":"0.00042353","timestamp":1651959318,"volume":"0.12480116","buyTxId":"MM-P-17154048-64143769-3-31-0","sellTxId":"c7ea6cc743d44a04145d5e0f9df40f592e2571fa"}
{"index": {"_index":"sim","_id":"3376246"}}
	{"id":3376246,"type":"buy","buyer":"d-pend","seller":"pi-trader","symbol":"SIM","quantity":"50000.000","price":"0.00044110","timestamp":1651959849,"volume":"22.05500000","buyTxId":"d369f197aa674b6032c28ad45d5e82646b8a647e","sellTxId":"35959c7ad4c294d7ac7429a5b10ead9d4810ffc2-2"}
{"index": {"_index":"sim","_id":"3376247"}}
	{"id":3376247,"type":"buy","buyer":"d-pend","seller":"mamolya","symbol":"SIM","quantity":"18003.258","price":"0.00044111","timestamp":1651959849,"volume":"7.94141714","buyTxId":"d369f197aa674b6032c28ad45d5e82646b8a647e","sellTxId":"c693878322c7479976b5e4583566be8749c75f12"}
{"index": {"_index":"sim","_id":"3376248"}}
	{"id":3376248,"type":"buy","buyer":"d-pend","seller":"dhedge-drips","symbol":"SIM","quantity":"11.000","price":"0.00044872","timestamp":1651959849,"volume":"0.00493592","buyTxId":"d369f197aa674b6032c28ad45d5e82646b8a647e","sellTxId":"34e903d864d2da63d2c638f52345c689f919bf6d"}
{"index": {"_index":"sim","_id":"3376249"}}
	{"id":3376249,"type":"buy","buyer":"d-pend","seller":"atomcollector","symbol":"SIM","quantity":"10165.800","price":"0.00044880","timestamp":1651959849,"volume":"4.56241104","buyTxId":"d369f197aa674b6032c28ad45d5e82646b8a647e","sellTxId":"53ee691128fb5957d57b6fc156875ebd5f74ba49"}
{"index": {"_index":"sim","_id":"3376250"}}
	{"id":3376250,"type":"buy","buyer":"d-pend","seller":"desyfit","symbol":"SIM","quantity":"21819.942","price":"0.00044900","timestamp":1651959849,"volume":"9.79715396","buyTxId":"d369f197aa674b6032c28ad45d5e82646b8a647e","sellTxId":"cbb03404a7b7d0dcb7b8318f62c78fa4a349f2e3"}
{"index": {"_index":"sim","_id":"3376328"}}
	{"id":3376328,"type":"sell","buyer":"maryjane.main","seller":"pjansen","symbol":"SIM","quantity":"1175.554","price":"0.00043353","timestamp":1651960770,"volume":"0.50963793","buyTxId":"33f558df13861bf306dba13fcb88c585643af686","sellTxId":"2e5c8c962545a771502a8f4a27545a9fbfd2da64"}
{"index": {"_index":"sim","_id":"3376346"}}
	{"id":3376346,"type":"sell","buyer":"maryjane.main","seller":"pjansen","symbol":"SIM","quantity":"1175.522","price":"0.00043353","timestamp":1651960920,"volume":"0.50962405","buyTxId":"33f558df13861bf306dba13fcb88c585643af686","sellTxId":"8581c640afa0d6ab29ca37e58265c85c00cce736"}
{"index": {"_index":"sim","_id":"3376365"}}
	{"id":3376365,"type":"sell","buyer":"maryjane.main","seller":"pjansen","symbol":"SIM","quantity":"1148.924","price":"0.00043353","timestamp":1651961058,"volume":"0.49809302","buyTxId":"33f558df13861bf306dba13fcb88c585643af686","sellTxId":"679e921191ee8173dbbda3caf9082b701cfb6a39"}
{"index": {"_index":"sim","_id":"3376366"}}
	{"id":3376366,"type":"sell","buyer":"jelly-cz","seller":"pjansen","symbol":"SIM","quantity":"26.565","price":"0.00042353","timestamp":1651961058,"volume":"0.01125107","buyTxId":"MM-P-17154048-64143769-3-31-0","sellTxId":"679e921191ee8173dbbda3caf9082b701cfb6a39"}
{"index": {"_index":"sim","_id":"3376460"}}
	{"id":3376460,"type":"sell","buyer":"forsakensushi","seller":"lammbock","symbol":"SIM","quantity":"150.000","price":"0.00042354","timestamp":1651961832,"volume":"0.06353100","buyTxId":"293bdf39c527a11f5a6ab08e1cf60af96fbf6797","sellTxId":"8d665df5dea452ad7a77cc50eb7b9efdb4ab3523"}
{"index": {"_index":"sim","_id":"3376767"}}
	{"id":3376767,"type":"buy","buyer":"forsakensushi","seller":"pi-trader","symbol":"SIM","quantity":"5528.780","price":"0.00044899","timestamp":1651965330,"volume":"2.48236693","buyTxId":"0625cdc69d3f80f97c3730ea11f9b09187d70acb","sellTxId":"a0fc16db1fc2166b6842f0edb7c880a8fb63320b-3"}
{"index": {"_index":"sim","_id":"3376828"}}
	{"id":3376828,"type":"sell","buyer":"jelly-cz","seller":"medaymane","symbol":"SIM","quantity":"384.000","price":"0.00042353","timestamp":1651965813,"volume":"0.16263552","buyTxId":"MM-P-17154048-64143769-3-31-0","sellTxId":"05f14fb25ef82f725c7736866577cd1e5ad37928"}
{"index": {"_index":"sim","_id":"3377153"}}
	{"id":3377153,"type":"sell","buyer":"jelly-cz","seller":"linco","symbol":"SIM","quantity":"291.000","price":"0.00042353","timestamp":1651969665,"volume":"0.12324723","buyTxId":"MM-P-17154048-64143769-3-31-0","sellTxId":"f7bc954abb9a219a7a1c7f35449108b1a60ae93d"}
{"index": {"_index":"sim","_id":"3377246"}}
	{"id":3377246,"type":"sell","buyer":"jelly-cz","seller":"dhedge-drips","symbol":"SIM","quantity":"11.000","price":"0.00042353","timestamp":1651970718,"volume":"0.00465883","buyTxId":"MM-P-17154048-64143769-3-31-0","sellTxId":"09c59eb61d844517d521854fdd073b33e64ef477"}
{"index": {"_index":"sim","_id":"3377653"}}
	{"id":3377653,"type":"buy","buyer":"libert","seller":"pi-trader","symbol":"SIM","quantity":"7750.729","price":"0.00044899","timestamp":1651974228,"volume":"3.48","buyTxId":"071ace6a3261b8ab89d9a4ff1f491be725a58a56","sellTxId":"c148332d8b1a121ea925b4b9732c67036b54e698-2"}
{"index": {"_index":"sim","_id":"3377930"}}
	{"id":3377930,"type":"sell","buyer":"potionhunter","seller":"hirohurl","symbol":"SIM","quantity":"31.079","price":"0.00042400","timestamp":1651976139,"volume":"0.01317750","buyTxId":"b4aa9c27aea3ea25d6b856ff20d923db86ca51d0","sellTxId":"f061d4ce4f052d335c2ea70643085b9a0c5bb749"}
{"index": {"_index":"sim","_id":"3378010"}}
	{"id":3378010,"type":"sell","buyer":"potionhunter","seller":"xbee","symbol":"SIM","quantity":"6312.865","price":"0.00042400","timestamp":1651976805,"volume":"2.67665476","buyTxId":"b4aa9c27aea3ea25d6b856ff20d923db86ca51d0","sellTxId":"7a309a1cceee0547eb062b2bb7f436394fbb6814"}
{"index": {"_index":"sim","_id":"3378033"}}
	{"id":3378033,"type":"sell","buyer":"jelly-cz","seller":"xbee","symbol":"SIM","quantity":"13286.077","price":"0.00042353","timestamp":1651976940,"volume":"5.62705219","buyTxId":"MM-P-17154048-64143769-3-31-0","sellTxId":"8132fcfb6d2aadc7facab79e65e5303b14f803e7"}
