{"index": {"_index":"sim","_id":"1435599"}}
	{"id":1435599,"type":"sell","buyer":"jelly-cz","seller":"blue.rabbit","symbol":"SIM","quantity":"10000.000","price":"0.00158262","timestamp":1630119621,"volume":"15.82620000","buyTxId":"MM-P-9932823-56916374-3-34-0","sellTxId":"d7a2c77805683595ac9b61543e4dad96115592d6"}
{"index": {"_index":"sim","_id":"1435691"}}
	{"id":1435691,"type":"sell","buyer":"pi-trader","seller":"bigram13","symbol":"SIM","quantity":"15000.000","price":"0.00158275","timestamp":1630120788,"volume":"23.74125000","buyTxId":"50a6d8578394436e61995115e1f276e61d575198-1","sellTxId":"a7a161f8aa2b24c37f7315693da02954332b0692"}
{"index": {"_index":"sim","_id":"1435692"}}
	{"id":1435692,"type":"sell","buyer":"donthaveone","seller":"bigram13","symbol":"SIM","quantity":"190.000","price":"0.00158274","timestamp":1630120788,"volume":"0.30072060","buyTxId":"ec77af4da8ae018845dee3c1cee874f6de8ff13d","sellTxId":"a7a161f8aa2b24c37f7315693da02954332b0692"}
{"index": {"_index":"sim","_id":"1435693"}}
	{"id":1435693,"type":"sell","buyer":"solovey6o2","seller":"bigram13","symbol":"SIM","quantity":"5045.000","price":"0.00158272","timestamp":1630120788,"volume":"7.98482240","buyTxId":"3f9f73cb276d4a69ef436d96e2f032e4e765265e","sellTxId":"a7a161f8aa2b24c37f7315693da02954332b0692"}
{"index": {"_index":"sim","_id":"1435810"}}
	{"id":1435810,"type":"sell","buyer":"pi-trader","seller":"ericburgoyne","symbol":"SIM","quantity":"67.893","price":"0.00158296","timestamp":1630122729,"volume":"0.10747190","buyTxId":"f515c66283bca791ba022a849591bae7763d6da0-1","sellTxId":"e6b954f665570c636b6c253b5e0989fc99c12a5b"}
{"index": {"_index":"sim","_id":"1435815"}}
	{"id":1435815,"type":"sell","buyer":"jelly-cz","seller":"hjchilb","symbol":"SIM","quantity":"3.779","price":"0.00158299","timestamp":1630122894,"volume":"0.00598212","buyTxId":"MM-P-9933919-56917471-3-34-0","sellTxId":"24e7c021a72c27ddb3c2075d43fcbd47b53d5b4c"}
{"index": {"_index":"sim","_id":"1435822"}}
	{"id":1435822,"type":"buy","buyer":"danrey09","seller":"nftmart.fees","symbol":"SIM","quantity":"0.546","price":"0.00166994","timestamp":1630123239,"volume":"0.00091179","buyTxId":"40c337b7357390936c1f34d7449d866e2829ebfd","sellTxId":"8f88a35133d8aa747411ce47551718cee6c478c4-0"}
{"index": {"_index":"sim","_id":"1435842"}}
	{"id":1435842,"type":"sell","buyer":"pi-trader","seller":"brofi-market","symbol":"SIM","quantity":"0.001","price":"0.00158309","timestamp":1630123824,"volume":"0.00000158","buyTxId":"1a84056c6226ad19117e971a21ec84a072a21ebc-1","sellTxId":"55bf9afeff956c5ed660ce0b71f6ff2047e6afa0"}
{"index": {"_index":"sim","_id":"1435875"}}
	{"id":1435875,"type":"sell","buyer":"pi-trader","seller":"valor2s","symbol":"SIM","quantity":"70.000","price":"0.00158703","timestamp":1630124463,"volume":"0.11109210","buyTxId":"75f0943eec31abfd518729dccc8691bf2fdb01c9-1","sellTxId":"8a6c5d5aadb23925503c741b0b1d8dc6e61b1ac1"}
{"index": {"_index":"sim","_id":"1435886"}}
	{"id":1435886,"type":"buy","buyer":"libert","seller":"nftmart.fees","symbol":"SIM","quantity":"42.000","price":"0.00166993","timestamp":1630124904,"volume":"0.07013706","buyTxId":"bff3ad6395e2b37d3af1f1b86f232691e0fcb72d","sellTxId":"0e4b7fb4d330cc44a250704bdbf1cd88daa099a2-0"}
{"index": {"_index":"sim","_id":"1435887"}}
	{"id":1435887,"type":"buy","buyer":"libert","seller":"brofi-market","symbol":"SIM","quantity":"0.001","price":"0.00166994","timestamp":1630124904,"volume":"0.00000167","buyTxId":"bff3ad6395e2b37d3af1f1b86f232691e0fcb72d","sellTxId":"cad800c1f2b89c777bc4905df20977469496888e"}
{"index": {"_index":"sim","_id":"1435888"}}
	{"id":1435888,"type":"buy","buyer":"libert","seller":"joshh71390","symbol":"SIM","quantity":"2224.000","price":"0.00167000","timestamp":1630124904,"volume":"3.71408000","buyTxId":"bff3ad6395e2b37d3af1f1b86f232691e0fcb72d","sellTxId":"1b775c5cf58ff3ee31360c8503137cbffc86a408"}
{"index": {"_index":"sim","_id":"1435889"}}
	{"id":1435889,"type":"buy","buyer":"libert","seller":"solovey6o2","symbol":"SIM","quantity":"13642.554","price":"0.00168999","timestamp":1630124904,"volume":"23.05578127","buyTxId":"bff3ad6395e2b37d3af1f1b86f232691e0fcb72d","sellTxId":"da5bcdf55b13a80c53c933b9858145527d79f5f3"}
{"index": {"_index":"sim","_id":"1435906"}}
	{"id":1435906,"type":"sell","buyer":"pi-trader","seller":"bib15hash","symbol":"SIM","quantity":"4995.000","price":"0.00160010","timestamp":1630125486,"volume":"7.99249950","buyTxId":"0ba5bd4404fb4854946ca0210999f299eca98e7b-1","sellTxId":"d9c4617ffc9a71b5cdd4750d6a0942a7d4476307"}
{"index": {"_index":"sim","_id":"1435919"}}
	{"id":1435919,"type":"sell","buyer":"pi-trader","seller":"bitcoinflood","symbol":"SIM","quantity":"64.194","price":"0.00160020","timestamp":1630126266,"volume":"0.10272324","buyTxId":"b1a56bbbf0135da8187bc198b53300b0b1f244fe-1","sellTxId":"a51b53608c00f7fd4d942c3a409e9b3f1e77d216"}
{"index": {"_index":"sim","_id":"1435980"}}
	{"id":1435980,"type":"sell","buyer":"pi-trader","seller":"trumpman","symbol":"SIM","quantity":"251.084","price":"0.00160036","timestamp":1630127895,"volume":"0.40182479","buyTxId":"98f8ff2e46f079645d72ada3ae65d8a07e7f167a-1","sellTxId":"c76b4a97df45c63a67a8d35061a9cc20e01ee994"}
{"index": {"_index":"sim","_id":"1435990"}}
	{"id":1435990,"type":"buy","buyer":"libert","seller":"nftmart.fees","symbol":"SIM","quantity":"37.000","price":"0.00168996","timestamp":1630128174,"volume":"0.06252852","buyTxId":"8f47298d2387733d3ca27d7e0244f4c3174cf8b6","sellTxId":"58dafb92d3420826055f9cb2931b7083995e4050-0"}
{"index": {"_index":"sim","_id":"1435991"}}
	{"id":1435991,"type":"buy","buyer":"libert","seller":"solovey6o2","symbol":"SIM","quantity":"2909.763","price":"0.00168999","timestamp":1630128174,"volume":"4.91747148","buyTxId":"8f47298d2387733d3ca27d7e0244f4c3174cf8b6","sellTxId":"da5bcdf55b13a80c53c933b9858145527d79f5f3"}
{"index": {"_index":"sim","_id":"1436079"}}
	{"id":1436079,"type":"sell","buyer":"jelly-cz","seller":"shaidon","symbol":"SIM","quantity":"1349.264","price":"0.00160066","timestamp":1630130709,"volume":"2.15971291","buyTxId":"MM-P-9936508-56920066-3-34-0","sellTxId":"c2bcbb69c0fa275dd30c084521539d0e94c0a7da"}
{"index": {"_index":"sim","_id":"1436102"}}
	{"id":1436102,"type":"sell","buyer":"pi-trader","seller":"chronocrypto","symbol":"SIM","quantity":"8173.803","price":"0.00160070","timestamp":1630131096,"volume":"13.08380646","buyTxId":"e948159bb90ad2f8fdc2f5aedde335bf3ccca7e6-1","sellTxId":"cf6a55bd7a59c20960b85ce271878dd33e798a91"}
{"index": {"_index":"sim","_id":"1436125"}}
	{"id":1436125,"type":"sell","buyer":"pi-trader","seller":"imperij4427","symbol":"SIM","quantity":"15000.000","price":"0.00160071","timestamp":1630131225,"volume":"24.01065000","buyTxId":"34670b840154ab490184c3f642bb95f5ddff8373-1","sellTxId":"18e9e12126cd15b659660a2c2cb61013d5d21a18"}
{"index": {"_index":"sim","_id":"1436126"}}
	{"id":1436126,"type":"sell","buyer":"solovey6o2","seller":"imperij4427","symbol":"SIM","quantity":"14195.000","price":"0.00160070","timestamp":1630131225,"volume":"22.72193650","buyTxId":"8f39af49342b6b4cb33e12e2caf6bd882a0a7961","sellTxId":"18e9e12126cd15b659660a2c2cb61013d5d21a18"}
{"index": {"_index":"sim","_id":"1436247"}}
	{"id":1436247,"type":"sell","buyer":"pi-trader","seller":"monsterjamgold","symbol":"SIM","quantity":"2520.000","price":"0.00160095","timestamp":1630133580,"volume":"4.03439400","buyTxId":"e1aa870b3077b4680a05e686e43d9f60b176991a-1","sellTxId":"12c1dd0b9c30c0125b57671ead9f5e85488f3b81"}
{"index": {"_index":"sim","_id":"1436289"}}
	{"id":1436289,"type":"sell","buyer":"pi-trader","seller":"loro68","symbol":"SIM","quantity":"4300.000","price":"0.00160204","timestamp":1630134015,"volume":"6.88877200","buyTxId":"a43c6c37e11fd90748df4a8dcae35aa341101f97-1","sellTxId":"215dc31adf0b07d5705d3f233adf164d69ea4a84"}
{"index": {"_index":"sim","_id":"1436339"}}
	{"id":1436339,"type":"buy","buyer":"donthaveone","seller":"looftee","symbol":"SIM","quantity":"118.999","price":"0.00167500","timestamp":1630135053,"volume":"0.19932338","buyTxId":"0d781791fd9f33226313bdb25d3e076b2bd98500","sellTxId":"238e02eb8c37718e939d8d2f4a79e5a109563de9"}
{"index": {"_index":"sim","_id":"1436356"}}
	{"id":1436356,"type":"sell","buyer":"pi-trader","seller":"steemychicken1","symbol":"SIM","quantity":"15000.000","price":"0.00160413","timestamp":1630135479,"volume":"24.06195000","buyTxId":"c5b66bc41480ab8e411c2b6c6d1635fc1af9d30b-1","sellTxId":"49dcf6bdf4fd7844d0c173d128fe978aa94099aa"}
{"index": {"_index":"sim","_id":"1436357"}}
	{"id":1436357,"type":"sell","buyer":"solovey6o2","seller":"steemychicken1","symbol":"SIM","quantity":"35963.077","price":"0.00160413","timestamp":1630135479,"volume":"57.68945071","buyTxId":"269bd9ef6f785bb3b5afb441226bf91520c3c960","sellTxId":"49dcf6bdf4fd7844d0c173d128fe978aa94099aa"}
{"index": {"_index":"sim","_id":"1436358"}}
	{"id":1436358,"type":"sell","buyer":"solovey6o2","seller":"razam","symbol":"SIM","quantity":"10.000","price":"0.00160413","timestamp":1630135497,"volume":"0.01604130","buyTxId":"269bd9ef6f785bb3b5afb441226bf91520c3c960","sellTxId":"e766827b07b9b072f21414cbf7afc6098d495c6f"}
{"index": {"_index":"sim","_id":"1436372"}}
	{"id":1436372,"type":"sell","buyer":"pi-trader","seller":"lammbock","symbol":"SIM","quantity":"625.950","price":"0.00160414","timestamp":1630135776,"volume":"1.00411143","buyTxId":"60a8c059590789177c8c05c2795684d2ec9e264b","sellTxId":"e4a35cb870d541da27fbd4fcee929faee8c889d2"}
{"index": {"_index":"sim","_id":"1436402"}}
	{"id":1436402,"type":"sell","buyer":"jelly-cz","seller":"gungunkrishu","symbol":"SIM","quantity":"12527.000","price":"0.00160425","timestamp":1630136697,"volume":"20.09643975","buyTxId":"MM-P-9938501-56922063-3-34-0","sellTxId":"03b5e8e54a33370d05c3e6905253a68601e13bec"}
{"index": {"_index":"sim","_id":"1436428"}}
	{"id":1436428,"type":"sell","buyer":"pi-trader","seller":"theshaki","symbol":"SIM","quantity":"88.903","price":"0.00160429","timestamp":1630137204,"volume":"0.14262619","buyTxId":"90f2f0fbb94bbfdc7441c23d1475a3d16f5b7725-1","sellTxId":"a0f75fed1958733097ffb01a4adb84e2e9cef17c"}
{"index": {"_index":"sim","_id":"1436465"}}
	{"id":1436465,"type":"buy","buyer":"d-pend","seller":"nftmart.fees","symbol":"SIM","quantity":"33.000","price":"0.00167497","timestamp":1630137729,"volume":"0.05527401","buyTxId":"dd285810f8a0717b2380b5cd8476b5e29f0e72d0","sellTxId":"6297d43d3321b4c5b4321ee727e368606897cdf0-0"}
{"index": {"_index":"sim","_id":"1436466"}}
	{"id":1436466,"type":"buy","buyer":"d-pend","seller":"looftee","symbol":"SIM","quantity":"14442.001","price":"0.00167500","timestamp":1630137729,"volume":"24.19035168","buyTxId":"dd285810f8a0717b2380b5cd8476b5e29f0e72d0","sellTxId":"238e02eb8c37718e939d8d2f4a79e5a109563de9"}
{"index": {"_index":"sim","_id":"1436467"}}
	{"id":1436467,"type":"buy","buyer":"d-pend","seller":"solovey6o2","symbol":"SIM","quantity":"5524.999","price":"0.00168999","timestamp":1630137729,"volume":"9.33719306","buyTxId":"dd285810f8a0717b2380b5cd8476b5e29f0e72d0","sellTxId":"da5bcdf55b13a80c53c933b9858145527d79f5f3"}
{"index": {"_index":"sim","_id":"1436515"}}
	{"id":1436515,"type":"sell","buyer":"jelly-cz","seller":"lightcaptured","symbol":"SIM","quantity":"1272.180","price":"0.00162002","timestamp":1630138494,"volume":"2.06095704","buyTxId":"MM-P-9938995-56922560-3-34-0","sellTxId":"4ec13fc3b1f20b01db1ca55edeaed610164b458d"}
{"index": {"_index":"sim","_id":"1436523"}}
	{"id":1436523,"type":"sell","buyer":"jelly-cz","seller":"jimmy.adames","symbol":"SIM","quantity":"739.847","price":"0.00162002","timestamp":1630138659,"volume":"1.19856694","buyTxId":"MM-P-9938995-56922560-3-34-0","sellTxId":"842ee3f4f3a0e32dd112dae8f3745d5fc4dc2569"}
{"index": {"_index":"sim","_id":"1436569"}}
	{"id":1436569,"type":"sell","buyer":"jelly-cz","seller":"minerthreat","symbol":"SIM","quantity":"12017.000","price":"0.00162002","timestamp":1630139658,"volume":"19.46778034","buyTxId":"MM-P-9938995-56922560-3-34-0","sellTxId":"36b18a65470a3163582ebc1e6a6d97ac3c5ba7f3"}
{"index": {"_index":"sim","_id":"1436665"}}
	{"id":1436665,"type":"buy","buyer":"wizzitywillican","seller":"nftmart.fees","symbol":"SIM","quantity":"33.000","price":"0.00168997","timestamp":1630141065,"volume":"0.05576901","buyTxId":"3f193f7009deb3749f79fb8ca5fe932756b54c1c","sellTxId":"e967148ea3b882f067ad87f79c98751c4c18976c-0"}
{"index": {"_index":"sim","_id":"1436666"}}
	{"id":1436666,"type":"sell","buyer":"wizzitywillican","seller":"konvik","symbol":"SIM","quantity":"59869.075","price":"0.00168997","timestamp":1630141068,"volume":"101.17694068","buyTxId":"3f193f7009deb3749f79fb8ca5fe932756b54c1c","sellTxId":"2377f94a53956ee8ef687fa2a200a16fc98e6957-1"}
{"index": {"_index":"sim","_id":"1436713"}}
	{"id":1436713,"type":"sell","buyer":"wizzitywillican","seller":"vincentnijman","symbol":"SIM","quantity":"59.331","price":"0.00168997","timestamp":1630142034,"volume":"0.10026761","buyTxId":"3f193f7009deb3749f79fb8ca5fe932756b54c1c","sellTxId":"157711c8a2b56684dd8a8a1806b9bb16ae9a372b"}
{"index": {"_index":"sim","_id":"1436734"}}
	{"id":1436734,"type":"sell","buyer":"jelly-cz","seller":"fiberfrau","symbol":"SIM","quantity":"84.400","price":"0.00162002","timestamp":1630142496,"volume":"0.13672969","buyTxId":"MM-P-9938995-56922560-3-34-0","sellTxId":"bacecc0de0a287aa8e47a0cfa0595e5f2ab510b2"}
{"index": {"_index":"sim","_id":"1436844"}}
	{"id":1436844,"type":"sell","buyer":"pi-trader","seller":"drax","symbol":"SIM","quantity":"15000.000","price":"0.00158918","timestamp":1630145247,"volume":"23.83770000","buyTxId":"c2f7627c0e5485cffe0acc923c7eb82ee02848f0-1","sellTxId":"001d5fb328b4c28dc9e4afebe72884d286ef0a05"}
{"index": {"_index":"sim","_id":"1436845"}}
	{"id":1436845,"type":"sell","buyer":"solovey6o2","seller":"drax","symbol":"SIM","quantity":"5401.756","price":"0.00158918","timestamp":1630145247,"volume":"8.58436260","buyTxId":"f8da164cce083a34c7c01dbe6c0f4e285d2de34c","sellTxId":"001d5fb328b4c28dc9e4afebe72884d286ef0a05"}
{"index": {"_index":"sim","_id":"1437167"}}
	{"id":1437167,"type":"buy","buyer":"konvik","seller":"vincentnijman","symbol":"SIM","quantity":"8711.503","price":"0.00160000","timestamp":1630150686,"volume":"13.93840480","buyTxId":"dedf04d939899997aa2daf540972deae9b2e969d-0","sellTxId":"ca2e93cbcaf2f9e7c1cc826b2c65032aa43c0cd8"}
{"index": {"_index":"sim","_id":"1437241"}}
	{"id":1437241,"type":"buy","buyer":"konvik","seller":"forykw","symbol":"SIM","quantity":"26487.601","price":"0.00159000","timestamp":1630152318,"volume":"42.11528559","buyTxId":"83455f0cefb732cc205342449d4a5544db83e1f9-0","sellTxId":"13526056b995b5e649e989e346e6b9ca22535e10"}
{"index": {"_index":"sim","_id":"1437243"}}
	{"id":1437243,"type":"sell","buyer":"pi-trader","seller":"tonytrillions","symbol":"SIM","quantity":"0.002","price":"0.00158992","timestamp":1630152372,"volume":"0.00000318","buyTxId":"724f91dbc6b391e63a625fa048c8d72717777e90-1","sellTxId":"ba3f68369bf200ba0cd4711f46afd5ae190590f5"}
{"index": {"_index":"sim","_id":"1437257"}}
	{"id":1437257,"type":"sell","buyer":"pi-trader","seller":"andy4475","symbol":"SIM","quantity":"65.823","price":"0.00158993","timestamp":1630152492,"volume":"0.10465396","buyTxId":"91be813c8d3308fb7a6982f7605865e5e650559d-1","sellTxId":"85acb75ffdb52737864c360f1869cb2a3023b702"}
{"index": {"_index":"sim","_id":"1437261"}}
	{"id":1437261,"type":"sell","buyer":"pi-trader","seller":"brofi-market","symbol":"SIM","quantity":"0.001","price":"0.00158993","timestamp":1630152516,"volume":"0.00000159","buyTxId":"91be813c8d3308fb7a6982f7605865e5e650559d-1","sellTxId":"001c1283eb8d3ae5af42470d4e16cc051d5c48f3"}
{"index": {"_index":"sim","_id":"1437277"}}
	{"id":1437277,"type":"buy","buyer":"konvik","seller":"mfblack","symbol":"SIM","quantity":"24108.827","price":"0.00159000","timestamp":1630152741,"volume":"38.33303493","buyTxId":"69a90bc2d68a307abe2be832875d145359b7e304-0","sellTxId":"438666d8aaf3a45cfbb9524441f32711903a75a0"}
{"index": {"_index":"sim","_id":"1437327"}}
	{"id":1437327,"type":"buy","buyer":"konvik","seller":"mary-jane","symbol":"SIM","quantity":"4551.355","price":"0.00162000","timestamp":1630153323,"volume":"7.37319510","buyTxId":"26cd8821ba50cf3e8aa4ad482787e60f66552491-0","sellTxId":"d5cbdc241951a4f309d886ac3e385992fdbf0401"}
{"index": {"_index":"sim","_id":"1437358"}}
	{"id":1437358,"type":"sell","buyer":"pi-trader","seller":"entraide.rewards","symbol":"SIM","quantity":"3.020","price":"0.00159008","timestamp":1630153944,"volume":"0.00480204","buyTxId":"d2b56f7038e6a97a7bfa1ef3b9643f50b621da0a-1","sellTxId":"f97d83ae60fec0eafd08ed46fbdf5a4d6f6f9579"}
{"index": {"_index":"sim","_id":"1437390"}}
	{"id":1437390,"type":"sell","buyer":"pi-trader","seller":"tonytrillions","symbol":"SIM","quantity":"0.036","price":"0.00159015","timestamp":1630154454,"volume":"0.00005725","buyTxId":"cf7e1b9419c62f000cc32f4959025a2bef0b1c00-1","sellTxId":"cdee15b7485266976a2bfbac6fe02d70d2b58304"}
{"index": {"_index":"sim","_id":"1437439"}}
	{"id":1437439,"type":"buy","buyer":"juanmiguelsalas","seller":"braaiboy","symbol":"SIM","quantity":"2047.000","price":"0.00164500","timestamp":1630155480,"volume":"3.36731500","buyTxId":"7ab16e2db9bdd4d5fbb2454b1540d6b2e65ea7d5","sellTxId":"2b73debc585052ce24961b7cc11f9b7a9df95f47"}
{"index": {"_index":"sim","_id":"1437441"}}
	{"id":1437441,"type":"buy","buyer":"juanmiguelsalas","seller":"braaiboy","symbol":"SIM","quantity":"0.660","price":"0.00164500","timestamp":1630155525,"volume":"0.00108570","buyTxId":"103a05dc62d573c37c1fbdb77f31095c05fb34f6","sellTxId":"2b73debc585052ce24961b7cc11f9b7a9df95f47"}
{"index": {"_index":"sim","_id":"1437442"}}
	{"id":1437442,"type":"buy","buyer":"juanmiguelsalas","seller":"nftmart.fees","symbol":"SIM","quantity":"182.000","price":"0.00164898","timestamp":1630155525,"volume":"0.30011436","buyTxId":"103a05dc62d573c37c1fbdb77f31095c05fb34f6","sellTxId":"c959e56cf10b06ab12299c36cfbacecf85de28ee-0"}
{"index": {"_index":"sim","_id":"1437443"}}
	{"id":1437443,"type":"buy","buyer":"juanmiguelsalas","seller":"pinkfloyd878","symbol":"SIM","quantity":"3817.340","price":"0.00164900","timestamp":1630155525,"volume":"6.29479366","buyTxId":"103a05dc62d573c37c1fbdb77f31095c05fb34f6","sellTxId":"e665b74aa8f0d5fc4d4cb7c791c1051c19f9d5d1"}
{"index": {"_index":"sim","_id":"1437445"}}
	{"id":1437445,"type":"buy","buyer":"juanmiguelsalas","seller":"pinkfloyd878","symbol":"SIM","quantity":"182.660","price":"0.00164900","timestamp":1630155579,"volume":"0.30120634","buyTxId":"210d609435d8674786a7b3eb6ef78b0610f6ea13","sellTxId":"e665b74aa8f0d5fc4d4cb7c791c1051c19f9d5d1"}
{"index": {"_index":"sim","_id":"1437446"}}
	{"id":1437446,"type":"buy","buyer":"juanmiguelsalas","seller":"brofi-market","symbol":"SIM","quantity":"0.001","price":"0.00165000","timestamp":1630155579,"volume":"0.00000165","buyTxId":"210d609435d8674786a7b3eb6ef78b0610f6ea13","sellTxId":"cad1e7ee8864b5091dc12405199a4f87e497f2ff"}
{"index": {"_index":"sim","_id":"1437447"}}
	{"id":1437447,"type":"buy","buyer":"juanmiguelsalas","seller":"medaymane","symbol":"SIM","quantity":"437.000","price":"0.00168000","timestamp":1630155579,"volume":"0.73416000","buyTxId":"210d609435d8674786a7b3eb6ef78b0610f6ea13","sellTxId":"ad969c526267eb58c5db791132daf1624f960119"}
{"index": {"_index":"sim","_id":"1437448"}}
	{"id":1437448,"type":"buy","buyer":"juanmiguelsalas","seller":"solovey6o2","symbol":"SIM","quantity":"2211.339","price":"0.00168999","timestamp":1630155579,"volume":"3.73714080","buyTxId":"210d609435d8674786a7b3eb6ef78b0610f6ea13","sellTxId":"dfc0db7b5cee21f0bef5c9923a951b994e7c37c1"}
{"index": {"_index":"sim","_id":"1437454"}}
	{"id":1437454,"type":"buy","buyer":"juanmiguelsalas","seller":"nftmart.fees","symbol":"SIM","quantity":"182.000","price":"0.00168998","timestamp":1630155720,"volume":"0.30757636","buyTxId":"ae3fd41c02594a42c6ca3f8fa66ffa72e86cd369","sellTxId":"d79028650768b7c42b2ccafb001ce481d7ef043c-0"}
{"index": {"_index":"sim","_id":"1437455"}}
	{"id":1437455,"type":"buy","buyer":"juanmiguelsalas","seller":"solovey6o2","symbol":"SIM","quantity":"6056.000","price":"0.00168999","timestamp":1630155720,"volume":"10.23457944","buyTxId":"ae3fd41c02594a42c6ca3f8fa66ffa72e86cd369","sellTxId":"dfc0db7b5cee21f0bef5c9923a951b994e7c37c1"}
{"index": {"_index":"sim","_id":"1437458"}}
	{"id":1437458,"type":"sell","buyer":"pi-trader","seller":"anosys","symbol":"SIM","quantity":"203.348","price":"0.00159028","timestamp":1630155810,"volume":"0.32338026","buyTxId":"d1dd88476a50e89aab4d0389c114c0e6ba801815-1","sellTxId":"11f5d1959aa8d33d76aee17772ea73c9cc9ed393"}
{"index": {"_index":"sim","_id":"1437496"}}
	{"id":1437496,"type":"sell","buyer":"pi-trader","seller":"whatamidoing","symbol":"SIM","quantity":"15000.000","price":"0.00159038","timestamp":1630156545,"volume":"23.85570000","buyTxId":"f65940188a20df66428f89ad53ed722ac39b6fb6-1","sellTxId":"02c9d610048be70f79ef6e3b4189ca17e290d82f"}
{"index": {"_index":"sim","_id":"1437497"}}
	{"id":1437497,"type":"sell","buyer":"solovey6o2","seller":"whatamidoing","symbol":"SIM","quantity":"16245.824","price":"0.00159038","timestamp":1630156545,"volume":"25.83703357","buyTxId":"21cb7e4145e106cb0aa8d6061d38ca02d2cdd15e","sellTxId":"02c9d610048be70f79ef6e3b4189ca17e290d82f"}
{"index": {"_index":"sim","_id":"1437655"}}
	{"id":1437655,"type":"buy","buyer":"tferris","seller":"nftmart.fees","symbol":"SIM","quantity":"141.000","price":"0.00168896","timestamp":1630159668,"volume":"0.23814336","buyTxId":"58807ffda593ab76f1be8ad524f6b14da51d3823","sellTxId":"22a32c4995d82aa4e1a77464507431954d6010f8-0"}
{"index": {"_index":"sim","_id":"1437656"}}
	{"id":1437656,"type":"sell","buyer":"tferris","seller":"konvik","symbol":"SIM","quantity":"297733.561","price":"0.00168896","timestamp":1630159671,"volume":"502.86007519","buyTxId":"58807ffda593ab76f1be8ad524f6b14da51d3823","sellTxId":"038f4112d7354c0e79220b9e0b2118ccf32bf5d1-1"}
{"index": {"_index":"sim","_id":"1437657"}}
	{"id":1437657,"type":"buy","buyer":"nyxlabs","seller":"solovey6o2","symbol":"SIM","quantity":"1000.000","price":"0.00168899","timestamp":1630159689,"volume":"1.68899000","buyTxId":"370de9b7f40d76f9d436dfcd398b8db5a894f4d6","sellTxId":"7ea0ca12c0eebe2c468e610272c46faf018ce7bb"}
{"index": {"_index":"sim","_id":"1437688"}}
	{"id":1437688,"type":"sell","buyer":"tferris","seller":"justinparke","symbol":"SIM","quantity":"295.077","price":"0.00168896","timestamp":1630160379,"volume":"0.49837325","buyTxId":"58807ffda593ab76f1be8ad524f6b14da51d3823","sellTxId":"94d6dcb4722dff41e495e491053e38132774ae23"}
{"index": {"_index":"sim","_id":"1437689"}}
	{"id":1437689,"type":"sell","buyer":"solovey6o2","seller":"justinparke","symbol":"SIM","quantity":"6833.360","price":"0.00159075","timestamp":1630160379,"volume":"10.87016742","buyTxId":"9c451612bee05e919052b37becc04cc7f18961fb","sellTxId":"94d6dcb4722dff41e495e491053e38132774ae23"}
{"index": {"_index":"sim","_id":"1437722"}}
	{"id":1437722,"type":"buy","buyer":"writhos","seller":"nftmart.fees","symbol":"SIM","quantity":"140.000","price":"0.00168898","timestamp":1630160982,"volume":"0.23645720","buyTxId":"d966b5d07d6fe21f6973736152696f49d9103a19","sellTxId":"2246a93d6834d87f692f512265cb67570bccee57-0"}
{"index": {"_index":"sim","_id":"1437723"}}
	{"id":1437723,"type":"buy","buyer":"writhos","seller":"solovey6o2","symbol":"SIM","quantity":"5794.000","price":"0.00168899","timestamp":1630160982,"volume":"9.78600806","buyTxId":"d966b5d07d6fe21f6973736152696f49d9103a19","sellTxId":"7ea0ca12c0eebe2c468e610272c46faf018ce7bb"}
{"index": {"_index":"sim","_id":"1437727"}}
	{"id":1437727,"type":"sell","buyer":"jelly-cz","seller":"bitcoinflood","symbol":"SIM","quantity":"20.535","price":"0.00159083","timestamp":1630161006,"volume":"0.03266769","buyTxId":"MM-P-9946560-56930146-3-34-0","sellTxId":"3f2fb2a9a8bf9ed72b0e7f5784ccd36590520b26"}
{"index": {"_index":"sim","_id":"1437735"}}
	{"id":1437735,"type":"buy","buyer":"nastyforce","seller":"solovey6o2","symbol":"SIM","quantity":"508.000","price":"0.00168899","timestamp":1630161165,"volume":"0.85800692","buyTxId":"8f1a9395fd8d26ba34b70a1f15361e7cd6dd6d50","sellTxId":"7ea0ca12c0eebe2c468e610272c46faf018ce7bb"}
{"index": {"_index":"sim","_id":"1437786"}}
	{"id":1437786,"type":"sell","buyer":"pi-trader","seller":"tomhall","symbol":"SIM","quantity":"207.001","price":"0.00159096","timestamp":1630162461,"volume":"0.32933031","buyTxId":"14867d013dfc873f46117cbcc2b96b9da2c1b5bd-1","sellTxId":"dcf689d2d067281af58ab022d7f1c1cf8e78d1a5"}
{"index": {"_index":"sim","_id":"1437809"}}
	{"id":1437809,"type":"buy","buyer":"writhos","seller":"nftmart.fees","symbol":"SIM","quantity":"106.000","price":"0.00168897","timestamp":1630163241,"volume":"0.17903082","buyTxId":"ff79d1d5d48d06ad4359cc4a2dbfe784b247f09b","sellTxId":"de224d68170b180bf5e220ecf1be67d90df8c57a-0"}
{"index": {"_index":"sim","_id":"1437810"}}
	{"id":1437810,"type":"buy","buyer":"writhos","seller":"solovey6o2","symbol":"SIM","quantity":"23003.000","price":"0.00168899","timestamp":1630163241,"volume":"38.85183697","buyTxId":"ff79d1d5d48d06ad4359cc4a2dbfe784b247f09b","sellTxId":"7ea0ca12c0eebe2c468e610272c46faf018ce7bb"}
{"index": {"_index":"sim","_id":"1437865"}}
	{"id":1437865,"type":"buy","buyer":"he-index","seller":"nftmart.fees","symbol":"SIM","quantity":"108.000","price":"0.00168898","timestamp":1630164273,"volume":"0.18240984","buyTxId":"edc6a26a8a6c92ab8fce8127fb143d484970979c","sellTxId":"e05d71b9c17df73c64915891031156b6f48d1cd5-0"}
{"index": {"_index":"sim","_id":"1437942"}}
	{"id":1437942,"type":"sell","buyer":"he-index","seller":"nrg","symbol":"SIM","quantity":"47.714","price":"0.00168899","timestamp":1630165542,"volume":"0.08058847","buyTxId":"edc6a26a8a6c92ab8fce8127fb143d484970979c","sellTxId":"f6b162739e838d51f1df7b07413445759691c1b1"}
{"index": {"_index":"sim","_id":"1437943"}}
	{"id":1437943,"type":"sell","buyer":"pi-trader","seller":"nrg","symbol":"SIM","quantity":"14425.286","price":"0.00162028","timestamp":1630165542,"volume":"23.37300240","buyTxId":"5bbb1f06c8d78b48ccb67cf6144f2e47c36aab31-1","sellTxId":"f6b162739e838d51f1df7b07413445759691c1b1"}
{"index": {"_index":"sim","_id":"1438001"}}
	{"id":1438001,"type":"sell","buyer":"pi-trader","seller":"captaincryptic","symbol":"SIM","quantity":"1574.014","price":"0.00162035","timestamp":1630166373,"volume":"2.55045358","buyTxId":"5fe9d5e9a4449a98f4a4cba0c9c00c99961e763b-1","sellTxId":"91f2101a81d91b325782b27f30904ef031bc31d1"}
{"index": {"_index":"sim","_id":"1438008"}}
	{"id":1438008,"type":"sell","buyer":"pi-trader","seller":"theguruasia","symbol":"SIM","quantity":"5261.436","price":"0.00162038","timestamp":1630166436,"volume":"8.52552567","buyTxId":"a5cb1bb1f729f7f75e2ea5af36b1eb681e030763-1","sellTxId":"27e8ddd1a52963e63d71306a9ba38365fbeea67f"}
{"index": {"_index":"sim","_id":"1438024"}}
	{"id":1438024,"type":"sell","buyer":"pi-trader","seller":"bosmob","symbol":"SIM","quantity":"9019.004","price":"0.00162039","timestamp":1630166658,"volume":"14.61430389","buyTxId":"cab2598951aed6c68a2dad5e26c4451d58bad494-1","sellTxId":"77546fe1232cba5a03102ca4e48c63a9878cf9f2"}
{"index": {"_index":"sim","_id":"1438040"}}
	{"id":1438040,"type":"sell","buyer":"pi-trader","seller":"iamalivechalleng","symbol":"SIM","quantity":"4.192","price":"0.00162048","timestamp":1630167057,"volume":"0.00679305","buyTxId":"f1b74c80c191408afe76489bf894d3c05adc8acc-1","sellTxId":"0037389bee91691d19414472ec7432578661b6a5"}
{"index": {"_index":"sim","_id":"1438104"}}
	{"id":1438104,"type":"sell","buyer":"pi-trader","seller":"maar","symbol":"SIM","quantity":"259.862","price":"0.00162058","timestamp":1630167999,"volume":"0.42112716","buyTxId":"8fa93295251f933b9e6a580518aa4a0a2cf6ebe3-1","sellTxId":"8b74d0edb648496597f9083049a3c06b60d90e6c"}
{"index": {"_index":"sim","_id":"1438157"}}
	{"id":1438157,"type":"sell","buyer":"pi-trader","seller":"steemwija","symbol":"SIM","quantity":"477.059","price":"0.00162069","timestamp":1630168902,"volume":"0.77316475","buyTxId":"34e50436190599e69c72f7916dd8698647887a73-1","sellTxId":"5a391592be0ae057b77b0ca4ef877a3a5c7e9dea"}
{"index": {"_index":"sim","_id":"1438232"}}
	{"id":1438232,"type":"sell","buyer":"pi-trader","seller":"tsnaks","symbol":"SIM","quantity":"810.002","price":"0.00162075","timestamp":1630169574,"volume":"1.31281074","buyTxId":"38b33bc0ffd5f2def9cc7823f85f8f34d1b7efd4-1","sellTxId":"f90c828476787d63f2b58129bad240eefc073b7c"}
{"index": {"_index":"sim","_id":"1438308"}}
	{"id":1438308,"type":"buy","buyer":"chunkysoupsvc","seller":"nftmart.fees","symbol":"SIM","quantity":"84.000","price":"0.00168895","timestamp":1630170150,"volume":"0.14187180","buyTxId":"c8190243694c8df37c637aab1417b55678400134","sellTxId":"52c2921656bfa6c4b30520b3ab5874fa17ec069e-0"}
{"index": {"_index":"sim","_id":"1438309"}}
	{"id":1438309,"type":"buy","buyer":"chunkysoupsvc","seller":"quekery","symbol":"SIM","quantity":"127.000","price":"0.00168899","timestamp":1630170150,"volume":"0.21450173","buyTxId":"c8190243694c8df37c637aab1417b55678400134","sellTxId":"07e58e6c4adb88e964b02a6c0a8bb62b38e17375"}
{"index": {"_index":"sim","_id":"1438395"}}
	{"id":1438395,"type":"buy","buyer":"konvik","seller":"jywahaha","symbol":"SIM","quantity":"20000.000","price":"0.00168000","timestamp":1630170849,"volume":"33.60000000","buyTxId":"cf89b69fb8020dca02397530b00418f0941c970b-0","sellTxId":"4f4dcfbe04ef46d3c976316b8ea68a3f51fe67a6"}
{"index": {"_index":"sim","_id":"1438416"}}
	{"id":1438416,"type":"buy","buyer":"konvik","seller":"jywahaha","symbol":"SIM","quantity":"35658.570","price":"0.00168000","timestamp":1630170936,"volume":"59.90639760","buyTxId":"4e05c67d3f2a4a90f0f75fe425a14ccb5a5df8ff-0","sellTxId":"9bcba81c346c8283576cda854eafea46f29c5969"}
{"index": {"_index":"sim","_id":"1438609"}}
	{"id":1438609,"type":"sell","buyer":"pi-trader","seller":"opinizeunltd","symbol":"SIM","quantity":"649.05","price":"0.00162109","timestamp":1630172793,"volume":"1.05216846","buyTxId":"fc7282628cab5aefa06451406c2cf978f8096eb5-1","sellTxId":"0fe60ab6e9b88f77a931f63839311b3580fb789d"}
{"index": {"_index":"sim","_id":"1438674"}}
	{"id":1438674,"type":"sell","buyer":"pi-trader","seller":"jjprac","symbol":"SIM","quantity":"55.236","price":"0.00162116","timestamp":1630173417,"volume":"0.08954639","buyTxId":"302f67a707ff89e07a761cb4fdfe2c4b826f4883-1","sellTxId":"63ac9a8250729cab294bebfd73781d9676c08402"}
{"index": {"_index":"sim","_id":"1438739"}}
	{"id":1438739,"type":"sell","buyer":"pi-trader","seller":"jrcornel","symbol":"SIM","quantity":"20000.000","price":"0.00162126","timestamp":1630174410,"volume":"32.42520000","buyTxId":"89649097f0f639713f7bf292e4cb673f3bc27f1a-1","sellTxId":"2393e861180f56a899c3938255251d42d0c3dc2c"}
{"index": {"_index":"sim","_id":"1438740"}}
	{"id":1438740,"type":"sell","buyer":"solovey6o2","seller":"jrcornel","symbol":"SIM","quantity":"45414.000","price":"0.00162126","timestamp":1630174410,"volume":"73.62790164","buyTxId":"20356fe5899515f8101876a82109fc6ece38ebdd","sellTxId":"2393e861180f56a899c3938255251d42d0c3dc2c"}
{"index": {"_index":"sim","_id":"1438743"}}
	{"id":1438743,"type":"buy","buyer":"konvik","seller":"elevator09","symbol":"SIM","quantity":"15000.000","price":"0.00167000","timestamp":1630174491,"volume":"25.05000000","buyTxId":"26fc99ece079b8c3365ccb1e7ddd455ddfe7e553-0","sellTxId":"64d37db1d09c4a325db59d36ff9a34d82c6df850"}
{"index": {"_index":"sim","_id":"1438755"}}
	{"id":1438755,"type":"sell","buyer":"pi-trader","seller":"florian-glechner","symbol":"SIM","quantity":"39.000","price":"0.00162130","timestamp":1630174650,"volume":"0.06323070","buyTxId":"920bd0993324d5b57a6419367c0ab5295ca17c30-1","sellTxId":"ebb44e57cb0439021d6126685cb96c65ca61e6ab"}
{"index": {"_index":"sim","_id":"1438800"}}
	{"id":1438800,"type":"sell","buyer":"pi-trader","seller":"bitcoinflood","symbol":"SIM","quantity":"2548.000","price":"0.00162137","timestamp":1630175268,"volume":"4.13125076","buyTxId":"0ac940a19d58a7d768345d46d10d0f792462aac0-1","sellTxId":"2deaf7b454b5b1cf41c34bb45d9d223aee1fd6dc"}
{"index": {"_index":"sim","_id":"1438828"}}
	{"id":1438828,"type":"buy","buyer":"konvik","seller":"vincentnijman","symbol":"SIM","quantity":"2826.000","price":"0.00165000","timestamp":1630175784,"volume":"4.66290000","buyTxId":"3949917c5deedca256fa702554afafd26cc6e9ba-0","sellTxId":"eb6af968d75f45646811ef737f1e53536ff90088"}
{"index": {"_index":"sim","_id":"1438835"}}
	{"id":1438835,"type":"sell","buyer":"pi-trader","seller":"monsterjamgold","symbol":"SIM","quantity":"2468.000","price":"0.00162210","timestamp":1630176027,"volume":"4.00334280","buyTxId":"b0dc92e367029ec9fe53ce30c1a0424ed2de9be4-1","sellTxId":"7e2798ad90bae32bd25d6eb87ea417ef7fa53287"}
{"index": {"_index":"sim","_id":"1438836"}}
	{"id":1438836,"type":"buy","buyer":"konvik","seller":"mary.janikowski","symbol":"SIM","quantity":"32626.000","price":"0.00165000","timestamp":1630176030,"volume":"53.83290000","buyTxId":"fc65f9239e346a552c38307e1da71afaa1042150-0","sellTxId":"eaa22b1a492dd6bcb302029c19950b26eaf32980"}
{"index": {"_index":"sim","_id":"1438859"}}
	{"id":1438859,"type":"sell","buyer":"pi-trader","seller":"dhedge-drips","symbol":"SIM","quantity":"0.005","price":"0.00162214","timestamp":1630176330,"volume":"0.00000811","buyTxId":"495cd506ee5f5ecb5e6b0bcf94cb801204634635-1","sellTxId":"bb7b69ca53245c9c125a4754b49246c654fe4958"}
{"index": {"_index":"sim","_id":"1438878"}}
	{"id":1438878,"type":"sell","buyer":"pi-trader","seller":"willsaldeno","symbol":"SIM","quantity":"3549.000","price":"0.00162215","timestamp":1630176531,"volume":"5.75701035","buyTxId":"8e9feb65672931645dc2e723b577730284fccec4-1","sellTxId":"7b1863c5d50e2707d96922040addf334c90feb5d"}
{"index": {"_index":"sim","_id":"1438885"}}
	{"id":1438885,"type":"sell","buyer":"pi-trader","seller":"bitcoinflood","symbol":"SIM","quantity":"1771.000","price":"0.00162218","timestamp":1630176693,"volume":"2.87288078","buyTxId":"8b269c93cbce448ed11c51b0270aeece64538710-1","sellTxId":"8483730888b8d2bb11b7e3ac6fbf358838970cb4"}
{"index": {"_index":"sim","_id":"1438924"}}
	{"id":1438924,"type":"sell","buyer":"pi-trader","seller":"ayhamyou","symbol":"SIM","quantity":"5920.000","price":"0.00162225","timestamp":1630177320,"volume":"9.60372000","buyTxId":"2646de083768f8ef3574d9365f8112f660184a29-1","sellTxId":"e7aa409134859c5b4799bc1668cd205d0f75324e"}
{"index": {"_index":"sim","_id":"1438936"}}
	{"id":1438936,"type":"buy","buyer":"konvik","seller":"mary.janikowski","symbol":"SIM","quantity":"5089.000","price":"0.00165000","timestamp":1630177398,"volume":"8.39685000","buyTxId":"553af6eed13b1b7af09781c28cdeabe0f325ceb4-0","sellTxId":"4f821b44defa38c31af884f9635d16ec259bf2a5"}
{"index": {"_index":"sim","_id":"1439014"}}
	{"id":1439014,"type":"buy","buyer":"onealfa","seller":"braaiboy","symbol":"SIM","quantity":"1840.000","price":"0.00167500","timestamp":1630178232,"volume":"3.08200000","buyTxId":"96b7ac12d41f7caedcef349df481bfe06f9ca903","sellTxId":"30ee9b42422f1e37fc0b454ca7547a0bb0d92aef"}
{"index": {"_index":"sim","_id":"1439015"}}
	{"id":1439015,"type":"buy","buyer":"onealfa","seller":"cryptofiloz","symbol":"SIM","quantity":"1173.000","price":"0.00167501","timestamp":1630178232,"volume":"1.96478673","buyTxId":"96b7ac12d41f7caedcef349df481bfe06f9ca903","sellTxId":"7d56db99b26a8b1c528d4edafb70540062115c34"}
{"index": {"_index":"sim","_id":"1439016"}}
	{"id":1439016,"type":"buy","buyer":"onealfa","seller":"nftmart.fees","symbol":"SIM","quantity":"74.000","price":"0.00167992","timestamp":1630178232,"volume":"0.12431408","buyTxId":"96b7ac12d41f7caedcef349df481bfe06f9ca903","sellTxId":"7f558121d7f1497a173db6cebf1618914947de56-0"}
{"index": {"_index":"sim","_id":"1439017"}}
	{"id":1439017,"type":"buy","buyer":"onealfa","seller":"dhedge-drips","symbol":"SIM","quantity":"0.005","price":"0.00167993","timestamp":1630178232,"volume":"0.00000840","buyTxId":"96b7ac12d41f7caedcef349df481bfe06f9ca903","sellTxId":"66751248957eb8a20265f8fe3f80b4f74b832ec1"}
{"index": {"_index":"sim","_id":"1439018"}}
	{"id":1439018,"type":"buy","buyer":"onealfa","seller":"master-lamps","symbol":"SIM","quantity":"1300.000","price":"0.00167994","timestamp":1630178232,"volume":"2.18392200","buyTxId":"96b7ac12d41f7caedcef349df481bfe06f9ca903","sellTxId":"b1ad5164f6b7b0daaffa106a448186ff7a05bf37"}
{"index": {"_index":"sim","_id":"1439019"}}
	{"id":1439019,"type":"buy","buyer":"onealfa","seller":"master-lamps","symbol":"SIM","quantity":"1300.000","price":"0.00167994","timestamp":1630178232,"volume":"2.18392200","buyTxId":"96b7ac12d41f7caedcef349df481bfe06f9ca903","sellTxId":"35c519afbde54ccaece091facb01c4680d5cb067"}
{"index": {"_index":"sim","_id":"1439020"}}
	{"id":1439020,"type":"buy","buyer":"onealfa","seller":"solovey6o2","symbol":"SIM","quantity":"851.995","price":"0.00167999","timestamp":1630178232,"volume":"1.43134308","buyTxId":"96b7ac12d41f7caedcef349df481bfe06f9ca903","sellTxId":"e9e459fb3a21147dd9b5039f6a33c7719efe453d"}
{"index": {"_index":"sim","_id":"1439061"}}
	{"id":1439061,"type":"sell","buyer":"pi-trader","seller":"ctrlyse","symbol":"SIM","quantity":"144.000","price":"0.00163005","timestamp":1630178769,"volume":"0.23472720","buyTxId":"2edb0bc58f55002c0285e2206a6dbb3367f7c169-1","sellTxId":"a5f01e72e13266f33af9f00c84faa5e49bc10d06"}
{"index": {"_index":"sim","_id":"1439063"}}
	{"id":1439063,"type":"sell","buyer":"pi-trader","seller":"fantasycrypto","symbol":"SIM","quantity":"19856.000","price":"0.00163005","timestamp":1630178772,"volume":"32.36627280","buyTxId":"2edb0bc58f55002c0285e2206a6dbb3367f7c169-1","sellTxId":"c16486a45be7d099e1a8e7834d71b1a9aaf6a443"}
{"index": {"_index":"sim","_id":"1439064"}}
	{"id":1439064,"type":"sell","buyer":"solovey6o2","seller":"fantasycrypto","symbol":"SIM","quantity":"44177.990","price":"0.00163004","timestamp":1630178772,"volume":"72.01189082","buyTxId":"3383f31538b3354d68850b049436cc14b97f7ac9","sellTxId":"c16486a45be7d099e1a8e7834d71b1a9aaf6a443"}
{"index": {"_index":"sim","_id":"1439088"}}
	{"id":1439088,"type":"buy","buyer":"onealfa.leo","seller":"nftmart.fees","symbol":"SIM","quantity":"74.000","price":"0.00167998","timestamp":1630179201,"volume":"0.12431852","buyTxId":"1b8a5a9ee761ae885d56d5e747130d5117cd9bd9","sellTxId":"0b4291118c3a8f7a6c134bd9d48055947847e6b3-0"}
{"index": {"_index":"sim","_id":"1439089"}}
	{"id":1439089,"type":"buy","buyer":"onealfa.leo","seller":"solovey6o2","symbol":"SIM","quantity":"6449.000","price":"0.00167999","timestamp":1630179201,"volume":"10.83425551","buyTxId":"1b8a5a9ee761ae885d56d5e747130d5117cd9bd9","sellTxId":"e9e459fb3a21147dd9b5039f6a33c7719efe453d"}
{"index": {"_index":"sim","_id":"1439139"}}
	{"id":1439139,"type":"buy","buyer":"ecoinstant","seller":"nftmart.fees","symbol":"SIM","quantity":"64.000","price":"0.00167998","timestamp":1630179777,"volume":"0.10751872","buyTxId":"136759519e72a4bd301c82c8331e21cf6e7b5e9d","sellTxId":"cfbc4bbbf2e0e6be4e7b806cc9ab38fa72dc3806-0"}
{"index": {"_index":"sim","_id":"1439140"}}
	{"id":1439140,"type":"buy","buyer":"ecoinstant","seller":"solovey6o2","symbol":"SIM","quantity":"451650.189","price":"0.00167999","timestamp":1630179777,"volume":"758.76780102","buyTxId":"136759519e72a4bd301c82c8331e21cf6e7b5e9d","sellTxId":"e9e459fb3a21147dd9b5039f6a33c7719efe453d"}
{"index": {"_index":"sim","_id":"1439141"}}
	{"id":1439141,"type":"buy","buyer":"ecoinstant","seller":"solovey6o2","symbol":"SIM","quantity":"45414.000","price":"0.00167999","timestamp":1630179777,"volume":"76.29506586","buyTxId":"136759519e72a4bd301c82c8331e21cf6e7b5e9d","sellTxId":"5acbcf2aaab3d8f8e1f78b0e945c9d4752bea7e0"}
{"index": {"_index":"sim","_id":"1439142"}}
	{"id":1439142,"type":"buy","buyer":"ecoinstant","seller":"solovey6o2","symbol":"SIM","quantity":"2871.811","price":"0.00167999","timestamp":1630179777,"volume":"4.82461376","buyTxId":"136759519e72a4bd301c82c8331e21cf6e7b5e9d","sellTxId":"a57aca87fe00063dc84ba87808562b504be3f24a"}
{"index": {"_index":"sim","_id":"1439157"}}
	{"id":1439157,"type":"sell","buyer":"pi-trader","seller":"megalithic","symbol":"SIM","quantity":"20000.000","price":"0.00163017","timestamp":1630180005,"volume":"32.60340000","buyTxId":"cc7df52bfddbdb560f315dbed28fb6c323836d8d-1","sellTxId":"e10ff4b6b4650907e6afecd3deb6a20f03a7f15b"}
{"index": {"_index":"sim","_id":"1439158"}}
	{"id":1439158,"type":"sell","buyer":"solovey6o2","seller":"megalithic","symbol":"SIM","quantity":"4217.000","price":"0.00163017","timestamp":1630180005,"volume":"6.87442689","buyTxId":"8519be9f1abdca0547e9077faf36283cfaf2e908","sellTxId":"e10ff4b6b4650907e6afecd3deb6a20f03a7f15b"}
{"index": {"_index":"sim","_id":"1439179"}}
	{"id":1439179,"type":"buy","buyer":"heikki1337","seller":"solovey6o2","symbol":"SIM","quantity":"10743.000","price":"0.00167999","timestamp":1630180347,"volume":"18.04813257","buyTxId":"5ff4baa997cc7f8b34e64650514f5b2a87677b6c","sellTxId":"a57aca87fe00063dc84ba87808562b504be3f24a"}
{"index": {"_index":"sim","_id":"1439220"}}
	{"id":1439220,"type":"sell","buyer":"pi-trader","seller":"dustindivitto","symbol":"SIM","quantity":"20000.000","price":"0.00163001","timestamp":1630180965,"volume":"32.60020000","buyTxId":"62a545713bf04bbc0bb2e86c698efcc0aa822ddc-1","sellTxId":"d94986095062e92af6e75e1e8ab9a6e808879015"}
{"index": {"_index":"sim","_id":"1439224"}}
	{"id":1439224,"type":"sell","buyer":"pi-trader","seller":"dustindivitto","symbol":"SIM","quantity":"20000.000","price":"0.00163001","timestamp":1630181133,"volume":"32.60020000","buyTxId":"f06964513512f39e17d9afcfd06fc79e2d7fee9b","sellTxId":"a152a18f3acf82430fc715f13dde581a53f396e8"}
{"index": {"_index":"sim","_id":"1439225"}}
	{"id":1439225,"type":"sell","buyer":"master-lamps","seller":"dustindivitto","symbol":"SIM","quantity":"2681.000","price":"0.00163000","timestamp":1630181133,"volume":"4.37003000","buyTxId":"404aa688f153a607553d64c94bbddaf3bd5aa4b8","sellTxId":"a152a18f3acf82430fc715f13dde581a53f396e8"}
{"index": {"_index":"sim","_id":"1439226"}}
	{"id":1439226,"type":"buy","buyer":"konvik","seller":"dustindivitto","symbol":"SIM","quantity":"5735.000","price":"0.00163000","timestamp":1630181136,"volume":"9.34805000","buyTxId":"35acbcb6c45938ca51b0345fe6e7ce3c49622c40-0","sellTxId":"a152a18f3acf82430fc715f13dde581a53f396e8"}
{"index": {"_index":"sim","_id":"1439232"}}
	{"id":1439232,"type":"sell","buyer":"pi-trader","seller":"peerfinance","symbol":"SIM","quantity":"515.414","price":"0.00162201","timestamp":1630181328,"volume":"0.83600666","buyTxId":"9aefbf1b1104ee499b6a9dba81dc75f9714bec4c","sellTxId":"8a350055906302139680ec19a95637746235437f"}
{"index": {"_index":"sim","_id":"1439329"}}
	{"id":1439329,"type":"sell","buyer":"schindmaehre","seller":"otherbrandt","symbol":"SIM","quantity":"2997.100","price":"0.00162200","timestamp":1630183173,"volume":"4.86129620","buyTxId":"f481f8f265b608de796b0c72dcf73bb228164aa5","sellTxId":"a5c580f3e3521098cbf0f3031c9f120cce712c3c"}
{"index": {"_index":"sim","_id":"1439330"}}
	{"id":1439330,"type":"buy","buyer":"konvik","seller":"otherbrandt","symbol":"SIM","quantity":"23200.552","price":"0.00160000","timestamp":1630183176,"volume":"37.12088320","buyTxId":"99b3122226cfd0bcab85d224f1244094269e1c7c-0","sellTxId":"a5c580f3e3521098cbf0f3031c9f120cce712c3c"}
{"index": {"_index":"sim","_id":"1439366"}}
	{"id":1439366,"type":"sell","buyer":"pi-trader","seller":"rilo","symbol":"SIM","quantity":"421.610","price":"0.00158001","timestamp":1630184025,"volume":"0.66614802","buyTxId":"d332c2c2150589fea3d2dec9925f090c2f037ed1","sellTxId":"7994f166eaf75967c37a130e168c3a11a0452ed2"}
{"index": {"_index":"sim","_id":"1439370"}}
	{"id":1439370,"type":"sell","buyer":"pi-trader","seller":"deathwing","symbol":"SIM","quantity":"1008","price":"0.00158001","timestamp":1630184106,"volume":"1.59265008","buyTxId":"5e827860b6786a32ab1bd1f886777519a2a20521-1","sellTxId":"263a027de5de29a2891414cae775c139c82b5a0f-0"}
{"index": {"_index":"sim","_id":"1439479"}}
	{"id":1439479,"type":"sell","buyer":"pi-trader","seller":"topdollar001","symbol":"SIM","quantity":"2845","price":"0.00158001","timestamp":1630186227,"volume":"4.49512845","buyTxId":"16adba66faa9ae9cda07b36f03c9aa4e37c35a12-1","sellTxId":"553ee05147ffa3215b2903484b0ece4023c15210"}
{"index": {"_index":"sim","_id":"1439505"}}
	{"id":1439505,"type":"buy","buyer":"trenloco","seller":"accelerator","symbol":"SIM","quantity":"23.000","price":"0.00165000","timestamp":1630186668,"volume":"0.03795000","buyTxId":"59ecafa1472b4043f245fbce45b2cadb5c8ab616","sellTxId":"f55b4aa761dd550838b552c648f1d951c2b436a9"}
{"index": {"_index":"sim","_id":"1439680"}}
	{"id":1439680,"type":"sell","buyer":"pi-trader","seller":"valor2s","symbol":"SIM","quantity":"35.000","price":"0.00158001","timestamp":1630189500,"volume":"0.05530035","buyTxId":"622d1473add79566907fcfca8d015c1fc2e5f643-1","sellTxId":"e87aa27a348c508cc5e7e392221c84cf8dd947d4"}
{"index": {"_index":"sim","_id":"1439686"}}
	{"id":1439686,"type":"buy","buyer":"dotskwid","seller":"nftmart.fees","symbol":"SIM","quantity":"150.000","price":"0.00164899","timestamp":1630189596,"volume":"0.24734850","buyTxId":"393d7b09f439c6b8ba25d1a265cc80da1b1ccf94","sellTxId":"9dfacbc3689db2b1c6e3060a77b8392840fb3333-0"}
{"index": {"_index":"sim","_id":"1439690"}}
	{"id":1439690,"type":"sell","buyer":"pi-trader","seller":"worldfinances","symbol":"SIM","quantity":"2000.000","price":"0.00158001","timestamp":1630189692,"volume":"3.16002000","buyTxId":"e794493a8f7d648f517449cd229d1c7a43be45ff-1","sellTxId":"cd0e451332dbc47ea78470456fa7ff1abfe72b34"}
{"index": {"_index":"sim","_id":"1439780"}}
	{"id":1439780,"type":"buy","buyer":"madmanmusic","seller":"nftmart.fees","symbol":"SIM","quantity":"153.000","price":"0.00164898","timestamp":1630190862,"volume":"0.25229394","buyTxId":"3cd13ba0c8c452896cdb094911e8df2be922c7b2","sellTxId":"ba908912036b5a288f2ac6e48c2d2c473dd1a3f1-0"}
{"index": {"_index":"sim","_id":"1439847"}}
	{"id":1439847,"type":"sell","buyer":"madmanmusic","seller":"mary.janikowski","symbol":"SIM","quantity":"27.000","price":"0.00164898","timestamp":1630192383,"volume":"0.04452246","buyTxId":"3cd13ba0c8c452896cdb094911e8df2be922c7b2","sellTxId":"97aec8ac52744a3c16f55146e9df47c39e6e6440"}
{"index": {"_index":"sim","_id":"1439848"}}
	{"id":1439848,"type":"buy","buyer":"konvik","seller":"mary.janikowski","symbol":"SIM","quantity":"18030.001","price":"0.00164000","timestamp":1630192386,"volume":"29.56920164","buyTxId":"e92331cfd449d542515153671274ecbfede62963-0","sellTxId":"97aec8ac52744a3c16f55146e9df47c39e6e6440"}
{"index": {"_index":"sim","_id":"1439946"}}
	{"id":1439946,"type":"sell","buyer":"pi-trader","seller":"travelgirl","symbol":"SIM","quantity":"7252.005","price":"0.00159001","timestamp":1630194120,"volume":"11.53076047","buyTxId":"6c388f9434207c0cc6b044fa71cce9dbb565b623-1","sellTxId":"e726e75918714b3e4a404ae0588c4a171f653915"}
{"index": {"_index":"sim","_id":"1439976"}}
	{"id":1439976,"type":"buy","buyer":"nyxlabs","seller":"nftmart.fees","symbol":"SIM","quantity":"118.000","price":"0.00164897","timestamp":1630194564,"volume":"0.19457846","buyTxId":"51267f16887b907d52c139488782a8c573262a8d","sellTxId":"284fe32e604fb288c7ffaa56e1ac78329214419d-0"}
{"index": {"_index":"sim","_id":"1439977"}}
	{"id":1439977,"type":"buy","buyer":"nyxlabs","seller":"medaymane","symbol":"SIM","quantity":"2723.000","price":"0.00164900","timestamp":1630194564,"volume":"4.49022700","buyTxId":"51267f16887b907d52c139488782a8c573262a8d","sellTxId":"aef378bcd26d4145b247346c8ad4fd18e571c4cc"}
{"index": {"_index":"sim","_id":"1439978"}}
	{"id":1439978,"type":"buy","buyer":"nyxlabs","seller":"schindmaehre","symbol":"SIM","quantity":"3001.100","price":"0.00164998","timestamp":1630194564,"volume":"4.95175498","buyTxId":"51267f16887b907d52c139488782a8c573262a8d","sellTxId":"e3a27622900029193de5ab156fb103f6a06b0b28"}
{"index": {"_index":"sim","_id":"1439979"}}
	{"id":1439979,"type":"buy","buyer":"nyxlabs","seller":"master-lamps","symbol":"SIM","quantity":"2157.900","price":"0.00164998","timestamp":1630194564,"volume":"3.56049184","buyTxId":"51267f16887b907d52c139488782a8c573262a8d","sellTxId":"b73026f4749b261c21c6c30bce00928eb77bb539"}
{"index": {"_index":"sim","_id":"1440015"}}
	{"id":1440015,"type":"sell","buyer":"pi-trader","seller":"automaton","symbol":"SIM","quantity":"1700.000","price":"0.00158001","timestamp":1630195104,"volume":"2.68601700","buyTxId":"854319b0c1d636dcd9f9fe8a0a14372ced4b521e-1","sellTxId":"c599adcb14164ec0a7862f26cf3aa2740c9231f2"}
{"index": {"_index":"sim","_id":"1440027"}}
	{"id":1440027,"type":"buy","buyer":"dotskwid","seller":"nftmart.fees","symbol":"SIM","quantity":"118.000","price":"0.00164997","timestamp":1630195413,"volume":"0.19469646","buyTxId":"1647d96b337118c2226cea6179efc95a96f70c38","sellTxId":"bf03bcd4e0b40b6bfdf82f06a62351467ea343b9-0"}
{"index": {"_index":"sim","_id":"1440028"}}
	{"id":1440028,"type":"buy","buyer":"dotskwid","seller":"master-lamps","symbol":"SIM","quantity":"523.100","price":"0.00164998","timestamp":1630195413,"volume":"0.86310454","buyTxId":"1647d96b337118c2226cea6179efc95a96f70c38","sellTxId":"b73026f4749b261c21c6c30bce00928eb77bb539"}
{"index": {"_index":"sim","_id":"1440029"}}
	{"id":1440029,"type":"buy","buyer":"dotskwid","seller":"accelerator","symbol":"SIM","quantity":"100.900","price":"0.00165000","timestamp":1630195413,"volume":"0.16648500","buyTxId":"1647d96b337118c2226cea6179efc95a96f70c38","sellTxId":"f55b4aa761dd550838b552c648f1d951c2b436a9"}
{"index": {"_index":"sim","_id":"1440030"}}
	{"id":1440030,"type":"sell","buyer":"pi-trader","seller":"jonyoudyer","symbol":"SIM","quantity":"362.434","price":"0.00158001","timestamp":1630195425,"volume":"0.57264934","buyTxId":"7f3c409b47cfc3af587f77ce4c45e12630affce7-1","sellTxId":"fc9669e7e30b951f72c76a092789678cbb9eac33"}
{"index": {"_index":"sim","_id":"1440063"}}
	{"id":1440063,"type":"sell","buyer":"pi-trader","seller":"brofi-market","symbol":"SIM","quantity":"115.040","price":"0.00158001","timestamp":1630196097,"volume":"0.18176435","buyTxId":"cefa1eb787ce22496d5f28a7eb05bb058254440f-1","sellTxId":"21005cfac84c9a1dfadd72efaaee0b8d627d7fac"}
{"index": {"_index":"sim","_id":"1440087"}}
	{"id":1440087,"type":"sell","buyer":"pi-trader","seller":"simplegame","symbol":"SIM","quantity":"16.560","price":"0.00158001","timestamp":1630196442,"volume":"0.02616497","buyTxId":"8df1839dc5f684c7fd711b9213c371ba7a812dfe-1","sellTxId":"048de768832f815433a53a6e1a6054f22616e0f0"}
{"index": {"_index":"sim","_id":"1440177"}}
	{"id":1440177,"type":"sell","buyer":"pi-trader","seller":"he-index","symbol":"SIM","quantity":"806.198","price":"0.00158001","timestamp":1630197426,"volume":"1.27380090","buyTxId":"13e989c5c853d04c6bfde847be8a20a0a88ed334-1","sellTxId":"4765ec3fef7837ddd65df3ccc388af4d3bbd15f9"}
{"index": {"_index":"sim","_id":"1440185"}}
	{"id":1440185,"type":"buy","buyer":"konvik","seller":"steem-hodler","symbol":"SIM","quantity":"25500.000","price":"0.00164000","timestamp":1630197525,"volume":"41.82000000","buyTxId":"43cc68e9126f42f430ee34b6168bce7078954969-0","sellTxId":"426f7e3d5e34e9ccce036fd847b248f490aa8cbf"}
{"index": {"_index":"sim","_id":"1440215"}}
	{"id":1440215,"type":"sell","buyer":"pi-trader","seller":"dhedge-drips","symbol":"SIM","quantity":"13.000","price":"0.00158001","timestamp":1630197918,"volume":"0.02054013","buyTxId":"e898fbf8c899345c3b1bec97e3ed8e5b3efc79ea-1","sellTxId":"5dbc48a33ddecd53a5701491c9490163396a3815"}
{"index": {"_index":"sim","_id":"1440244"}}
	{"id":1440244,"type":"sell","buyer":"joshh71390","seller":"bwar","symbol":"SIM","quantity":"2000.000","price":"0.00161000","timestamp":1630198239,"volume":"3.22000000","buyTxId":"8937736a5d602353620a48edb9bf50fe05bdbe0e","sellTxId":"09ddc0181ad1a5692b262101c6030cd4036c1bd5"}
{"index": {"_index":"sim","_id":"1440245"}}
	{"id":1440245,"type":"sell","buyer":"joshh71390","seller":"bwar","symbol":"SIM","quantity":"1000.000","price":"0.00158000","timestamp":1630198239,"volume":"1.58000000","buyTxId":"fee7eb9ccd2194952500859e19ba675a36278872","sellTxId":"09ddc0181ad1a5692b262101c6030cd4036c1bd5"}
{"index": {"_index":"sim","_id":"1440246"}}
	{"id":1440246,"type":"sell","buyer":"joshh71390","seller":"bwar","symbol":"SIM","quantity":"650.000","price":"0.00157000","timestamp":1630198239,"volume":"1.02050000","buyTxId":"bb34895866e7e98cdd7c828ab18c195fafa8da5d","sellTxId":"09ddc0181ad1a5692b262101c6030cd4036c1bd5"}
{"index": {"_index":"sim","_id":"1440247"}}
	{"id":1440247,"type":"sell","buyer":"he-index","seller":"bwar","symbol":"SIM","quantity":"437.112","price":"0.00156024","timestamp":1630198239,"volume":"0.68199963","buyTxId":"1af9f45586ecde7954938bc1de81b9df7968ff29","sellTxId":"09ddc0181ad1a5692b262101c6030cd4036c1bd5"}
{"index": {"_index":"sim","_id":"1440248"}}
	{"id":1440248,"type":"sell","buyer":"he-index","seller":"bwar","symbol":"SIM","quantity":"940.881","price":"0.00156024","timestamp":1630198239,"volume":"1.46800017","buyTxId":"57e31cd25c12c83bf3adb4b6638a4b06c71490e6","sellTxId":"09ddc0181ad1a5692b262101c6030cd4036c1bd5"}
{"index": {"_index":"sim","_id":"1440249"}}
	{"id":1440249,"type":"sell","buyer":"solovey6o2","seller":"bwar","symbol":"SIM","quantity":"5326.211","price":"0.00156001","timestamp":1630198239,"volume":"8.30894242","buyTxId":"0f7e7c15bcd32e9a51d266504a17a4cc92e05b1e","sellTxId":"09ddc0181ad1a5692b262101c6030cd4036c1bd5"}
{"index": {"_index":"sim","_id":"1440269"}}
	{"id":1440269,"type":"sell","buyer":"pi-trader","seller":"jimre1","symbol":"SIM","quantity":"4643.342","price":"0.00156002","timestamp":1630198428,"volume":"7.24370639","buyTxId":"4e710468fb9dfea681f4b1ce1911e6ddb6086ecd","sellTxId":"e46a902a02a678b9859aaaa9557b583cd2466199"}
{"index": {"_index":"sim","_id":"1440289"}}
	{"id":1440289,"type":"sell","buyer":"pi-trader","seller":"kaeptn-iglo","symbol":"SIM","quantity":"20000.000","price":"0.00156002","timestamp":1630198773,"volume":"31.20040000","buyTxId":"1cd784edca97509c2282a11f955de6a92e67c62b-1","sellTxId":"e4122508bfbd6de398642f258f63bc84ac2fe9af"}
{"index": {"_index":"sim","_id":"1440290"}}
	{"id":1440290,"type":"sell","buyer":"solovey6o2","seller":"kaeptn-iglo","symbol":"SIM","quantity":"112302.000","price":"0.00156001","timestamp":1630198773,"volume":"175.19224302","buyTxId":"0f7e7c15bcd32e9a51d266504a17a4cc92e05b1e","sellTxId":"e4122508bfbd6de398642f258f63bc84ac2fe9af"}
{"index": {"_index":"sim","_id":"1440323"}}
	{"id":1440323,"type":"sell","buyer":"pi-trader","seller":"quicktrades","symbol":"SIM","quantity":"0.345","price":"0.00156002","timestamp":1630199457,"volume":"0.00053821","buyTxId":"d659fb6b78a587e78ab32f13f25d70163b8e37a8","sellTxId":"3d6e5d1153e4e03584b26e39e0eb14280f40611e"}
{"index": {"_index":"sim","_id":"1440370"}}
	{"id":1440370,"type":"buy","buyer":"konvik","seller":"dera123","symbol":"SIM","quantity":"20534.697","price":"0.00163000","timestamp":1630200180,"volume":"33.47155611","buyTxId":"dff6e7db5404f3e4bd8b2970de40b8eb0d1cea9a-0","sellTxId":"172a9c8cfe707d3f845f0888b91a80d696525eae"}
{"index": {"_index":"sim","_id":"1440379"}}
	{"id":1440379,"type":"sell","buyer":"pi-trader","seller":"votebetting","symbol":"SIM","quantity":"116.907","price":"0.00156002","timestamp":1630200321,"volume":"0.18237726","buyTxId":"85e8199ee8be572f2b7dbe555b26204f6bf70a09-1","sellTxId":"f8ee1ffc89aba2f20c4ebddc9a200cd5d50fb3f0"}
{"index": {"_index":"sim","_id":"1440579"}}
	{"id":1440579,"type":"sell","buyer":"pi-trader","seller":"nahupuku","symbol":"SIM","quantity":"3001.560","price":"0.00156002","timestamp":1630203768,"volume":"4.68249363","buyTxId":"9ba62c26654f76f1588f56a561a4bf33557774be-1","sellTxId":"3092767aea56e62b9d3a0c15c8b9d43c4bff4485"}
{"index": {"_index":"sim","_id":"1440585"}}
	{"id":1440585,"type":"sell","buyer":"pi-trader","seller":"mfblack","symbol":"SIM","quantity":"7471.178","price":"0.00156002","timestamp":1630203924,"volume":"11.65518710","buyTxId":"a4b076343ca6784e84dd8a04a464f1c42ffa8482-1","sellTxId":"f204c7602c26f25083945c8b7a0de93614b2fb37"}
{"index": {"_index":"sim","_id":"1440586"}}
	{"id":1440586,"type":"sell","buyer":"pi-trader","seller":"bearbear613","symbol":"SIM","quantity":"7476.483","price":"0.00156002","timestamp":1630204077,"volume":"11.66346301","buyTxId":"990c18c4ccb2dce52e1e1f6c531cca46ab913a36-1","sellTxId":"2e5976beecb7c5366e37abc399128ea9b2e1bc6b"}
{"index": {"_index":"sim","_id":"1440604"}}
	{"id":1440604,"type":"buy","buyer":"gamewatch","seller":"nftmart.fees","symbol":"SIM","quantity":"91.000","price":"0.00164993","timestamp":1630204521,"volume":"0.15014363","buyTxId":"90b1c9eb3ca224caa86e503d474cf0018c506982","sellTxId":"a645718b35c975694b42788454c9c3c2507ba0a9-0"}
{"index": {"_index":"sim","_id":"1440605"}}
	{"id":1440605,"type":"buy","buyer":"gamewatch","seller":"dhedge-drips","symbol":"SIM","quantity":"13.000","price":"0.00164998","timestamp":1630204521,"volume":"0.02144974","buyTxId":"90b1c9eb3ca224caa86e503d474cf0018c506982","sellTxId":"8875b7ce8c631ee49d5fd14e1bef37181a288402"}
{"index": {"_index":"sim","_id":"1440606"}}
	{"id":1440606,"type":"buy","buyer":"gamewatch","seller":"accelerator","symbol":"SIM","quantity":"209.100","price":"0.00165000","timestamp":1630204521,"volume":"0.34501500","buyTxId":"90b1c9eb3ca224caa86e503d474cf0018c506982","sellTxId":"f55b4aa761dd550838b552c648f1d951c2b436a9"}
{"index": {"_index":"sim","_id":"1440607"}}
	{"id":1440607,"type":"buy","buyer":"gamewatch","seller":"brofi-market","symbol":"SIM","quantity":"115.040","price":"0.00165000","timestamp":1630204521,"volume":"0.18981600","buyTxId":"90b1c9eb3ca224caa86e503d474cf0018c506982","sellTxId":"35ae4ade20a30baa8f47aa604955a4dfe074122c"}
{"index": {"_index":"sim","_id":"1440608"}}
	{"id":1440608,"type":"sell","buyer":"gamewatch","seller":"konvik","symbol":"SIM","quantity":"7564.363","price":"0.00165000","timestamp":1630204524,"volume":"12.48119895","buyTxId":"90b1c9eb3ca224caa86e503d474cf0018c506982","sellTxId":"3ab7bf44ecdd1bfb71979c53bdfa07e3088b9348-1"}
{"index": {"_index":"sim","_id":"1440661"}}
	{"id":1440661,"type":"sell","buyer":"gamewatch","seller":"ericburgoyne","symbol":"SIM","quantity":"7.497","price":"0.00165000","timestamp":1630205442,"volume":"0.01237005","buyTxId":"90b1c9eb3ca224caa86e503d474cf0018c506982","sellTxId":"e0e93838da2d1bfe6edcec0d73ee59a851d55438"}
