{"index": {"_index":"sim","_id":"2339392"}}
	{"id":2339392,"type":"sell","buyer":"jelly-cz","seller":"brofi-market","symbol":"SIM","quantity":"0.001","price":"0.00061832","timestamp":1640059965,"volume":"0.00000062","buyTxId":"MM-P-13231652-60218593-3-29-0","sellTxId":"ea1415bf68e11a8f6807ca6a510918a0b167ab6e"}
{"index": {"_index":"sim","_id":"2339696"}}
	{"id":2339696,"type":"buy","buyer":"svirus","seller":"taitux","symbol":"SIM","quantity":"6698.000","price":"0.00061900","timestamp":1640062644,"volume":"4.14606200","buyTxId":"6684a6b0b6347eab41d38dc7f5f6940e7c18be85-0","sellTxId":"5ab3e4b4d9d4007ad91a65cb0af1e21425104761"}
{"index": {"_index":"sim","_id":"2339767"}}
	{"id":2339767,"type":"buy","buyer":"muntara","seller":"he-index","symbol":"SIM","quantity":"2.234","price":"0.00061900","timestamp":1640063316,"volume":"0.00138285","buyTxId":"d0c981c98439de43b3a87c33cc6277a4870b7264","sellTxId":"144126c16fdfc2c6a73d86c50b7260dbe1c5a159"}
{"index": {"_index":"sim","_id":"2339768"}}
	{"id":2339768,"type":"buy","buyer":"muntara","seller":"kharma.scribbles","symbol":"SIM","quantity":"7.767","price":"0.00062000","timestamp":1640063316,"volume":"0.00481554","buyTxId":"d0c981c98439de43b3a87c33cc6277a4870b7264","sellTxId":"d33e2893e193c3febe827468f2e935e253cb93d4"}
{"index": {"_index":"sim","_id":"2339777"}}
	{"id":2339777,"type":"buy","buyer":"muntara","seller":"kharma.scribbles","symbol":"SIM","quantity":"2.233","price":"0.00062000","timestamp":1640063436,"volume":"0.00138446","buyTxId":"f412a339b75f454a167bf3fe060f45129e9a8b53","sellTxId":"d33e2893e193c3febe827468f2e935e253cb93d4"}
{"index": {"_index":"sim","_id":"2339778"}}
	{"id":2339778,"type":"buy","buyer":"muntara","seller":"brofi-market","symbol":"SIM","quantity":"0.001","price":"0.00062000","timestamp":1640063436,"volume":"0.00000062","buyTxId":"f412a339b75f454a167bf3fe060f45129e9a8b53","sellTxId":"2be4a029a8a82c96a586d296894321ef6dad39c7"}
{"index": {"_index":"sim","_id":"2339916"}}
	{"id":2339916,"type":"sell","buyer":"jelly-cz","seller":"daigorokoike","symbol":"SIM","quantity":"9000.000","price":"0.00061832","timestamp":1640065029,"volume":"5.56488000","buyTxId":"MM-P-13231652-60218593-3-29-0","sellTxId":"91bc5723b6bb0949937219d8f148337acfcebf17"}
{"index": {"_index":"sim","_id":"2340066"}}
	{"id":2340066,"type":"sell","buyer":"jelly-cz","seller":"thatcryptodave","symbol":"SIM","quantity":"662.652","price":"0.00061832","timestamp":1640066826,"volume":"0.40973098","buyTxId":"MM-P-13231652-60218593-3-29-0","sellTxId":"edfa1d65036d48ddbed9a1a0584115826be1e5e1"}
{"index": {"_index":"sim","_id":"2340163"}}
	{"id":2340163,"type":"sell","buyer":"jelly-cz","seller":"earaya","symbol":"SIM","quantity":"4013.000","price":"0.00061832","timestamp":1640067534,"volume":"2.48131816","buyTxId":"MM-P-13231652-60218593-3-29-0","sellTxId":"c6f938b7bd6c9d2d21ac7ffd774104b970027940"}
{"index": {"_index":"sim","_id":"2340198"}}
	{"id":2340198,"type":"sell","buyer":"jelly-cz","seller":"outlinez","symbol":"SIM","quantity":"6460.100","price":"0.00061832","timestamp":1640067888,"volume":"3.99440903","buyTxId":"MM-P-13231652-60218593-3-29-0","sellTxId":"ca3bb36f1130fe67a8626140f1ffdc768056eca8"}
{"index": {"_index":"sim","_id":"2340223"}}
	{"id":2340223,"type":"sell","buyer":"jelly-cz","seller":"lifeskills-tv","symbol":"SIM","quantity":"5916.244","price":"0.00061832","timestamp":1640068053,"volume":"3.65813199","buyTxId":"MM-P-13231652-60218593-3-29-0","sellTxId":"44db57539d107567e22fb3c8ff541512282929e9"}
{"index": {"_index":"sim","_id":"2340882"}}
	{"id":2340882,"type":"sell","buyer":"jelly-cz","seller":"gamsam","symbol":"SIM","quantity":"17843","price":"0.00061832","timestamp":1640074317,"volume":"11.03268376","buyTxId":"MM-P-13231652-60218593-3-29-0","sellTxId":"63d35f08f1f4e4aa88e1be05c241ec6fe5899899"}
{"index": {"_index":"sim","_id":"2341012"}}
	{"id":2341012,"type":"sell","buyer":"jelly-cz","seller":"invest4free","symbol":"SIM","quantity":"513.000","price":"0.00061832","timestamp":1640075604,"volume":"0.31719816","buyTxId":"MM-P-13231652-60218593-3-29-0","sellTxId":"ca0b141c94a73c93db4dcdfa51ffc4e58779fae3"}
{"index": {"_index":"sim","_id":"2341038"}}
	{"id":2341038,"type":"sell","buyer":"jelly-cz","seller":"klye","symbol":"SIM","quantity":"354.000","price":"0.00061832","timestamp":1640075907,"volume":"0.21888528","buyTxId":"MM-P-13231652-60218593-3-29-0","sellTxId":"518b5c65c00d19a2ba280526f65af0dfabfd59f3"}
{"index": {"_index":"sim","_id":"2341082"}}
	{"id":2341082,"type":"buy","buyer":"soteyapanbot","seller":"risingstargame","symbol":"SIM","quantity":"1590.398","price":"0.00062000","timestamp":1640076339,"volume":"0.98604676","buyTxId":"b70fa5490d5d4b02329ba2e472827c12b09bbddf","sellTxId":"1f485b21a840eba10e1abc0bc178883f59094430"}
{"index": {"_index":"sim","_id":"2341271"}}
	{"id":2341271,"type":"buy","buyer":"stickupcash","seller":"pi-trader","symbol":"SIM","quantity":"17460.000","price":"0.00062999","timestamp":1640077851,"volume":"10.99962540","buyTxId":"cac9a3568fefa592e43f978b81b0bcd851c78d43","sellTxId":"6a4cb9ca0d5a5907ccf524c431f82336c66acde8-2"}
{"index": {"_index":"sim","_id":"2341308"}}
	{"id":2341308,"type":"buy","buyer":"stickupmusic","seller":"pi-trader","symbol":"SIM","quantity":"2109.000","price":"0.00062999","timestamp":1640078142,"volume":"1.32864891","buyTxId":"ffb100db02c31d5a4686c40cee8c812b4a0ca3a5","sellTxId":"1f6d665b869c566c834346f6eeb3b490e585fd67-4"}
{"index": {"_index":"sim","_id":"2341309"}}
	{"id":2341309,"type":"sell","buyer":"soteyapanbot","seller":"m2nnari","symbol":"SIM","quantity":"768.000","price":"0.00062000","timestamp":1640078148,"volume":"0.47616000","buyTxId":"b70fa5490d5d4b02329ba2e472827c12b09bbddf","sellTxId":"b3d97b5178e36d96790b34821aa5d039c7bbbeda"}
{"index": {"_index":"sim","_id":"2341328"}}
	{"id":2341328,"type":"sell","buyer":"soteyapanbot","seller":"gcollects","symbol":"SIM","quantity":"1033.600","price":"0.00062000","timestamp":1640078328,"volume":"0.64083200","buyTxId":"b70fa5490d5d4b02329ba2e472827c12b09bbddf","sellTxId":"9134095ec43790642062d92b1ecc28f65e2f8110"}
{"index": {"_index":"sim","_id":"2341544"}}
	{"id":2341544,"type":"buy","buyer":"pompeylad","seller":"axeman","symbol":"SIM","quantity":"3475.510","price":"0.00062800","timestamp":1640080869,"volume":"2.18262028","buyTxId":"9f15c601029b6cf5841fabd26c2ececc603b5303","sellTxId":"e5ba4948053855018f3de7a531c0575ca55dbaf6"}
{"index": {"_index":"sim","_id":"2341580"}}
	{"id":2341580,"type":"sell","buyer":"soteyapanbot","seller":"imperij4427","symbol":"SIM","quantity":"1562.002","price":"0.00062000","timestamp":1640081103,"volume":"0.96844124","buyTxId":"b70fa5490d5d4b02329ba2e472827c12b09bbddf","sellTxId":"f26ed3d161536563f5c215fe379791560385a470"}
{"index": {"_index":"sim","_id":"2341581"}}
	{"id":2341581,"type":"sell","buyer":"jelly-cz","seller":"imperij4427","symbol":"SIM","quantity":"18328.998","price":"0.00061832","timestamp":1640081103,"volume":"11.33318604","buyTxId":"MM-P-13231652-60218593-3-29-0","sellTxId":"f26ed3d161536563f5c215fe379791560385a470"}
{"index": {"_index":"sim","_id":"2341612"}}
	{"id":2341612,"type":"buy","buyer":"pompeylad","seller":"pi-trader","symbol":"SIM","quantity":"2204.843","price":"0.00062999","timestamp":1640081433,"volume":"1.38902904","buyTxId":"2b43d508df963e0b57136204792380f724758667","sellTxId":"cd311276d8ac38b253da9222a9dfdd4778ec6f42-1"}
{"index": {"_index":"sim","_id":"2341645"}}
	{"id":2341645,"type":"buy","buyer":"nyxlabs","seller":"pi-trader","symbol":"SIM","quantity":"1000.000","price":"0.00062999","timestamp":1640081793,"volume":"0.62999000","buyTxId":"cc71c7d4ec49c8447531a8ceb8f43fb341cf7c8b","sellTxId":"b74c02fbdccf8de109b0f70188a37d0f25df0a7d-2"}
{"index": {"_index":"sim","_id":"2341722"}}
	{"id":2341722,"type":"sell","buyer":"jelly-cz","seller":"swap.app","symbol":"SIM","quantity":"3294.002","price":"0.00061832","timestamp":1640082555,"volume":"2.03674732","buyTxId":"MM-P-13231652-60218593-3-29-0","sellTxId":"d4b817c78e370b591a46ab0ff4be54b759960d8d"}
{"index": {"_index":"sim","_id":"2341882"}}
	{"id":2341882,"type":"sell","buyer":"jelly-cz","seller":"nyxlabs","symbol":"SIM","quantity":"408.524","price":"0.00061832","timestamp":1640083947,"volume":"0.25259856","buyTxId":"MM-P-13231652-60218593-3-29-0","sellTxId":"4e0300d40dbed78ff85c5eae3c5aa1a00e4a19fe"}
{"index": {"_index":"sim","_id":"2342001"}}
	{"id":2342001,"type":"buy","buyer":"jelly13","seller":"arrixion","symbol":"SIM","quantity":"3594.310","price":"0.00062000","timestamp":1640085411,"volume":"2.22847220","buyTxId":"f8106b0d69d97be32657394b3f581817ac839e56","sellTxId":"9902f4213b88e2b8fed431912fa5ca113257208f"}
{"index": {"_index":"sim","_id":"2342015"}}
	{"id":2342015,"type":"buy","buyer":"miketr","seller":"pi-trader","symbol":"SIM","quantity":"1000.000","price":"0.00062999","timestamp":1640085534,"volume":"0.62999000","buyTxId":"adbd6418160ad71c00b117814f2ce29944bc51ca","sellTxId":"01b9e548d4d8cbcf67ad33d1ef629e7234d6db3b"}
{"index": {"_index":"sim","_id":"2342026"}}
	{"id":2342026,"type":"buy","buyer":"evernoticethat","seller":"pi-trader","symbol":"SIM","quantity":"481.700","price":"0.00062999","timestamp":1640085669,"volume":"0.30346618","buyTxId":"c017a5ded320d3489d7cd0828613b8f88541c1ae","sellTxId":"bc20df630e21905db62fd34e4c4d00accfd954eb-4"}
{"index": {"_index":"sim","_id":"2342142"}}
	{"id":2342142,"type":"sell","buyer":"jelly-cz","seller":"fiberfrau","symbol":"SIM","quantity":"44.822","price":"0.00061832","timestamp":1640087187,"volume":"0.02771434","buyTxId":"MM-P-13231652-60218593-3-29-0","sellTxId":"6a195776185d13687a8a16f00d6a4d1b46ccf2bb"}
{"index": {"_index":"sim","_id":"2342395"}}
	{"id":2342395,"type":"sell","buyer":"jelly-cz","seller":"bigram13","symbol":"SIM","quantity":"52918.505","price":"0.00061832","timestamp":1640089914,"volume":"32.72057001","buyTxId":"MM-P-13231652-60218593-3-29-0","sellTxId":"dc3bb01632c501a44db65882ad98ebe78369c129"}
{"index": {"_index":"sim","_id":"2342396"}}
	{"id":2342396,"type":"sell","buyer":"d-pend","seller":"bigram13","symbol":"SIM","quantity":"646.495","price":"0.00061000","timestamp":1640089914,"volume":"0.39436195","buyTxId":"ba64a03de4c07ad69e18e8470eb0401050934f10","sellTxId":"dc3bb01632c501a44db65882ad98ebe78369c129"}
{"index": {"_index":"sim","_id":"2342426"}}
	{"id":2342426,"type":"sell","buyer":"pi-trader","seller":"anosys","symbol":"SIM","quantity":"18.012","price":"0.00061053","timestamp":1640090247,"volume":"0.01099687","buyTxId":"0f507ec9bea712be893043650930cb5114308e86-1","sellTxId":"a8d49b529054464469959f21142562cbe95dd197"}
{"index": {"_index":"sim","_id":"2342595"}}
	{"id":2342595,"type":"sell","buyer":"pi-trader","seller":"dswap","symbol":"SIM","quantity":"0.004","price":"0.00061417","timestamp":1640092314,"volume":"0.00000246","buyTxId":"843697cdcf81ed4e530d5716c8ce187da7400ce7-1","sellTxId":"fcc00a0244350baebabb4f292ea94be902304bd7"}
{"index": {"_index":"sim","_id":"2342615"}}
	{"id":2342615,"type":"sell","buyer":"pi-trader","seller":"quantumg","symbol":"SIM","quantity":"916.500","price":"0.00061417","timestamp":1640092530,"volume":"0.56288681","buyTxId":"16806a6cb47cbbde37e597db3ced6413ddc54308-1","sellTxId":"522bb3ecc36520bcf1273b1095bb1466db742afa"}
{"index": {"_index":"sim","_id":"2342823"}}
	{"id":2342823,"type":"buy","buyer":"stickupboys","seller":"eshr92","symbol":"SIM","quantity":"547.000","price":"0.00062000","timestamp":1640094015,"volume":"0.33914000","buyTxId":"8e36c5614ef4d5a63c6c7c309897a5d887fddf6f","sellTxId":"4c45cd04f1caabfe0cdee681dadf67fa52b97f42"}
{"index": {"_index":"sim","_id":"2342891"}}
	{"id":2342891,"type":"buy","buyer":"agolasol","seller":"pi-trader","symbol":"SIM","quantity":"100.000","price":"0.00062999","timestamp":1640094543,"volume":"0.06299900","buyTxId":"13e1fb5d84d19e2cc7e3c2ae22cbfdfbbe5bfd6b","sellTxId":"302f7e628841ff85703fd5a0a323f1aa9cede031-5"}
{"index": {"_index":"sim","_id":"2342894"}}
	{"id":2342894,"type":"sell","buyer":"stickupboys","seller":"linco","symbol":"SIM","quantity":"928.000","price":"0.00062000","timestamp":1640094591,"volume":"0.57536000","buyTxId":"8e36c5614ef4d5a63c6c7c309897a5d887fddf6f","sellTxId":"03d6f7e75353420597834a354f80ee8a407672f0"}
{"index": {"_index":"sim","_id":"2343010"}}
	{"id":2343010,"type":"sell","buyer":"jelly-cz","seller":"aliveprojects","symbol":"SIM","quantity":"55.597","price":"0.00061728","timestamp":1640095656,"volume":"0.03431892","buyTxId":"MM-P-13245513-60232458-3-29-0","sellTxId":"45e2d270e0330ec71c4681dcc44e82e41950a7b9"}
{"index": {"_index":"sim","_id":"2343162"}}
	{"id":2343162,"type":"sell","buyer":"jelly-cz","seller":"elevator09","symbol":"SIM","quantity":"785.077","price":"0.00061728","timestamp":1640097108,"volume":"0.48461233","buyTxId":"MM-P-13245513-60232458-3-29-0","sellTxId":"1684b5ffb70b8c45d93baa4734be808f041bf03e"}
{"index": {"_index":"sim","_id":"2343203"}}
	{"id":2343203,"type":"sell","buyer":"jelly-cz","seller":"bhoa","symbol":"SIM","quantity":"5403","price":"0.00061728","timestamp":1640097384,"volume":"3.33516384","buyTxId":"MM-P-13245513-60232458-3-29-0","sellTxId":"792c08b47bb79d323d1b769d09a68e8448d1267f"}
{"index": {"_index":"sim","_id":"2343218"}}
	{"id":2343218,"type":"sell","buyer":"jelly-cz","seller":"alive.chat","symbol":"SIM","quantity":"4.770","price":"0.00061728","timestamp":1640097477,"volume":"0.00294443","buyTxId":"MM-P-13245513-60232458-3-29-0","sellTxId":"246f9f1d04abaff96bdb9eb7eff1b31686c831b5"}
{"index": {"_index":"sim","_id":"2343439"}}
	{"id":2343439,"type":"buy","buyer":"dswap","seller":"linco","symbol":"SIM","quantity":"850.017","price":"0.00062000","timestamp":1640099601,"volume":"0.52701107","buyTxId":"aef68490cc576731d13e874d840c6c9af167f1ae","sellTxId":"03d6f7e75353420597834a354f80ee8a407672f0"}
{"index": {"_index":"sim","_id":"2343551"}}
	{"id":2343551,"type":"sell","buyer":"jelly-cz","seller":"andy4475","symbol":"SIM","quantity":"50.049","price":"0.00061728","timestamp":1640100726,"volume":"0.03089425","buyTxId":"MM-P-13245513-60232458-3-29-0","sellTxId":"f00efddf0f6ac8ab5d0331796d9467d648074125"}
{"index": {"_index":"sim","_id":"2343704"}}
	{"id":2343704,"type":"buy","buyer":"dinsha","seller":"linco","symbol":"SIM","quantity":"884.983","price":"0.00062000","timestamp":1640101953,"volume":"0.54868946","buyTxId":"7b3da95ec9a04785233a4475390c152f20b0e8e3","sellTxId":"03d6f7e75353420597834a354f80ee8a407672f0"}
{"index": {"_index":"sim","_id":"2343880"}}
	{"id":2343880,"type":"sell","buyer":"dinsha","seller":"lisamgentile1961","symbol":"SIM","quantity":"28.909","price":"0.00062000","timestamp":1640103477,"volume":"0.01792358","buyTxId":"7b3da95ec9a04785233a4475390c152f20b0e8e3","sellTxId":"7dfd2200f6863ee962f23f2133d56a2038ea804b"}
{"index": {"_index":"sim","_id":"2344378"}}
	{"id":2344378,"type":"sell","buyer":"dinsha","seller":"thenaex","symbol":"SIM","quantity":"200.000","price":"0.00062000","timestamp":1640107059,"volume":"0.12400000","buyTxId":"7b3da95ec9a04785233a4475390c152f20b0e8e3","sellTxId":"cafe07ea2a92c937bb6bc3cd142aebf382061544"}
{"index": {"_index":"sim","_id":"2344383"}}
	{"id":2344383,"type":"sell","buyer":"dinsha","seller":"tonytrillions","symbol":"SIM","quantity":"0.016","price":"0.00062000","timestamp":1640107125,"volume":"0.00000992","buyTxId":"7b3da95ec9a04785233a4475390c152f20b0e8e3","sellTxId":"d837b28a53387af85e25b1ee072c11cfa99c149f"}
{"index": {"_index":"sim","_id":"2344505"}}
	{"id":2344505,"type":"sell","buyer":"dinsha","seller":"monsterjamgold","symbol":"SIM","quantity":"1752.992","price":"0.00062000","timestamp":1640108100,"volume":"1.08685504","buyTxId":"7b3da95ec9a04785233a4475390c152f20b0e8e3","sellTxId":"c3ba248a904ac7b5e66d7edf32c3819377398b9b"}
{"index": {"_index":"sim","_id":"2344545"}}
	{"id":2344545,"type":"sell","buyer":"dinsha","seller":"trifenix","symbol":"SIM","quantity":"2640.550","price":"0.00062000","timestamp":1640108325,"volume":"1.63714100","buyTxId":"7b3da95ec9a04785233a4475390c152f20b0e8e3","sellTxId":"7c37cc13e0a5e810fdc1f65e3abfa5f85b43fc05"}
{"index": {"_index":"sim","_id":"2345055"}}
	{"id":2345055,"type":"buy","buyer":"stickupboys","seller":"algotraderx","symbol":"SIM","quantity":"301.000","price":"0.00063000","timestamp":1640111193,"volume":"0.18963000","buyTxId":"dc73f9e3dbd10e659f2e53e6656be02d8045f932","sellTxId":"86da988d7b1cbf512f3320ba333360bb5b526981"}
{"index": {"_index":"sim","_id":"2345106"}}
	{"id":2345106,"type":"buy","buyer":"dkid14","seller":"algotraderx","symbol":"SIM","quantity":"174.020","price":"0.00063000","timestamp":1640111571,"volume":"0.10963260","buyTxId":"941c3e3c00440d4b23e6551c5779bedd929cc1d9","sellTxId":"86da988d7b1cbf512f3320ba333360bb5b526981"}
{"index": {"_index":"sim","_id":"2345223"}}
	{"id":2345223,"type":"sell","buyer":"dkid14","seller":"javier42","symbol":"SIM","quantity":"1211.000","price":"0.00063000","timestamp":1640112846,"volume":"0.76293000","buyTxId":"941c3e3c00440d4b23e6551c5779bedd929cc1d9","sellTxId":"b481db9d18b564d8398f1e292cbfeb9a558283b0"}
{"index": {"_index":"sim","_id":"2345394"}}
	{"id":2345394,"type":"buy","buyer":"evernoticethat","seller":"pi-trader","symbol":"SIM","quantity":"1000.000","price":"0.00063998","timestamp":1640114259,"volume":"0.63998000","buyTxId":"24ac50a948277fc5c791733650aff36ae6201f5f","sellTxId":"5e1d3b5bfccac11aa0415ea7e7488b9aef5ad119-2"}
{"index": {"_index":"sim","_id":"2345458"}}
	{"id":2345458,"type":"buy","buyer":"dswap","seller":"pi-trader","symbol":"SIM","quantity":"123.455","price":"0.00063998","timestamp":1640114628,"volume":"0.07900889","buyTxId":"b95a76d7cac2df9963877e78b5f739d2a1540087","sellTxId":"fc0d2763a46614688c636e5b531792657d56b730-12"}
{"index": {"_index":"sim","_id":"2345518"}}
	{"id":2345518,"type":"sell","buyer":"dkid14","seller":"bashadow","symbol":"SIM","quantity":"19.957","price":"0.00063000","timestamp":1640115261,"volume":"0.01257291","buyTxId":"941c3e3c00440d4b23e6551c5779bedd929cc1d9","sellTxId":"8e043979b15306b4445bf82ca48a459e174004f9"}
{"index": {"_index":"sim","_id":"2345525"}}
	{"id":2345525,"type":"sell","buyer":"dkid14","seller":"steliosfan","symbol":"SIM","quantity":"602.900","price":"0.00063000","timestamp":1640115306,"volume":"0.37982700","buyTxId":"941c3e3c00440d4b23e6551c5779bedd929cc1d9","sellTxId":"b255c713d335c09d3de31520e49aba5c89e52e55"}
{"index": {"_index":"sim","_id":"2345650"}}
	{"id":2345650,"type":"buy","buyer":"jminc","seller":"pi-trader","symbol":"SIM","quantity":"2500.000","price":"0.00063998","timestamp":1640116464,"volume":"1.59995000","buyTxId":"10cde483af18a441868b06d3f6bb73a608b82154","sellTxId":"d10ce707c6396ab9136babfbc8b5d05034d40f0f-10"}
{"index": {"_index":"sim","_id":"2345742"}}
	{"id":2345742,"type":"sell","buyer":"dkid14","seller":"mosho-o","symbol":"SIM","quantity":"0.091","price":"0.00063000","timestamp":1640117157,"volume":"0.00005733","buyTxId":"941c3e3c00440d4b23e6551c5779bedd929cc1d9","sellTxId":"aae3be214bef2bc23e7d76b23e6f46c07816785c"}
{"index": {"_index":"sim","_id":"2345749"}}
	{"id":2345749,"type":"buy","buyer":"jjprac","seller":"pi-trader","symbol":"SIM","quantity":"1600.000","price":"0.00063998","timestamp":1640117175,"volume":"1.02396800","buyTxId":"f892b61455dc9dd0fce54ed16de21ab52798d3de","sellTxId":"e0efd078cbebfdda5844127e21b393683dcb2938-5"}
{"index": {"_index":"sim","_id":"2345768"}}
	{"id":2345768,"type":"sell","buyer":"dkid14","seller":"reseller","symbol":"SIM","quantity":"8246.000","price":"0.00063000","timestamp":1640117283,"volume":"5.19498000","buyTxId":"941c3e3c00440d4b23e6551c5779bedd929cc1d9","sellTxId":"a1429dd211168fef537fb773ff713e9ea54956a1"}
{"index": {"_index":"sim","_id":"2345769"}}
	{"id":2345769,"type":"sell","buyer":"jelly-cz","seller":"reseller","symbol":"SIM","quantity":"45075.000","price":"0.00062104","timestamp":1640117283,"volume":"27.99337800","buyTxId":"MM-P-13251196-60238141-3-29-0","sellTxId":"a1429dd211168fef537fb773ff713e9ea54956a1"}
{"index": {"_index":"sim","_id":"2345877"}}
	{"id":2345877,"type":"sell","buyer":"jelly-cz","seller":"steem-hodler","symbol":"SIM","quantity":"55800.000","price":"0.00062208","timestamp":1640118204,"volume":"34.71206400","buyTxId":"MM-P-13253393-60240338-3-29-0","sellTxId":"e055881574959086a93277456bf6b967f87cdca0"}
{"index": {"_index":"sim","_id":"2345881"}}
	{"id":2345881,"type":"sell","buyer":"d-pend","seller":"konvik","symbol":"SIM","quantity":"99900.997","price":"0.00063000","timestamp":1640118234,"volume":"62.93762811","buyTxId":"c6cb2f762528830aad406e962890c23552217fd2","sellTxId":"2a437c4a3197e43ba9d0e69eec31f95d37f221a7-1"}
{"index": {"_index":"sim","_id":"2345930"}}
	{"id":2345930,"type":"sell","buyer":"d-pend","seller":"medaymane","symbol":"SIM","quantity":"99.003","price":"0.00063000","timestamp":1640118762,"volume":"0.06237189","buyTxId":"c6cb2f762528830aad406e962890c23552217fd2","sellTxId":"ab341c266f0a00206c1d7aa0ac2218d56ab683c7"}
{"index": {"_index":"sim","_id":"2345939"}}
	{"id":2345939,"type":"sell","buyer":"jelly-cz","seller":"vincentnijman","symbol":"SIM","quantity":"4613.746","price":"0.00062312","timestamp":1640118918,"volume":"2.87491741","buyTxId":"MM-P-13253693-60240638-3-29-0","sellTxId":"bbc8b961d96ce0efa7738e8c6340b1b0d465b95a"}
{"index": {"_index":"sim","_id":"2345984"}}
	{"id":2345984,"type":"sell","buyer":"jelly-cz","seller":"florian-glechner","symbol":"SIM","quantity":"58.000","price":"0.00062312","timestamp":1640119251,"volume":"0.03614096","buyTxId":"MM-P-13253693-60240638-3-29-0","sellTxId":"b7c839605b1af2dbab3fdcbb906c78d20714f7a5"}
{"index": {"_index":"sim","_id":"2346094"}}
	{"id":2346094,"type":"sell","buyer":"jelly-cz","seller":"otherbrandt","symbol":"SIM","quantity":"25125.932","price":"0.00062312","timestamp":1640120277,"volume":"15.65647075","buyTxId":"MM-P-13253693-60240638-3-29-0","sellTxId":"0e6919fb2d6e30eee7742d49771c3916b0e90962"}
{"index": {"_index":"sim","_id":"2346145"}}
	{"id":2346145,"type":"sell","buyer":"jelly-cz","seller":"heikki1337","symbol":"SIM","quantity":"7347.195","price":"0.00062312","timestamp":1640120871,"volume":"4.57818415","buyTxId":"MM-P-13253693-60240638-3-29-0","sellTxId":"5c10e07ff8a46f1faeb64412425382be315af55e"}
{"index": {"_index":"sim","_id":"2346199"}}
	{"id":2346199,"type":"sell","buyer":"jelly-cz","seller":"successforall","symbol":"SIM","quantity":"2000","price":"0.00062312","timestamp":1640121528,"volume":"1.24624000","buyTxId":"MM-P-13253693-60240638-3-29-0","sellTxId":"5aa0353b332a2604067ddcc43f5314313aa931f2"}
{"index": {"_index":"sim","_id":"2346289"}}
	{"id":2346289,"type":"sell","buyer":"jelly-cz","seller":"solarpowers","symbol":"SIM","quantity":"8644.000","price":"0.00062312","timestamp":1640122374,"volume":"5.38624928","buyTxId":"MM-P-13253693-60240638-3-29-0","sellTxId":"b3028f32c0b50ef9002329855600c9f17d855a14"}
{"index": {"_index":"sim","_id":"2346362"}}
	{"id":2346362,"type":"buy","buyer":"manniman","seller":"medaymane","symbol":"SIM","quantity":"2713.997","price":"0.00063000","timestamp":1640123400,"volume":"1.70981811","buyTxId":"c8e124c2aefd6b455298b33de392c9d9ba7a6bdf","sellTxId":"ab341c266f0a00206c1d7aa0ac2218d56ab683c7"}
{"index": {"_index":"sim","_id":"2346374"}}
	{"id":2346374,"type":"sell","buyer":"manniman","seller":"svirus","symbol":"SIM","quantity":"17219.040","price":"0.00064000","timestamp":1640123439,"volume":"11.02018560","buyTxId":"9ee7c0ffabb4a70b32d17bdb331eb42dea70d444","sellTxId":"bd5dd1c8c68ffa82f894a59556b26629195e2650-1"}
{"index": {"_index":"sim","_id":"2346375"}}
	{"id":2346375,"type":"sell","buyer":"manniman","seller":"konvik","symbol":"SIM","quantity":"0.009","price":"0.00064000","timestamp":1640123439,"volume":"0.00000576","buyTxId":"9ee7c0ffabb4a70b32d17bdb331eb42dea70d444","sellTxId":"6073f53ea613ba777e3986b0843ad3e338bf87f1-1"}
{"index": {"_index":"sim","_id":"2346382"}}
	{"id":2346382,"type":"sell","buyer":"manniman","seller":"svirus","symbol":"SIM","quantity":"8900.000","price":"0.00064000","timestamp":1640123487,"volume":"5.69600000","buyTxId":"fcca2fe926c50f2a338915e9b400b715b19e8a99","sellTxId":"47286f729f2a3a4559cbb8c27051bad18aec4d6b-1"}
{"index": {"_index":"sim","_id":"2346711"}}
	{"id":2346711,"type":"sell","buyer":"jelly-cz","seller":"lisamgentile1961","symbol":"SIM","quantity":"28.430","price":"0.00062364","timestamp":1640127273,"volume":"0.01773009","buyTxId":"MM-P-13255391-60242336-3-29-0","sellTxId":"804be472eb77439193a41c886fd1b6085a4546a6"}
{"index": {"_index":"sim","_id":"2346765"}}
	{"id":2346765,"type":"sell","buyer":"jelly-cz","seller":"he-index","symbol":"SIM","quantity":"340.672","price":"0.00062364","timestamp":1640127789,"volume":"0.21245669","buyTxId":"MM-P-13255391-60242336-3-29-0","sellTxId":"d171f058eaa26018a7f1dcf6cf975af6dcaedffc"}
{"index": {"_index":"sim","_id":"2346833"}}
	{"id":2346833,"type":"sell","buyer":"jelly-cz","seller":"balte","symbol":"SIM","quantity":"14000.000","price":"0.00062364","timestamp":1640128815,"volume":"8.73096000","buyTxId":"MM-P-13255391-60242336-3-29-0","sellTxId":"6b02cf54a3f07c19321e4f0854db2e4a7dc222ad"}
{"index": {"_index":"sim","_id":"2346840"}}
	{"id":2346840,"type":"sell","buyer":"jelly-cz","seller":"bearbear613","symbol":"SIM","quantity":"1919.000","price":"0.00062364","timestamp":1640128929,"volume":"1.19676516","buyTxId":"MM-P-13255391-60242336-3-29-0","sellTxId":"4b7d1dd588b3059374637f6103fbb4bc857c6c77"}
{"index": {"_index":"sim","_id":"2346976"}}
	{"id":2346976,"type":"sell","buyer":"jelly-cz","seller":"votebetting","symbol":"SIM","quantity":"7.663","price":"0.00062364","timestamp":1640131038,"volume":"0.00477895","buyTxId":"MM-P-13255391-60242336-3-29-0","sellTxId":"fcc95c2e9cfc3b43666e7ff0b280511f100ea6bf"}
{"index": {"_index":"sim","_id":"2347002"}}
	{"id":2347002,"type":"buy","buyer":"rexikhan","seller":"pi-trader","symbol":"SIM","quantity":"188.297","price":"0.00064397","timestamp":1640131137,"volume":"0.12125762","buyTxId":"4a2b6a8637b76f62b3c95e433e40e8e1f43a4b0e","sellTxId":"a591a988862a10193f464daf49e5c7d9ca1c4baa-1"}
{"index": {"_index":"sim","_id":"2347351"}}
	{"id":2347351,"type":"buy","buyer":"alphamz","seller":"pi-trader","symbol":"SIM","quantity":"1124.687","price":"0.00064397","timestamp":1640135496,"volume":"0.72426469","buyTxId":"b70296ee29d130e11a5ffe0b6aa9b4da87ba1755","sellTxId":"53e8631685a7a9c9ac811796012c68029d85f0f8-4"}
{"index": {"_index":"sim","_id":"2347449"}}
	{"id":2347449,"type":"sell","buyer":"jelly-cz","seller":"whatamidoing","symbol":"SIM","quantity":"24098.959","price":"0.00062364","timestamp":1640136645,"volume":"15.02907479","buyTxId":"MM-P-13255391-60242336-3-29-0","sellTxId":"ceb0806c952e0fbaea4b50a5108b5b09af47e5f5"}
{"index": {"_index":"sim","_id":"2347501"}}
	{"id":2347501,"type":"sell","buyer":"jelly-cz","seller":"rarej","symbol":"SIM","quantity":"2156.952","price":"0.00062364","timestamp":1640137200,"volume":"1.34516155","buyTxId":"MM-P-13255391-60242336-3-29-0","sellTxId":"540c792b8d172634e5896f67e54248c8ef722e6d"}
{"index": {"_index":"sim","_id":"2347526"}}
	{"id":2347526,"type":"sell","buyer":"jelly-cz","seller":"andy4475","symbol":"SIM","quantity":"51.631","price":"0.00062364","timestamp":1640137431,"volume":"0.03219916","buyTxId":"MM-P-13255391-60242336-3-29-0","sellTxId":"1328f0673f2f08e3ad23132e44e46c920483b7f4"}
{"index": {"_index":"sim","_id":"2347594"}}
	{"id":2347594,"type":"sell","buyer":"jelly-cz","seller":"willsaldeno","symbol":"SIM","quantity":"1400.900","price":"0.00062364","timestamp":1640138181,"volume":"0.87365728","buyTxId":"MM-P-13255391-60242336-3-29-0","sellTxId":"ad69940d3b5e6e935fab4d5b6fb9a96dd4a19668"}
{"index": {"_index":"sim","_id":"2347870"}}
	{"id":2347870,"type":"buy","buyer":"dswap","seller":"pi-trader","symbol":"SIM","quantity":"0.186","price":"0.00064397","timestamp":1640141478,"volume":"0.00012000","buyTxId":"0b62ddbac6cb9bf2676f5ffadb9b8a617572d251","sellTxId":"932470d77d12dee8ec58c2648e7ff118202ed908-8"}
{"index": {"_index":"sim","_id":"2347990"}}
	{"id":2347990,"type":"sell","buyer":"jelly-cz","seller":"konvik","symbol":"SIM","quantity":"80987.691","price":"0.00062364","timestamp":1640142855,"volume":"50.50716362","buyTxId":"MM-P-13255391-60242336-3-29-0","sellTxId":"e462ca88fb37fab1ac3b21efe257a52aab42f580-1"}
{"index": {"_index":"sim","_id":"2348018"}}
	{"id":2348018,"type":"sell","buyer":"dinsha","seller":"svirus","symbol":"SIM","quantity":"13408.040","price":"0.00064000","timestamp":1640143068,"volume":"8.58114560","buyTxId":"2d9d88622dfbab8b46a527317b5e581b372e954e","sellTxId":"1f019485875314807e79bec2bcd412ca0e5d21bd-1"}
{"index": {"_index":"sim","_id":"2348019"}}
	{"id":2348019,"type":"sell","buyer":"dinsha","seller":"konvik","symbol":"SIM","quantity":"0.009","price":"0.00064000","timestamp":1640143068,"volume":"0.00000576","buyTxId":"2d9d88622dfbab8b46a527317b5e581b372e954e","sellTxId":"c96ceda72e460f0d52f3069624b2686c4f8903c2-1"}
{"index": {"_index":"sim","_id":"2348021"}}
	{"id":2348021,"type":"buy","buyer":"alphamz","seller":"pi-trader","symbol":"SIM","quantity":"2605.708","price":"0.00064397","timestamp":1640143077,"volume":"1.67799778","buyTxId":"a8a6e4be4bce7cf0753aee25d386c0d4e599fbb9","sellTxId":"72d55bc8671cfb5604f64c39bd8a4a063558790a-5"}
{"index": {"_index":"sim","_id":"2348193"}}
	{"id":2348193,"type":"sell","buyer":"jelly-cz","seller":"theshaki","symbol":"SIM","quantity":"80.259","price":"0.00062364","timestamp":1640144706,"volume":"0.05005272","buyTxId":"MM-P-13255391-60242336-3-29-0","sellTxId":"01ea92a2af3b868650a5773371da002cc138e689"}
{"index": {"_index":"sim","_id":"2348206"}}
	{"id":2348206,"type":"sell","buyer":"pi-trader","seller":"theshaki","symbol":"SIM","quantity":"480.552","price":"0.00061053","timestamp":1640144853,"volume":"0.29339141","buyTxId":"c082d56b5f6df5bdf62cfe2dd8f4ce94ac213d3a-3","sellTxId":"320c16086e4adec841f2d4292943f265523587be"}
