{"index": {"_index":"sim","_id":"3890063"}}
	{"id":3890063,"type":"buy","buyer":"nastyforce","seller":"nftmart.fees","symbol":"SIM","quantity":"36.000","price":"0.00044358","timestamp":1657595253,"volume":"0.01596888","buyTxId":"72a8bccb7a88517721a3d7d622853b77d8bc1554","sellTxId":"5934d3510584dae89f9bdecbbea97b508d51b76e-0"}
{"index": {"_index":"sim","_id":"3890066"}}
	{"id":3890066,"type":"buy","buyer":"nastyforce","seller":"nftmart.fees","symbol":"SIM","quantity":"51.000","price":"0.00044358","timestamp":1657595286,"volume":"0.02262258","buyTxId":"2df7bed30d9660f7ffebb921d724e76be4b0fadd","sellTxId":"5934d3510584dae89f9bdecbbea97b508d51b76e-0"}
{"index": {"_index":"sim","_id":"3890084"}}
	{"id":3890084,"type":"sell","buyer":"pi-trader","seller":"thatcryptodave","symbol":"SIM","quantity":"503.195","price":"0.00039545","timestamp":1657595514,"volume":"0.19898846","buyTxId":"30ba3acf7266876074ea2b9194e59057830b9065-1","sellTxId":"6677581269dfb8fa0cc2eb0f39cf47193c6d2cb8"}
{"index": {"_index":"sim","_id":"3890132"}}
	{"id":3890132,"type":"sell","buyer":"pi-trader","seller":"mango-juice","symbol":"SIM","quantity":"1521.000","price":"0.00039545","timestamp":1657596231,"volume":"0.60147945","buyTxId":"fb6863864ecfbdd5af060a61225dc5d6a170cb77-7","sellTxId":"3ab256c8a1fb1260a69f8406ddae3c741845b563"}
{"index": {"_index":"sim","_id":"3890377"}}
	{"id":3890377,"type":"sell","buyer":"pi-trader","seller":"manoldonchev","symbol":"SIM","quantity":"5600.000","price":"0.00039545","timestamp":1657599720,"volume":"2.21452000","buyTxId":"676ec2260f5b0a8b0d6db55aa1ed596332dca626-5","sellTxId":"6d97c7dc8045279b99b51d2965958858493673cd"}
{"index": {"_index":"sim","_id":"3890495"}}
	{"id":3890495,"type":"sell","buyer":"pi-trader","seller":"reseller","symbol":"SIM","quantity":"150000.000","price":"0.00039545","timestamp":1657601436,"volume":"59.31750000","buyTxId":"b6f8758d1e868d505bb351ed8cd20606d54844bc-4","sellTxId":"462b61911ae019431835ac8f89136e59e3de7a40"}
{"index": {"_index":"sim","_id":"3890504"}}
	{"id":3890504,"type":"buy","buyer":"floki-skarsgaard","seller":"nftmart.fees","symbol":"SIM","quantity":"76.000","price":"0.00044348","timestamp":1657601610,"volume":"0.03370448","buyTxId":"e2dee9ccdf635118f13a2add37607e0875482bcb","sellTxId":"18ac31a127c2b2e4300d09c0cb3169f7b69a42f7-0"}
{"index": {"_index":"sim","_id":"3890505"}}
	{"id":3890505,"type":"buy","buyer":"floki-skarsgaard","seller":"pi-trader","symbol":"SIM","quantity":"49924.000","price":"0.00044349","timestamp":1657601610,"volume":"22.14079476","buyTxId":"e2dee9ccdf635118f13a2add37607e0875482bcb","sellTxId":"903d9c0fae54830265b2a90c230cf9020e6f32a3-1"}
{"index": {"_index":"sim","_id":"3890625"}}
	{"id":3890625,"type":"sell","buyer":"pi-trader","seller":"poliwalt10","symbol":"SIM","quantity":"3000.000","price":"0.00039545","timestamp":1657603455,"volume":"1.18635000","buyTxId":"00e4125a4de1f34d1fb6a4028e226ed09e45c08d-2","sellTxId":"a4ab18a0b6dd8c89a635175cc9874f8e4dbec47e"}
{"index": {"_index":"sim","_id":"3890815"}}
	{"id":3890815,"type":"sell","buyer":"pi-trader","seller":"lifeskills-tv","symbol":"SIM","quantity":"676.000","price":"0.00039545","timestamp":1657605984,"volume":"0.26732420","buyTxId":"ae00f40ac37e63294e105800dad9f71b19661eac-3","sellTxId":"b944b00f9cc9b07932b3ba20db696296b3c9557d"}
{"index": {"_index":"sim","_id":"3890963"}}
	{"id":3890963,"type":"sell","buyer":"pi-trader","seller":"dhedge-drips","symbol":"SIM","quantity":"710.123","price":"0.00039545","timestamp":1657608315,"volume":"0.28081814","buyTxId":"a740f18b1325dc0d5c2c11e2eb057eb5655aaf08-3","sellTxId":"75ed7c449d8e807061d55b4cd8c294ecfc95e7df"}
{"index": {"_index":"sim","_id":"3891066"}}
	{"id":3891066,"type":"buy","buyer":"auryl","seller":"nftmart.fees","symbol":"SIM","quantity":"198.000","price":"0.00044336","timestamp":1657609614,"volume":"0.08778528","buyTxId":"b248e5747376e72c704b3e54f3fe2c0b915555ec","sellTxId":"022f3d2039bf098340977b2411edbbfb8ab9e7f9-0"}
{"index": {"_index":"sim","_id":"3891067"}}
	{"id":3891067,"type":"buy","buyer":"auryl","seller":"pi-trader","symbol":"SIM","quantity":"15152.000","price":"0.00044337","timestamp":1657609614,"volume":"6.71794224","buyTxId":"b248e5747376e72c704b3e54f3fe2c0b915555ec","sellTxId":"9e3c592efc0be4f807261f469337a63ccdb9dde4-5"}
{"index": {"_index":"sim","_id":"3891125"}}
	{"id":3891125,"type":"sell","buyer":"pi-trader","seller":"heikki1337","symbol":"SIM","quantity":"7771.498","price":"0.00039545","timestamp":1657610424,"volume":"3.07323888","buyTxId":"c92584f1ff0ccabc8397311281ff5760d2925008-3","sellTxId":"d5925d5c1a90c8851338fc3984fa9e44b226cc57"}
{"index": {"_index":"sim","_id":"3891149"}}
	{"id":3891149,"type":"buy","buyer":"morzex","seller":"nftmart.fees","symbol":"SIM","quantity":"172.000","price":"0.00044336","timestamp":1657610964,"volume":"0.07625792","buyTxId":"3760d6074b43401e072f6e3b61dc90a7ee11bf99","sellTxId":"e5ae56b2406c70b354bd2ab00a17b9e46e13243f-0"}
{"index": {"_index":"sim","_id":"3891150"}}
	{"id":3891150,"type":"buy","buyer":"morzex","seller":"pi-trader","symbol":"SIM","quantity":"5105.762","price":"0.00044337","timestamp":1657610964,"volume":"2.26374208","buyTxId":"3760d6074b43401e072f6e3b61dc90a7ee11bf99","sellTxId":"b02eadfbf8e0c4ee498cc8e1b6ebca850265962c-6"}
{"index": {"_index":"sim","_id":"3891447"}}
	{"id":3891447,"type":"sell","buyer":"pi-trader","seller":"piotr42","symbol":"SIM","quantity":"109.000","price":"0.00039545","timestamp":1657615731,"volume":"0.04310405","buyTxId":"fcbe0a13ac727be5018e53d1bc21abbb6d9dbacc-3","sellTxId":"5a5e5726ebfcd978f4fa66e89911fa6b93e1caf8"}
{"index": {"_index":"sim","_id":"3891601"}}
	{"id":3891601,"type":"sell","buyer":"pi-trader","seller":"chesatochi","symbol":"SIM","quantity":"36.000","price":"0.00039545","timestamp":1657617255,"volume":"0.01423620","buyTxId":"21318061969bbae65c805870433c888add0df35c-1","sellTxId":"f5b6e15a730330405e4b108b2b226ee96245aff8"}
{"index": {"_index":"sim","_id":"3891670"}}
	{"id":3891670,"type":"sell","buyer":"pi-trader","seller":"justinparke","symbol":"SIM","quantity":"29309.000","price":"0.00039545","timestamp":1657618572,"volume":"11.59024405","buyTxId":"0989ba4dc49a480fa67bd0d926a9507b112385fe-1","sellTxId":"0fe9e1d5b848b6aa84fd09f2da8fe94d50fd6f24"}
{"index": {"_index":"sim","_id":"3891796"}}
	{"id":3891796,"type":"sell","buyer":"pi-trader","seller":"hive.miner","symbol":"SIM","quantity":"2529.150","price":"0.00039545","timestamp":1657620444,"volume":"1.00015237","buyTxId":"e62e80e4c4888fb5e52afe7d8737814e7c202e81-3","sellTxId":"aa75d5f6fe5d4b7ab5f0d4526872916a820d9a95"}
{"index": {"_index":"sim","_id":"3892145"}}
	{"id":3892145,"type":"buy","buyer":"cryptogillone","seller":"nftmart.fees","symbol":"SIM","quantity":"131.000","price":"0.00043398","timestamp":1657624179,"volume":"0.05685138","buyTxId":"b4d7213aa95a9af9d2051b06eef410b33d680873","sellTxId":"ecdb481096dee8f000985173999732cac5c7abe5-0"}
{"index": {"_index":"sim","_id":"3892146"}}
	{"id":3892146,"type":"buy","buyer":"cryptogillone","seller":"pi-trader","symbol":"SIM","quantity":"409.045","price":"0.00043399","timestamp":1657624179,"volume":"0.17752174","buyTxId":"b4d7213aa95a9af9d2051b06eef410b33d680873","sellTxId":"87d3b271127c8703a09435b57596e8ebc2f35dcf-4"}
{"index": {"_index":"sim","_id":"3892488"}}
	{"id":3892488,"type":"sell","buyer":"pi-trader","seller":"dhedge-drips","symbol":"SIM","quantity":"0.002","price":"0.00041101","timestamp":1657629918,"volume":"0.00000082","buyTxId":"8d88e7a55c25215d9364fd254d421f396e24435d-5","sellTxId":"c1ea62b718c2357dee2f13eaf0204812c84e6a75"}
{"index": {"_index":"sim","_id":"3892728"}}
	{"id":3892728,"type":"sell","buyer":"pi-trader","seller":"gamsam","symbol":"SIM","quantity":"15620","price":"0.00041101","timestamp":1657632963,"volume":"6.41997620","buyTxId":"108b1f0631c4d4528d8e193e5810277a6eef97c1-1","sellTxId":"f16335e3c004fdb933e6bde63ddfc5996fa725fa"}
{"index": {"_index":"sim","_id":"3892765"}}
	{"id":3892765,"type":"buy","buyer":"maryjane.main","seller":"nftmart.fees","symbol":"SIM","quantity":"133.000","price":"0.00043388","timestamp":1657633359,"volume":"0.05770604","buyTxId":"98eb12afc8b22f05673f2719e010f8508498f679","sellTxId":"5123a438526ce3d0d52fcafae92b0a75a52e7a4f-0"}
{"index": {"_index":"sim","_id":"3892766"}}
	{"id":3892766,"type":"buy","buyer":"maryjane.main","seller":"pi-trader","symbol":"SIM","quantity":"11867.000","price":"0.00043389","timestamp":1657633359,"volume":"5.14897263","buyTxId":"98eb12afc8b22f05673f2719e010f8508498f679","sellTxId":"c28b83b918da5e52a6d865c2b811c7218ce289e9-3"}
{"index": {"_index":"sim","_id":"3892772"}}
	{"id":3892772,"type":"buy","buyer":"maryjane.main","seller":"pi-trader","symbol":"SIM","quantity":"1000.000","price":"0.00043389","timestamp":1657633467,"volume":"0.43389000","buyTxId":"8ebf19c86db5baa54fd65c4fa86fce4e6d94c58b","sellTxId":"569297713e7fbe785eae0dffe672f10e47cc8c5a-4"}
{"index": {"_index":"sim","_id":"3892922"}}
	{"id":3892922,"type":"sell","buyer":"pi-trader","seller":"aliveprojects","symbol":"SIM","quantity":"5.912","price":"0.00041101","timestamp":1657634787,"volume":"0.00242989","buyTxId":"55246dae9365e905475e7277ad02d623bdd67d0c-4","sellTxId":"e0f89caacc9f3d35aee0343ea75ffa8bd4a34269"}
{"index": {"_index":"sim","_id":"3893108"}}
	{"id":3893108,"type":"sell","buyer":"pi-trader","seller":"valor2s","symbol":"SIM","quantity":"65.611","price":"0.00041101","timestamp":1657635102,"volume":"0.02696678","buyTxId":"e6a8f4e56528d71b217e7f5897af9e490025e282-1","sellTxId":"90a3e6e6e6e451ae4ca44bc114464033c95b7e3b"}
{"index": {"_index":"sim","_id":"3893214"}}
	{"id":3893214,"type":"sell","buyer":"pi-trader","seller":"flaxz","symbol":"SIM","quantity":"2.868","price":"0.00041101","timestamp":1657635849,"volume":"0.00117878","buyTxId":"1352b7a271e9e4ffa902616cf066842925e5780e-1","sellTxId":"aebee306f5f2102171ad2a8bef811e95910ba062"}
{"index": {"_index":"sim","_id":"3893656"}}
	{"id":3893656,"type":"sell","buyer":"pi-trader","seller":"anderssinho","symbol":"SIM","quantity":"4.536","price":"0.00041101","timestamp":1657640607,"volume":"0.00186434","buyTxId":"4887d40c0cbcaaf98fe6f27aeb1ee9665801ee0b-1","sellTxId":"946636aac4dd1b326463f8d34de99555b135aeb9"}
{"index": {"_index":"sim","_id":"3893735"}}
	{"id":3893735,"type":"sell","buyer":"pi-trader","seller":"velourex","symbol":"SIM","quantity":"146718.488","price":"0.00041102","timestamp":1657640904,"volume":"60.30423294","buyTxId":"b33eae69d331b43634e1155fe7fcdbd93dd506ce-3","sellTxId":"29280c8809049abb2216f46e49bb452c3a7c90f6"}
{"index": {"_index":"sim","_id":"3893934"}}
	{"id":3893934,"type":"sell","buyer":"pi-trader","seller":"theguruasia","symbol":"SIM","quantity":"2561.029","price":"0.00041102","timestamp":1657643055,"volume":"1.05263414","buyTxId":"a8d3031f3eee35023359d82b621ff3bb686b4161-7","sellTxId":"cf3cb2083d08b725c446d1b142cada7461f3e8eb"}
{"index": {"_index":"sim","_id":"3893983"}}
	{"id":3893983,"type":"buy","buyer":"maryjane.main","seller":"nftmart.fees","symbol":"SIM","quantity":"116.000","price":"0.00043088","timestamp":1657643640,"volume":"0.04998208","buyTxId":"d08299f7fb789e75998d732cb392cdab3a64fbb3","sellTxId":"0f1a016ef0576dd2aa5157289869e000c685b364-0"}
{"index": {"_index":"sim","_id":"3893984"}}
	{"id":3893984,"type":"buy","buyer":"maryjane.main","seller":"pi-trader","symbol":"SIM","quantity":"9884.000","price":"0.00043089","timestamp":1657643640,"volume":"4.25891676","buyTxId":"d08299f7fb789e75998d732cb392cdab3a64fbb3","sellTxId":"ced457a9173ff1cf646db1b396ba822299381dd1-3"}
{"index": {"_index":"sim","_id":"3894288"}}
	{"id":3894288,"type":"sell","buyer":"pi-trader","seller":"theclasser1","symbol":"SIM","quantity":"80767.000","price":"0.00041104","timestamp":1657647357,"volume":"33.19846768","buyTxId":"08f4de310fb47c3a90615ca8917c63444b47497b-1","sellTxId":"d10d76276d8de3f63f65f22097d4601dd5ba8c35"}
{"index": {"_index":"sim","_id":"3894441"}}
	{"id":3894441,"type":"sell","buyer":"pi-trader","seller":"hive-189742","symbol":"SIM","quantity":"1.586","price":"0.00041104","timestamp":1657648938,"volume":"0.00065191","buyTxId":"2b1969d6d7f139574c80bbbf90737840e523cb68-3","sellTxId":"1ed52432f23b343ed41b478549f28a3625bc18ea"}
{"index": {"_index":"sim","_id":"3894471"}}
	{"id":3894471,"type":"buy","buyer":"automaton","seller":"nftmart.fees","symbol":"SIM","quantity":"101.000","price":"0.00043078","timestamp":1657649265,"volume":"0.04350878","buyTxId":"d851fa23da09b57aed2077da83dee234bdc0b725","sellTxId":"0dbe6ae906062cdaff15b8b78cafe49871d5b4f7-0"}
{"index": {"_index":"sim","_id":"3894472"}}
	{"id":3894472,"type":"buy","buyer":"automaton","seller":"pi-trader","symbol":"SIM","quantity":"4899.000","price":"0.00043079","timestamp":1657649265,"volume":"2.11044021","buyTxId":"d851fa23da09b57aed2077da83dee234bdc0b725","sellTxId":"604257a663d91991f1c81fd252ed30995289440e-3"}
{"index": {"_index":"sim","_id":"3894615"}}
	{"id":3894615,"type":"buy","buyer":"cardi0","seller":"nftmart.fees","symbol":"SIM","quantity":"87.000","price":"0.00043078","timestamp":1657650987,"volume":"0.03747786","buyTxId":"200fe7c0adba1d4416e1f0538861ad46c5aff278","sellTxId":"2e15094f0dbc841ddafb15137773d9fe79fa6544-0"}
{"index": {"_index":"sim","_id":"3894616"}}
	{"id":3894616,"type":"buy","buyer":"cardi0","seller":"pi-trader","symbol":"SIM","quantity":"49913.000","price":"0.00043079","timestamp":1657650987,"volume":"21.50202127","buyTxId":"200fe7c0adba1d4416e1f0538861ad46c5aff278","sellTxId":"c5583440f2c3d788268511441d78f16db519dbde-2"}
{"index": {"_index":"sim","_id":"3894673"}}
	{"id":3894673,"type":"sell","buyer":"pi-trader","seller":"dhedge-drips","symbol":"SIM","quantity":"23.999","price":"0.00041106","timestamp":1657651515,"volume":"0.00986503","buyTxId":"43f7c9dc95999c5acdb7fa7d7de9156db7a042a0-1","sellTxId":"d98e4bedc04df364aa53b92fc78ea9c441f7f894"}
{"index": {"_index":"sim","_id":"3894699"}}
	{"id":3894699,"type":"sell","buyer":"pi-trader","seller":"bitcoinflood","symbol":"SIM","quantity":"1523.278","price":"0.00041106","timestamp":1657651695,"volume":"0.62615865","buyTxId":"ff89ea0cadd9c98eb9b70260275d5629b5f49e8d-3","sellTxId":"c1743961d0b118035c88e046ede1a3695c284dd6"}
{"index": {"_index":"sim","_id":"3894776"}}
	{"id":3894776,"type":"sell","buyer":"pi-trader","seller":"loganhate","symbol":"SIM","quantity":"162.000","price":"0.00041106","timestamp":1657652349,"volume":"0.06659172","buyTxId":"ce12cd97d40cc6d83d10f88395067532c6600ffb-3","sellTxId":"88b5795fb5237dc160c0398ec82131930a53ec2e"}
{"index": {"_index":"sim","_id":"3894851"}}
	{"id":3894851,"type":"sell","buyer":"pi-trader","seller":"mango-juice","symbol":"SIM","quantity":"232.000","price":"0.00041106","timestamp":1657653132,"volume":"0.09536592","buyTxId":"9cc88421314151b2636f2feee09ad6a79fdf6657-4","sellTxId":"aa7b211f7c99ee4b9f6c0d40b758672fdc7fa49d"}
{"index": {"_index":"sim","_id":"3895042"}}
	{"id":3895042,"type":"buy","buyer":"maryjane.main","seller":"nftmart.fees","symbol":"SIM","quantity":"76.000","price":"0.00043078","timestamp":1657655517,"volume":"0.03273928","buyTxId":"4a786fec7b4198854250126d9f2d45a5bc65a4b4","sellTxId":"f6ee42fc24917ddddc5f931052efe89a7a7ef30d-0"}
{"index": {"_index":"sim","_id":"3895043"}}
	{"id":3895043,"type":"buy","buyer":"maryjane.main","seller":"pi-trader","symbol":"SIM","quantity":"87.000","price":"0.00043079","timestamp":1657655517,"volume":"0.03747873","buyTxId":"4a786fec7b4198854250126d9f2d45a5bc65a4b4","sellTxId":"c5583440f2c3d788268511441d78f16db519dbde-2"}
{"index": {"_index":"sim","_id":"3895044"}}
	{"id":3895044,"type":"buy","buyer":"maryjane.main","seller":"dhedge-drips","symbol":"SIM","quantity":"23.999","price":"0.00043079","timestamp":1657655517,"volume":"0.01033853","buyTxId":"4a786fec7b4198854250126d9f2d45a5bc65a4b4","sellTxId":"0648e1c15626d1dfef6e92d98a82923e882f8e60"}
{"index": {"_index":"sim","_id":"3895045"}}
	{"id":3895045,"type":"buy","buyer":"maryjane.main","seller":"pi-trader","symbol":"SIM","quantity":"22273.080","price":"0.00043079","timestamp":1657655517,"volume":"9.59502013","buyTxId":"4a786fec7b4198854250126d9f2d45a5bc65a4b4","sellTxId":"06bd490376b2bc5b32b21dc50d1289c39f6d541f-4"}
{"index": {"_index":"sim","_id":"3895062"}}
	{"id":3895062,"type":"buy","buyer":"maryjane.main","seller":"pi-trader","symbol":"SIM","quantity":"1467.074","price":"0.00043079","timestamp":1657655736,"volume":"0.63200081","buyTxId":"cf5501cf6ccf2ab269a25501f02ce86546d985bf","sellTxId":"751b2591c511299aaaab20a1f63067145ac2893a-2"}
{"index": {"_index":"sim","_id":"3895073"}}
	{"id":3895073,"type":"buy","buyer":"maryjane.main","seller":"pi-trader","symbol":"SIM","quantity":"3642.265","price":"0.00043079","timestamp":1657655838,"volume":"1.56905134","buyTxId":"a3144571d3ae1f25ad90b300e74fcaeb70cdc293","sellTxId":"762b2a0559b5c012315efe1958df46a368c1a136-2"}
{"index": {"_index":"sim","_id":"3895175"}}
	{"id":3895175,"type":"sell","buyer":"pi-trader","seller":"elevator09","symbol":"SIM","quantity":"4516.597","price":"0.00041106","timestamp":1657658004,"volume":"1.85659236","buyTxId":"3aef9f65fa7321f0e39ea2635c373a51d3770ce3-2","sellTxId":"7c48a85f9a3afcba11bfc765f8d8e9c56d3b7144"}
{"index": {"_index":"sim","_id":"3895212"}}
	{"id":3895212,"type":"buy","buyer":"assassyn","seller":"nftmart.fees","symbol":"SIM","quantity":"66.000","price":"0.00043069","timestamp":1657658772,"volume":"0.02842554","buyTxId":"d5075a033fbf12c2cc3dbc4ea68006af7c4e9252","sellTxId":"30317a93d0787ed41fd8c683dbea2a2a5e96e047-0"}
{"index": {"_index":"sim","_id":"3895213"}}
	{"id":3895213,"type":"sell","buyer":"assassyn","seller":"svirus","symbol":"SIM","quantity":"6934.000","price":"0.00043069","timestamp":1657658775,"volume":"2.98640446","buyTxId":"d5075a033fbf12c2cc3dbc4ea68006af7c4e9252","sellTxId":"3fa60c9d3922699d7a4ab07d4554b3775aaac41a-1"}
{"index": {"_index":"sim","_id":"3895347"}}
	{"id":3895347,"type":"buy","buyer":"cryptogillone","seller":"nftmart.fees","symbol":"SIM","quantity":"58.000","price":"0.00043069","timestamp":1657660254,"volume":"0.02498002","buyTxId":"a55a6f0f9b34ab0964da7bf9a6d21d8bfae4ecf1","sellTxId":"fa1e173cb713da6f2c3742522a6a0fa8d426f4a0-0"}
{"index": {"_index":"sim","_id":"3895348"}}
	{"id":3895348,"type":"buy","buyer":"cryptogillone","seller":"onlydoge","symbol":"SIM","quantity":"292.895","price":"0.00043070","timestamp":1657660254,"volume":"0.12614998","buyTxId":"a55a6f0f9b34ab0964da7bf9a6d21d8bfae4ecf1","sellTxId":"040f1f3da97a88e2018f24d11eee70a24d622b9b"}
{"index": {"_index":"sim","_id":"3895354"}}
	{"id":3895354,"type":"buy","buyer":"cryptogillone","seller":"onlydoge","symbol":"SIM","quantity":"280.622","price":"0.00043070","timestamp":1657660404,"volume":"0.120864","buyTxId":"86eabfb8c3104fe96d926b401b6880826b5b854d","sellTxId":"040f1f3da97a88e2018f24d11eee70a24d622b9b"}
{"index": {"_index":"sim","_id":"3895380"}}
	{"id":3895380,"type":"sell","buyer":"pi-trader","seller":"balte","symbol":"SIM","quantity":"36000.000","price":"0.00041106","timestamp":1657660671,"volume":"14.79816000","buyTxId":"8b88fc0d494a541af6d50e656f0ea0289778e853-3","sellTxId":"b38ce10ce96b1cab8c27f93fc3b507fce19f3cd8"}
{"index": {"_index":"sim","_id":"3895560"}}
	{"id":3895560,"type":"sell","buyer":"pi-trader","seller":"he-index","symbol":"SIM","quantity":"187.284","price":"0.00041106","timestamp":1657663368,"volume":"0.07698496","buyTxId":"e6f726fb6ca7e78347f78213d7d0bb474553dd45-3","sellTxId":"65839589098cdac419245a7d1a0247ecd5023095"}
{"index": {"_index":"sim","_id":"3896090"}}
	{"id":3896090,"type":"buy","buyer":"quantumg","seller":"nftmart.fees","symbol":"SIM","quantity":"50.000","price":"0.00043069","timestamp":1657665366,"volume":"0.02153450","buyTxId":"ee9fe889818babef586b9ef825c65732d503ce4b","sellTxId":"1499b442fc2f6a81816770b1d554e2b7171e2480-0"}
{"index": {"_index":"sim","_id":"3896129"}}
	{"id":3896129,"type":"sell","buyer":"quantumg","seller":"nftmart.fees","symbol":"SIM","quantity":"44.000","price":"0.00043069","timestamp":1657666053,"volume":"0.01895036","buyTxId":"ee9fe889818babef586b9ef825c65732d503ce4b","sellTxId":"9e7851323effa14a26b33fc81a962bf3488d127b-0"}
{"index": {"_index":"sim","_id":"3896130"}}
	{"id":3896130,"type":"sell","buyer":"quantumg","seller":"mindblast","symbol":"SIM","quantity":"10100.000","price":"0.00043069","timestamp":1657666071,"volume":"4.34996900","buyTxId":"ee9fe889818babef586b9ef825c65732d503ce4b","sellTxId":"081cc98dbab25ce2aebf181dd27069a1e467f3db"}
{"index": {"_index":"sim","_id":"3896289"}}
	{"id":3896289,"type":"sell","buyer":"quantumg","seller":"topdollar001","symbol":"SIM","quantity":"10512","price":"0.00043069","timestamp":1657667682,"volume":"4.52741328","buyTxId":"ee9fe889818babef586b9ef825c65732d503ce4b","sellTxId":"8834b1cb79d9578b0008621a11c08fd5bc36d40a"}
{"index": {"_index":"sim","_id":"3896600"}}
	{"id":3896600,"type":"sell","buyer":"quantumg","seller":"kaelci","symbol":"SIM","quantity":"1881.300","price":"0.00043069","timestamp":1657670076,"volume":"0.81025710","buyTxId":"ee9fe889818babef586b9ef825c65732d503ce4b","sellTxId":"68f40d259b0cbd25e15a998da42f960f8fc91c90"}
{"index": {"_index":"sim","_id":"3896629"}}
	{"id":3896629,"type":"sell","buyer":"quantumg","seller":"taitux","symbol":"SIM","quantity":"1718.000","price":"0.00043069","timestamp":1657670478,"volume":"0.73992542","buyTxId":"ee9fe889818babef586b9ef825c65732d503ce4b","sellTxId":"e29483d5f92648c4f92aa0b74eb3b44d4a0fa3f0"}
{"index": {"_index":"sim","_id":"3896655"}}
	{"id":3896655,"type":"sell","buyer":"quantumg","seller":"poliwalt10","symbol":"SIM","quantity":"3123.000","price":"0.00043069","timestamp":1657670904,"volume":"1.34504487","buyTxId":"ee9fe889818babef586b9ef825c65732d503ce4b","sellTxId":"4d293296c7fcd24d45fc06f6a7fb1972593da522"}
{"index": {"_index":"sim","_id":"3896827"}}
	{"id":3896827,"type":"sell","buyer":"mmrx","seller":"dhedge-drips","symbol":"SIM","quantity":"0.001","price":"0.00043070","timestamp":1657673115,"volume":"0.00000043","buyTxId":"MM-P-19083871-66077026-3-39-0","sellTxId":"565cc470a2f77de4b767e5e1f3847849f2f6dc89"}
{"index": {"_index":"sim","_id":"3896859"}}
	{"id":3896859,"type":"buy","buyer":"konvik","seller":"nftmart.fees","symbol":"SIM","quantity":"38.000","price":"0.00043099","timestamp":1657673490,"volume":"0.01637762","buyTxId":"932128df0c51bec10356da4810c57f5494346537-0","sellTxId":"2656f1372b1775c1f61cc38a6e94ed022dd84cfc-0"}
{"index": {"_index":"sim","_id":"3896860"}}
	{"id":3896860,"type":"buy","buyer":"konvik","seller":"dhedge-drips","symbol":"SIM","quantity":"0.001","price":"0.00043100","timestamp":1657673490,"volume":"0.00000043","buyTxId":"932128df0c51bec10356da4810c57f5494346537-0","sellTxId":"43aa59045b56daeae28b114191b0184af4f27e0f"}
{"index": {"_index":"sim","_id":"3896861"}}
	{"id":3896861,"type":"buy","buyer":"konvik","seller":"uncorked-reality","symbol":"SIM","quantity":"459.295","price":"0.00043101","timestamp":1657673490,"volume":"0.19796074","buyTxId":"932128df0c51bec10356da4810c57f5494346537-0","sellTxId":"b36287d0977b1f3023c82cffd2308d558c4e0757"}
{"index": {"_index":"sim","_id":"3896862"}}
	{"id":3896862,"type":"buy","buyer":"konvik","seller":"dhedge-drips","symbol":"SIM","quantity":"0.002","price":"0.00043398","timestamp":1657673490,"volume":"0.00000087","buyTxId":"932128df0c51bec10356da4810c57f5494346537-0","sellTxId":"4864a525ff5b5843d1179bd25e96d0fcb18a9773"}
{"index": {"_index":"sim","_id":"3896863"}}
	{"id":3896863,"type":"buy","buyer":"konvik","seller":"medaymane","symbol":"SIM","quantity":"24733.250","price":"0.00043399","timestamp":1657673490,"volume":"10.73398317","buyTxId":"932128df0c51bec10356da4810c57f5494346537-0","sellTxId":"ce933a81362bd6447df19fb2af465c910fccebc5"}
{"index": {"_index":"sim","_id":"3896864"}}
	{"id":3896864,"type":"buy","buyer":"konvik","seller":"medaymane","symbol":"SIM","quantity":"96431.150","price":"0.00043399","timestamp":1657673490,"volume":"41.85015479","buyTxId":"932128df0c51bec10356da4810c57f5494346537-0","sellTxId":"3baaf1c19b5a4ed67de9624c22b188aee071d33e"}
{"index": {"_index":"sim","_id":"3896865"}}
	{"id":3896865,"type":"buy","buyer":"konvik","seller":"jelly-cz","symbol":"SIM","quantity":"153999.237","price":"0.00043400","timestamp":1657673490,"volume":"66.83566886","buyTxId":"932128df0c51bec10356da4810c57f5494346537-0","sellTxId":"MM-P-19067814-66060948-3-32-1"}
{"index": {"_index":"sim","_id":"3897116"}}
	{"id":3897116,"type":"sell","buyer":"pi-trader","seller":"thatcryptodave","symbol":"SIM","quantity":"254.471","price":"0.00043070","timestamp":1657678341,"volume":"0.10960066","buyTxId":"b317322578ad63ef15bf9115efafc5ae2d660753-3","sellTxId":"6652e4e5a45d27736a5ab33cd0db46c7376288b8"}
{"index": {"_index":"sim","_id":"3897134"}}
	{"id":3897134,"type":"sell","buyer":"pi-trader","seller":"travelgirl","symbol":"SIM","quantity":"5587.000","price":"0.00043070","timestamp":1657678611,"volume":"2.40632090","buyTxId":"307ace917e7716fea94b6b7396241596a592debc-3","sellTxId":"5fa2084b536b187976b13d5e28ee7ee20499762c"}
{"index": {"_index":"sim","_id":"3897138"}}
	{"id":3897138,"type":"buy","buyer":"libert","seller":"nftmart.fees","symbol":"SIM","quantity":"29.000","price":"0.00043398","timestamp":1657678650,"volume":"0.01258542","buyTxId":"92ea3678bc41b0f971f45cc88b5332461ce44e8c","sellTxId":"d6c85f1d42c7cde68312f05e477b565f2bab44ee-0"}
{"index": {"_index":"sim","_id":"3897139"}}
	{"id":3897139,"type":"buy","buyer":"libert","seller":"jelly-cz","symbol":"SIM","quantity":"128.763","price":"0.00043400","timestamp":1657678650,"volume":"0.05588314","buyTxId":"92ea3678bc41b0f971f45cc88b5332461ce44e8c","sellTxId":"MM-P-19067814-66060948-3-32-1"}
{"index": {"_index":"sim","_id":"3897140"}}
	{"id":3897140,"type":"buy","buyer":"libert","seller":"boycharlieplays","symbol":"SIM","quantity":"4256.394","price":"0.00043500","timestamp":1657678650,"volume":"1.85153144","buyTxId":"92ea3678bc41b0f971f45cc88b5332461ce44e8c","sellTxId":"49f219642dc6bffdb2f92b39bddfe18c45ba8f54"}
{"index": {"_index":"sim","_id":"3897161"}}
	{"id":3897161,"type":"sell","buyer":"quantumg","seller":"nftmart.fees","symbol":"SIM","quantity":"228.400","price":"0.00043069","timestamp":1657679049,"volume":"0.09836960","buyTxId":"ee9fe889818babef586b9ef825c65732d503ce4b","sellTxId":"339fba208abac21e3e9f979f326f3918e5c9ae28"}
