{"index": {"_index":"sim","_id":"1464203"}}
	{"id":1464203,"type":"sell","buyer":"liltus","seller":"steemwija","symbol":"SIM","quantity":"12.283","price":"0.00135000","timestamp":1630551162,"volume":"0.01658205","buyTxId":"b8f0620e4afded0c1b80b18f5502a37779ed9be9","sellTxId":"eae87a7ced0c7c058af2e0f1810daba811d6879a"}
{"index": {"_index":"sim","_id":"1464219"}}
	{"id":1464219,"type":"sell","buyer":"solovey6o2","seller":"steemwija","symbol":"SIM","quantity":"264.520","price":"0.00132001","timestamp":1630551309,"volume":"0.34916905","buyTxId":"cad97236ec872772e616d7584ad4d59d9065eb5e","sellTxId":"dac6dab534c0382a30076e044be1f572f219ac16"}
{"index": {"_index":"sim","_id":"1464222"}}
	{"id":1464222,"type":"sell","buyer":"solovey6o2","seller":"goldcoin","symbol":"SIM","quantity":"53.099","price":"0.00132001","timestamp":1630551378,"volume":"0.07009121","buyTxId":"cad97236ec872772e616d7584ad4d59d9065eb5e","sellTxId":"859771666b6e3c5129847e52090dc85009ec86b1"}
{"index": {"_index":"sim","_id":"1464256"}}
	{"id":1464256,"type":"buy","buyer":"d-pend","seller":"nftmart.fees","symbol":"SIM","quantity":"110.000","price":"0.00135188","timestamp":1630552374,"volume":"0.14870680","buyTxId":"30a386d3e8e7554c3f5abb9125b8fe05cc8c72f6","sellTxId":"4f7598603c4ae10e8d0d3a925029484f4d56419a-0"}
{"index": {"_index":"sim","_id":"1464257"}}
	{"id":1464257,"type":"buy","buyer":"d-pend","seller":"enginemaker","symbol":"SIM","quantity":"7970.530","price":"0.00135189","timestamp":1630552374,"volume":"10.77527980","buyTxId":"30a386d3e8e7554c3f5abb9125b8fe05cc8c72f6","sellTxId":"MM-P-10075617-57059383-3-2-0"}
{"index": {"_index":"sim","_id":"1464258"}}
	{"id":1464258,"type":"sell","buyer":"d-pend","seller":"konvik","symbol":"SIM","quantity":"31887.869","price":"0.00136000","timestamp":1630552377,"volume":"43.36750184","buyTxId":"30a386d3e8e7554c3f5abb9125b8fe05cc8c72f6","sellTxId":"a57a196b974b38d0d276f11fc6eeda9863b72e19-1"}
{"index": {"_index":"sim","_id":"1464282"}}
	{"id":1464282,"type":"sell","buyer":"pi-trader","seller":"bigram13","symbol":"SIM","quantity":"22000.000","price":"0.00132002","timestamp":1630552614,"volume":"29.04044000","buyTxId":"1ca804ab1d1133ebf83b31d51aa7adbab48cf091","sellTxId":"b438e0e26dc827a56584bb17f10d37b0ebfee7b9"}
{"index": {"_index":"sim","_id":"1464284"}}
	{"id":1464284,"type":"buy","buyer":"d-pend","seller":"solovey6o2","symbol":"SIM","quantity":"961002.263","price":"0.00136156","timestamp":1630552656,"volume":"1308.46224121","buyTxId":"b93b65d6c86dd0224ea7c06390b310fbf9a5081c","sellTxId":"82e6b8447eb36fc688495971a8023ef4e3262d25"}
{"index": {"_index":"sim","_id":"1464285"}}
	{"id":1464285,"type":"buy","buyer":"d-pend","seller":"jelly-cz","symbol":"SIM","quantity":"78396.000","price":"0.00136157","timestamp":1630552656,"volume":"106.74164172","buyTxId":"b93b65d6c86dd0224ea7c06390b310fbf9a5081c","sellTxId":"MM-P-10076616-57060382-3-34-0"}
{"index": {"_index":"sim","_id":"1464286"}}
	{"id":1464286,"type":"buy","buyer":"d-pend","seller":"alucard1260","symbol":"SIM","quantity":"5821.430","price":"0.00136233","timestamp":1630552656,"volume":"7.93070873","buyTxId":"b93b65d6c86dd0224ea7c06390b310fbf9a5081c","sellTxId":"84253c60664a09fac2b72db3528d368089d8afbc"}
{"index": {"_index":"sim","_id":"1464287"}}
	{"id":1464287,"type":"buy","buyer":"d-pend","seller":"bridgewinners","symbol":"SIM","quantity":"250000.000","price":"0.00136249","timestamp":1630552656,"volume":"340.62250000","buyTxId":"b93b65d6c86dd0224ea7c06390b310fbf9a5081c","sellTxId":"de6d05586539eca3b4eb27b4cefd1c3e32209a35"}
{"index": {"_index":"sim","_id":"1464288"}}
	{"id":1464288,"type":"buy","buyer":"d-pend","seller":"tute","symbol":"SIM","quantity":"25000.000","price":"0.00138000","timestamp":1630552656,"volume":"34.50000000","buyTxId":"b93b65d6c86dd0224ea7c06390b310fbf9a5081c","sellTxId":"8d8f16ad660e2686f7810c48b31ae7c62aa12be1"}
{"index": {"_index":"sim","_id":"1464289"}}
	{"id":1464289,"type":"buy","buyer":"d-pend","seller":"dhedge-drips","symbol":"SIM","quantity":"0.004","price":"0.00138000","timestamp":1630552656,"volume":"0.00000552","buyTxId":"b93b65d6c86dd0224ea7c06390b310fbf9a5081c","sellTxId":"c452a08bfe1f8b5e1f46e19e4b102707b364fdbe"}
{"index": {"_index":"sim","_id":"1464290"}}
	{"id":1464290,"type":"sell","buyer":"d-pend","seller":"konvik","symbol":"SIM","quantity":"9770.620","price":"0.00138000","timestamp":1630552659,"volume":"13.48345560","buyTxId":"b93b65d6c86dd0224ea7c06390b310fbf9a5081c","sellTxId":"c3fb3ba0ca5a3fa4ed735e34e3f084066fd18911-1"}
{"index": {"_index":"sim","_id":"1464402"}}
	{"id":1464402,"type":"sell","buyer":"d-pend","seller":"muenchen","symbol":"SIM","quantity":"9.683","price":"0.00138000","timestamp":1630555443,"volume":"0.01336254","buyTxId":"b93b65d6c86dd0224ea7c06390b310fbf9a5081c","sellTxId":"015d2e7dc6716ce037aefccb6b5c3684a5afad6b"}
{"index": {"_index":"sim","_id":"1464404"}}
	{"id":1464404,"type":"sell","buyer":"enginemaker","seller":"muenchen","symbol":"SIM","quantity":"11133.500","price":"0.00133001","timestamp":1630555482,"volume":"14.80766634","buyTxId":"MM-P-10076716-57060482-3-2-0","sellTxId":"e3c378077d5e0d260ed36d3d4e37e6b0f15b4f07"}
{"index": {"_index":"sim","_id":"1464412"}}
	{"id":1464412,"type":"buy","buyer":"tboss83","seller":"muenchen","symbol":"SIM","quantity":"6500.000","price":"0.00138000","timestamp":1630555746,"volume":"8.97000000","buyTxId":"51e66f48e0d5dd77f56a9e46dac02f12e9dc3552","sellTxId":"015d2e7dc6716ce037aefccb6b5c3684a5afad6b"}
{"index": {"_index":"sim","_id":"1464523"}}
	{"id":1464523,"type":"sell","buyer":"enginemaker","seller":"m2nnari","symbol":"SIM","quantity":"7663.351","price":"0.00133001","timestamp":1630558140,"volume":"10.19233346","buyTxId":"MM-P-10076716-57060482-3-2-0","sellTxId":"efe814626ac52f9d18abd12fe8c50c9b80a7b19b"}
{"index": {"_index":"sim","_id":"1464558"}}
	{"id":1464558,"type":"sell","buyer":"kaseldz","seller":"nftmart.fees","symbol":"SIM","quantity":"85.000","price":"0.00133000","timestamp":1630558803,"volume":"0.11305000","buyTxId":"bf6004130a09e463a16619239dbbe87102543d35","sellTxId":"58b0880debde7ff7296b04ead6a7cfa8df6400ff-0"}
{"index": {"_index":"sim","_id":"1464618"}}
	{"id":1464618,"type":"sell","buyer":"kaseldz","seller":"nftmart.fees","symbol":"SIM","quantity":"85.000","price":"0.00133000","timestamp":1630560003,"volume":"0.11305000","buyTxId":"bf6004130a09e463a16619239dbbe87102543d35","sellTxId":"b5eceb84ab897cb0075627854a5b9a54d8be6e28-0"}
{"index": {"_index":"sim","_id":"1464651"}}
	{"id":1464651,"type":"sell","buyer":"kaseldz","seller":"dustindivitto","symbol":"SIM","quantity":"1158.581","price":"0.00133000","timestamp":1630560537,"volume":"1.54091273","buyTxId":"bf6004130a09e463a16619239dbbe87102543d35","sellTxId":"97a479b2a0731e49aaba6a17d191bf78c079666d"}
{"index": {"_index":"sim","_id":"1464652"}}
	{"id":1464652,"type":"sell","buyer":"solovey6o2","seller":"dustindivitto","symbol":"SIM","quantity":"28356.337","price":"0.00132001","timestamp":1630560537,"volume":"37.43064840","buyTxId":"cad97236ec872772e616d7584ad4d59d9065eb5e","sellTxId":"97a479b2a0731e49aaba6a17d191bf78c079666d"}
{"index": {"_index":"sim","_id":"1464653"}}
	{"id":1464653,"type":"sell","buyer":"solovey6o2","seller":"dustindivitto","symbol":"SIM","quantity":"20791.727","price":"0.00132001","timestamp":1630560537,"volume":"27.44528756","buyTxId":"db28570d426a6df240b00424799126c79657df7a","sellTxId":"97a479b2a0731e49aaba6a17d191bf78c079666d"}
{"index": {"_index":"sim","_id":"1464654"}}
	{"id":1464654,"type":"sell","buyer":"solovey6o2","seller":"dustindivitto","symbol":"SIM","quantity":"36641.180","price":"0.00132001","timestamp":1630560537,"volume":"48.36672401","buyTxId":"fcc18284b7496257c7aee47db1a4999b2d5e71e1","sellTxId":"97a479b2a0731e49aaba6a17d191bf78c079666d"}
{"index": {"_index":"sim","_id":"1464655"}}
	{"id":1464655,"type":"sell","buyer":"solovey6o2","seller":"dustindivitto","symbol":"SIM","quantity":"8173.175","price":"0.00132001","timestamp":1630560537,"volume":"10.78867273","buyTxId":"dcec166d7b5301d7d08f930e0e193fdcf72b6ddd","sellTxId":"97a479b2a0731e49aaba6a17d191bf78c079666d"}
{"index": {"_index":"sim","_id":"1465033"}}
	{"id":1465033,"type":"sell","buyer":"pi-trader","seller":"thatcryptodave","symbol":"SIM","quantity":"1606.000","price":"0.00132002","timestamp":1630565592,"volume":"2.11995212","buyTxId":"9951365c4bc152f92542c7d83f0dfa374b851ec0","sellTxId":"918aa4be91e6b25e3b635ebdc15d36e57fd35f21"}
{"index": {"_index":"sim","_id":"1465034"}}
	{"id":1465034,"type":"sell","buyer":"pi-trader","seller":"thatcryptodave","symbol":"SIM","quantity":"750.745","price":"0.00132002","timestamp":1630565679,"volume":"0.99099841","buyTxId":"88c4778e184dab45a69b66672da425ee4bd7162d-1","sellTxId":"8c23be4301d18a84269874dd5e3b96bfc31a4b75"}
{"index": {"_index":"sim","_id":"1465049"}}
	{"id":1465049,"type":"buy","buyer":"onealfa","seller":"nftmart.fees","symbol":"SIM","quantity":"65.000","price":"0.00132997","timestamp":1630565841,"volume":"0.08644805","buyTxId":"d9a2202326d047a49622ca72582cd963425de5f5","sellTxId":"5383a8a235f59aed078759f7e50b7c52490e2ff1-0"}
{"index": {"_index":"sim","_id":"1465050"}}
	{"id":1465050,"type":"buy","buyer":"onealfa","seller":"m2nnari","symbol":"SIM","quantity":"1352.119","price":"0.00133001","timestamp":1630565841,"volume":"1.79833195","buyTxId":"d9a2202326d047a49622ca72582cd963425de5f5","sellTxId":"efe814626ac52f9d18abd12fe8c50c9b80a7b19b"}
{"index": {"_index":"sim","_id":"1465092"}}
	{"id":1465092,"type":"sell","buyer":"pi-trader","seller":"trumpman","symbol":"SIM","quantity":"1690.608","price":"0.00132002","timestamp":1630566513,"volume":"2.23163637","buyTxId":"f4d4f61015f5483dfd54a8b39539495477833275-1","sellTxId":"19f809b11f4c7f1f6cc16280a4ea4458e8f729f0"}
{"index": {"_index":"sim","_id":"1465166"}}
	{"id":1465166,"type":"sell","buyer":"pi-trader","seller":"globetrottergcc","symbol":"SIM","quantity":"47.703","price":"0.00132002","timestamp":1630568154,"volume":"0.06296891","buyTxId":"71c63b6705cf2d2ac24a774a7963bba809f66fff-1","sellTxId":"8e5e44726d2dca69495c99f5d9998a39492f1a6d"}
{"index": {"_index":"sim","_id":"1465245"}}
	{"id":1465245,"type":"sell","buyer":"solovey6o2","seller":"elevator09","symbol":"SIM","quantity":"9697.000","price":"0.00132001","timestamp":1630569777,"volume":"12.80013697","buyTxId":"dcec166d7b5301d7d08f930e0e193fdcf72b6ddd","sellTxId":"ac28a8aceef4811ecdd272254e87caa540bd1337"}
{"index": {"_index":"sim","_id":"1465257"}}
	{"id":1465257,"type":"sell","buyer":"solovey6o2","seller":"bridz","symbol":"SIM","quantity":"5603.070","price":"0.00132001","timestamp":1630570017,"volume":"7.39610843","buyTxId":"dcec166d7b5301d7d08f930e0e193fdcf72b6ddd","sellTxId":"dd412e690fe3192ffef379812344f6b526f1ab03"}
{"index": {"_index":"sim","_id":"1465258"}}
	{"id":1465258,"type":"sell","buyer":"solovey6o2","seller":"bridz","symbol":"SIM","quantity":"255396.930","price":"0.00132001","timestamp":1630570017,"volume":"337.12650157","buyTxId":"4cbacdab3b50cd63488706aa8f515f18e4d0d5e2","sellTxId":"dd412e690fe3192ffef379812344f6b526f1ab03"}
{"index": {"_index":"sim","_id":"1465259"}}
	{"id":1465259,"type":"sell","buyer":"solovey6o2","seller":"konvik","symbol":"SIM","quantity":"57471.237","price":"0.00132001","timestamp":1630570020,"volume":"75.86260755","buyTxId":"4cbacdab3b50cd63488706aa8f515f18e4d0d5e2","sellTxId":"d7f92e41a5f2b5d85472a854c6b6cfc4615c9b1e-1"}
{"index": {"_index":"sim","_id":"1465262"}}
	{"id":1465262,"type":"sell","buyer":"solovey6o2","seller":"bidding","symbol":"SIM","quantity":"400000.000","price":"0.00132001","timestamp":1630570137,"volume":"528.00400000","buyTxId":"4cbacdab3b50cd63488706aa8f515f18e4d0d5e2","sellTxId":"dc0c0e09b39f60f8b22d8a95644c792ffd1846dc"}
{"index": {"_index":"sim","_id":"1465301"}}
	{"id":1465301,"type":"sell","buyer":"solovey6o2","seller":"kryptoarena","symbol":"SIM","quantity":"247687.300","price":"0.00132001","timestamp":1630571022,"volume":"326.94971287","buyTxId":"4cbacdab3b50cd63488706aa8f515f18e4d0d5e2","sellTxId":"0724a8436f161d0ac7fa2754b86468b0fe05d95d"}
{"index": {"_index":"sim","_id":"1465302"}}
	{"id":1465302,"type":"sell","buyer":"solovey6o2","seller":"kryptoarena","symbol":"SIM","quantity":"30653.394","price":"0.00132001","timestamp":1630571022,"volume":"40.46278661","buyTxId":"46f1d573a8d2033a8972ff9e8366db8e369da935","sellTxId":"0724a8436f161d0ac7fa2754b86468b0fe05d95d"}
{"index": {"_index":"sim","_id":"1465348"}}
	{"id":1465348,"type":"sell","buyer":"d-pend","seller":"nftmart.fees","symbol":"SIM","quantity":"58.000","price":"0.00132000","timestamp":1630572003,"volume":"0.07656000","buyTxId":"93d502a1e7834a29f5bb6536ae68e69cb0ea91c4","sellTxId":"9741fef818ec4e79b20acef29e004186509ca04f-0"}
{"index": {"_index":"sim","_id":"1465357"}}
	{"id":1465357,"type":"sell","buyer":"d-pend","seller":"pilsner-urquell","symbol":"SIM","quantity":"132000.000","price":"0.00132000","timestamp":1630572231,"volume":"174.24000000","buyTxId":"93d502a1e7834a29f5bb6536ae68e69cb0ea91c4","sellTxId":"e09b53f696a7d1aff5c03c5bed9b77bcfe8a4142"}
{"index": {"_index":"sim","_id":"1465375"}}
	{"id":1465375,"type":"sell","buyer":"d-pend","seller":"pfunk","symbol":"SIM","quantity":"74.132","price":"0.00132000","timestamp":1630572903,"volume":"0.09785424","buyTxId":"93d502a1e7834a29f5bb6536ae68e69cb0ea91c4","sellTxId":"3825fbb3b9992a8adb18703b04e4664298988d73"}
{"index": {"_index":"sim","_id":"1465376"}}
	{"id":1465376,"type":"sell","buyer":"enginemaker","seller":"pfunk","symbol":"SIM","quantity":"7057.498","price":"0.00131000","timestamp":1630572903,"volume":"9.24532238","buyTxId":"MM-P-10082501-57066277-3-2-0","sellTxId":"3825fbb3b9992a8adb18703b04e4664298988d73"}
{"index": {"_index":"sim","_id":"1465386"}}
	{"id":1465386,"type":"sell","buyer":"enginemaker","seller":"gamsam","symbol":"SIM","quantity":"12026.471","price":"0.00131000","timestamp":1630573212,"volume":"15.75467701","buyTxId":"MM-P-10082501-57066277-3-2-0","sellTxId":"a9d0339d59aa9f2d53529ba00000d69119301ac1"}
{"index": {"_index":"sim","_id":"1465387"}}
	{"id":1465387,"type":"sell","buyer":"steemshiro","seller":"gamsam","symbol":"SIM","quantity":"12239.529","price":"0.00130000","timestamp":1630573212,"volume":"15.91138770","buyTxId":"b91fa85884e3f3ce1daf194de2b815ab9b8f0c0b","sellTxId":"a9d0339d59aa9f2d53529ba00000d69119301ac1"}
{"index": {"_index":"sim","_id":"1465393"}}
	{"id":1465393,"type":"sell","buyer":"pi-trader","seller":"konvik","symbol":"SIM","quantity":"29970.299","price":"0.00130001","timestamp":1630573521,"volume":"38.96168840","buyTxId":"3aae462c07b1a77b61231f38c2c14644dd2bc41c","sellTxId":"ec35a0d30c2866a349601de4610fec1a1ff369ab-1"}
{"index": {"_index":"sim","_id":"1465397"}}
	{"id":1465397,"type":"sell","buyer":"pi-trader","seller":"konvik","symbol":"SIM","quantity":"29.701","price":"0.00130001","timestamp":1630573557,"volume":"0.03861160","buyTxId":"3aae462c07b1a77b61231f38c2c14644dd2bc41c","sellTxId":"055c8778e0a1f9a3670081b1e30f7ba3bd380fe6-1"}
{"index": {"_index":"sim","_id":"1465398"}}
	{"id":1465398,"type":"sell","buyer":"steemshiro","seller":"konvik","symbol":"SIM","quantity":"46507.868","price":"0.00130000","timestamp":1630573557,"volume":"60.46022840","buyTxId":"b91fa85884e3f3ce1daf194de2b815ab9b8f0c0b","sellTxId":"055c8778e0a1f9a3670081b1e30f7ba3bd380fe6-1"}
{"index": {"_index":"sim","_id":"1465422"}}
	{"id":1465422,"type":"sell","buyer":"steemshiro","seller":"enginemaker","symbol":"SIM","quantity":"37880.820","price":"0.00130000","timestamp":1630574103,"volume":"49.24506600","buyTxId":"b91fa85884e3f3ce1daf194de2b815ab9b8f0c0b","sellTxId":"MM-P-10083795-57067573-3-2-1"}
{"index": {"_index":"sim","_id":"1465425"}}
	{"id":1465425,"type":"buy","buyer":"eythorphoto","seller":"jelly-cz","symbol":"SIM","quantity":"5000.000","price":"0.00130999","timestamp":1630574175,"volume":"6.54995000","buyTxId":"4c2933b9278c8ec5d744c0f33fdc86d7e4614dab","sellTxId":"MM-P-10083695-57067473-3-34-1"}
{"index": {"_index":"sim","_id":"1465443"}}
	{"id":1465443,"type":"sell","buyer":"steemshiro","seller":"desyfit","symbol":"SIM","quantity":"100000.000","price":"0.00130000","timestamp":1630574586,"volume":"130.00000000","buyTxId":"b91fa85884e3f3ce1daf194de2b815ab9b8f0c0b","sellTxId":"3b5ce14cf973faa171d037b6c69a4a175ee19102"}
{"index": {"_index":"sim","_id":"1465494"}}
	{"id":1465494,"type":"sell","buyer":"steemshiro","seller":"chesatochi","symbol":"SIM","quantity":"64.044","price":"0.00130000","timestamp":1630575789,"volume":"0.08325720","buyTxId":"b91fa85884e3f3ce1daf194de2b815ab9b8f0c0b","sellTxId":"f00dc63dabd0a46b24ca3527d5b776d124f058dd"}
{"index": {"_index":"sim","_id":"1465571"}}
	{"id":1465571,"type":"sell","buyer":"steemshiro","seller":"pele23","symbol":"SIM","quantity":"0.090","price":"0.00130000","timestamp":1630577265,"volume":"0.00011700","buyTxId":"b91fa85884e3f3ce1daf194de2b815ab9b8f0c0b","sellTxId":"4a32529b8855e9201db9d90c561a42a037aabcbb"}
{"index": {"_index":"sim","_id":"1465587"}}
	{"id":1465587,"type":"sell","buyer":"steemshiro","seller":"pokerarema","symbol":"SIM","quantity":"337600.000","price":"0.00130000","timestamp":1630577841,"volume":"438.88000000","buyTxId":"b91fa85884e3f3ce1daf194de2b815ab9b8f0c0b","sellTxId":"a0d7e5b2b62ffebcaaf873c14cdcaea98658e6e4"}
{"index": {"_index":"sim","_id":"1465590"}}
	{"id":1465590,"type":"sell","buyer":"steemshiro","seller":"svobodni","symbol":"SIM","quantity":"378200.000","price":"0.00130000","timestamp":1630577943,"volume":"491.66000000","buyTxId":"b91fa85884e3f3ce1daf194de2b815ab9b8f0c0b","sellTxId":"5b3f62b7542a102759d60aab7283cc812591c71f"}
{"index": {"_index":"sim","_id":"1465668"}}
	{"id":1465668,"type":"sell","buyer":"steemshiro","seller":"andy4475","symbol":"SIM","quantity":"71.878","price":"0.00130000","timestamp":1630580412,"volume":"0.09344140","buyTxId":"b91fa85884e3f3ce1daf194de2b815ab9b8f0c0b","sellTxId":"b0d0620093009ef2423b53c2939db16f8109c04f"}
{"index": {"_index":"sim","_id":"1465727"}}
	{"id":1465727,"type":"buy","buyer":"eythorphoto","seller":"nftmart.fees","symbol":"SIM","quantity":"70.000","price":"0.00130992","timestamp":1630582350,"volume":"0.09169440","buyTxId":"fdec28bf7d4fcfde4c519b6261813e4b40d8ee3f","sellTxId":"387c94f15ce5e79433615914d0d2413c4e81ae3e-0"}
{"index": {"_index":"sim","_id":"1465728"}}
	{"id":1465728,"type":"sell","buyer":"eythorphoto","seller":"konvik","symbol":"SIM","quantity":"79850.867","price":"0.00130992","timestamp":1630582353,"volume":"104.59824770","buyTxId":"fdec28bf7d4fcfde4c519b6261813e4b40d8ee3f","sellTxId":"85f6393d0c1ee8d06b7d677c40135cab4e507859-1"}
{"index": {"_index":"sim","_id":"1465847"}}
	{"id":1465847,"type":"sell","buyer":"steemshiro","seller":"thegoliath","symbol":"SIM","quantity":"30455.317","price":"0.00130000","timestamp":1630584297,"volume":"39.59191210","buyTxId":"b91fa85884e3f3ce1daf194de2b815ab9b8f0c0b","sellTxId":"c1ef452d8e6d0289ada175733cf2bd0c3d079b66"}
{"index": {"_index":"sim","_id":"1465864"}}
	{"id":1465864,"type":"sell","buyer":"steemshiro","seller":"brofi-market","symbol":"SIM","quantity":"0.002","price":"0.00130000","timestamp":1630584540,"volume":"0.00000260","buyTxId":"b91fa85884e3f3ce1daf194de2b815ab9b8f0c0b","sellTxId":"ae50f9a0d86dc3705df2e2feacc054a0847fe7ab"}
{"index": {"_index":"sim","_id":"1465921"}}
	{"id":1465921,"type":"sell","buyer":"steemshiro","seller":"captaincryptic","symbol":"SIM","quantity":"1180.021","price":"0.00130000","timestamp":1630585395,"volume":"1.53402730","buyTxId":"b91fa85884e3f3ce1daf194de2b815ab9b8f0c0b","sellTxId":"e849bd6c4136c8c410c454b8523c44b4f7355ece"}
{"index": {"_index":"sim","_id":"1465937"}}
	{"id":1465937,"type":"sell","buyer":"steemshiro","seller":"mango-juice","symbol":"SIM","quantity":"1267.194","price":"0.00130000","timestamp":1630585635,"volume":"1.64735220","buyTxId":"b91fa85884e3f3ce1daf194de2b815ab9b8f0c0b","sellTxId":"0faae4f4761edf44bf88f50a60a8d8e390e56c62"}
{"index": {"_index":"sim","_id":"1465973"}}
	{"id":1465973,"type":"buy","buyer":"guruvaj","seller":"nftmart.fees","symbol":"SIM","quantity":"112.981","price":"0.00130996","timestamp":1630586223,"volume":"0.14800059","buyTxId":"e774530f13bfb42cebc1ff93a74e870edbe1dc38","sellTxId":"3c8fca1f67c1e2aab1a6cd3f751b1b41974178af-0"}
{"index": {"_index":"sim","_id":"1465994"}}
	{"id":1465994,"type":"sell","buyer":"steemshiro","seller":"lightcaptured","symbol":"SIM","quantity":"1079.911","price":"0.00130000","timestamp":1630586547,"volume":"1.40388430","buyTxId":"b91fa85884e3f3ce1daf194de2b815ab9b8f0c0b","sellTxId":"ac7398c00ab88e1b0ba69bdfb70acd06b4954702"}
{"index": {"_index":"sim","_id":"1466134"}}
	{"id":1466134,"type":"buy","buyer":"konvik","seller":"nftmart.fees","symbol":"SIM","quantity":"116.000","price":"0.00130994","timestamp":1630588563,"volume":"0.15195304","buyTxId":"4eded5ce1c01545720762883a0df36e863c479c5-0","sellTxId":"f7e48486bb6fd9c1cad7889789014fab753319f7-0"}
{"index": {"_index":"sim","_id":"1466135"}}
	{"id":1466135,"type":"buy","buyer":"konvik","seller":"brofi-market","symbol":"SIM","quantity":"0.002","price":"0.00130997","timestamp":1630588563,"volume":"0.00000262","buyTxId":"4eded5ce1c01545720762883a0df36e863c479c5-0","sellTxId":"8c3be485aa30bdd779e3229b82199972ec0f428d"}
{"index": {"_index":"sim","_id":"1466136"}}
	{"id":1466136,"type":"buy","buyer":"konvik","seller":"jelly-cz","symbol":"SIM","quantity":"123281.231","price":"0.00130999","timestamp":1630588563,"volume":"161.49717980","buyTxId":"4eded5ce1c01545720762883a0df36e863c479c5-0","sellTxId":"MM-P-10083695-57067473-3-34-1"}
{"index": {"_index":"sim","_id":"1466138"}}
	{"id":1466138,"type":"buy","buyer":"konvik","seller":"jelly-cz","symbol":"SIM","quantity":"114.769","price":"0.00130999","timestamp":1630588566,"volume":"0.15034624","buyTxId":"126f5b16e6664a8a0ec23e87d1ecf412f9c314a0-0","sellTxId":"MM-P-10083695-57067473-3-34-1"}
{"index": {"_index":"sim","_id":"1466139"}}
	{"id":1466139,"type":"buy","buyer":"konvik","seller":"kryptoarena","symbol":"SIM","quantity":"54545.083","price":"0.00132001","timestamp":1630588566,"volume":"72.00005501","buyTxId":"126f5b16e6664a8a0ec23e87d1ecf412f9c314a0-0","sellTxId":"0724a8436f161d0ac7fa2754b86468b0fe05d95d"}
{"index": {"_index":"sim","_id":"1466142"}}
	{"id":1466142,"type":"buy","buyer":"konvik","seller":"kryptoarena","symbol":"SIM","quantity":"114.223","price":"0.00132001","timestamp":1630588569,"volume":"0.15077550","buyTxId":"c8327a3374f02e42781c325c2fe4baaec690735c-0","sellTxId":"0724a8436f161d0ac7fa2754b86468b0fe05d95d"}
{"index": {"_index":"sim","_id":"1466143"}}
	{"id":1466143,"type":"buy","buyer":"konvik","seller":"m2nnari","symbol":"SIM","quantity":"9501.803","price":"0.00133001","timestamp":1630588569,"volume":"12.63749301","buyTxId":"c8327a3374f02e42781c325c2fe4baaec690735c-0","sellTxId":"efe814626ac52f9d18abd12fe8c50c9b80a7b19b"}
{"index": {"_index":"sim","_id":"1466147"}}
	{"id":1466147,"type":"sell","buyer":"pi-trader","seller":"qwerrie","symbol":"SIM","quantity":"165.029","price":"0.00130001","timestamp":1630588671,"volume":"0.21453935","buyTxId":"ef2af6d1fbd292054611f5578e4c62ab7145621b","sellTxId":"09a17cec2ed064fcd8492d6ab30f30f428b0c24e"}
{"index": {"_index":"sim","_id":"1466260"}}
	{"id":1466260,"type":"buy","buyer":"thegoliathv2","seller":"nftmart.fees","symbol":"SIM","quantity":"102.000","price":"0.00132999","timestamp":1630590378,"volume":"0.13565898","buyTxId":"53ee5c81c237c3e05f7e0d9ad525690b60a10685","sellTxId":"124688e73c852523ff510b5c7d3f6fa0b45e7299-0"}
{"index": {"_index":"sim","_id":"1466261"}}
	{"id":1466261,"type":"buy","buyer":"thegoliathv2","seller":"m2nnari","symbol":"SIM","quantity":"114.127","price":"0.00133001","timestamp":1630590378,"volume":"0.15179005","buyTxId":"53ee5c81c237c3e05f7e0d9ad525690b60a10685","sellTxId":"efe814626ac52f9d18abd12fe8c50c9b80a7b19b"}
{"index": {"_index":"sim","_id":"1466262"}}
	{"id":1466262,"type":"buy","buyer":"thegoliathv2","seller":"solovey6o2","symbol":"SIM","quantity":"39783.873","price":"0.00134836","timestamp":1630590378,"volume":"53.64298300","buyTxId":"53ee5c81c237c3e05f7e0d9ad525690b60a10685","sellTxId":"047359c026bbf0c78a2709c21562abc6eda0c9ff"}
{"index": {"_index":"sim","_id":"1466427"}}
	{"id":1466427,"type":"sell","buyer":"pi-trader","seller":"themightyvolcano","symbol":"SIM","quantity":"30000.000","price":"0.00130002","timestamp":1630592910,"volume":"39.00060000","buyTxId":"f96fc1664dbbac422135f384e4c11f829dcd4f17-1","sellTxId":"90c4afa0e7c7353431d4689004fe537d9547debb"}
{"index": {"_index":"sim","_id":"1466428"}}
	{"id":1466428,"type":"sell","buyer":"solovey6o2","seller":"themightyvolcano","symbol":"SIM","quantity":"33003.000","price":"0.00130001","timestamp":1630592910,"volume":"42.90423003","buyTxId":"b7ebd9a68d3a22eaa85f086896fd762c848d25db","sellTxId":"90c4afa0e7c7353431d4689004fe537d9547debb"}
{"index": {"_index":"sim","_id":"1466496"}}
	{"id":1466496,"type":"buy","buyer":"genet","seller":"solovey6o2","symbol":"SIM","quantity":"1093690.477","price":"0.00133142","timestamp":1630593678,"volume":"1456.16137489","buyTxId":"f4051dfbb79884c51ec61486bf823a93f57cbe4c-0","sellTxId":"075ce0b9127ae77cdfad739c96af81ff746818eb"}
{"index": {"_index":"sim","_id":"1466497"}}
	{"id":1466497,"type":"sell","buyer":"pi-trader","seller":"konvik","symbol":"SIM","quantity":"29970.299","price":"0.00130002","timestamp":1630593681,"volume":"38.96198811","buyTxId":"12841864470f7f9ce5517f145f13de30b064f305","sellTxId":"d12bc3c884ea7491b98eba3df28b6522f81b6841-1"}
{"index": {"_index":"sim","_id":"1466498"}}
	{"id":1466498,"type":"sell","buyer":"pi-trader","seller":"konvik","symbol":"SIM","quantity":"29.701","price":"0.00130002","timestamp":1630593684,"volume":"0.03861189","buyTxId":"12841864470f7f9ce5517f145f13de30b064f305","sellTxId":"5d3fe766715786dd32fb5f0b9d95f41fef88f4e9-1"}
{"index": {"_index":"sim","_id":"1466499"}}
	{"id":1466499,"type":"sell","buyer":"solovey6o2","seller":"konvik","symbol":"SIM","quantity":"46035.001","price":"0.00130001","timestamp":1630593684,"volume":"59.84596165","buyTxId":"b7ebd9a68d3a22eaa85f086896fd762c848d25db","sellTxId":"5d3fe766715786dd32fb5f0b9d95f41fef88f4e9-1"}
{"index": {"_index":"sim","_id":"1466500"}}
	{"id":1466500,"type":"sell","buyer":"solovey6o2","seller":"konvik","symbol":"SIM","quantity":"75.352","price":"0.00130001","timestamp":1630593687,"volume":"0.09795835","buyTxId":"b7ebd9a68d3a22eaa85f086896fd762c848d25db","sellTxId":"62eb9401a5f22a997e324c21bca9bb19f9c06a4f-1"}
{"index": {"_index":"sim","_id":"1466501"}}
	{"id":1466501,"type":"sell","buyer":"solovey6o2","seller":"konvik","symbol":"SIM","quantity":"28511.020","price":"0.00130001","timestamp":1630593687,"volume":"37.06461111","buyTxId":"077a5ae84d4162462bb22511e72258485e8eb53f","sellTxId":"62eb9401a5f22a997e324c21bca9bb19f9c06a4f-1"}
{"index": {"_index":"sim","_id":"1466502"}}
	{"id":1466502,"type":"sell","buyer":"solovey6o2","seller":"konvik","symbol":"SIM","quantity":"103.682","price":"0.00130001","timestamp":1630593690,"volume":"0.13478764","buyTxId":"077a5ae84d4162462bb22511e72258485e8eb53f","sellTxId":"1f514dc56baf846ec8741fca02920e1c1815d771-1"}
{"index": {"_index":"sim","_id":"1466503"}}
	{"id":1466503,"type":"sell","buyer":"solovey6o2","seller":"konvik","symbol":"SIM","quantity":"28046.431","price":"0.00130001","timestamp":1630593690,"volume":"36.46064076","buyTxId":"9ee5011ecd1813ec9b5c55b5504943c31f10def8","sellTxId":"1f514dc56baf846ec8741fca02920e1c1815d771-1"}
{"index": {"_index":"sim","_id":"1466504"}}
	{"id":1466504,"type":"sell","buyer":"solovey6o2","seller":"konvik","symbol":"SIM","quantity":"131.579","price":"0.00130001","timestamp":1630593693,"volume":"0.17105402","buyTxId":"9ee5011ecd1813ec9b5c55b5504943c31f10def8","sellTxId":"6bb2ab0905f90e9ade577728d3cdd707ead2a683-1"}
{"index": {"_index":"sim","_id":"1466505"}}
	{"id":1466505,"type":"sell","buyer":"solovey6o2","seller":"konvik","symbol":"SIM","quantity":"42126.711","price":"0.00130001","timestamp":1630593693,"volume":"54.76514557","buyTxId":"d5b45b9a42bb6694e6f24da595b2e8927bc09c4a","sellTxId":"6bb2ab0905f90e9ade577728d3cdd707ead2a683-1"}
{"index": {"_index":"sim","_id":"1466506"}}
	{"id":1466506,"type":"sell","buyer":"solovey6o2","seller":"konvik","symbol":"SIM","quantity":"173.458","price":"0.00130001","timestamp":1630593696,"volume":"0.22549713","buyTxId":"d5b45b9a42bb6694e6f24da595b2e8927bc09c4a","sellTxId":"df69aa4fa703537077551402c56fb602c7945e6f-1"}
{"index": {"_index":"sim","_id":"1466507"}}
	{"id":1466507,"type":"sell","buyer":"solovey6o2","seller":"konvik","symbol":"SIM","quantity":"26123.124","price":"0.00130001","timestamp":1630593696,"volume":"33.96032243","buyTxId":"757d1d5e30230a52f5c2a5bdbabf8bfc56682e07","sellTxId":"df69aa4fa703537077551402c56fb602c7945e6f-1"}
{"index": {"_index":"sim","_id":"1466509"}}
	{"id":1466509,"type":"sell","buyer":"solovey6o2","seller":"konvik","symbol":"SIM","quantity":"199.518","price":"0.00130001","timestamp":1630593699,"volume":"0.25937540","buyTxId":"757d1d5e30230a52f5c2a5bdbabf8bfc56682e07","sellTxId":"d3050d86a7a47c5655155703ba19412119d29233-1"}
{"index": {"_index":"sim","_id":"1466510"}}
	{"id":1466510,"type":"sell","buyer":"solovey6o2","seller":"konvik","symbol":"SIM","quantity":"51523.870","price":"0.00130001","timestamp":1630593699,"volume":"66.98154624","buyTxId":"5c633fa4b5e391f22fa1b1a69d1b6441e32f099a","sellTxId":"d3050d86a7a47c5655155703ba19412119d29233-1"}
{"index": {"_index":"sim","_id":"1466511"}}
	{"id":1466511,"type":"sell","buyer":"solovey6o2","seller":"konvik","symbol":"SIM","quantity":"250.777","price":"0.00130001","timestamp":1630593702,"volume":"0.32601261","buyTxId":"5c633fa4b5e391f22fa1b1a69d1b6441e32f099a","sellTxId":"f08a2792d9a27eb571cd0413c62acc394b553cdb-1"}
{"index": {"_index":"sim","_id":"1466512"}}
	{"id":1466512,"type":"sell","buyer":"steemshiro","seller":"konvik","symbol":"SIM","quantity":"53149.629","price":"0.00130000","timestamp":1630593702,"volume":"69.09451770","buyTxId":"b91fa85884e3f3ce1daf194de2b815ab9b8f0c0b","sellTxId":"f08a2792d9a27eb571cd0413c62acc394b553cdb-1"}
{"index": {"_index":"sim","_id":"1466513"}}
	{"id":1466513,"type":"sell","buyer":"steemshiro","seller":"konvik","symbol":"SIM","quantity":"303.697","price":"0.00130000","timestamp":1630593705,"volume":"0.39480610","buyTxId":"b91fa85884e3f3ce1daf194de2b815ab9b8f0c0b","sellTxId":"8da280e5fafe7e6fdea986cb7685bca2e1d6846c-1"}
{"index": {"_index":"sim","_id":"1466514"}}
	{"id":1466514,"type":"sell","buyer":"eirik","seller":"konvik","symbol":"SIM","quantity":"1000.000","price":"0.00130000","timestamp":1630593705,"volume":"1.30000000","buyTxId":"c18addbc6c78eac81df7f408db46e187e62844c3","sellTxId":"8da280e5fafe7e6fdea986cb7685bca2e1d6846c-1"}
{"index": {"_index":"sim","_id":"1466515"}}
	{"id":1466515,"type":"sell","buyer":"enginemaker","seller":"konvik","symbol":"SIM","quantity":"17908.033","price":"0.00130000","timestamp":1630593705,"volume":"23.28044290","buyTxId":"MM-P-10088675-57072464-3-2-0","sellTxId":"8da280e5fafe7e6fdea986cb7685bca2e1d6846c-1"}
{"index": {"_index":"sim","_id":"1466517"}}
	{"id":1466517,"type":"sell","buyer":"solovey6o2","seller":"konvik","symbol":"SIM","quantity":"179496.045","price":"0.00130001","timestamp":1630593717,"volume":"233.34665346","buyTxId":"03d08be4e1341b7beb99a84d935d967d48b58877","sellTxId":"3b3907090f026c0866862da763e7792b20225011-1"}
{"index": {"_index":"sim","_id":"1466936"}}
	{"id":1466936,"type":"sell","buyer":"lulu-the-fizzgig","seller":"votebetting","symbol":"SIM","quantity":"64.512","price":"0.00130001","timestamp":1630599780,"volume":"0.08386625","buyTxId":"675045fb3b20602c3b16c100738885bc3df263b1","sellTxId":"4f691b2cc0712d6c810420a27e9569a089c6ddc7"}
{"index": {"_index":"sim","_id":"1466983"}}
	{"id":1466983,"type":"sell","buyer":"lulu-the-fizzgig","seller":"tsnaks","symbol":"SIM","quantity":"935.488","price":"0.00130001","timestamp":1630600308,"volume":"1.21614375","buyTxId":"675045fb3b20602c3b16c100738885bc3df263b1","sellTxId":"11088cef9013897bcf8c0d9dc2729874f5f641f6"}
{"index": {"_index":"sim","_id":"1466984"}}
	{"id":1466984,"type":"sell","buyer":"enginemaker","seller":"tsnaks","symbol":"SIM","quantity":"205.463","price":"0.00130000","timestamp":1630600308,"volume":"0.26710190","buyTxId":"MM-P-10088675-57072464-3-2-0","sellTxId":"11088cef9013897bcf8c0d9dc2729874f5f641f6"}
{"index": {"_index":"sim","_id":"1467013"}}
	{"id":1467013,"type":"buy","buyer":"onealfa","seller":"nftmart.fees","symbol":"SIM","quantity":"92.000","price":"0.00130131","timestamp":1630600842,"volume":"0.11972052","buyTxId":"28ba977267a26a759f1a1c613e3255a1c0fe1e03","sellTxId":"804c77ecac179976f5891c0d5cfd565dd1c83e57-0"}
{"index": {"_index":"sim","_id":"1467014"}}
	{"id":1467014,"type":"buy","buyer":"onealfa","seller":"enginemaker","symbol":"SIM","quantity":"17908.033","price":"0.00130137","timestamp":1630600842,"volume":"23.30497691","buyTxId":"28ba977267a26a759f1a1c613e3255a1c0fe1e03","sellTxId":"MM-P-10090569-57074358-3-2-0"}
{"index": {"_index":"sim","_id":"1467015"}}
	{"id":1467015,"type":"buy","buyer":"onealfa","seller":"lulu-the-fizzgig","symbol":"SIM","quantity":"501.059","price":"0.00131133","timestamp":1630600842,"volume":"0.65705370","buyTxId":"28ba977267a26a759f1a1c613e3255a1c0fe1e03","sellTxId":"2ddab17eeea3bbe3e4a49cb06b3eacef42304ae6"}
{"index": {"_index":"sim","_id":"1467016"}}
	{"id":1467016,"type":"buy","buyer":"onealfa","seller":"solovey6o2","symbol":"SIM","quantity":"402796.569","price":"0.00131136","timestamp":1630600842,"volume":"528.21130872","buyTxId":"28ba977267a26a759f1a1c613e3255a1c0fe1e03","sellTxId":"c6140125e66eb09422741f6532459710560cfd01"}
{"index": {"_index":"sim","_id":"1467017"}}
	{"id":1467017,"type":"buy","buyer":"onealfa","seller":"jelly-cz","symbol":"SIM","quantity":"128396.000","price":"0.00131137","timestamp":1630600842,"volume":"168.37466252","buyTxId":"28ba977267a26a759f1a1c613e3255a1c0fe1e03","sellTxId":"MM-P-10090469-57074258-3-34-0"}
{"index": {"_index":"sim","_id":"1467018"}}
	{"id":1467018,"type":"buy","buyer":"onealfa","seller":"jelly13","symbol":"SIM","quantity":"249.553","price":"0.00133149","timestamp":1630600842,"volume":"0.33227763","buyTxId":"28ba977267a26a759f1a1c613e3255a1c0fe1e03","sellTxId":"a4909826a5ab551c046a2c0000a7270e0125108b"}
{"index": {"_index":"sim","_id":"1467053"}}
	{"id":1467053,"type":"buy","buyer":"d-pend","seller":"jelly13","symbol":"SIM","quantity":"49750.447","price":"0.00133149","timestamp":1630600983,"volume":"66.24222268","buyTxId":"a1d02793604be34c47f25038fa3895ac0823d540","sellTxId":"a4909826a5ab551c046a2c0000a7270e0125108b"}
{"index": {"_index":"sim","_id":"1467054"}}
	{"id":1467054,"type":"buy","buyer":"d-pend","seller":"jelly13","symbol":"SIM","quantity":"50000.000","price":"0.00133349","timestamp":1630600983,"volume":"66.67450000","buyTxId":"a1d02793604be34c47f25038fa3895ac0823d540","sellTxId":"e424e22d9ecf0eb5430427ccf63ebc3630053ab6"}
{"index": {"_index":"sim","_id":"1467055"}}
	{"id":1467055,"type":"buy","buyer":"d-pend","seller":"quekery","symbol":"SIM","quantity":"1000.000","price":"0.00135000","timestamp":1630600983,"volume":"1.35000000","buyTxId":"a1d02793604be34c47f25038fa3895ac0823d540","sellTxId":"5da381bf879f2d839391a86e40669f9c7a34b536"}
{"index": {"_index":"sim","_id":"1467057"}}
	{"id":1467057,"type":"sell","buyer":"d-pend","seller":"konvik","symbol":"SIM","quantity":"49200.794","price":"0.00135000","timestamp":1630600986,"volume":"66.42107190","buyTxId":"a1d02793604be34c47f25038fa3895ac0823d540","sellTxId":"da5d58528503091b6c706e15f1a254abfd4653b5-1"}
{"index": {"_index":"sim","_id":"1467078"}}
	{"id":1467078,"type":"sell","buyer":"d-pend","seller":"konvik","symbol":"SIM","quantity":"48.759","price":"0.00135000","timestamp":1630601109,"volume":"0.06582465","buyTxId":"a1d02793604be34c47f25038fa3895ac0823d540","sellTxId":"9df14f5876b6e38a38a6d3924c1ecec1b976827b-1"}
{"index": {"_index":"sim","_id":"1467079"}}
	{"id":1467079,"type":"sell","buyer":"enginemaker","seller":"konvik","symbol":"SIM","quantity":"19016.171","price":"0.00131001","timestamp":1630601109,"volume":"24.91137417","buyTxId":"MM-P-10092767-57076556-3-2-0","sellTxId":"9df14f5876b6e38a38a6d3924c1ecec1b976827b-1"}
{"index": {"_index":"sim","_id":"1467104"}}
	{"id":1467104,"type":"buy","buyer":"oahb132","seller":"muenchen","symbol":"SIM","quantity":"438.571","price":"0.00138000","timestamp":1630601253,"volume":"0.60522798","buyTxId":"8128bf14bad1e723995c34f765c68943147a0b8d","sellTxId":"015d2e7dc6716ce037aefccb6b5c3684a5afad6b"}
{"index": {"_index":"sim","_id":"1467119"}}
	{"id":1467119,"type":"sell","buyer":"enginemaker","seller":"oahb132","symbol":"SIM","quantity":"26.571","price":"0.00131001","timestamp":1630601340,"volume":"0.03480828","buyTxId":"MM-P-10092767-57076556-3-2-0","sellTxId":"e71bb24f08becc497e88194ecaa2061fed1ed6ea"}
{"index": {"_index":"sim","_id":"1467291"}}
	{"id":1467291,"type":"buy","buyer":"leizerstark","seller":"jelly-cz","symbol":"SIM","quantity":"13100.000","price":"0.00136947","timestamp":1630602885,"volume":"17.94005700","buyTxId":"c2f8846701350e858c47261edf2c2e7465400c36","sellTxId":"MM-P-10093067-57076856-3-34-0"}
{"index": {"_index":"sim","_id":"1467408"}}
	{"id":1467408,"type":"sell","buyer":"enginemaker","seller":"konvik","symbol":"SIM","quantity":"41.082","price":"0.00131001","timestamp":1630604256,"volume":"0.05381783","buyTxId":"MM-P-10092767-57076556-3-2-0","sellTxId":"597bd7040a9210f0193ed51341d2922916f1b936-1"}
{"index": {"_index":"sim","_id":"1467409"}}
	{"id":1467409,"type":"sell","buyer":"d-pend","seller":"konvik","symbol":"SIM","quantity":"49909.416","price":"0.00131000","timestamp":1630604256,"volume":"65.38133496","buyTxId":"b7687e48f339181a0f02db9be88f644337043388","sellTxId":"597bd7040a9210f0193ed51341d2922916f1b936-1"}
{"index": {"_index":"sim","_id":"1467418"}}
	{"id":1467418,"type":"sell","buyer":"enginemaker","seller":"konvik","symbol":"SIM","quantity":"19064.930","price":"0.00131001","timestamp":1630604412,"volume":"24.97524895","buyTxId":"MM-P-10093865-57077654-3-2-0","sellTxId":"a5c5a24a6a222741e83d6cf78e88a2e275a1e243-1"}
{"index": {"_index":"sim","_id":"1467468"}}
	{"id":1467468,"type":"buy","buyer":"ctrlyse","seller":"nftmart.fees","symbol":"SIM","quantity":"81.000","price":"0.00136945","timestamp":1630605177,"volume":"0.11092545","buyTxId":"fef4f30c281de04a756f1d16cf682f3eb27e11ae","sellTxId":"f1b9cb0b3d0d74f2542e92bd7fd9b4566e302e1f-0"}
{"index": {"_index":"sim","_id":"1467470"}}
	{"id":1467470,"type":"buy","buyer":"ctrlyse","seller":"jelly-cz","symbol":"SIM","quantity":"5296.000","price":"0.00136947","timestamp":1630605207,"volume":"7.25271312","buyTxId":"e3cf104be3252006374a76573dd2def4f6316333","sellTxId":"MM-P-10093067-57076856-3-34-0"}
{"index": {"_index":"sim","_id":"1467471"}}
	{"id":1467471,"type":"buy","buyer":"ctrlyse","seller":"enginemaker","symbol":"SIM","quantity":"14375.255","price":"0.00136949","timestamp":1630605234,"volume":"19.68676797","buyTxId":"3c550508102133fa8856a9630d200f5dd14e6680","sellTxId":"MM-P-10093067-57076856-3-2-0"}
{"index": {"_index":"sim","_id":"1467499"}}
	{"id":1467499,"type":"sell","buyer":"enginemaker","seller":"carlagonz","symbol":"SIM","quantity":"18.894","price":"0.00131001","timestamp":1630605642,"volume":"0.02475133","buyTxId":"MM-P-10093865-57077654-3-2-0","sellTxId":"0f4b6c629a8d381e0cded40e056f9a893adc1a6c"}
{"index": {"_index":"sim","_id":"1467528"}}
	{"id":1467528,"type":"buy","buyer":"enginemaker","seller":"carlagonz","symbol":"SIM","quantity":"183.106","price":"0.00131001","timestamp":1630605906,"volume":"0.23987069","buyTxId":"MM-P-10094364-57078153-3-2-0","sellTxId":"0f4b6c629a8d381e0cded40e056f9a893adc1a6c"}
{"index": {"_index":"sim","_id":"1467529"}}
	{"id":1467529,"type":"sell","buyer":"enginemaker","seller":"konvik","symbol":"SIM","quantity":"18882.006","price":"0.00131001","timestamp":1630605909,"volume":"24.73561668","buyTxId":"MM-P-10094364-57078153-3-2-0","sellTxId":"86d0ceafaa1700442258d147b580e0b40977d2e1-1"}
{"index": {"_index":"sim","_id":"1467530"}}
	{"id":1467530,"type":"sell","buyer":"enginemaker","seller":"jjb777","symbol":"SIM","quantity":"18.712","price":"0.00131001","timestamp":1630605918,"volume":"0.02451291","buyTxId":"MM-P-10094364-57078153-3-2-0","sellTxId":"f517239ece121d9600ba215ad39c512968abc1b4"}
{"index": {"_index":"sim","_id":"1467531"}}
	{"id":1467531,"type":"sell","buyer":"d-pend","seller":"jjb777","symbol":"SIM","quantity":"90.584","price":"0.00131000","timestamp":1630605918,"volume":"0.11866504","buyTxId":"b7687e48f339181a0f02db9be88f644337043388","sellTxId":"f517239ece121d9600ba215ad39c512968abc1b4"}
{"index": {"_index":"sim","_id":"1467532"}}
	{"id":1467532,"type":"sell","buyer":"solovey6o2","seller":"jjb777","symbol":"SIM","quantity":"409042.120","price":"0.00130001","timestamp":1630605918,"volume":"531.75884642","buyTxId":"8bdd2adbf21fb9d0b2a4776842844e2f484c8044","sellTxId":"f517239ece121d9600ba215ad39c512968abc1b4"}
{"index": {"_index":"sim","_id":"1467604"}}
	{"id":1467604,"type":"sell","buyer":"solovey6o2","seller":"monsterjamgold","symbol":"SIM","quantity":"1867.000","price":"0.00130001","timestamp":1630606476,"volume":"2.42711867","buyTxId":"8bdd2adbf21fb9d0b2a4776842844e2f484c8044","sellTxId":"e7b72492eec32528671ed4ff2af262c486d5bb08"}
{"index": {"_index":"sim","_id":"1467673"}}
	{"id":1467673,"type":"sell","buyer":"solovey6o2","seller":"monsterjamgold","symbol":"SIM","quantity":"884.000","price":"0.00130001","timestamp":1630607607,"volume":"1.14920884","buyTxId":"8bdd2adbf21fb9d0b2a4776842844e2f484c8044","sellTxId":"0921ab50856a27e8f4522c50ee43b887daad662f"}
{"index": {"_index":"sim","_id":"1467688"}}
	{"id":1467688,"type":"buy","buyer":"soteyapanbot","seller":"jelly-cz","symbol":"SIM","quantity":"3015.000","price":"0.00131996","timestamp":1630607784,"volume":"3.97967940","buyTxId":"65b2eccb1d87dec70714f8f7fbe275b5db0ab6a2","sellTxId":"MM-P-10094964-57078753-3-34-0"}
{"index": {"_index":"sim","_id":"1467711"}}
	{"id":1467711,"type":"sell","buyer":"d-pend","seller":"fantasycrypto","symbol":"SIM","quantity":"35807.186","price":"0.00130000","timestamp":1630608078,"volume":"46.54934180","buyTxId":"d70aa6bbf58915856c02cd684fa1fec762915e51","sellTxId":"310859e91e11820ae1aefa22a2ab15ff87ec65a7"}
{"index": {"_index":"sim","_id":"1467724"}}
	{"id":1467724,"type":"sell","buyer":"d-pend","seller":"thepredator04","symbol":"SIM","quantity":"1104.000","price":"0.00130000","timestamp":1630608282,"volume":"1.43520000","buyTxId":"d70aa6bbf58915856c02cd684fa1fec762915e51","sellTxId":"4987f8da65a0dbc86faf63ade96310357bfb1357"}
{"index": {"_index":"sim","_id":"1467727"}}
	{"id":1467727,"type":"sell","buyer":"d-pend","seller":"dhedge-drips","symbol":"SIM","quantity":"0.005","price":"0.00130000","timestamp":1630608318,"volume":"0.00000650","buyTxId":"d70aa6bbf58915856c02cd684fa1fec762915e51","sellTxId":"4645b0ccd56db8c199ce0f1f4a190c282314c896"}
{"index": {"_index":"sim","_id":"1467755"}}
	{"id":1467755,"type":"sell","buyer":"d-pend","seller":"jrcornel","symbol":"SIM","quantity":"73182.000","price":"0.00130000","timestamp":1630608729,"volume":"95.13660000","buyTxId":"d70aa6bbf58915856c02cd684fa1fec762915e51","sellTxId":"e40e9f70e73cdd6f0788161603e97f85ed00a9dc"}
{"index": {"_index":"sim","_id":"1467760"}}
	{"id":1467760,"type":"sell","buyer":"d-pend","seller":"konvik","symbol":"SIM","quantity":"86797.061","price":"0.00130000","timestamp":1630608771,"volume":"112.83617930","buyTxId":"d70aa6bbf58915856c02cd684fa1fec762915e51","sellTxId":"7dd623749f1dc28f9938bdf5ed470723b4b20ecd-1"}
{"index": {"_index":"sim","_id":"1467774"}}
	{"id":1467774,"type":"buy","buyer":"egistar","seller":"jelly-cz","symbol":"SIM","quantity":"2503.912","price":"0.00130995","timestamp":1630608936,"volume":"3.28","buyTxId":"91a0679af522fbab00decb6a35a115eb6d12027b","sellTxId":"MM-P-10095364-57079153-3-34-0"}
{"index": {"_index":"sim","_id":"1467786"}}
	{"id":1467786,"type":"sell","buyer":"d-pend","seller":"yorra","symbol":"SIM","quantity":"156.265","price":"0.00130000","timestamp":1630608978,"volume":"0.20314450","buyTxId":"d70aa6bbf58915856c02cd684fa1fec762915e51","sellTxId":"572fbd599ae995bf47dd3040cd783bfcef2ddd83"}
{"index": {"_index":"sim","_id":"1467795"}}
	{"id":1467795,"type":"sell","buyer":"d-pend","seller":"vintherinvest","symbol":"SIM","quantity":"2953.483","price":"0.00130000","timestamp":1630609044,"volume":"3.83952790","buyTxId":"d70aa6bbf58915856c02cd684fa1fec762915e51","sellTxId":"e5e2daf618441a45d548898054ecf484d26a5483"}
{"index": {"_index":"sim","_id":"1467814"}}
	{"id":1467814,"type":"sell","buyer":"pi-trader","seller":"leizerstark","symbol":"SIM","quantity":"13391.000","price":"0.00125001","timestamp":1630609371,"volume":"16.73888391","buyTxId":"4b3d58e3b37ab3a08a40d2df31a305d8a0bc0d9b","sellTxId":"c749bb56209b825ee47af4cb460392878e4c6835"}
{"index": {"_index":"sim","_id":"1467822"}}
	{"id":1467822,"type":"buy","buyer":"wizzitywillican","seller":"solovey6o2","symbol":"SIM","quantity":"122.000","price":"0.00129995","timestamp":1630609476,"volume":"0.15859390","buyTxId":"4dddb9c4a6f79b4775ea9a03f2396655f771b104","sellTxId":"501f8705bd7e38a71bbd85dd5797638eea7792a9"}
{"index": {"_index":"sim","_id":"1467823"}}
	{"id":1467823,"type":"buy","buyer":"konvik","seller":"enginemaker","symbol":"SIM","quantity":"43081.680","price":"0.00128995","timestamp":1630609509,"volume":"55.57321312","buyTxId":"4f2ee44e04f23d297f59ee5849f855da9ff08917-0","sellTxId":"MM-P-10095564-57079353-3-2-0"}
{"index": {"_index":"sim","_id":"1467878"}}
	{"id":1467878,"type":"buy","buyer":"nyxlabs","seller":"nftmart.fees","symbol":"SIM","quantity":"71.000","price":"0.00129998","timestamp":1630610496,"volume":"0.09229858","buyTxId":"2752bd162f4d193445b28a7047340345cd09cad5","sellTxId":"f1301791c939e5ef0e353671c713ceea8df8f422-0"}
{"index": {"_index":"sim","_id":"1467879"}}
	{"id":1467879,"type":"buy","buyer":"nyxlabs","seller":"vintherinvest","symbol":"SIM","quantity":"365.734","price":"0.00130000","timestamp":1630610496,"volume":"0.47545420","buyTxId":"2752bd162f4d193445b28a7047340345cd09cad5","sellTxId":"e5e2daf618441a45d548898054ecf484d26a5483"}
{"index": {"_index":"sim","_id":"1467882"}}
	{"id":1467882,"type":"sell","buyer":"nyxlabs","seller":"kaeptn-iglo","symbol":"SIM","quantity":"1063.266","price":"0.00130000","timestamp":1630610517,"volume":"1.38224580","buyTxId":"2752bd162f4d193445b28a7047340345cd09cad5","sellTxId":"7c30045b261da39512b8bf40a73bcd953528b761"}
{"index": {"_index":"sim","_id":"1467883"}}
	{"id":1467883,"type":"sell","buyer":"eirik","seller":"kaeptn-iglo","symbol":"SIM","quantity":"1500.000","price":"0.00125000","timestamp":1630610517,"volume":"1.87500000","buyTxId":"b673ff44450fe01e3f10410fbfc6dcdff8fbdde3","sellTxId":"7c30045b261da39512b8bf40a73bcd953528b761"}
{"index": {"_index":"sim","_id":"1467884"}}
	{"id":1467884,"type":"buy","buyer":"konvik","seller":"kaeptn-iglo","symbol":"SIM","quantity":"3685.734","price":"0.00125000","timestamp":1630610520,"volume":"4.60716750","buyTxId":"1f0a7dfb668172027cba8f259998d7a1d1011bd3-0","sellTxId":"7c30045b261da39512b8bf40a73bcd953528b761"}
{"index": {"_index":"sim","_id":"1467886"}}
	{"id":1467886,"type":"buy","buyer":"konvik","seller":"dera123","symbol":"SIM","quantity":"23158.694","price":"0.00128000","timestamp":1630610529,"volume":"29.64312832","buyTxId":"2097605b08b968df761f7d2e04cd220e1a479c7b-0","sellTxId":"be28cba975cf41b9cf1012371da5148fb136ddfe"}
{"index": {"_index":"sim","_id":"1468010"}}
	{"id":1468010,"type":"sell","buyer":"pi-trader","seller":"lammbock","symbol":"SIM","quantity":"456.062","price":"0.00121001","timestamp":1630611873,"volume":"0.55183958","buyTxId":"aff03a3d8a5be11d5e196df8e6978baee381b9a2","sellTxId":"09f3d19377b33c87735d5df7045469502b4d391d"}
{"index": {"_index":"sim","_id":"1468113"}}
	{"id":1468113,"type":"sell","buyer":"pi-trader","seller":"solarpowers","symbol":"SIM","quantity":"6866.000","price":"0.00121001","timestamp":1630613088,"volume":"8.30792866","buyTxId":"97e1e7339f891bfe7799b2941ff6067244685d8f-1","sellTxId":"891838ebb22bc12a32e643ef6f969be5b943a1d6"}
{"index": {"_index":"sim","_id":"1468173"}}
	{"id":1468173,"type":"sell","buyer":"pi-trader","seller":"steemstreems","symbol":"SIM","quantity":"5671.004","price":"0.00121001","timestamp":1630613604,"volume":"6.86197155","buyTxId":"b967b19ea82387bab73b759588cec56b546195fd-1","sellTxId":"0c2858cc91543ff9f2fa743d95a0ab5cb1b19a08"}
{"index": {"_index":"sim","_id":"1468232"}}
	{"id":1468232,"type":"sell","buyer":"pi-trader","seller":"gamsam","symbol":"SIM","quantity":"24121","price":"0.00121001","timestamp":1630614324,"volume":"29.18665121","buyTxId":"e8166850c5bfc712551158a28f365d0ccc480569-1","sellTxId":"9d3417353d081dcc89e124946daa414cbaecd2a0"}
{"index": {"_index":"sim","_id":"1468235"}}
	{"id":1468235,"type":"sell","buyer":"pi-trader","seller":"patrickulrich","symbol":"SIM","quantity":"706.000","price":"0.00121001","timestamp":1630614375,"volume":"0.85426706","buyTxId":"3a96e8a9d7c5bd647622d1cfa918eae4b58d7062-1","sellTxId":"b23eef84ba6c877fa8a177dee0a33d892d023429"}
{"index": {"_index":"sim","_id":"1468254"}}
	{"id":1468254,"type":"sell","buyer":"pi-trader","seller":"peerfinance","symbol":"SIM","quantity":"707.472","price":"0.00121001","timestamp":1630614669,"volume":"0.85604819","buyTxId":"bd9d739ef82eadff5cb17e0cbdcceec972f3cbe1-1","sellTxId":"73122d3d26079cfaa41c34b4f63edd4b62797309"}
{"index": {"_index":"sim","_id":"1468296"}}
	{"id":1468296,"type":"sell","buyer":"pi-trader","seller":"fratellodes","symbol":"SIM","quantity":"1797.000","price":"0.00121001","timestamp":1630615437,"volume":"2.17438797","buyTxId":"bdbd24ff5792d3f25fcaad513619d699449fd376-1","sellTxId":"241ecb250635641b071e15fa8049614cdd9df8c1"}
{"index": {"_index":"sim","_id":"1468320"}}
	{"id":1468320,"type":"sell","buyer":"pi-trader","seller":"captaincryptic","symbol":"SIM","quantity":"1137.006","price":"0.00121001","timestamp":1630616013,"volume":"1.37578863","buyTxId":"e6f77b698b37f52a74676f48190984160757ff4b-1","sellTxId":"545b506edd63be938fe4b3610fa1139fe1f028b0"}
{"index": {"_index":"sim","_id":"1468323"}}
	{"id":1468323,"type":"sell","buyer":"pi-trader","seller":"deathwing","symbol":"SIM","quantity":"1174","price":"0.00121001","timestamp":1630616106,"volume":"1.42055174","buyTxId":"ee6dbcb35db98022c539986365bb558975e260c8-1","sellTxId":"e253e1410d6fb4b7197ffa4902664f88d1b665ab-0"}
{"index": {"_index":"sim","_id":"1468383"}}
	{"id":1468383,"type":"sell","buyer":"pi-trader","seller":"m2nnari","symbol":"SIM","quantity":"8469.500","price":"0.00121001","timestamp":1630616538,"volume":"10.24817970","buyTxId":"4863fc7f71995f5d165ff27b9676103bf5566bee-1","sellTxId":"031ea6803307faeb04f2d264ddeaeb2158cf4677"}
{"index": {"_index":"sim","_id":"1468427"}}
	{"id":1468427,"type":"sell","buyer":"pi-trader","seller":"inri","symbol":"SIM","quantity":"30000.000","price":"0.00121001","timestamp":1630617105,"volume":"36.30030000","buyTxId":"9b1296f83fa50743a973a18ceca97ab0eb8dc671-1","sellTxId":"6ef4d760410e07dad297b6567f722cff0e77c67e"}
{"index": {"_index":"sim","_id":"1468428"}}
	{"id":1468428,"type":"sell","buyer":"enginemaker","seller":"inri","symbol":"SIM","quantity":"2302.028","price":"0.00121000","timestamp":1630617105,"volume":"2.78545388","buyTxId":"MM-P-10094964-57078753-3-2-0","sellTxId":"6ef4d760410e07dad297b6567f722cff0e77c67e"}
{"index": {"_index":"sim","_id":"1468492"}}
	{"id":1468492,"type":"sell","buyer":"pi-trader","seller":"taskmaster4450","symbol":"SIM","quantity":"7053.453","price":"0.00121001","timestamp":1630618179,"volume":"8.53474866","buyTxId":"cacb8ecab2449fb8854892dd398548ff5b61616e","sellTxId":"0f033a52a50908ee6f8839e264fdd19f304fa84e"}
{"index": {"_index":"sim","_id":"1468564"}}
	{"id":1468564,"type":"sell","buyer":"pi-trader","seller":"florian-glechner","symbol":"SIM","quantity":"51.000","price":"0.00121001","timestamp":1630619493,"volume":"0.06171051","buyTxId":"86d6d8f54bd616ac40234aac1a8bd9aa30ad2b85-1","sellTxId":"ada0ad77867120b3ba804ec1d3629a07da6eb7d9"}
{"index": {"_index":"sim","_id":"1468568"}}
	{"id":1468568,"type":"buy","buyer":"senstless","seller":"nftmart.fees","symbol":"SIM","quantity":"64.000","price":"0.00130988","timestamp":1630619541,"volume":"0.08383232","buyTxId":"7f00681af2a329c841777bbd46237ab31b0a4362","sellTxId":"e363571605e598735f8bcde60ad344cf14677acc-0"}
{"index": {"_index":"sim","_id":"1468569"}}
	{"id":1468569,"type":"buy","buyer":"senstless","seller":"dhedge-drips","symbol":"SIM","quantity":"0.005","price":"0.00131995","timestamp":1630619541,"volume":"0.00000660","buyTxId":"7f00681af2a329c841777bbd46237ab31b0a4362","sellTxId":"b7c497a0a9601de794f9b52986c1000fae80bd92"}
{"index": {"_index":"sim","_id":"1468570"}}
	{"id":1468570,"type":"buy","buyer":"senstless","seller":"vincentnijman","symbol":"SIM","quantity":"2786.691","price":"0.00135000","timestamp":1630619541,"volume":"3.76203285","buyTxId":"7f00681af2a329c841777bbd46237ab31b0a4362","sellTxId":"bbff325774e99cf930b89235e1450be25be6fb02"}
{"index": {"_index":"sim","_id":"1468571"}}
	{"id":1468571,"type":"buy","buyer":"senstless","seller":"muenchen","symbol":"SIM","quantity":"2734.746","price":"0.00138000","timestamp":1630619541,"volume":"3.77394948","buyTxId":"7f00681af2a329c841777bbd46237ab31b0a4362","sellTxId":"015d2e7dc6716ce037aefccb6b5c3684a5afad6b"}
{"index": {"_index":"sim","_id":"1468572"}}
	{"id":1468572,"type":"buy","buyer":"senstless","seller":"brofi-market","symbol":"SIM","quantity":"0.002","price":"0.00138895","timestamp":1630619541,"volume":"0.00000278","buyTxId":"7f00681af2a329c841777bbd46237ab31b0a4362","sellTxId":"6da759aeed68fd0c792e54a565fb8532c661afe5"}
{"index": {"_index":"sim","_id":"1468573"}}
	{"id":1468573,"type":"buy","buyer":"senstless","seller":"taitux","symbol":"SIM","quantity":"7115.000","price":"0.00140000","timestamp":1630619541,"volume":"9.96100000","buyTxId":"7f00681af2a329c841777bbd46237ab31b0a4362","sellTxId":"109a9f6b129a76526ace812fe67fb2d892624745"}
{"index": {"_index":"sim","_id":"1468574"}}
	{"id":1468574,"type":"sell","buyer":"senstless","seller":"konvik","symbol":"SIM","quantity":"13362.314","price":"0.00140000","timestamp":1630619544,"volume":"18.70723960","buyTxId":"7f00681af2a329c841777bbd46237ab31b0a4362","sellTxId":"5104c75721e782cd27750b0a7fb9080250b5073b-1"}
{"index": {"_index":"sim","_id":"1468610"}}
	{"id":1468610,"type":"sell","buyer":"senstless","seller":"tsnaks","symbol":"SIM","quantity":"13.242","price":"0.00140000","timestamp":1630620282,"volume":"0.01853880","buyTxId":"7f00681af2a329c841777bbd46237ab31b0a4362","sellTxId":"dd989c9560e8e9356386a9e9f304186fd014e8fb"}
{"index": {"_index":"sim","_id":"1468664"}}
	{"id":1468664,"type":"sell","buyer":"enginemaker","seller":"epilatero","symbol":"SIM","quantity":"1262","price":"0.00126000","timestamp":1630621278,"volume":"1.59012000","buyTxId":"MM-P-10099453-57083243-3-2-0","sellTxId":"65ddf443e6d795e2c3008cab82cf1250060dbfe6"}
{"index": {"_index":"sim","_id":"1468766"}}
	{"id":1468766,"type":"sell","buyer":"enginemaker","seller":"diegoloco","symbol":"SIM","quantity":"80.000","price":"0.00126000","timestamp":1630623435,"volume":"0.10080000","buyTxId":"MM-P-10099453-57083243-3-2-0","sellTxId":"737b017908b703477538bc41ec04d7e33d92d758"}
{"index": {"_index":"sim","_id":"1468774"}}
	{"id":1468774,"type":"buy","buyer":"liaminit1","seller":"nftmart.fees","symbol":"SIM","quantity":"137.000","price":"0.00129997","timestamp":1630623681,"volume":"0.17809589","buyTxId":"27eb39e666214eb338385de475a2e6200514c285","sellTxId":"0fc8d7a582d9906454b02990db93e8b3844e4c22-0"}
{"index": {"_index":"sim","_id":"1468775"}}
	{"id":1468775,"type":"buy","buyer":"liaminit1","seller":"tsnaks","symbol":"SIM","quantity":"1023.590","price":"0.00130000","timestamp":1630623681,"volume":"1.33066700","buyTxId":"27eb39e666214eb338385de475a2e6200514c285","sellTxId":"dd989c9560e8e9356386a9e9f304186fd014e8fb"}
{"index": {"_index":"sim","_id":"1468813"}}
	{"id":1468813,"type":"buy","buyer":"liaminit1","seller":"tsnaks","symbol":"SIM","quantity":"1721.018","price":"0.00130000","timestamp":1630624584,"volume":"2.23732340","buyTxId":"ce993c28d4177ba786eb2a220c3a4910550b8171","sellTxId":"dd989c9560e8e9356386a9e9f304186fd014e8fb"}
{"index": {"_index":"sim","_id":"1468814"}}
	{"id":1468814,"type":"buy","buyer":"liaminit1","seller":"jackofcrows","symbol":"SIM","quantity":"2691.487","price":"0.00130000","timestamp":1630624584,"volume":"3.49893310","buyTxId":"ce993c28d4177ba786eb2a220c3a4910550b8171","sellTxId":"cb760c47f37c12f89b8dbb27455c26ae06b4aef6"}
{"index": {"_index":"sim","_id":"1468815"}}
	{"id":1468815,"type":"buy","buyer":"liaminit1","seller":"enginemaker","symbol":"SIM","quantity":"2248.143","price":"0.00132000","timestamp":1630624584,"volume":"2.96754876","buyTxId":"ce993c28d4177ba786eb2a220c3a4910550b8171","sellTxId":"MM-P-10099552-57083342-3-2-0"}
{"index": {"_index":"sim","_id":"1468858"}}
	{"id":1468858,"type":"sell","buyer":"pi-trader","seller":"otherbrandt","symbol":"SIM","quantity":"25990.000","price":"0.00126001","timestamp":1630625067,"volume":"32.74765990","buyTxId":"abb7400e58c6aadb18718db666b876ebf6804550-1","sellTxId":"e43fefc2479bf4fcbf5cd32295200c7b1ce6c267"}
{"index": {"_index":"sim","_id":"1468910"}}
	{"id":1468910,"type":"sell","buyer":"pi-trader","seller":"willsaldeno","symbol":"SIM","quantity":"4082.000","price":"0.00126001","timestamp":1630625976,"volume":"5.14336082","buyTxId":"3f160bc7d159b6e4e330d27410e9543a18ebddae-1","sellTxId":"2a03748d4cef17f0ad8277404a550f41ffe304be"}
{"index": {"_index":"sim","_id":"1468951"}}
	{"id":1468951,"type":"buy","buyer":"liaminit1","seller":"nftmart.fees","symbol":"SIM","quantity":"165.000","price":"0.00131998","timestamp":1630626897,"volume":"0.21779670","buyTxId":"198955a98cd4ff8fbb168fefd98117b627de6f29","sellTxId":"4ad4c14f96df9c92c9a66aad4d2154f92c344301-0"}
{"index": {"_index":"sim","_id":"1468952"}}
	{"id":1468952,"type":"buy","buyer":"liaminit1","seller":"enginemaker","symbol":"SIM","quantity":"100.000","price":"0.00132000","timestamp":1630626897,"volume":"0.13200000","buyTxId":"198955a98cd4ff8fbb168fefd98117b627de6f29","sellTxId":"MM-P-10099552-57083342-3-2-0"}
{"index": {"_index":"sim","_id":"1468972"}}
	{"id":1468972,"type":"sell","buyer":"pi-trader","seller":"bearbear613","symbol":"SIM","quantity":"4248.652","price":"0.00126001","timestamp":1630627551,"volume":"5.35334401","buyTxId":"d951a7fad654262b6ba1d07c78073d444c5abfba-1","sellTxId":"dae2c65650ad6c53f41297eed747341ebb8cd20f"}
{"index": {"_index":"sim","_id":"1469002"}}
	{"id":1469002,"type":"sell","buyer":"pi-trader","seller":"brofi-market","symbol":"SIM","quantity":"177.409","price":"0.00126001","timestamp":1630627707,"volume":"0.22353711","buyTxId":"294e8eacd3af6acfe4faf9fd6ab8da6aa5c40778-1","sellTxId":"ff8fd6d2786cbc253bcb03571c0945b1658e7768"}
{"index": {"_index":"sim","_id":"1469028"}}
	{"id":1469028,"type":"sell","buyer":"pi-trader","seller":"ausbitbank","symbol":"SIM","quantity":"10127.54","price":"0.00126001","timestamp":1630627842,"volume":"12.76080168","buyTxId":"d15d37b63c2c90a7ce19e5ff6955a3cfd744edcf-1","sellTxId":"f33c46ae31285d682a955fa9d5b16cff8ddf621f"}
{"index": {"_index":"sim","_id":"1469363"}}
	{"id":1469363,"type":"sell","buyer":"pi-trader","seller":"votebetting","symbol":"SIM","quantity":"71.815","price":"0.00126001","timestamp":1630629213,"volume":"0.09048762","buyTxId":"176938ceac40d9e62097f51ce67e3f13f02a8693-1","sellTxId":"772717c631ebd0b36606649faba7d88b7b2a1144"}
{"index": {"_index":"sim","_id":"1469382"}}
	{"id":1469382,"type":"sell","buyer":"pi-trader","seller":"thegoliathv2","symbol":"SIM","quantity":"30000.000","price":"0.00126001","timestamp":1630629594,"volume":"37.80030000","buyTxId":"f259746cfadbd1545ac373addcee0eddb1403cda-1","sellTxId":"5b2ece968572510770e6e23240ad8d7fe448fa93"}
{"index": {"_index":"sim","_id":"1469383"}}
	{"id":1469383,"type":"sell","buyer":"enginemaker","seller":"thegoliathv2","symbol":"SIM","quantity":"10608.680","price":"0.00126000","timestamp":1630629594,"volume":"13.36693680","buyTxId":"MM-P-10099453-57083243-3-2-0","sellTxId":"5b2ece968572510770e6e23240ad8d7fe448fa93"}
{"index": {"_index":"sim","_id":"1469411"}}
	{"id":1469411,"type":"sell","buyer":"pi-trader","seller":"dhedge-drips","symbol":"SIM","quantity":"2.461","price":"0.00126001","timestamp":1630629927,"volume":"0.00310088","buyTxId":"4e9e0e468f9f9a826869f9a53cfb11a10929ebb8","sellTxId":"d295ebb5228222b6e852e85a72f417f06d93a255"}
{"index": {"_index":"sim","_id":"1469533"}}
	{"id":1469533,"type":"sell","buyer":"pi-trader","seller":"dustindivitto","symbol":"SIM","quantity":"30000.000","price":"0.00126001","timestamp":1630631859,"volume":"37.80030000","buyTxId":"a03e0742da4abd9f5e5347371a68bc228b27949b-1","sellTxId":"c6721f75f0059cd6967312dd4e5e4908c04c8a71"}
{"index": {"_index":"sim","_id":"1469534"}}
	{"id":1469534,"type":"sell","buyer":"enginemaker","seller":"dustindivitto","symbol":"SIM","quantity":"7890.590","price":"0.00126000","timestamp":1630631859,"volume":"9.94214340","buyTxId":"MM-P-10099453-57083243-3-2-0","sellTxId":"c6721f75f0059cd6967312dd4e5e4908c04c8a71"}
{"index": {"_index":"sim","_id":"1469535"}}
	{"id":1469535,"type":"sell","buyer":"solovey6o2","seller":"dustindivitto","symbol":"SIM","quantity":"17422.410","price":"0.00125001","timestamp":1630631859,"volume":"21.77818672","buyTxId":"89c82cfe2c27b0eec8f31f2ee4b2a3d05a4f504e","sellTxId":"c6721f75f0059cd6967312dd4e5e4908c04c8a71"}
{"index": {"_index":"sim","_id":"1469574"}}
	{"id":1469574,"type":"sell","buyer":"pi-trader","seller":"atongis","symbol":"SIM","quantity":"12.004","price":"0.00126001","timestamp":1630632471,"volume":"0.01512516","buyTxId":"1495658a1751b2705c5ab70953247cceba29d62e","sellTxId":"f73e3664cfc046afa76e9f22d687109a0594c80e"}
{"index": {"_index":"sim","_id":"1469623"}}
	{"id":1469623,"type":"buy","buyer":"shroomifer","seller":"nftmart.fees","symbol":"SIM","quantity":"148.000","price":"0.00131994","timestamp":1630633557,"volume":"0.19535112","buyTxId":"84550f018afdf63e801e5c3997ba7edb1b4f6a12","sellTxId":"1b7e641bdc4986d14373699439b0e7b6c901622b-0"}
{"index": {"_index":"sim","_id":"1469624"}}
	{"id":1469624,"type":"buy","buyer":"shroomifer","seller":"dhedge-drips","symbol":"SIM","quantity":"2.461","price":"0.00131997","timestamp":1630633557,"volume":"0.00324845","buyTxId":"84550f018afdf63e801e5c3997ba7edb1b4f6a12","sellTxId":"63a64ad88841b00ff70dc6a2a2a3b20ebec8cf0a"}
{"index": {"_index":"sim","_id":"1469625"}}
	{"id":1469625,"type":"buy","buyer":"shroomifer","seller":"brofi-market","symbol":"SIM","quantity":"177.409","price":"0.00131999","timestamp":1630633557,"volume":"0.23417811","buyTxId":"84550f018afdf63e801e5c3997ba7edb1b4f6a12","sellTxId":"ad421acc5ef60c2dbeb1dced8f70e3de6f583802"}
{"index": {"_index":"sim","_id":"1469626"}}
	{"id":1469626,"type":"buy","buyer":"shroomifer","seller":"enginemaker","symbol":"SIM","quantity":"1215.885","price":"0.00132000","timestamp":1630633557,"volume":"1.60496820","buyTxId":"84550f018afdf63e801e5c3997ba7edb1b4f6a12","sellTxId":"MM-P-10099552-57083342-3-2-0"}
{"index": {"_index":"sim","_id":"1469627"}}
	{"id":1469627,"type":"buy","buyer":"shroomifer","seller":"jelly-cz","symbol":"SIM","quantity":"7456.245","price":"0.00132998","timestamp":1630633557,"volume":"9.91665673","buyTxId":"84550f018afdf63e801e5c3997ba7edb1b4f6a12","sellTxId":"MM-P-10099552-57083342-3-34-0"}
{"index": {"_index":"sim","_id":"1469638"}}
	{"id":1469638,"type":"sell","buyer":"pi-trader","seller":"topdollar001","symbol":"SIM","quantity":"3045","price":"0.00126001","timestamp":1630634004,"volume":"3.83673045","buyTxId":"197bf1077430e6cf8fc5922dd22a6703f4c133c5-1","sellTxId":"64da652a0dc1b215e67b6c0b8122c50007d63f3b"}
{"index": {"_index":"sim","_id":"1469705"}}
	{"id":1469705,"type":"sell","buyer":"pi-trader","seller":"trentonlundy1","symbol":"SIM","quantity":"1.173","price":"0.00126001","timestamp":1630635174,"volume":"0.00147799","buyTxId":"2bb9a2f9f2327c99cd2c96332f4ccf2af99ff084-1","sellTxId":"06c23f74aa5f588af7320bff86d2fd75cd5d463c"}
{"index": {"_index":"sim","_id":"1469709"}}
	{"id":1469709,"type":"sell","buyer":"pi-trader","seller":"eldonburr","symbol":"SIM","quantity":"39","price":"0.00126001","timestamp":1630635267,"volume":"0.04914039","buyTxId":"0464fb62d0910240bbbd50844b5e274b257b28c8-1","sellTxId":"218e7a33a5c66fbfe97dbc273b8136fa64fc1fed"}
{"index": {"_index":"sim","_id":"1469726"}}
	{"id":1469726,"type":"sell","buyer":"pi-trader","seller":"theguruasia","symbol":"SIM","quantity":"6350.244","price":"0.00126001","timestamp":1630635495,"volume":"8.00137094","buyTxId":"52e25a344bea24bfe9e9c722a1b344193f2ed958-1","sellTxId":"7abbde45ae87d81c1538451f868e103a773b0eef"}
{"index": {"_index":"sim","_id":"1469770"}}
	{"id":1469770,"type":"sell","buyer":"pi-trader","seller":"goldcoin","symbol":"SIM","quantity":"53.412","price":"0.00126001","timestamp":1630636350,"volume":"0.06729965","buyTxId":"4723a652529ff88c800ac11f028b097838d82e9d-1","sellTxId":"3caad3f5bfe1c45a02156a43c5b0ca75594a60ad"}
{"index": {"_index":"sim","_id":"1469818"}}
	{"id":1469818,"type":"sell","buyer":"pi-trader","seller":"simplegame","symbol":"SIM","quantity":"58.863","price":"0.00126001","timestamp":1630637397,"volume":"0.07416797","buyTxId":"fde158e1aabb50d04e39a9f2e2d47b1441539fd8-1","sellTxId":"1fe13dd7e11b67ca58c6e10e3dce512e3cd78f7f"}
