{"index": {"_index":"sim","_id":"3753476"}}
	{"id":3753476,"type":"buy","buyer":"libert","seller":"pi-trader","symbol":"SIM","quantity":"7321.169","price":"0.00052997","timestamp":1655953161,"volume":"3.88","buyTxId":"559a9be680621c941c89750ee7a646fa1bc88b96","sellTxId":"d5cb06f229d9bd8e85e7effb96002111a1aca589-2"}
{"index": {"_index":"sim","_id":"3753492"}}
	{"id":3753492,"type":"sell","buyer":"pi-trader","seller":"steem82868","symbol":"SIM","quantity":"1.700","price":"0.00050005","timestamp":1655953434,"volume":"0.00085009","buyTxId":"fbbd99ffc16c158c5e9681c21c8d3edeaf9e74cf-3","sellTxId":"cf96be03bc04dab407e612d2187ff43d7b125deb"}
{"index": {"_index":"sim","_id":"3753703"}}
	{"id":3753703,"type":"sell","buyer":"pi-trader","seller":"theguruasia","symbol":"SIM","quantity":"1610.509","price":"0.00050005","timestamp":1655958945,"volume":"0.80533503","buyTxId":"15d638955a01b1f3c4ba13130f9eff169b871608-3","sellTxId":"9e00523f8a32581b3949be348b0d3833189997d8"}
{"index": {"_index":"sim","_id":"3753708"}}
	{"id":3753708,"type":"sell","buyer":"pi-trader","seller":"bearbear613","symbol":"SIM","quantity":"1383.000","price":"0.00050005","timestamp":1655959017,"volume":"0.69156915","buyTxId":"79b4711b9365f83c9d76d65e5408b0e06b00032a-3","sellTxId":"a50f6bcf25ab3bbe3a55ba1178fa338bb3e01986"}
{"index": {"_index":"sim","_id":"3754084"}}
	{"id":3754084,"type":"buy","buyer":"svirus","seller":"bala41288","symbol":"SIM","quantity":"62733.980","price":"0.00051000","timestamp":1655963430,"volume":"31.99432980","buyTxId":"35ee780c8021e68a85ec50274ccd40f7c4b6d55f-0","sellTxId":"527a991dfd2ec66138155f409bc375536e9a1302"}
{"index": {"_index":"sim","_id":"3754085"}}
	{"id":3754085,"type":"buy","buyer":"konvik","seller":"bala41288","symbol":"SIM","quantity":"0.004","price":"0.00051000","timestamp":1655963430,"volume":"0.00000204","buyTxId":"912b5daa5fc1f5824fd28c90cc16bfa5464c1229-0","sellTxId":"527a991dfd2ec66138155f409bc375536e9a1302"}
{"index": {"_index":"sim","_id":"3754353"}}
	{"id":3754353,"type":"sell","buyer":"pi-trader","seller":"theshaki","symbol":"SIM","quantity":"45.547","price":"0.00050005","timestamp":1655966685,"volume":"0.02277578","buyTxId":"4ecac0e6b2eb5da69362da86daeb6291359048a4-4","sellTxId":"c4550708aea4bcd40983636386d9ae2bc80cbfd6"}
{"index": {"_index":"sim","_id":"3754355"}}
	{"id":3754355,"type":"sell","buyer":"pi-trader","seller":"dhedge-drips","symbol":"SIM","quantity":"0.001","price":"0.00050005","timestamp":1655966718,"volume":"0.00000050","buyTxId":"d3417b5bea1fdf695c863d8c1e41430dd16d7761-1","sellTxId":"43d978a753d460d4f0438cf9e8d3ac29ce44dd5f"}
{"index": {"_index":"sim","_id":"3754510"}}
	{"id":3754510,"type":"sell","buyer":"pi-trader","seller":"hive-143869","symbol":"SIM","quantity":"0.100","price":"0.00050005","timestamp":1655968500,"volume":"0.00005001","buyTxId":"7bb073c8ce9b19514c82a91a79113016666b6843-1","sellTxId":"75fdde8e098ae5b7afc450e35021b8f55f8c3245"}
{"index": {"_index":"sim","_id":"3754938"}}
	{"id":3754938,"type":"buy","buyer":"bitcoinportugal","seller":"pi-trader","symbol":"SIM","quantity":"1416.123","price":"0.00052997","timestamp":1655975061,"volume":"0.75050271","buyTxId":"3a540825ab37c680237f434d2f2a5329927aa4c6","sellTxId":"7cc4092d4625d08a2c9e63fb39bae766463ab1b8-2"}
{"index": {"_index":"sim","_id":"3755153"}}
	{"id":3755153,"type":"sell","buyer":"pi-trader","seller":"medaymane","symbol":"SIM","quantity":"2821.500","price":"0.00050005","timestamp":1655977482,"volume":"1.41089108","buyTxId":"0e595a8fec990d4442381a552e6dbc5bc2ce8ed9-1","sellTxId":"0f3a5e2a79e5165bdbc06b2326d36a75d4a5f90b"}
{"index": {"_index":"sim","_id":"3755260"}}
	{"id":3755260,"type":"sell","buyer":"pi-trader","seller":"medaymane","symbol":"SIM","quantity":"5225.000","price":"0.00050005","timestamp":1655979495,"volume":"2.61276125","buyTxId":"a5bf15ff8e34d1220da8cc8154514dc8f5f928d0-3","sellTxId":"af1a863559f5d194fba34ecefb7aee2b8f070cab"}
{"index": {"_index":"sim","_id":"3755261"}}
	{"id":3755261,"type":"sell","buyer":"pi-trader","seller":"itharagaian","symbol":"SIM","quantity":"0.100","price":"0.00050005","timestamp":1655979540,"volume":"0.00005001","buyTxId":"ac62a5e1a1ff0240417007deb18baecad42ebbd1-3","sellTxId":"460ea24136b6c5718468e760afd1a037f47904b0"}
{"index": {"_index":"sim","_id":"3755854"}}
	{"id":3755854,"type":"sell","buyer":"pi-trader","seller":"cursephantom","symbol":"SIM","quantity":"0.120","price":"0.00050005","timestamp":1655984505,"volume":"0.00006001","buyTxId":"07ac0f7c0413f82e0c7f3b6592d7fc8aa225d2f4-1","sellTxId":"5b725f6d42ed78433060cc853a40d48947443d9f"}
{"index": {"_index":"sim","_id":"3756684"}}
	{"id":3756684,"type":"buy","buyer":"soteyapanbot","seller":"pi-trader","symbol":"SIM","quantity":"7885.000","price":"0.00052996","timestamp":1655993964,"volume":"4.17873460","buyTxId":"861937414d59a10f43b1092b0ded4b42977494da","sellTxId":"4dc581afe2789bfdcd67a67703f9c80f3384170f-4"}
{"index": {"_index":"sim","_id":"3756715"}}
	{"id":3756715,"type":"buy","buyer":"floki-skarsgaard","seller":"pi-trader","symbol":"SIM","quantity":"20000.000","price":"0.00052996","timestamp":1655994354,"volume":"10.59920000","buyTxId":"23d695372291ac4beac10a3883f5a2fa72abd942","sellTxId":"9c9735f4e84aaeafbce20ae5a5588d2d688000f9-2"}
{"index": {"_index":"sim","_id":"3756855"}}
	{"id":3756855,"type":"sell","buyer":"pi-trader","seller":"onestrong","symbol":"SIM","quantity":"3898.000","price":"0.00050005","timestamp":1655996535,"volume":"1.94919490","buyTxId":"c0b4b1df5427de28a7510d477055f59b4f510a95-1","sellTxId":"dd8443d20abf38aa5ed3dac56d28a91e1248f37a"}
{"index": {"_index":"sim","_id":"3758017"}}
	{"id":3758017,"type":"sell","buyer":"pi-trader","seller":"theclasser1","symbol":"SIM","quantity":"150000.000","price":"0.00050006","timestamp":1656008826,"volume":"75.00900000","buyTxId":"580e64ca06b01c8b693fbc9cd54e11faff3cbf40-3","sellTxId":"b365227ffa9c00214dd69d3de936e71001b2da18"}
{"index": {"_index":"sim","_id":"3758018"}}
	{"id":3758018,"type":"sell","buyer":"he-index","seller":"theclasser1","symbol":"SIM","quantity":"41.996","price":"0.00050005","timestamp":1656008826,"volume":"0.02100010","buyTxId":"75013d71a0211cf0b7e4dbc6d07f53c2c4e6a140","sellTxId":"b365227ffa9c00214dd69d3de936e71001b2da18"}
{"index": {"_index":"sim","_id":"3758019"}}
	{"id":3758019,"type":"sell","buyer":"wine-cellar","seller":"theclasser1","symbol":"SIM","quantity":"1100.000","price":"0.00050004","timestamp":1656008826,"volume":"0.55004400","buyTxId":"5c4d243a9bd07fe1c074dbdfc8adeeef9b4b8861","sellTxId":"b365227ffa9c00214dd69d3de936e71001b2da18"}
{"index": {"_index":"sim","_id":"3758020"}}
	{"id":3758020,"type":"sell","buyer":"onlydoge","seller":"theclasser1","symbol":"SIM","quantity":"10283.833","price":"0.00048620","timestamp":1656008826,"volume":"4.99999960","buyTxId":"97cef82cc2d97d3292748b4f8fbcba4889d7c7a8","sellTxId":"b365227ffa9c00214dd69d3de936e71001b2da18"}
{"index": {"_index":"sim","_id":"3758021"}}
	{"id":3758021,"type":"sell","buyer":"desertjoe","seller":"theclasser1","symbol":"SIM","quantity":"40000.000","price":"0.00048610","timestamp":1656008826,"volume":"19.44400000","buyTxId":"f20c4248e52bf269b7f8e2addba2cc97378b52ed","sellTxId":"b365227ffa9c00214dd69d3de936e71001b2da18"}
{"index": {"_index":"sim","_id":"3758022"}}
	{"id":3758022,"type":"sell","buyer":"enginemaker","seller":"theclasser1","symbol":"SIM","quantity":"35279.273","price":"0.00048600","timestamp":1656008826,"volume":"17.14572667","buyTxId":"MM-P-18071950-65062861-3-2-0","sellTxId":"b365227ffa9c00214dd69d3de936e71001b2da18"}
{"index": {"_index":"sim","_id":"3758023"}}
	{"id":3758023,"type":"sell","buyer":"d-pend","seller":"theclasser1","symbol":"SIM","quantity":"250000.000","price":"0.00047600","timestamp":1656008826,"volume":"119.00000000","buyTxId":"6b5dcda2e4adc5aab28c83c3888ce197229018cc","sellTxId":"b365227ffa9c00214dd69d3de936e71001b2da18"}
{"index": {"_index":"sim","_id":"3758024"}}
	{"id":3758024,"type":"sell","buyer":"myothuzar","seller":"theclasser1","symbol":"SIM","quantity":"26531.149","price":"0.00045701","timestamp":1656008826,"volume":"12.12500040","buyTxId":"d41ca4a6fc23175acf215c8a32438400d53980ca","sellTxId":"b365227ffa9c00214dd69d3de936e71001b2da18"}
{"index": {"_index":"sim","_id":"3758035"}}
	{"id":3758035,"type":"sell","buyer":"pi-trader","seller":"leizerstark","symbol":"SIM","quantity":"542.000","price":"0.00045702","timestamp":1656009024,"volume":"0.24770484","buyTxId":"3532ae3bfbebe6d9eaade55a12a6e87a770e218f-2","sellTxId":"b2306654d297305fe98b9c9ecf60c1838cd60162"}
{"index": {"_index":"sim","_id":"3758074"}}
	{"id":3758074,"type":"buy","buyer":"cardi0","seller":"enginemaker","symbol":"SIM","quantity":"35279.273","price":"0.00050998","timestamp":1656009348,"volume":"17.99172364","buyTxId":"706504973ecac56260e933c97afd2660b2b0d0a7","sellTxId":"MM-P-18531828-65523606-3-2-1"}
{"index": {"_index":"sim","_id":"3758135"}}
	{"id":3758135,"type":"sell","buyer":"pi-trader","seller":"elevator09","symbol":"SIM","quantity":"2825.992","price":"0.00045702","timestamp":1656009801,"volume":"1.29153486","buyTxId":"b7d8ea32c7c6259a76b40bf1377bc2df74a85dd4-3","sellTxId":"9ee9863b734f2add6af0d4cc66cae33eee4e3f1e"}
{"index": {"_index":"sim","_id":"3758539"}}
	{"id":3758539,"type":"sell","buyer":"pi-trader","seller":"rarej","symbol":"SIM","quantity":"3287.258","price":"0.00045716","timestamp":1656013236,"volume":"1.50280287","buyTxId":"640a8204bb1b1665e5318fdee6e6fb13e16e486d-1","sellTxId":"dee7d5053d00389b12d32e82499ea266d0f5ff0b"}
{"index": {"_index":"sim","_id":"3758631"}}
	{"id":3758631,"type":"buy","buyer":"maryjane.main","seller":"pi-trader","symbol":"SIM","quantity":"6000.000","price":"0.00051987","timestamp":1656014292,"volume":"3.11922000","buyTxId":"90ced2482086cf3ec807a3da1f515499c04cef76","sellTxId":"dab382b7c8ba091565dc504c10de62409655f434-1"}
{"index": {"_index":"sim","_id":"3758641"}}
	{"id":3758641,"type":"sell","buyer":"pi-trader","seller":"bearbear613","symbol":"SIM","quantity":"683.000","price":"0.00045722","timestamp":1656014547,"volume":"0.31228126","buyTxId":"6936c4c7f5bf5603b691e0368b7fe1b98b66db16-1","sellTxId":"d4162267a35b9fe0317ae952395f5156e22e21bb"}
{"index": {"_index":"sim","_id":"3758652"}}
	{"id":3758652,"type":"sell","buyer":"pi-trader","seller":"kaeves4711","symbol":"SIM","quantity":"77920.170","price":"0.00045724","timestamp":1656014706,"volume":"35.62821853","buyTxId":"7f468ecc6b3aaada6709e79e886800a6daaec237-1","sellTxId":"62ca35ad6048b8772be84158e56c920483de2bc4"}
{"index": {"_index":"sim","_id":"3758653"}}
	{"id":3758653,"type":"buy","buyer":"konvik","seller":"balte","symbol":"SIM","quantity":"11176.000","price":"0.00050000","timestamp":1656014715,"volume":"5.58800000","buyTxId":"eeeec02b29b215274f8c08b8cf098395b0156fb6-0","sellTxId":"5b52a54cd010f806a29c71ebdd51d8c17356c523"}
{"index": {"_index":"sim","_id":"3758792"}}
	{"id":3758792,"type":"buy","buyer":"bitcoinportugal","seller":"pi-trader","symbol":"SIM","quantity":"1500.000","price":"0.00051987","timestamp":1656016734,"volume":"0.77980500","buyTxId":"28ebe321446fada8532bed5c06c75d1d1f0c5fa8","sellTxId":"e29cd66088c02cdcfd26e9e4f7c7b89eb878375f-4"}
{"index": {"_index":"sim","_id":"3758826"}}
	{"id":3758826,"type":"buy","buyer":"maryjane.main","seller":"pi-trader","symbol":"SIM","quantity":"7000.000","price":"0.00051987","timestamp":1656017349,"volume":"3.63909000","buyTxId":"620e5488c1c0a662b2083ff883ce1878927764de","sellTxId":"c9f69b6dabf6bc0c80f9795707ac0d8d44a8641f-6"}
{"index": {"_index":"sim","_id":"3759168"}}
	{"id":3759168,"type":"sell","buyer":"ana-maria","seller":"medaymane","symbol":"SIM","quantity":"250.000","price":"0.00051100","timestamp":1656021723,"volume":"0.12775000","buyTxId":"f5b349106d4d6f6b9400e3a5a08391a103dc9f3e","sellTxId":"c726ea6bfea30d82e1fdba8b0340ee1450cb9d43"}
{"index": {"_index":"sim","_id":"3759186"}}
	{"id":3759186,"type":"buy","buyer":"thedoc07","seller":"medaymane","symbol":"SIM","quantity":"2552.360","price":"0.00051100","timestamp":1656022122,"volume":"1.30425596","buyTxId":"0013f1f73f5641398bbb78de060dc80146086e4b","sellTxId":"c726ea6bfea30d82e1fdba8b0340ee1450cb9d43"}
{"index": {"_index":"sim","_id":"3759187"}}
	{"id":3759187,"type":"sell","buyer":"thedoc07","seller":"konvik","symbol":"SIM","quantity":"7732.018","price":"0.00051979","timestamp":1656022125,"volume":"4.01902564","buyTxId":"0013f1f73f5641398bbb78de060dc80146086e4b","sellTxId":"8f1cca017cc4b8d1bdc057c15e06d082a1ddc4cf-1"}
{"index": {"_index":"sim","_id":"3759188"}}
	{"id":3759188,"type":"sell","buyer":"pi-trader","seller":"thegoliath","symbol":"SIM","quantity":"150000.000","price":"0.00046902","timestamp":1656022137,"volume":"70.35300000","buyTxId":"4c161eaeacd91fd7114bd281837842f3cc9d2eac-0","sellTxId":"83239415203735bbe7672bcd95a25709911c522c"}
{"index": {"_index":"sim","_id":"3759189"}}
	{"id":3759189,"type":"buy","buyer":"konvik","seller":"thegoliath","symbol":"SIM","quantity":"336464.046","price":"0.00046902","timestamp":1656022140,"volume":"157.80836685","buyTxId":"fcd2203bdd23946442b20e4968493250ad37bfb2-0","sellTxId":"83239415203735bbe7672bcd95a25709911c522c"}
{"index": {"_index":"sim","_id":"3759675"}}
	{"id":3759675,"type":"sell","buyer":"pi-trader","seller":"andy4475","symbol":"SIM","quantity":"97.282","price":"0.00046903","timestamp":1656027489,"volume":"0.04562818","buyTxId":"206b11ab62af012192866fde1d6156abf785a978-2","sellTxId":"908c7754eb84278c181c3940a017198f815c3f83"}
{"index": {"_index":"sim","_id":"3759722"}}
	{"id":3759722,"type":"sell","buyer":"pi-trader","seller":"arpuch","symbol":"SIM","quantity":"474.362","price":"0.00046902","timestamp":1656028017,"volume":"0.22248527","buyTxId":"5b1bee40044d261cd9d8880abe79a6098f97cd46-1","sellTxId":"62ae8bb2ed32a7766530a813ab7a2842997dfb73"}
{"index": {"_index":"sim","_id":"3759913"}}
	{"id":3759913,"type":"sell","buyer":"pi-trader","seller":"elianaicgomes","symbol":"SIM","quantity":"4062.746","price":"0.00046906","timestamp":1656030726,"volume":"1.90567164","buyTxId":"0d8345a325905d93b67fd2ab49e3db98b98c518b-1","sellTxId":"b58f31b5f476f09d0ebf10e75fa26fd09b3a3331"}
{"index": {"_index":"sim","_id":"3759975"}}
	{"id":3759975,"type":"sell","buyer":"pi-trader","seller":"dhedge-drips","symbol":"SIM","quantity":"12.499","price":"0.00046906","timestamp":1656031518,"volume":"0.00586278","buyTxId":"7dce5fcd0f8e018858a6d1e8ef071d573787a831-4","sellTxId":"227178390f1f4e39f7a0cc4f1d5068a33e41c560"}
{"index": {"_index":"sim","_id":"3760195"}}
	{"id":3760195,"type":"sell","buyer":"pi-trader","seller":"thranax","symbol":"SIM","quantity":"12.000","price":"0.00046906","timestamp":1656034776,"volume":"0.00562872","buyTxId":"26565711716898323fb9a4315e7b34b6cc250b0f-3","sellTxId":"8dd9ff6e428d373d4b10c854b8a91239feedfccc"}
{"index": {"_index":"sim","_id":"3760239"}}
	{"id":3760239,"type":"buy","buyer":"bhattg","seller":"alexandrzombi","symbol":"SIM","quantity":"20.102","price":"0.00051000","timestamp":1656035865,"volume":"0.01025202","buyTxId":"8c0436a4174735a3ca646f0113cab907086aa558","sellTxId":"76eed3ce3a7298016730180a5b12910a9671d596"}
{"index": {"_index":"sim","_id":"3760240"}}
	{"id":3760240,"type":"buy","buyer":"bhattg","seller":"dhedge-drips","symbol":"SIM","quantity":"12.499","price":"0.00051000","timestamp":1656035865,"volume":"0.00637449","buyTxId":"8c0436a4174735a3ca646f0113cab907086aa558","sellTxId":"b6de59f242933c5075dab33f61afcb69f14e53de"}
{"index": {"_index":"sim","_id":"3760282"}}
	{"id":3760282,"type":"sell","buyer":"bhattg","seller":"pjansen","symbol":"SIM","quantity":"19656.142","price":"0.00051000","timestamp":1656036420,"volume":"10.02463242","buyTxId":"8c0436a4174735a3ca646f0113cab907086aa558","sellTxId":"475012d8a511a0ca65eba1dccaa4b52abf384686"}
{"index": {"_index":"sim","_id":"3760420"}}
	{"id":3760420,"type":"buy","buyer":"queenstarr","seller":"pi-trader","symbol":"SIM","quantity":"15000.000","price":"0.00051986","timestamp":1656038223,"volume":"7.79790000","buyTxId":"e2c42e99fde4699076177d49d145c2f4ff8d33f2","sellTxId":"1ac0f7ed367fe69bafbc3fdfcfd05fe002b36b20-3"}
{"index": {"_index":"sim","_id":"3760467"}}
	{"id":3760467,"type":"buy","buyer":"libert","seller":"pi-trader","symbol":"SIM","quantity":"7694.379","price":"0.00051986","timestamp":1656038334,"volume":"4","buyTxId":"0bb7eb1f6f1531bf9f24618b095ad45adaa8618c","sellTxId":"59ddf2423708ae0541690cd26f1e607929ee9a89-2"}
{"index": {"_index":"sim","_id":"3760491"}}
	{"id":3760491,"type":"buy","buyer":"maryjane.main","seller":"pi-trader","symbol":"SIM","quantity":"600.000","price":"0.00051986","timestamp":1656038523,"volume":"0.31191600","buyTxId":"4c1809b0b0fd173637acee4d611d914333705bdf","sellTxId":"6e009d87e1756c1bdaf29a6796aa03daa91d4f9b-2"}
