{"id":4786529,"type":"sell","buyer":"maryjane.main","seller":"bhoa","symbol":"SIM","quantity":"175.967","price":"0.00035300","timestamp":1668492315,"volume":"0.06211635","buyTxId":"84ddb47d333903bdaebb2da22a093080359e721e","sellTxId":"7fbe9872b6c93c45d913befffa3bb91b274b0a5d"}
{"id":4786530,"type":"sell","buyer":"all.coin.hive","seller":"bhoa","symbol":"SIM","quantity":"8545.033","price":"0.00034510","timestamp":1668492315,"volume":"2.94889089","buyTxId":"c37121680f9c198f274497ad0ca189ae3b72afdc-0","sellTxId":"7fbe9872b6c93c45d913befffa3bb91b274b0a5d"}
{"id":4787509,"type":"buy","buyer":"lookplz","seller":"nftmart.fees","symbol":"SIM","quantity":"33.000","price":"0.00035413","timestamp":1668504264,"volume":"0.01168629","buyTxId":"14d4a874a912dabba3dfdf030f7710fd27acb462","sellTxId":"16df3338bfbef23674a06a9267da65527e046818-0"}
{"id":4787510,"type":"buy","buyer":"lookplz","seller":"master-lamps","symbol":"SIM","quantity":"7516.295","price":"0.00035421","timestamp":1668504264,"volume":"2.66234685","buyTxId":"14d4a874a912dabba3dfdf030f7710fd27acb462","sellTxId":"5bdd52e8148f14590d3f1942f50a1e4c87cd0261"}
{"id":4787511,"type":"buy","buyer":"lookplz","seller":"jelly-cz","symbol":"SIM","quantity":"40450.705","price":"0.00035422","timestamp":1668504264,"volume":"14.32844873","buyTxId":"14d4a874a912dabba3dfdf030f7710fd27acb462","sellTxId":"MM-P-22679105-69676264-3-31-0"}
{"id":4787520,"type":"sell","buyer":"lookplz","seller":"mango-juice","symbol":"SIM","quantity":"434.000","price":"0.00034800","timestamp":1668504333,"volume":"0.15103200","buyTxId":"0299324620cbc9bf397c4fe8a7fdb1335a9eabd9","sellTxId":"c47dc27abf062c3aa28d6a382acd80cc24a1fbc8"}
{"id":4787884,"type":"buy","buyer":"savagebits","seller":"god0","symbol":"SIM","quantity":"173769.894","price":"0.00035409","timestamp":1668507102,"volume":"61.53018177","buyTxId":"4af0834a6d6aea1e84c7cbe41fa147a047350345","sellTxId":"326404317baf8bdc9489edcdd3b667575a12a597-1"}
{"id":4787885,"type":"buy","buyer":"savagebits","seller":"nftmart.fees","symbol":"SIM","quantity":"30.000","price":"0.00035410","timestamp":1668507102,"volume":"0.01062300","buyTxId":"4af0834a6d6aea1e84c7cbe41fa147a047350345","sellTxId":"57acc4d655567de6f547b8dda995d9b0ddeb6f3e-0"}
{"id":4787886,"type":"buy","buyer":"savagebits","seller":"jelly-cz","symbol":"SIM","quantity":"7888.295","price":"0.00035422","timestamp":1668507102,"volume":"2.79419185","buyTxId":"4af0834a6d6aea1e84c7cbe41fa147a047350345","sellTxId":"MM-P-22679105-69676264-3-31-0"}
{"id":4787887,"type":"buy","buyer":"savagebits","seller":"archon-drips","symbol":"SIM","quantity":"28.354","price":"0.00037130","timestamp":1668507102,"volume":"0.01052784","buyTxId":"4af0834a6d6aea1e84c7cbe41fa147a047350345","sellTxId":"327791d6470fcc5a21745ade5633557f8fb2f074"}
{"id":4787888,"type":"buy","buyer":"savagebits","seller":"he-index","symbol":"SIM","quantity":"0.002","price":"0.00037286","timestamp":1668507102,"volume":"0.00000075","buyTxId":"4af0834a6d6aea1e84c7cbe41fa147a047350345","sellTxId":"07397ae96a24d355fe50d3fb091228651a361929"}
{"id":4787889,"type":"buy","buyer":"savagebits","seller":"gamsam.pop","symbol":"SIM","quantity":"18283.455","price":"0.00038670","timestamp":1668507102,"volume":"7.07021205","buyTxId":"4af0834a6d6aea1e84c7cbe41fa147a047350345","sellTxId":"9c15d1b0afde5c9e76edd592a661c327072ae2f5"}
{"id":4788509,"type":"buy","buyer":"evernoticethat","seller":"jelly-cz","symbol":"SIM","quantity":"2000.000","price":"0.00036041","timestamp":1668512508,"volume":"0.72082000","buyTxId":"2b3e889eb9e4770b40eeb195947249aac5dd3bcc","sellTxId":"MM-P-22685100-69682259-3-31-0"}
{"id":4788730,"type":"sell","buyer":"leosoph","seller":"ieronimus","symbol":"SIM","quantity":"0.001","price":"0.00035000","timestamp":1668514350,"volume":"0.00000035","buyTxId":"095076eea8f684024efdf35f102b302c6c41917a","sellTxId":"83a6710f7edaa8288adf1b4a0172da4f8430245e"}
{"id":4789531,"type":"sell","buyer":"god0","seller":"elevator09","symbol":"SIM","quantity":"1352.685","price":"0.00035003","timestamp":1668520095,"volume":"0.47348033","buyTxId":"402a305e74fd1cf812ff7d2161ecf453813cd9cf-0","sellTxId":"23fb2362df53fab618a319819ac162114e49a480"}
{"id":4789992,"type":"sell","buyer":"master-lamps","seller":"bitcoinflood","symbol":"SIM","quantity":"294.024","price":"0.00035001","timestamp":1668523332,"volume":"0.10291134","buyTxId":"2369b7b40211c95d0a94caceed838338f2d900e1","sellTxId":"ee3a4589e577406c81fdee3fae280a0b4ee2d235"}
{"id":4790031,"type":"sell","buyer":"master-lamps","seller":"poliwalt10","symbol":"SIM","quantity":"7312.463","price":"0.00035001","timestamp":1668523521,"volume":"2.55943517","buyTxId":"2369b7b40211c95d0a94caceed838338f2d900e1","sellTxId":"3c19f03822a4296098b4652e3c239e6eb0faf4dc"}
{"id":4790042,"type":"sell","buyer":"god0","seller":"poliwalt10","symbol":"SIM","quantity":"7312.463","price":"0.00035002","timestamp":1668523545,"volume":"2.55950830","buyTxId":"73eef38a820b21ae1e4d902a79bdf7ad28e7cb77-0","sellTxId":"79c6326a844610f1954c1827ee025a87862d8c3f"}
{"id":4790043,"type":"sell","buyer":"god0","seller":"poliwalt10","symbol":"SIM","quantity":"7312.463","price":"0.00035002","timestamp":1668523545,"volume":"2.55950830","buyTxId":"6808e3eb89fca97e74f5d97aa8befbbe13bb6b86-0","sellTxId":"79c6326a844610f1954c1827ee025a87862d8c3f"}
{"id":4790053,"type":"sell","buyer":"god0","seller":"poliwalt10","symbol":"SIM","quantity":"14624.926","price":"0.00035003","timestamp":1668523563,"volume":"5.11916285","buyTxId":"f3f3bc442a8422008f15150775382ee08977d69f-0","sellTxId":"bb552fd5d78b36115783367b490b3f40e3dc06e5"}
{"id":4790054,"type":"sell","buyer":"god0","seller":"poliwalt10","symbol":"SIM","quantity":"14624.926","price":"0.00035003","timestamp":1668523563,"volume":"5.11916285","buyTxId":"df5d095f56f558ffef42858d8d0a9b02a1012070-0","sellTxId":"bb552fd5d78b36115783367b490b3f40e3dc06e5"}
{"id":4790073,"type":"sell","buyer":"god0","seller":"poliwalt10","symbol":"SIM","quantity":"3948.964","price":"0.00035005","timestamp":1668523644,"volume":"1.38233485","buyTxId":"3b0bb2597bc506c5f1a0c5843dfdce9156aebebe-0","sellTxId":"56ad1744bc57dcfe83cd134665a6791b8b050691"}
{"id":4790151,"type":"sell","buyer":"leosoph","seller":"poliwalt10","symbol":"SIM","quantity":"65291.600","price":"0.00035000","timestamp":1668524055,"volume":"22.85206000","buyTxId":"095076eea8f684024efdf35f102b302c6c41917a","sellTxId":"5bd12fd91f0767c5948f0a8d3743de87270a4d05"}
{"id":4790154,"type":"buy","buyer":"worldfinances","seller":"nftmart.fees","symbol":"SIM","quantity":"26.000","price":"0.00036031","timestamp":1668524064,"volume":"0.00936806","buyTxId":"28a83aa600fba419b6f450826936b8ec32b64e24","sellTxId":"91f389fa702f73662a6d8166d5929758e669c02e-0"}
{"id":4790155,"type":"buy","buyer":"worldfinances","seller":"master-lamps","symbol":"SIM","quantity":"387.963","price":"0.00036040","timestamp":1668524064,"volume":"0.13982187","buyTxId":"28a83aa600fba419b6f450826936b8ec32b64e24","sellTxId":"df6576427300a9e6fbea567696ba1127ac17102a"}
{"id":4790156,"type":"buy","buyer":"worldfinances","seller":"jelly-cz","symbol":"SIM","quantity":"4586.037","price":"0.00036041","timestamp":1668524064,"volume":"1.65285360","buyTxId":"28a83aa600fba419b6f450826936b8ec32b64e24","sellTxId":"MM-P-22685100-69682259-3-31-0"}
{"id":4790158,"type":"sell","buyer":"god0","seller":"poliwalt10","symbol":"SIM","quantity":"8396.100","price":"0.00035001","timestamp":1668524085,"volume":"2.93871896","buyTxId":"568f9f474fa32b14c35bce0f1261f1c741c017f8-0","sellTxId":"987ab63647e57ba45e02d53fc4c571749a44254a"}
{"id":4790183,"type":"buy","buyer":"god0","seller":"poliwalt10","symbol":"SIM","quantity":"460.750","price":"0.00035002","timestamp":1668524133,"volume":"0.16127172","buyTxId":"09ef6f24c22a611f1f7937c20ffe73eacdd72e27-0","sellTxId":"7d66f1965d7b733ab6a709532a65b8193d07e5c4"}
{"id":4790189,"type":"sell","buyer":"god0","seller":"poliwalt10","symbol":"SIM","quantity":"460.750","price":"0.00035003","timestamp":1668524175,"volume":"0.16127632","buyTxId":"440ddcaba3542c03359bf7f306227a8dd6ce2c76-0","sellTxId":"9ac5d8238e1b382aa69df180fd767d11b1120532"}
{"id":4790195,"type":"sell","buyer":"god0","seller":"poliwalt10","symbol":"SIM","quantity":"460.750","price":"0.00035004","timestamp":1668524196,"volume":"0.16128093","buyTxId":"76746fa754f77da7350af6e15fa40e2213ca7017-0","sellTxId":"6b2da20ff88be2b52a75508a98389ba363e6f814"}
{"id":4790196,"type":"sell","buyer":"god0","seller":"poliwalt10","symbol":"SIM","quantity":"5.700","price":"0.00035004","timestamp":1668524196,"volume":"0.00199523","buyTxId":"3ab2edab6d2c4e7266128f2eeefb00bd880692e0-0","sellTxId":"6b2da20ff88be2b52a75508a98389ba363e6f814"}
{"id":4790244,"type":"sell","buyer":"leosoph","seller":"poliwalt10","symbol":"SIM","quantity":"12276.850","price":"0.00035000","timestamp":1668524580,"volume":"4.29689750","buyTxId":"095076eea8f684024efdf35f102b302c6c41917a","sellTxId":"19a4f5c46ede8a953aee728ab3b1825036909f26"}
{"id":4790251,"type":"sell","buyer":"god0","seller":"poliwalt10","symbol":"SIM","quantity":"389.500","price":"0.00035001","timestamp":1668524646,"volume":"0.13632890","buyTxId":"b57d7cfcb3cf5636638f1b89595fc65f841f4a6e-0","sellTxId":"e4ad35a6195381089fbc1e8ae1a8513acc4f29dc"}
{"id":4790937,"type":"sell","buyer":"leosoph","seller":"dswap","symbol":"SIM","quantity":"46.554","price":"0.00035000","timestamp":1668528921,"volume":"0.01629390","buyTxId":"095076eea8f684024efdf35f102b302c6c41917a","sellTxId":"ff783fe6349784131b7b850a87c92016adacca1c"}
{"id":4790961,"type":"sell","buyer":"leosoph","seller":"poliwalt10","symbol":"SIM","quantity":"2666.650","price":"0.00035000","timestamp":1668529098,"volume":"0.93332750","buyTxId":"095076eea8f684024efdf35f102b302c6c41917a","sellTxId":"5f625db88a7b81e11daf8f8bbb0cb8485b17e235"}
{"id":4790970,"type":"sell","buyer":"god0","seller":"poliwalt10","symbol":"SIM","quantity":"2666.650","price":"0.00035001","timestamp":1668529146,"volume":"0.93335417","buyTxId":"adb4bd5a483d56a719bdc79496588c37f8318085-0","sellTxId":"df312175a2bbb90c9c2f48df39375f223216391a"}
{"id":4790971,"type":"sell","buyer":"god0","seller":"poliwalt10","symbol":"SIM","quantity":"2666.650","price":"0.00035001","timestamp":1668529146,"volume":"0.93335417","buyTxId":"0e21f1922865f6bd8dda6a4f71ead6293f94f8df-0","sellTxId":"df312175a2bbb90c9c2f48df39375f223216391a"}
{"id":4790972,"type":"sell","buyer":"god0","seller":"poliwalt10","symbol":"SIM","quantity":"5225.950","price":"0.00035001","timestamp":1668529146,"volume":"1.82913476","buyTxId":"619679ca27d9cd4e0a56715e81143c73d38e10a3-0","sellTxId":"df312175a2bbb90c9c2f48df39375f223216391a"}
{"id":4791102,"type":"sell","buyer":"leosoph","seller":"poliwalt10","symbol":"SIM","quantity":"81697.150","price":"0.00035000","timestamp":1668529842,"volume":"28.59400250","buyTxId":"095076eea8f684024efdf35f102b302c6c41917a","sellTxId":"99a02daa86a56506cb7ca1ba35d9840bdd4541a4"}
{"id":4791211,"type":"sell","buyer":"god0","seller":"kevinnag58","symbol":"SIM","quantity":"3515","price":"0.00035001","timestamp":1668530514,"volume":"1.23028515","buyTxId":"d5f3b4ef5e613b99f1b00bfb31ec125a069b13e6","sellTxId":"fd58c3854009d16a0799e87d22bb4ad8c4aca163"}
{"id":4791328,"type":"buy","buyer":"tommyl33","seller":"nftmart.fees","symbol":"SIM","quantity":"23.000","price":"0.00036035","timestamp":1668531558,"volume":"0.00828805","buyTxId":"953f604ea9e00a5339fcb1d1330ced889eaf4694","sellTxId":"f61da7abd0d41c5ce956f8ceb1d6b4d2a4e54d9b-0"}
{"id":4791329,"type":"buy","buyer":"tommyl33","seller":"master-lamps","symbol":"SIM","quantity":"7606.487","price":"0.00036040","timestamp":1668531558,"volume":"2.74137791","buyTxId":"953f604ea9e00a5339fcb1d1330ced889eaf4694","sellTxId":"bf405b2dc7c68b6f79dde0b02a861706aadcf22d"}
{"id":4791330,"type":"buy","buyer":"tommyl33","seller":"jelly-cz","symbol":"SIM","quantity":"2370.513","price":"0.00036041","timestamp":1668531558,"volume":"0.85435659","buyTxId":"953f604ea9e00a5339fcb1d1330ced889eaf4694","sellTxId":"MM-P-22685100-69682259-3-31-0"}
{"id":4792422,"type":"sell","buyer":"lookplz","seller":"god0","symbol":"SIM","quantity":"99650.448","price":"0.00036000","timestamp":1668540645,"volume":"35.87416128","buyTxId":"ba35038c49e4b0820081fed713ef761e4968d8c0","sellTxId":"352a1b8f078a9700e019963f84608b92ce786ab4-1"}
{"id":4792490,"type":"sell","buyer":"lookplz","seller":"mcbot","symbol":"SIM","quantity":"349.424","price":"0.00036000","timestamp":1668540978,"volume":"0.12579264","buyTxId":"ba35038c49e4b0820081fed713ef761e4968d8c0","sellTxId":"f2f0ae53cbd69bbc6f44ea1e2bc2d44f33a92158"}
{"id":4792564,"type":"sell","buyer":"lookplz","seller":"themanwithnoname","symbol":"SIM","quantity":"0.128","price":"0.00036000","timestamp":1668541581,"volume":"0.00004608","buyTxId":"ba35038c49e4b0820081fed713ef761e4968d8c0","sellTxId":"6ad2a54ce413c08b66238eca3c7e66feca246973"}
{"id":4792998,"type":"buy","buyer":"methus","seller":"nftmart.fees","symbol":"SIM","quantity":"21.000","price":"0.00035998","timestamp":1668544065,"volume":"0.00755958","buyTxId":"76a9ebea1d7a9fb99ab33dafc2f916f12747278a","sellTxId":"f0517c05685c1d0b83b11d485b61b5e39efa9b21-0"}
{"id":4793964,"type":"buy","buyer":"oople","seller":"nftmart.fees","symbol":"SIM","quantity":"18.000","price":"0.00035997","timestamp":1668547812,"volume":"0.00647946","buyTxId":"541f0603121e4583c4079f3433ac9c29a182af3c","sellTxId":"531db93ba55ceb88ea4e5cd7bfde64b4ba6ff8d7-0"}
{"id":4793965,"type":"buy","buyer":"oople","seller":"themanwithnoname","symbol":"SIM","quantity":"241.872","price":"0.00036000","timestamp":1668547812,"volume":"0.08707392","buyTxId":"541f0603121e4583c4079f3433ac9c29a182af3c","sellTxId":"6ad2a54ce413c08b66238eca3c7e66feca246973"}
{"id":4793967,"type":"buy","buyer":"oople","seller":"themanwithnoname","symbol":"SIM","quantity":"18.000","price":"0.00036000","timestamp":1668547839,"volume":"0.00648000","buyTxId":"50adaadc2b8b82570a427a0d9f3035cd881412f0","sellTxId":"6ad2a54ce413c08b66238eca3c7e66feca246973"}
{"id":4793968,"type":"buy","buyer":"oople","seller":"elyelma","symbol":"SIM","quantity":"2975.745","price":"0.00036036","timestamp":1668547839,"volume":"1.07233947","buyTxId":"50adaadc2b8b82570a427a0d9f3035cd881412f0","sellTxId":"db731a045fe6e124c07cb5b1d3deae9a2c70cab3"}
{"id":4794129,"type":"sell","buyer":"mcbot","seller":"nftmart.fees","symbol":"SIM","quantity":"181.762","price":"0.00035002","timestamp":1668548676,"volume":"0.06362034","buyTxId":"99111a371b4c8fb2d22867b04c57fde76b2fc9fe-1","sellTxId":"99bb69f5f8fcd4889b1325bea7792c74a4b1c39d"}
{"id":4794140,"type":"sell","buyer":"mcbot","seller":"nftmart.fees","symbol":"SIM","quantity":"5.350","price":"0.00035002","timestamp":1668548763,"volume":"0.00187261","buyTxId":"546f1f9049c02eb11ba5f9fda0d0b88e674b36a6-1","sellTxId":"7f6e5f63f821fa862d4c8665c26dd19524e221d5"}
{"id":4794175,"type":"buy","buyer":"oople","seller":"elyelma","symbol":"SIM","quantity":"18.000","price":"0.00036036","timestamp":1668548904,"volume":"0.00648648","buyTxId":"8835f490393470c37efea1dda6f934e69e89a8f1","sellTxId":"db731a045fe6e124c07cb5b1d3deae9a2c70cab3"}
{"id":4794176,"type":"buy","buyer":"oople","seller":"jelly-cz","symbol":"SIM","quantity":"19364.450","price":"0.00036041","timestamp":1668548904,"volume":"6.97914142","buyTxId":"8835f490393470c37efea1dda6f934e69e89a8f1","sellTxId":"MM-P-22685100-69682259-3-31-0"}
{"id":4794249,"type":"buy","buyer":"bambukah","seller":"god0","symbol":"SIM","quantity":"14947.541","price":"0.00036040","timestamp":1668549297,"volume":"5.38709378","buyTxId":"6cfc41e7ec96c61ddddd6b9448739bbeabbc83e0","sellTxId":"ece7675c0fac87549704ec940446cc0cba4bbf04"}
{"id":4794250,"type":"buy","buyer":"bambukah","seller":"jelly-cz","symbol":"SIM","quantity":"52.459","price":"0.00036041","timestamp":1668549297,"volume":"0.01890675","buyTxId":"6cfc41e7ec96c61ddddd6b9448739bbeabbc83e0","sellTxId":"MM-P-22685100-69682259-3-31-0"}
{"id":4794350,"type":"buy","buyer":"boycharlieplays","seller":"jelly-cz","symbol":"SIM","quantity":"9437.549","price":"0.00036041","timestamp":1668549822,"volume":"3.40138704","buyTxId":"05e2e9dd8d6e0afe800af58fc72bd9b28a5c08a1","sellTxId":"MM-P-22685100-69682259-3-31-0"}
{"id":4794799,"type":"sell","buyer":"mcbot","seller":"travelgirl","symbol":"SIM","quantity":"1143.000","price":"0.00035005","timestamp":1668553341,"volume":"0.40010715","buyTxId":"cc97adaa608f0401a60da4a49a8664cb618476d6-1","sellTxId":"f08b1f9d017788cbb7a7f58ffbace2c4a2c0c7b8"}
{"id":4794995,"type":"sell","buyer":"assassyn","seller":"bearbear613","symbol":"SIM","quantity":"500.000","price":"0.00035005","timestamp":1668554811,"volume":"0.17502500","buyTxId":"a4c5135ba6e529be8b1737baf3066eea747802c8","sellTxId":"a4b8d274557e9dc10e7a34ecbed97bc144315113"}
{"id":4794996,"type":"sell","buyer":"all.coin.hive","seller":"bearbear613","symbol":"SIM","quantity":"7.000","price":"0.00035004","timestamp":1668554811,"volume":"0.00245028","buyTxId":"38367eb8a6b4919d139279ae3e1518768d1ecd17-0","sellTxId":"a4b8d274557e9dc10e7a34ecbed97bc144315113"}
{"id":4795125,"type":"sell","buyer":"god0","seller":"elevator09","symbol":"SIM","quantity":"4353.000","price":"0.00035005","timestamp":1668555675,"volume":"1.52376765","buyTxId":"147f262c64b485c6837598e0639ad633203c786c-0","sellTxId":"a4640fd7712c53b4c58c4bf4fc1093bd4b20799f"}
{"id":4795128,"type":"buy","buyer":"elevator09","seller":"nftmart.fees","symbol":"SIM","quantity":"30.000","price":"0.00036035","timestamp":1668555726,"volume":"0.01081050","buyTxId":"de7961c7396743fcfeb3f2528506742db02bc9e8","sellTxId":"2b3fb45a125c76941ac4626bd4f298fc27adc4c2-0"}
{"id":4795343,"type":"sell","buyer":"mcbot","seller":"nftmart.fees","symbol":"SIM","quantity":"780.000","price":"0.00035005","timestamp":1668558156,"volume":"0.27303900","buyTxId":"0df0eeb699a8764ac169bcda24c8683e41beffc6-1","sellTxId":"383e4b2a6ebf9f057ca36659dfdc4bd037ec7165"}
{"id":4795429,"type":"sell","buyer":"mcbot","seller":"he-index","symbol":"SIM","quantity":"3.845","price":"0.00035005","timestamp":1668558936,"volume":"0.00134594","buyTxId":"2bb6d258f02061bd9e6a66c4180b00e0860baa8d-1","sellTxId":"21648263f832bd7db04229d997bcb48e68687b54"}
{"id":4795500,"type":"sell","buyer":"mcbot","seller":"cheftony","symbol":"SIM","quantity":"20000.000","price":"0.00035005","timestamp":1668559605,"volume":"7.00100000","buyTxId":"aebfa2245f681ed74a39d45ca0d68232c704fb43-1","sellTxId":"00760a467e8f1fd30db756ffc7c45305ccc886da"}
{"id":4795837,"type":"sell","buyer":"mcbot","seller":"tydynrain","symbol":"SIM","quantity":"0.009","price":"0.00035005","timestamp":1668563268,"volume":"0.00000315","buyTxId":"a13a52755c6363c43b8ec66ebe422877d8915925","sellTxId":"0510a133cbdef4cc633ba3d2d7218d802b73b130"}
{"id":4796160,"type":"buy","buyer":"oople","seller":"nftmart.fees","symbol":"SIM","quantity":"11.000","price":"0.00036034","timestamp":1668566865,"volume":"0.00396374","buyTxId":"e233d013f68a9d26449df609322638c33341f8c5","sellTxId":"791b8a095c171b13d36857beb5733dd3f278f8ff-0"}
{"id":4796161,"type":"buy","buyer":"oople","seller":"jelly-cz","symbol":"SIM","quantity":"3516.992","price":"0.00036041","timestamp":1668566865,"volume":"1.26755909","buyTxId":"e233d013f68a9d26449df609322638c33341f8c5","sellTxId":"MM-P-22685100-69682259-3-31-0"}
{"id":4796211,"type":"buy","buyer":"oople","seller":"jelly-cz","symbol":"SIM","quantity":"2011.000","price":"0.00036041","timestamp":1668567009,"volume":"0.72478451","buyTxId":"e4deea5b503c0af553bc925e7baf723c459cb030","sellTxId":"MM-P-22685100-69682259-3-31-0"}
{"id":4796224,"type":"buy","buyer":"oople","seller":"jelly-cz","symbol":"SIM","quantity":"2000.000","price":"0.00036041","timestamp":1668567195,"volume":"0.72082000","buyTxId":"e9da337d1c1d99921f762e430e4bde9aad24b0ab","sellTxId":"MM-P-22685100-69682259-3-31-0"}
{"id":4796278,"type":"sell","buyer":"mcbot","seller":"rishi556","symbol":"SIM","quantity":"48.000","price":"0.00035005","timestamp":1668567621,"volume":"0.01680240","buyTxId":"1ea8abb54fe20627cc7ca2b50815d31e0066564b-1","sellTxId":"1057f78751e8fc78e61ce3bc2eb7a8f77484b806"}
{"id":4796476,"type":"sell","buyer":"god0","seller":"lifeskills-tv","symbol":"SIM","quantity":"437.000","price":"0.00035006","timestamp":1668569994,"volume":"0.15297622","buyTxId":"02b6b839f89cf54d1bd05d6f67fb5151a4514cec-0","sellTxId":"524a2a09a2420762e04eec3b96ac78b33ec15dc7"}
{"id":4796516,"type":"sell","buyer":"god0","seller":"catotune","symbol":"SIM","quantity":"2370.000","price":"0.00035006","timestamp":1668570291,"volume":"0.82964220","buyTxId":"7926a0c7998ef35dff54231c18735a42461f62eb-0","sellTxId":"2313a13f5e5a167d91843cd4a9d49ace2b349417"}
{"id":4796642,"type":"sell","buyer":"mcbot","seller":"dustindivitto","symbol":"SIM","quantity":"20000.000","price":"0.00035005","timestamp":1668571776,"volume":"7.00100000","buyTxId":"33cf19ab6cbe058313a3c46c35a192117a2d72bd-1","sellTxId":"c220e2a7d31616f977064c90834b1c7d4f5466e9"}
{"id":4796643,"type":"sell","buyer":"all.coin.hive","seller":"dustindivitto","symbol":"SIM","quantity":"35689.000","price":"0.00035004","timestamp":1668571776,"volume":"12.49257756","buyTxId":"89ad8c4d18213a2fbc85347c029c2b0bbee4631c-0","sellTxId":"c220e2a7d31616f977064c90834b1c7d4f5466e9"}
{"id":4796711,"type":"sell","buyer":"mcbot","seller":"steem.services","symbol":"SIM","quantity":"20000.000","price":"0.00035005","timestamp":1668572352,"volume":"7.00100000","buyTxId":"fb2ab39421cc816daf0a4b3b83ba44f38409e8ae","sellTxId":"69990729678953b51f445ad9bba807ccd2975f97"}
{"id":4796712,"type":"sell","buyer":"all.coin.hive","seller":"steem.services","symbol":"SIM","quantity":"108380.703","price":"0.00035004","timestamp":1668572352,"volume":"37.93758128","buyTxId":"89ad8c4d18213a2fbc85347c029c2b0bbee4631c-0","sellTxId":"69990729678953b51f445ad9bba807ccd2975f97"}
{"id":4796713,"type":"buy","buyer":"god0","seller":"steem.services","symbol":"SIM","quantity":"217680.553","price":"0.00035004","timestamp":1668572352,"volume":"76.19690077","buyTxId":"527fc7d680b5f31daee86bc780eb8eca21bdc0b4-0","sellTxId":"69990729678953b51f445ad9bba807ccd2975f97"}
{"id":4797238,"type":"buy","buyer":"god0","seller":"nftmart.fees","symbol":"SIM","quantity":"2572.000","price":"0.00036032","timestamp":1668577683,"volume":"0.92674304","buyTxId":"18a369ba2ff6278bda1e12aefb457fc2860541ea-0","sellTxId":"f3fb5005b6485d58362c1a60198c75b9cca82d44-0"}
{"id":4797239,"type":"buy","buyer":"god0","seller":"jelly-cz","symbol":"SIM","quantity":"3000.000","price":"0.00036041","timestamp":1668577683,"volume":"1.08123000","buyTxId":"18a369ba2ff6278bda1e12aefb457fc2860541ea-2","sellTxId":"MM-P-22685100-69682259-3-31-0"}
{"id":4797290,"type":"sell","buyer":"mcbot","seller":"hazmatic","symbol":"SIM","quantity":"100.870","price":"0.00035004","timestamp":1668578289,"volume":"0.03530853","buyTxId":"0370d791eb751147dd48db4d31d3e402075496a0-1","sellTxId":"0d160e208446bfa6f788622a51e96676bca53eda"}