{"index": {"_index":"sim","_id":"2263152"}}
	{"id":2263152,"type":"buy","buyer":"dkid14","seller":"pi-trader","symbol":"SIM","quantity":"10088.792","price":"0.00057999","timestamp":1639367580,"volume":"5.85139847","buyTxId":"683f4ba7a68036dfdd2872da20b7fb28f76f3d87","sellTxId":"1cf904ba992ede79d036c91177a57b23306b0fe5-2"}
{"index": {"_index":"sim","_id":"2263251"}}
	{"id":2263251,"type":"sell","buyer":"stickupboys","seller":"theshaki","symbol":"SIM","quantity":"42.172","price":"0.00057000","timestamp":1639368285,"volume":"0.02403804","buyTxId":"112c70672924986739f6c2235c8101087e97792b","sellTxId":"8a756387d80032592f03441b4b55b79bbf05a246"}
{"index": {"_index":"sim","_id":"2263453"}}
	{"id":2263453,"type":"buy","buyer":"allen11111","seller":"pi-trader","symbol":"SIM","quantity":"64.053","price":"0.00057999","timestamp":1639370073,"volume":"0.03715010","buyTxId":"1b8b1bce43db26d44bc9e458ac0da473d6af144b","sellTxId":"840d9c5ea432011a95512c556e495004516deea5-2"}
{"index": {"_index":"sim","_id":"2263549"}}
	{"id":2263549,"type":"sell","buyer":"stickupboys","seller":"magnacarta","symbol":"SIM","quantity":"7.257","price":"0.00057000","timestamp":1639370829,"volume":"0.00413649","buyTxId":"112c70672924986739f6c2235c8101087e97792b","sellTxId":"ea179e1568c31d9bda769641937d0cbea5d93374"}
{"index": {"_index":"sim","_id":"2263572"}}
	{"id":2263572,"type":"buy","buyer":"pimpstudio","seller":"pi-trader","symbol":"SIM","quantity":"4983.075","price":"0.00057999","timestamp":1639370979,"volume":"2.89013367","buyTxId":"073e5b9fe2f3fa3651b4b0112c8024f25ba1416c","sellTxId":"bde55509103a33e96c13ce9be2d54bf9987e86b4-2"}
{"index": {"_index":"sim","_id":"2263651"}}
	{"id":2263651,"type":"buy","buyer":"pimpstudio","seller":"pi-trader","symbol":"SIM","quantity":"460.765","price":"0.00057999","timestamp":1639371852,"volume":"0.26723909","buyTxId":"dde027cd64afc623993a9edbe9dc56b6200bcd1a","sellTxId":"797824a45410597b1b8f9154cf9d6f923bf2ac10-3"}
{"index": {"_index":"sim","_id":"2263686"}}
	{"id":2263686,"type":"sell","buyer":"stickupboys","seller":"choof","symbol":"SIM","quantity":"1330.000","price":"0.00057000","timestamp":1639372170,"volume":"0.75810000","buyTxId":"112c70672924986739f6c2235c8101087e97792b","sellTxId":"832c5a8f655e98d97a6312abb1ad9e0c42dde848"}
{"index": {"_index":"sim","_id":"2263752"}}
	{"id":2263752,"type":"sell","buyer":"stickupboys","seller":"esmeesmith","symbol":"SIM","quantity":"75.701","price":"0.00057000","timestamp":1639372836,"volume":"0.04314957","buyTxId":"112c70672924986739f6c2235c8101087e97792b","sellTxId":"05f64dded90034bf1578f251aeb221d16c18e643"}
{"index": {"_index":"sim","_id":"2263795"}}
	{"id":2263795,"type":"sell","buyer":"stickupboys","seller":"daigorokoike","symbol":"SIM","quantity":"1926.939","price":"0.00057000","timestamp":1639373622,"volume":"1.09835523","buyTxId":"112c70672924986739f6c2235c8101087e97792b","sellTxId":"e0f8257b4ba85c8375f6cce561b04ccd9b65ae37"}
{"index": {"_index":"sim","_id":"2264124"}}
	{"id":2264124,"type":"sell","buyer":"jelly-cz","seller":"eforucom","symbol":"SIM","quantity":"0.001","price":"0.00056621","timestamp":1639376517,"volume":"0.00000057","buyTxId":"MM-P-12999081-59985910-3-28-0","sellTxId":"066a0ed661f0396af97312262eaad2a036b35070"}
{"index": {"_index":"sim","_id":"2264187"}}
	{"id":2264187,"type":"sell","buyer":"jelly-cz","seller":"thatcryptodave","symbol":"SIM","quantity":"500.071","price":"0.00056621","timestamp":1639377015,"volume":"0.28314520","buyTxId":"MM-P-12999081-59985910-3-28-0","sellTxId":"f487a9ed9b86ce460976bacf51301c12e7b19f36"}
{"index": {"_index":"sim","_id":"2264783"}}
	{"id":2264783,"type":"sell","buyer":"jelly-cz","seller":"anosys","symbol":"SIM","quantity":"20.016","price":"0.00056621","timestamp":1639381680,"volume":"0.01133326","buyTxId":"MM-P-12999081-59985910-3-28-0","sellTxId":"2fab005d36964d2034c163b50cb13fd8a06ffe77"}
{"index": {"_index":"sim","_id":"2264848"}}
	{"id":2264848,"type":"buy","buyer":"barski","seller":"daigorokoike","symbol":"SIM","quantity":"11548.061","price":"0.00057000","timestamp":1639382463,"volume":"6.58239477","buyTxId":"be40fc00c1dee43d69f05bc2e17ce796c83900d8","sellTxId":"e0f8257b4ba85c8375f6cce561b04ccd9b65ae37"}
{"index": {"_index":"sim","_id":"2264849"}}
	{"id":2264849,"type":"buy","buyer":"barski","seller":"mapac","symbol":"SIM","quantity":"555.000","price":"0.00058000","timestamp":1639382490,"volume":"0.32190000","buyTxId":"c6237116dbcf8081b21f3261f1ad795df2fc5424","sellTxId":"d6aaa9b36297061e045460f81defd7ec8d7bc658"}
{"index": {"_index":"sim","_id":"2264856"}}
	{"id":2264856,"type":"sell","buyer":"jelly-cz","seller":"piotr42","symbol":"SIM","quantity":"2014.000","price":"0.00056621","timestamp":1639382520,"volume":"1.14034694","buyTxId":"MM-P-12999081-59985910-3-28-0","sellTxId":"be3032c59b66d17efd33e71f44b3b4f8a7894ebc"}
{"index": {"_index":"sim","_id":"2264859"}}
	{"id":2264859,"type":"sell","buyer":"barski","seller":"svirus","symbol":"SIM","quantity":"50000.000","price":"0.00057999","timestamp":1639382550,"volume":"28.99950000","buyTxId":"54a34d2bffa68ac2964dd039dbe732d027c18913","sellTxId":"c224f4d9ac465000b8efb34dae01e7ddf51a507c-1"}
{"index": {"_index":"sim","_id":"2264860"}}
	{"id":2264860,"type":"sell","buyer":"jelly-cz","seller":"atomcollector","symbol":"SIM","quantity":"2090.000","price":"0.00056621","timestamp":1639382550,"volume":"1.18337890","buyTxId":"MM-P-12999081-59985910-3-28-0","sellTxId":"f9f20a5bda7dd8bccd6ec6515ed07bdf24e92972"}
{"index": {"_index":"sim","_id":"2264863"}}
	{"id":2264863,"type":"buy","buyer":"barski","seller":"pi-trader","symbol":"SIM","quantity":"50000.000","price":"0.00058999","timestamp":1639382601,"volume":"29.49950000","buyTxId":"66be25f2e9cd7f8076707ef93172c69d0bca7f78","sellTxId":"0e1ecaf0454dfe9eaab708a80744bbaac5b0a502-4"}
{"index": {"_index":"sim","_id":"2264957"}}
	{"id":2264957,"type":"sell","buyer":"jelly-cz","seller":"thatcryptodave","symbol":"SIM","quantity":"750.000","price":"0.00056621","timestamp":1639383273,"volume":"0.42465750","buyTxId":"MM-P-12999081-59985910-3-28-0","sellTxId":"6a8909c0913766e2e316aff0af675102bcf1de54"}
{"index": {"_index":"sim","_id":"2265319"}}
	{"id":2265319,"type":"sell","buyer":"jelly-cz","seller":"razam","symbol":"SIM","quantity":"5.000","price":"0.00056621","timestamp":1639386099,"volume":"0.00283105","buyTxId":"MM-P-12999081-59985910-3-28-0","sellTxId":"4f6c0776de1d37c2b9eef0a5f27fba3cc4e86818"}
{"index": {"_index":"sim","_id":"2265390"}}
	{"id":2265390,"type":"buy","buyer":"soteyapanbot","seller":"pi-trader","symbol":"SIM","quantity":"14485.000","price":"0.00058999","timestamp":1639386816,"volume":"8.54600515","buyTxId":"c2b43163dacb5b2c7829a8d8be7e0ba0b6aff350","sellTxId":"f1197ccfeca1ea82c78e11b17229814666d56e17-4"}
{"index": {"_index":"sim","_id":"2266151"}}
	{"id":2266151,"type":"sell","buyer":"mmrx","seller":"chesatochi","symbol":"SIM","quantity":"42.064","price":"0.00056622","timestamp":1639393251,"volume":"0.02381748","buyTxId":"MM-P-13011358-59998192-3-35-0","sellTxId":"c85923565a192f78e6701b3c65d28fc05d343453"}
{"index": {"_index":"sim","_id":"2266185"}}
	{"id":2266185,"type":"sell","buyer":"mmrx","seller":"tonytrillions","symbol":"SIM","quantity":"0.024","price":"0.00056622","timestamp":1639393575,"volume":"0.00001359","buyTxId":"MM-P-13011358-59998192-3-35-0","sellTxId":"a8c1846450c74347ab8cca3400ee77b2eaa80a53"}
{"index": {"_index":"sim","_id":"2266426"}}
	{"id":2266426,"type":"buy","buyer":"agolasol","seller":"mmrx","symbol":"SIM","quantity":"42.064","price":"0.00056999","timestamp":1639395405,"volume":"0.02397606","buyTxId":"c7ea82cd780b97b4825a26f285e9cd426c70546f","sellTxId":"MM-P-13012657-59999492-3-35-0"}
{"index": {"_index":"sim","_id":"2266427"}}
	{"id":2266427,"type":"buy","buyer":"agolasol","seller":"imperij4427","symbol":"SIM","quantity":"207.936","price":"0.00057000","timestamp":1639395405,"volume":"0.11852352","buyTxId":"c7ea82cd780b97b4825a26f285e9cd426c70546f","sellTxId":"9bd0d9151715cb1a5c30525dbb8d0b0eaabdf179"}
{"index": {"_index":"sim","_id":"2266555"}}
	{"id":2266555,"type":"sell","buyer":"mmrx","seller":"evernoticethat","symbol":"SIM","quantity":"4611.904","price":"0.00056622","timestamp":1639396428,"volume":"2.61135228","buyTxId":"MM-P-13011358-59998192-3-35-0","sellTxId":"9d4bed96565d9e2651428b48fd79aded0c2e1d41"}
{"index": {"_index":"sim","_id":"2266556"}}
	{"id":2266556,"type":"buy","buyer":"svirus","seller":"evernoticethat","symbol":"SIM","quantity":"75788.860","price":"0.00056622","timestamp":1639396431,"volume":"42.91316831","buyTxId":"444d3dad8c5e4ca7ffcb2aaceb233fec49935cf3-0","sellTxId":"9d4bed96565d9e2651428b48fd79aded0c2e1d41"}
{"index": {"_index":"sim","_id":"2266557"}}
	{"id":2266557,"type":"buy","buyer":"konvik","seller":"evernoticethat","symbol":"SIM","quantity":"0.003","price":"0.00056622","timestamp":1639396431,"volume":"0.00000170","buyTxId":"f9003d547e29acdb82e266628fc64069bfa3daf8-0","sellTxId":"9d4bed96565d9e2651428b48fd79aded0c2e1d41"}
{"index": {"_index":"sim","_id":"2266582"}}
	{"id":2266582,"type":"sell","buyer":"jelly-cz","seller":"damla","symbol":"SIM","quantity":"0.003","price":"0.00056621","timestamp":1639396644,"volume":"0.00000170","buyTxId":"MM-P-12999081-59985910-3-28-0","sellTxId":"a311cabf4ebf7712e1d69d79d76164b10de5cee1"}
{"index": {"_index":"sim","_id":"2266681"}}
	{"id":2266681,"type":"buy","buyer":"pokerarema","seller":"mmrx","symbol":"SIM","quantity":"4611.928","price":"0.00056999","timestamp":1639397451,"volume":"2.62875284","buyTxId":"dbc8b440526406d8a9c7dae73a62012ab009b61e","sellTxId":"MM-P-13013656-60000491-3-35-0"}
{"index": {"_index":"sim","_id":"2266682"}}
	{"id":2266682,"type":"buy","buyer":"pokerarema","seller":"imperij4427","symbol":"SIM","quantity":"17902.064","price":"0.00057000","timestamp":1639397451,"volume":"10.20417648","buyTxId":"dbc8b440526406d8a9c7dae73a62012ab009b61e","sellTxId":"9bd0d9151715cb1a5c30525dbb8d0b0eaabdf179"}
{"index": {"_index":"sim","_id":"2266688"}}
	{"id":2266688,"type":"buy","buyer":"stickupboys","seller":"pi-trader","symbol":"SIM","quantity":"658.000","price":"0.00058999","timestamp":1639397523,"volume":"0.38821342","buyTxId":"b9df8001c96f08efb9505ef80e2ddc144ec2ae80","sellTxId":"864393d2998af29ea731e0059db8cbe0c3ebd3b6"}
{"index": {"_index":"sim","_id":"2266699"}}
	{"id":2266699,"type":"sell","buyer":"jelly-cz","seller":"brofi-market","symbol":"SIM","quantity":"0.006","price":"0.00056621","timestamp":1639397625,"volume":"0.00000340","buyTxId":"MM-P-12999081-59985910-3-28-0","sellTxId":"528abd4b761ef85fc7df9672c4d27748e4ea32e1"}
{"index": {"_index":"sim","_id":"2266784"}}
	{"id":2266784,"type":"sell","buyer":"jelly-cz","seller":"janyasai","symbol":"SIM","quantity":"7956.391","price":"0.00056621","timestamp":1639398060,"volume":"4.50498815","buyTxId":"MM-P-12999081-59985910-3-28-0","sellTxId":"253fcc7cec0f60924f3cd50f609c55bc77c2bbe8"}
{"index": {"_index":"sim","_id":"2266800"}}
	{"id":2266800,"type":"sell","buyer":"jelly-cz","seller":"bilpcoinbpc","symbol":"SIM","quantity":"18.653","price":"0.00056621","timestamp":1639398165,"volume":"0.01056152","buyTxId":"MM-P-12999081-59985910-3-28-0","sellTxId":"9da70608ab40a025a598eabab524f3add3f864e4"}
{"index": {"_index":"sim","_id":"2266849"}}
	{"id":2266849,"type":"sell","buyer":"jelly-cz","seller":"andy4475","symbol":"SIM","quantity":"27.687","price":"0.00056621","timestamp":1639398438,"volume":"0.01567666","buyTxId":"MM-P-12999081-59985910-3-28-0","sellTxId":"d58d198004e1832bd1644b68b090b669378dae46"}
{"index": {"_index":"sim","_id":"2267055"}}
	{"id":2267055,"type":"sell","buyer":"pi-trader","seller":"m2nnari","symbol":"SIM","quantity":"255.000","price":"0.00056632","timestamp":1639400373,"volume":"0.14441160","buyTxId":"5a1ab16c08526af21d42dc6b0d97860e4bbba834-1","sellTxId":"0d7285b5a27fc526ca65b651708b688e36bd3458"}
{"index": {"_index":"sim","_id":"2267087"}}
	{"id":2267087,"type":"sell","buyer":"pi-trader","seller":"tonytrillions","symbol":"SIM","quantity":"0.024","price":"0.00056635","timestamp":1639400706,"volume":"0.00001359","buyTxId":"61debe3dcdf00637357f1d0c7c7a4e7729562042-2","sellTxId":"fb1ef0bbe60fad9fc4d313b5de87a3b4c7aa30e2"}
{"index": {"_index":"sim","_id":"2267198"}}
	{"id":2267198,"type":"buy","buyer":"theiamultitude","seller":"pi-trader","symbol":"SIM","quantity":"1000.000","price":"0.00058999","timestamp":1639401177,"volume":"0.58999000","buyTxId":"b19d2e494fef72b1ed37be414bf39d1b58ef89d4","sellTxId":"ed7365a0cc1bdf3aea383a78b01ad313b8800753-1"}
{"index": {"_index":"sim","_id":"2267337"}}
	{"id":2267337,"type":"sell","buyer":"pi-trader","seller":"captaincryptic","symbol":"SIM","quantity":"1886.020","price":"0.00056650","timestamp":1639402119,"volume":"1.06843033","buyTxId":"773a545fcacfef26bb723f56a23b716298b88635-2","sellTxId":"3a2f22b92da64d90dfbcfd536e45079bf8acdf2d"}
{"index": {"_index":"sim","_id":"2267488"}}
	{"id":2267488,"type":"buy","buyer":"metafemboy","seller":"pi-trader","symbol":"SIM","quantity":"50000.000","price":"0.00058998","timestamp":1639403175,"volume":"29.49900000","buyTxId":"135993013cd72fcbf727b81214742afc7d5c902c","sellTxId":"bf4408b37246e5104bd0cfcbd9b7c34dd18c8e0e-2"}
{"index": {"_index":"sim","_id":"2267489"}}
	{"id":2267489,"type":"buy","buyer":"metafemboy","seller":"brofi-market","symbol":"SIM","quantity":"0.006","price":"0.00058999","timestamp":1639403175,"volume":"0.00000354","buyTxId":"135993013cd72fcbf727b81214742afc7d5c902c","sellTxId":"8f1271e2b74cf5cd9e9ed25dbd3704835e101c85"}
{"index": {"_index":"sim","_id":"2267490"}}
	{"id":2267490,"type":"buy","buyer":"metafemboy","seller":"quizzlescoop","symbol":"SIM","quantity":"17811.858","price":"0.00059000","timestamp":1639403175,"volume":"10.50899646","buyTxId":"135993013cd72fcbf727b81214742afc7d5c902c","sellTxId":"0f09b6eacb96856102e73bc5c4b51f173d02a721"}
{"index": {"_index":"sim","_id":"2268049"}}
	{"id":2268049,"type":"sell","buyer":"jelly-cz","seller":"monsterjamgold","symbol":"SIM","quantity":"21.504","price":"0.00056703","timestamp":1639407312,"volume":"0.01219341","buyTxId":"MM-P-13017248-60004085-3-28-0","sellTxId":"4fc971da58d18d7619dea97983c7705adf73b2e1"}
{"index": {"_index":"sim","_id":"2268297"}}
	{"id":2268297,"type":"buy","buyer":"weldmaster","seller":"quizzlescoop","symbol":"SIM","quantity":"119.000","price":"0.00059000","timestamp":1639408935,"volume":"0.07021000","buyTxId":"82f06a2f7b0c90065345b77715abd6040733e117","sellTxId":"0f09b6eacb96856102e73bc5c4b51f173d02a721"}
{"index": {"_index":"sim","_id":"2268304"}}
	{"id":2268304,"type":"buy","buyer":"jelly13","seller":"quizzlescoop","symbol":"SIM","quantity":"82069.142","price":"0.00059000","timestamp":1639408980,"volume":"48.42079378","buyTxId":"4340e70e678e13b5d20031dcf1a89d9e7dedb3f2","sellTxId":"0f09b6eacb96856102e73bc5c4b51f173d02a721"}
{"index": {"_index":"sim","_id":"2268324"}}
	{"id":2268324,"type":"buy","buyer":"weldmaster","seller":"pi-trader","symbol":"SIM","quantity":"50000.000","price":"0.00059999","timestamp":1639409070,"volume":"29.99950000","buyTxId":"158e4915a300e8ebebe3d5fe7d52b6b71cbe5130","sellTxId":"add0eb338d808955a9623de975ce8ecdd5d29960-1"}
{"index": {"_index":"sim","_id":"2268378"}}
	{"id":2268378,"type":"buy","buyer":"dkid14","seller":"pi-trader","symbol":"SIM","quantity":"6418.237","price":"0.00059999","timestamp":1639409259,"volume":"3.85087802","buyTxId":"9fe9cdb5c657638c83d4fdf66f87ffd66911eec1","sellTxId":"63a73b4ac6b2f6944c691b3c65edb88e4dd82bc3-1"}
{"index": {"_index":"sim","_id":"2268402"}}
	{"id":2268402,"type":"buy","buyer":"dswap","seller":"pi-trader","symbol":"SIM","quantity":"58.499","price":"0.00059999","timestamp":1639409373,"volume":"0.03509902","buyTxId":"c84df4df7bc29fbab1dd13511f9cfc2768c79735","sellTxId":"cd224cde562ab153fee199fc9bea16f9da68350a-5"}
{"index": {"_index":"sim","_id":"2268455"}}
	{"id":2268455,"type":"sell","buyer":"pi-trader","seller":"thatcryptodave","symbol":"SIM","quantity":"500.297","price":"0.00056725","timestamp":1639409616,"volume":"0.28379347","buyTxId":"8916e9a739e9eb1f90ed48439dd5dc4ddb5e35f7-3","sellTxId":"16a13f72f925acb4227a035996f734df7a645908"}
{"index": {"_index":"sim","_id":"2268526"}}
	{"id":2268526,"type":"sell","buyer":"pi-trader","seller":"eforucom","symbol":"SIM","quantity":"0.038","price":"0.00056728","timestamp":1639409934,"volume":"0.00002156","buyTxId":"83547acd70d548a94844b0ebe85f75b6a139c050-1","sellTxId":"0b2b290b0fb2eb13689402700a28eaf8f6ba8d41"}
{"index": {"_index":"sim","_id":"2268751"}}
	{"id":2268751,"type":"sell","buyer":"jelly-cz","seller":"cmplxty","symbol":"SIM","quantity":"3511.249","price":"0.00056742","timestamp":1639411215,"volume":"1.99235291","buyTxId":"MM-P-13018544-60005384-3-28-0","sellTxId":"ca3228417c03ecc363c1fc0f6966ab43837bc951"}
{"index": {"_index":"sim","_id":"2268797"}}
	{"id":2268797,"type":"buy","buyer":"stickupboys","seller":"pi-trader","symbol":"SIM","quantity":"6000.000","price":"0.00059999","timestamp":1639411362,"volume":"3.59994000","buyTxId":"76c8d6f635474d4adc1ed71a797c1c4d6d12dae2","sellTxId":"f9034c4a600cd05e040e64b5390bc8d4e359af38-7"}
{"index": {"_index":"sim","_id":"2268827"}}
	{"id":2268827,"type":"buy","buyer":"stickupboys","seller":"pi-trader","symbol":"SIM","quantity":"2160.000","price":"0.00059999","timestamp":1639411566,"volume":"1.29597840","buyTxId":"bc8c7b7f45e363bc520ae556e05c67fa13b6933b","sellTxId":"76cba9cfa9effedda2b684681663dac98c29e272-6"}
{"index": {"_index":"sim","_id":"2268958"}}
	{"id":2268958,"type":"sell","buyer":"pi-trader","seller":"brofi-market","symbol":"SIM","quantity":"0.001","price":"0.00056749","timestamp":1639411965,"volume":"0.00000057","buyTxId":"08570c0e3bfb132bc8f5bcb13549f4de58055ecb-3","sellTxId":"ade03bcb1385e0fe09d64368350c9f811fef7722"}
{"index": {"_index":"sim","_id":"2269487"}}
	{"id":2269487,"type":"buy","buyer":"gnatale","seller":"pi-trader","symbol":"SIM","quantity":"300.000","price":"0.00059999","timestamp":1639414140,"volume":"0.17999700","buyTxId":"458b99c7d9a4c9d79ea2936d7bac492d186fefda","sellTxId":"db3f85ba54fb6844785178a40f71cd34afdf73be-11"}
{"index": {"_index":"sim","_id":"2269625"}}
	{"id":2269625,"type":"sell","buyer":"pi-trader","seller":"onestrong","symbol":"SIM","quantity":"8000.010","price":"0.00056779","timestamp":1639414869,"volume":"4.54232568","buyTxId":"dfa40cac6d19750be9087ee00605d7aceb0cc591-1","sellTxId":"1279083b008b65b9674d78767808be1ab59101de"}
{"index": {"_index":"sim","_id":"2269714"}}
	{"id":2269714,"type":"sell","buyer":"pi-trader","seller":"eforucom","symbol":"SIM","quantity":"0.001","price":"0.00056782","timestamp":1639415304,"volume":"0.00000057","buyTxId":"982da3d1c3de1381bb5316cc17d2ec167b93977a-4","sellTxId":"60deaf03398abcb21057ac78e7c2b5bfb41a0c17"}
{"index": {"_index":"sim","_id":"2270280"}}
	{"id":2270280,"type":"sell","buyer":"pi-trader","seller":"heikki1337","symbol":"SIM","quantity":"2671.668","price":"0.00056812","timestamp":1639418325,"volume":"1.51782802","buyTxId":"a9c7aced18995ec572f81d38f1ed5b446eb95d40-3","sellTxId":"1a21eb215a0a7082ed5535a1ab75adcabf601f85"}
{"index": {"_index":"sim","_id":"2270330"}}
	{"id":2270330,"type":"buy","buyer":"jelly13","seller":"skpainter","symbol":"SIM","quantity":"177.858","price":"0.00060000","timestamp":1639418799,"volume":"0.10671480","buyTxId":"9d1c3465d18e9ba1accdca5db80871b041bead7b","sellTxId":"fb699db9bfecf32e8f9336328d2e1af5a4405c62"}
{"index": {"_index":"sim","_id":"2270331"}}
	{"id":2270331,"type":"buy","buyer":"jelly13","seller":"mapac","symbol":"SIM","quantity":"555.000","price":"0.00060000","timestamp":1639418799,"volume":"0.33300000","buyTxId":"9d1c3465d18e9ba1accdca5db80871b041bead7b","sellTxId":"0b6a4369e4a56142641265ede71c5bfbd08f3679"}
{"index": {"_index":"sim","_id":"2270332"}}
	{"id":2270332,"type":"buy","buyer":"jelly13","seller":"brofi-market","symbol":"SIM","quantity":"0.001","price":"0.00060000","timestamp":1639418799,"volume":"0.00000060","buyTxId":"9d1c3465d18e9ba1accdca5db80871b041bead7b","sellTxId":"7703916e0d6ee672848f1c34af032ce0aa403a77"}
{"index": {"_index":"sim","_id":"2270333"}}
	{"id":2270333,"type":"buy","buyer":"jelly13","seller":"boycharlieplays","symbol":"SIM","quantity":"267.141","price":"0.00060000","timestamp":1639418799,"volume":"0.16028460","buyTxId":"9d1c3465d18e9ba1accdca5db80871b041bead7b","sellTxId":"f3eb39f3ac2bbefc38694d5df430777a7dc721cc"}
{"index": {"_index":"sim","_id":"2270356"}}
	{"id":2270356,"type":"sell","buyer":"pi-trader","seller":"willsaldeno","symbol":"SIM","quantity":"11601.000","price":"0.00057454","timestamp":1639418925,"volume":"6.66523854","buyTxId":"acee8b54b33dd91f12b78a2e4f34d830fdcc708d-1","sellTxId":"cdd60c58d4450ec940f3c2c0c24e132d63a6963c"}
{"index": {"_index":"sim","_id":"2270426"}}
	{"id":2270426,"type":"buy","buyer":"nervi","seller":"boycharlieplays","symbol":"SIM","quantity":"492.700","price":"0.00060000","timestamp":1639419393,"volume":"0.29562","buyTxId":"467e8ff43069fa54689fbc02273efd293a1eb76e","sellTxId":"f3eb39f3ac2bbefc38694d5df430777a7dc721cc"}
{"index": {"_index":"sim","_id":"2270454"}}
	{"id":2270454,"type":"buy","buyer":"nervi","seller":"boycharlieplays","symbol":"SIM","quantity":"7441.000","price":"0.00060000","timestamp":1639419687,"volume":"4.46460000","buyTxId":"377e7cbaf7e5f4cc3baa896280a50175529cec9f","sellTxId":"f3eb39f3ac2bbefc38694d5df430777a7dc721cc"}
{"index": {"_index":"sim","_id":"2270624"}}
	{"id":2270624,"type":"sell","buyer":"pi-trader","seller":"solarpowers","symbol":"SIM","quantity":"2176.000","price":"0.00057475","timestamp":1639420998,"volume":"1.25065600","buyTxId":"8b15cf6a2bd1d1513bc790755c80c321443797a4-3","sellTxId":"83075081581d745d861ed78e28fc2738e76da333"}
{"index": {"_index":"sim","_id":"2270786"}}
	{"id":2270786,"type":"sell","buyer":"pi-trader","seller":"youloseagain","symbol":"SIM","quantity":"999.818","price":"0.00057484","timestamp":1639421769,"volume":"0.57473538","buyTxId":"1d5c24a35c48dc92045d3fcfab71fab74a12b077-3","sellTxId":"49d30f79bed67e34186232bed17c33ef36b0adbc"}
{"index": {"_index":"sim","_id":"2270885"}}
	{"id":2270885,"type":"sell","buyer":"pi-trader","seller":"steem-hodler","symbol":"SIM","quantity":"94500.000","price":"0.00057493","timestamp":1639422654,"volume":"54.33088500","buyTxId":"2bb501b010d4d3cf64db537461ba0935dc269aa6-1","sellTxId":"bfd385ef816a35fca9a6231c759738dd05002110"}
{"index": {"_index":"sim","_id":"2270932"}}
	{"id":2270932,"type":"sell","buyer":"pi-trader","seller":"monsterjamgold","symbol":"SIM","quantity":"1354.000","price":"0.00057499","timestamp":1639423290,"volume":"0.77853646","buyTxId":"040de47b92e326fc712dca98cd1970bac6221248-1","sellTxId":"ed23419c50db6bf4bff73894ef57f13bf63cc768"}
{"index": {"_index":"sim","_id":"2271062"}}
	{"id":2271062,"type":"sell","buyer":"pi-trader","seller":"florian-glechner","symbol":"SIM","quantity":"21.000","price":"0.00057505","timestamp":1639424073,"volume":"0.01207605","buyTxId":"e39cca5880abc6e5216e6e2cd552c94757a59cc1-1","sellTxId":"c4e9dfbe2a944c3f5101434ffa27a59634bcc922"}
{"index": {"_index":"sim","_id":"2271078"}}
	{"id":2271078,"type":"sell","buyer":"pi-trader","seller":"nyxlabs","symbol":"SIM","quantity":"1186.684","price":"0.00057508","timestamp":1639424238,"volume":"0.68243823","buyTxId":"a3d9335ed1124676b927f071ddb02652433ca9b7-3","sellTxId":"fdaef3b00221416e50cdce2f2ba0fa4db9be31c4"}
{"index": {"_index":"sim","_id":"2271198"}}
	{"id":2271198,"type":"buy","buyer":"jjprac","seller":"boycharlieplays","symbol":"SIM","quantity":"0.086","price":"0.00060000","timestamp":1639424763,"volume":"0.00005160","buyTxId":"3b9b7cbc753d95311cedb5121f3ce02b76577ca5","sellTxId":"f3eb39f3ac2bbefc38694d5df430777a7dc721cc"}
{"index": {"_index":"sim","_id":"2271228"}}
	{"id":2271228,"type":"buy","buyer":"jjprac","seller":"pi-trader","symbol":"SIM","quantity":"3000.000","price":"0.00061999","timestamp":1639424913,"volume":"1.85997000","buyTxId":"71413f2542d0321ac40308f92738d8da7d83b0e9","sellTxId":"4a43bd2fa0be39e68cc597e03d49bb8ef05c3d96-2"}
{"index": {"_index":"sim","_id":"2271303"}}
	{"id":2271303,"type":"sell","buyer":"jelly-cz","seller":"balte","symbol":"SIM","quantity":"11000.000","price":"0.00057519","timestamp":1639425312,"volume":"6.32709000","buyTxId":"MM-P-13023235-60010079-3-28-0","sellTxId":"789e43e46a0aa600d961d846e78c861188412688"}
{"index": {"_index":"sim","_id":"2271336"}}
	{"id":2271336,"type":"buy","buyer":"valentin86","seller":"pi-trader","symbol":"SIM","quantity":"30000.000","price":"0.00061999","timestamp":1639425699,"volume":"18.59970000","buyTxId":"c2d6a147be0150ef992ab3db2475f2d1f5ab3692","sellTxId":"f34c0a558cbceb5f4bbe27c4af0de25e2710cf76-4"}
{"index": {"_index":"sim","_id":"2271357"}}
	{"id":2271357,"type":"sell","buyer":"pi-trader","seller":"lulu-the-fizzgig","symbol":"SIM","quantity":"200.103","price":"0.00057526","timestamp":1639425939,"volume":"0.11511125","buyTxId":"37ba8a86df9369e4cd27120d170f6d6253b58245-1","sellTxId":"be981b1628c31ca14479c2966c73fccf2922c8e8"}
{"index": {"_index":"sim","_id":"2271626"}}
	{"id":2271626,"type":"buy","buyer":"svirus","seller":"reseller","symbol":"SIM","quantity":"53066.000","price":"0.00058000","timestamp":1639427988,"volume":"30.77828000","buyTxId":"f919351c868f71fba0853ab6613e57b3e120c33d-0","sellTxId":"792e84815f0332d814ead2a689f80697ddc5783e"}
{"index": {"_index":"sim","_id":"2271656"}}
	{"id":2271656,"type":"buy","buyer":"lrekt01","seller":"pi-trader","symbol":"SIM","quantity":"2389.903","price":"0.00061999","timestamp":1639428192,"volume":"1.48171596","buyTxId":"7c9ec01aabc48549175fcdead8551a2e1e485e73","sellTxId":"e5ba9081dd17a8911de5c7f50bdbf0b6401872ed-4"}
{"index": {"_index":"sim","_id":"2271715"}}
	{"id":2271715,"type":"sell","buyer":"pi-trader","seller":"leizerstark","symbol":"SIM","quantity":"500.000","price":"0.00057562","timestamp":1639428726,"volume":"0.28781000","buyTxId":"2e6d30588585e0bd4cf795373ba7ac91c750befe-3","sellTxId":"0e67ce2967c84cbcd4b556bad720588192730446"}
{"index": {"_index":"sim","_id":"2271839"}}
	{"id":2271839,"type":"sell","buyer":"jelly-cz","seller":"lisamgentile1961","symbol":"SIM","quantity":"75.055","price":"0.00060001","timestamp":1639430019,"volume":"0.04503375","buyTxId":"MM-P-13024632-60011476-3-28-0","sellTxId":"d5df8472a818abae9314bab4fba5651829669d47"}
{"index": {"_index":"sim","_id":"2271842"}}
	{"id":2271842,"type":"sell","buyer":"jelly-cz","seller":"adamdabeast","symbol":"SIM","quantity":"16952.500","price":"0.00060001","timestamp":1639430028,"volume":"10.17166953","buyTxId":"MM-P-13024632-60011476-3-28-0","sellTxId":"753c48c0ca7c6d7b817c13afdb4a07539f2e899b"}
{"index": {"_index":"sim","_id":"2271875"}}
	{"id":2271875,"type":"sell","buyer":"jelly-cz","seller":"piotr42","symbol":"SIM","quantity":"524.000","price":"0.00060001","timestamp":1639430331,"volume":"0.31440524","buyTxId":"MM-P-13024632-60011476-3-28-0","sellTxId":"d0be4df531388f2d73cab71d1153fa74bf0d7e9d"}
{"index": {"_index":"sim","_id":"2272011"}}
	{"id":2272011,"type":"sell","buyer":"jelly-cz","seller":"drew0","symbol":"SIM","quantity":"20334.049","price":"0.00060001","timestamp":1639431546,"volume":"12.20063274","buyTxId":"MM-P-13024632-60011476-3-28-0","sellTxId":"d6be0273d79d00e50e65f16fa426733dfebf9bea"}
{"index": {"_index":"sim","_id":"2272229"}}
	{"id":2272229,"type":"sell","buyer":"jelly-cz","seller":"nastyforce","symbol":"SIM","quantity":"382.578","price":"0.00060001","timestamp":1639433847,"volume":"0.22955063","buyTxId":"MM-P-13024632-60011476-3-28-0","sellTxId":"39e1be726e2f8d0428da804943dc32f75c0ccab5"}
{"index": {"_index":"sim","_id":"2272343"}}
	{"id":2272343,"type":"sell","buyer":"jelly-cz","seller":"he-index","symbol":"SIM","quantity":"276.871","price":"0.00060001","timestamp":1639434729,"volume":"0.16612537","buyTxId":"MM-P-13024632-60011476-3-28-0","sellTxId":"91aa8e28a1b3c9db6a62ae0452a8d494d7dc7b3c"}
{"index": {"_index":"sim","_id":"2272376"}}
	{"id":2272376,"type":"sell","buyer":"jelly-cz","seller":"thisisawesome","symbol":"SIM","quantity":"3.408","price":"0.00060001","timestamp":1639434972,"volume":"0.00204483","buyTxId":"MM-P-13024632-60011476-3-28-0","sellTxId":"92499c890fa509cab758d60b0bf08f1666b890a2"}
{"index": {"_index":"sim","_id":"2272441"}}
	{"id":2272441,"type":"sell","buyer":"jelly-cz","seller":"steem-hodler","symbol":"SIM","quantity":"25393.000","price":"0.00060001","timestamp":1639435578,"volume":"15.23605393","buyTxId":"MM-P-13024632-60011476-3-28-0","sellTxId":"74436fddf9a118d2138275403437b2a64d355bae"}
{"index": {"_index":"sim","_id":"2272447"}}
	{"id":2272447,"type":"sell","buyer":"jelly-cz","seller":"elricmoonslayer","symbol":"SIM","quantity":"33.005","price":"0.00060001","timestamp":1639435650,"volume":"0.01980333","buyTxId":"MM-P-13024632-60011476-3-28-0","sellTxId":"c9f5c9382f37a67f9b15e6bbd13c3f9803ce7e9a"}
{"index": {"_index":"sim","_id":"2272520"}}
	{"id":2272520,"type":"sell","buyer":"jelly-cz","seller":"frugal-fun","symbol":"SIM","quantity":"5000.000","price":"0.00060001","timestamp":1639436190,"volume":"3.00005000","buyTxId":"MM-P-13024632-60011476-3-28-0","sellTxId":"3f21474011a80baa761f34f9d42ba9d9bffb17d1"}
{"index": {"_index":"sim","_id":"2272560"}}
	{"id":2272560,"type":"sell","buyer":"jelly-cz","seller":"frugal-fun","symbol":"SIM","quantity":"5000.000","price":"0.00060001","timestamp":1639436676,"volume":"3.00005000","buyTxId":"MM-P-13024632-60011476-3-28-0","sellTxId":"24722d26d7a9d357bcfb73bae3126f2f20f20a30"}
{"index": {"_index":"sim","_id":"2272780"}}
	{"id":2272780,"type":"buy","buyer":"magnacarta","seller":"pi-trader","symbol":"SIM","quantity":"15000.241","price":"0.00061999","timestamp":1639438734,"volume":"9.3","buyTxId":"fdee3a4355a26ac9a56fc256a31fabfdc9707225","sellTxId":"ddfc5add47e17deaaa1eeec7d5b52b45baae2640-7"}
{"index": {"_index":"sim","_id":"2272797"}}
	{"id":2272797,"type":"sell","buyer":"cryptonumbers","seller":"svirus","symbol":"SIM","quantity":"6600.000","price":"0.00061000","timestamp":1639438935,"volume":"4.02600000","buyTxId":"2d9a1584e668e22feea59886517668b251bc4f91","sellTxId":"85da210b0ab3beb341c67ccc77d5307105c2ffa9-1"}
{"index": {"_index":"sim","_id":"2272842"}}
	{"id":2272842,"type":"sell","buyer":"jelly-cz","seller":"darth-azrael","symbol":"SIM","quantity":"5.876","price":"0.00060001","timestamp":1639439403,"volume":"0.00352566","buyTxId":"MM-P-13024632-60011476-3-28-0","sellTxId":"b8d656402d079fe8eba0bc788f409587df90471b"}
{"index": {"_index":"sim","_id":"2273002"}}
	{"id":2273002,"type":"sell","buyer":"jelly-cz","seller":"brofi-market","symbol":"SIM","quantity":"0.002","price":"0.00060053","timestamp":1639440891,"volume":"0.00000120","buyTxId":"MM-P-13028020-60014871-3-28-0","sellTxId":"7ecb4855742ef93461d0068039b30e055cca840b"}
{"index": {"_index":"sim","_id":"2273258"}}
	{"id":2273258,"type":"sell","buyer":"jelly-cz","seller":"velourex","symbol":"SIM","quantity":"17064.276","price":"0.00060105","timestamp":1639443009,"volume":"10.25648309","buyTxId":"MM-P-13028619-60015470-3-28-0","sellTxId":"d9d8dbc37de302e3cf25a1dcde5bf461545a736e"}
{"index": {"_index":"sim","_id":"2273661"}}
	{"id":2273661,"type":"buy","buyer":"dkid14","seller":"pi-trader","symbol":"SIM","quantity":"18879.738","price":"0.00061999","timestamp":1639446654,"volume":"11.70524876","buyTxId":"e04585efc322e6ebcbb9f937570124c78e989579","sellTxId":"24aa2846902624528439791712a3687cd78c530c-2"}
{"index": {"_index":"sim","_id":"2273853"}}
	{"id":2273853,"type":"sell","buyer":"jelly-cz","seller":"andy4475","symbol":"SIM","quantity":"27.395","price":"0.00060105","timestamp":1639447944,"volume":"0.01646576","buyTxId":"MM-P-13028619-60015470-3-28-0","sellTxId":"5702efefb777232c79049909a3b313aae21bd1d2"}
{"index": {"_index":"sim","_id":"2273970"}}
	{"id":2273970,"type":"sell","buyer":"jelly-cz","seller":"fiberfrau","symbol":"SIM","quantity":"8.554","price":"0.00060105","timestamp":1639449249,"volume":"0.00514138","buyTxId":"MM-P-13028619-60015470-3-28-0","sellTxId":"df20a06eebd474843dc738e306a037b1f24947a4"}
{"index": {"_index":"sim","_id":"2273979"}}
	{"id":2273979,"type":"buy","buyer":"dkid14","seller":"pi-trader","symbol":"SIM","quantity":"44355.770","price":"0.00061998","timestamp":1639449306,"volume":"27.49969028","buyTxId":"0c4a975afadfa42d3e33af89577c6f7f5286058d","sellTxId":"70a1b8734d360915efc77d24f3d88e68b042e00f-9"}
{"index": {"_index":"sim","_id":"2274123"}}
	{"id":2274123,"type":"sell","buyer":"jelly-cz","seller":"eforucom","symbol":"SIM","quantity":"0.010","price":"0.00060105","timestamp":1639450626,"volume":"0.00000601","buyTxId":"MM-P-13028619-60015470-3-28-0","sellTxId":"4fe22c4a8744a27773200681c0c2a486072d9609"}
{"index": {"_index":"sim","_id":"2274206"}}
	{"id":2274206,"type":"sell","buyer":"jelly-cz","seller":"magnacarta","symbol":"SIM","quantity":"3.955","price":"0.00060105","timestamp":1639451364,"volume":"0.00237715","buyTxId":"MM-P-13028619-60015470-3-28-0","sellTxId":"fc2940c0d101757ad6ffa71875d764d92fb7f47d"}
{"index": {"_index":"sim","_id":"2274223"}}
	{"id":2274223,"type":"sell","buyer":"jelly-cz","seller":"rarej","symbol":"SIM","quantity":"3535.794","price":"0.00060105","timestamp":1639451493,"volume":"2.12518898","buyTxId":"MM-P-13028619-60015470-3-28-0","sellTxId":"37b54dbd27ef3969676e32b1e86ae19015261327"}
{"index": {"_index":"sim","_id":"2274414"}}
	{"id":2274414,"type":"sell","buyer":"jelly-cz","seller":"goldcoin","symbol":"SIM","quantity":"104.670","price":"0.00060105","timestamp":1639453479,"volume":"0.06291190","buyTxId":"MM-P-13028619-60015470-3-28-0","sellTxId":"7a46df786f078725363ea5a5e92ea28a8b81f25d"}
{"index": {"_index":"sim","_id":"2274472"}}
	{"id":2274472,"type":"sell","buyer":"jelly-cz","seller":"theshaki","symbol":"SIM","quantity":"42.461","price":"0.00060105","timestamp":1639453836,"volume":"0.02552118","buyTxId":"MM-P-13028619-60015470-3-28-0","sellTxId":"ea6e3731c9265dba1285cf1cfd0bfbb1e19bb45d"}
