{"index": {"_index":"sim","_id":"3343700"}}
	{"id":3343700,"type":"buy","buyer":"low-key103","seller":"beco132","symbol":"SIM","quantity":"5155.000","price":"0.00039000","timestamp":1651642878,"volume":"2.01045000","buyTxId":"ce1058b76b4a804372f97594906571da2e41aa15","sellTxId":"9390534112e86f393a68dacb4978589b0c44f6a3"}
{"index": {"_index":"sim","_id":"3343796"}}
	{"id":3343796,"type":"sell","buyer":"low-key103","seller":"thesimguru","symbol":"SIM","quantity":"7999.200","price":"0.00039000","timestamp":1651643226,"volume":"3.11968800","buyTxId":"ce1058b76b4a804372f97594906571da2e41aa15","sellTxId":"107b234d1befcc7e676abe343193d9dfa1958692"}
{"index": {"_index":"sim","_id":"3343802"}}
	{"id":3343802,"type":"sell","buyer":"low-key103","seller":"theguruasia","symbol":"SIM","quantity":"528.190","price":"0.00039000","timestamp":1651643307,"volume":"0.20599410","buyTxId":"ce1058b76b4a804372f97594906571da2e41aa15","sellTxId":"2b63e0acef8562010fe1e9c7f07bc29fd1cce77a"}
{"index": {"_index":"sim","_id":"3344196"}}
	{"id":3344196,"type":"buy","buyer":"jelly13","seller":"onestrong","symbol":"SIM","quantity":"5977.000","price":"0.00039426","timestamp":1651646307,"volume":"2.35649202","buyTxId":"b206b4b62fbfb4a01905eaf4d0758f0fa45121ee","sellTxId":"a3777bfab6dc1b98be7348063da7b4245dbd99fb"}
{"index": {"_index":"sim","_id":"3344231"}}
	{"id":3344231,"type":"sell","buyer":"low-key103","seller":"dhedge-drips","symbol":"SIM","quantity":"0.001","price":"0.00039000","timestamp":1651646715,"volume":"0.00000039","buyTxId":"ce1058b76b4a804372f97594906571da2e41aa15","sellTxId":"a96106cc33b3af66276fd51c44c7d895f9994179"}
{"index": {"_index":"sim","_id":"3344326"}}
	{"id":3344326,"type":"buy","buyer":"hcsparta","seller":"nftmart.fees","symbol":"SIM","quantity":"32.000","price":"0.00039425","timestamp":1651647882,"volume":"0.01261600","buyTxId":"d81c31db1213e163367713d53d4062784bdee9c6","sellTxId":"fa5edd8072354a7c9ddfcd3f676c6915ee52bdc5-0"}
{"index": {"_index":"sim","_id":"3344486"}}
	{"id":3344486,"type":"buy","buyer":"low-key103","seller":"nftmart.fees","symbol":"SIM","quantity":"28.000","price":"0.00039425","timestamp":1651649793,"volume":"0.01103900","buyTxId":"64800fc154cfd502ffbfb94f7554fa1c40ef4b96","sellTxId":"ba0e8bd1dc9638319d59042507bea7d8413d1300-0"}
{"index": {"_index":"sim","_id":"3344487"}}
	{"id":3344487,"type":"buy","buyer":"low-key103","seller":"onestrong","symbol":"SIM","quantity":"0.020","price":"0.00039426","timestamp":1651649793,"volume":"0.00000789","buyTxId":"64800fc154cfd502ffbfb94f7554fa1c40ef4b96","sellTxId":"a3777bfab6dc1b98be7348063da7b4245dbd99fb"}
{"index": {"_index":"sim","_id":"3344488"}}
	{"id":3344488,"type":"buy","buyer":"low-key103","seller":"dhedge-drips","symbol":"SIM","quantity":"0.001","price":"0.00039426","timestamp":1651649793,"volume":"0.00000039","buyTxId":"64800fc154cfd502ffbfb94f7554fa1c40ef4b96","sellTxId":"b53f84193e40d888ab84733857875f5094b3af0e"}
{"index": {"_index":"sim","_id":"3344489"}}
	{"id":3344489,"type":"buy","buyer":"low-key103","seller":"pi-trader","symbol":"SIM","quantity":"50000.000","price":"0.00039998","timestamp":1651649793,"volume":"19.99900000","buyTxId":"64800fc154cfd502ffbfb94f7554fa1c40ef4b96","sellTxId":"6c0263da11dbfa40969ac195a8d08d469287d786-3"}
{"index": {"_index":"sim","_id":"3344491"}}
	{"id":3344491,"type":"sell","buyer":"low-key103","seller":"pi-trader","symbol":"SIM","quantity":"2707.206","price":"0.00039998","timestamp":1651649814,"volume":"1.08282826","buyTxId":"64800fc154cfd502ffbfb94f7554fa1c40ef4b96","sellTxId":"65d4c0df4d741c0c1f67b0cffcb62073f9450338-9"}
{"index": {"_index":"sim","_id":"3344658"}}
	{"id":3344658,"type":"sell","buyer":"jelly-cz","seller":"anderssinho","symbol":"SIM","quantity":"0.468","price":"0.00039304","timestamp":1651651779,"volume":"0.00018394","buyTxId":"MM-P-17084044-64073722-3-31-0","sellTxId":"5add51da7fee2d31f3775205984116e3c1095f02"}
{"index": {"_index":"sim","_id":"3344879"}}
	{"id":3344879,"type":"sell","buyer":"jelly-cz","seller":"pele23","symbol":"SIM","quantity":"0.010","price":"0.00039304","timestamp":1651654377,"volume":"0.00000393","buyTxId":"MM-P-17084044-64073722-3-31-0","sellTxId":"6f669dccfb8d1f984e42f2c42b7c799c28cb27bb"}
{"index": {"_index":"sim","_id":"3345402"}}
	{"id":3345402,"type":"sell","buyer":"jelly-cz","seller":"valor2s","symbol":"SIM","quantity":"47.229","price":"0.00039304","timestamp":1651660785,"volume":"0.01856289","buyTxId":"MM-P-17084044-64073722-3-31-0","sellTxId":"367af794177290f20d41e42305cb488961c173e9"}
{"index": {"_index":"sim","_id":"3345472"}}
	{"id":3345472,"type":"sell","buyer":"jelly-cz","seller":"hilbyguy","symbol":"SIM","quantity":"81292.615","price":"0.00039304","timestamp":1651661643,"volume":"31.95124940","buyTxId":"MM-P-17084044-64073722-3-31-0","sellTxId":"51053cc58a8fbb1777190a2aff03bcd40584e8c8"}
{"index": {"_index":"sim","_id":"3345475"}}
	{"id":3345475,"type":"buy","buyer":"konvik","seller":"hilbyguy","symbol":"SIM","quantity":"22876.286","price":"0.00039237","timestamp":1651661652,"volume":"8.97596834","buyTxId":"c58d61ea83fcc3219f75f3d63e8637cbc4ed8b3b-0","sellTxId":"51053cc58a8fbb1777190a2aff03bcd40584e8c8"}
{"index": {"_index":"sim","_id":"3345692"}}
	{"id":3345692,"type":"buy","buyer":"xbee","seller":"nftmart.fees","symbol":"SIM","quantity":"21.000","price":"0.00039996","timestamp":1651664625,"volume":"0.00839916","buyTxId":"b0f033c29878f3844d0aefb5b2a3eefe82c64ad5","sellTxId":"5e2242f17c4be07e7ce7e257ebf855a7ad3f79d2-0"}
{"index": {"_index":"sim","_id":"3345695"}}
	{"id":3345695,"type":"sell","buyer":"xbee","seller":"pjansen","symbol":"SIM","quantity":"1258.811","price":"0.00039996","timestamp":1651664673,"volume":"0.50347405","buyTxId":"b0f033c29878f3844d0aefb5b2a3eefe82c64ad5","sellTxId":"d2fa39826aafa73bd335bbe55dc42d80a06203a2"}
{"index": {"_index":"sim","_id":"3345700"}}
	{"id":3345700,"type":"buy","buyer":"xbee","seller":"boycharlieplays","symbol":"SIM","quantity":"3782.251","price":"0.00039999","timestamp":1651664709,"volume":"1.51286258","buyTxId":"bc810fea9d9faf6bf8d153b30a4892eeed8aef0c","sellTxId":"f3fd3cf53785fbdf3a8f9c2df70aa5ed6a7bc1d5"}
{"index": {"_index":"sim","_id":"3345862"}}
	{"id":3345862,"type":"buy","buyer":"xbee","seller":"nftmart.fees","symbol":"SIM","quantity":"21.000","price":"0.00039998","timestamp":1651666899,"volume":"0.00839958","buyTxId":"93b405e4b22994f928c5c64c4ecd5995c2d97e96","sellTxId":"ea18e7b1e986218fda3354a3fa106010c7a1d275-0"}
{"index": {"_index":"sim","_id":"3345863"}}
	{"id":3345863,"type":"buy","buyer":"xbee","seller":"boycharlieplays","symbol":"SIM","quantity":"6217.789","price":"0.00039999","timestamp":1651666899,"volume":"2.48705342","buyTxId":"93b405e4b22994f928c5c64c4ecd5995c2d97e96","sellTxId":"f3fd3cf53785fbdf3a8f9c2df70aa5ed6a7bc1d5"}
{"index": {"_index":"sim","_id":"3345864"}}
	{"id":3345864,"type":"sell","buyer":"xbee","seller":"konvik","symbol":"SIM","quantity":"25323.152","price":"0.00039999","timestamp":1651666902,"volume":"10.12900757","buyTxId":"93b405e4b22994f928c5c64c4ecd5995c2d97e96","sellTxId":"1bafb8188fd436e78420d8b50511144c9ac40155-1"}
{"index": {"_index":"sim","_id":"3345936"}}
	{"id":3345936,"type":"sell","buyer":"xbee","seller":"steem82868","symbol":"SIM","quantity":"0.010","price":"0.00039999","timestamp":1651668024,"volume":"0.00000400","buyTxId":"93b405e4b22994f928c5c64c4ecd5995c2d97e96","sellTxId":"869cf9062d934ef13609b64a050492497cfa3ea9"}
{"index": {"_index":"sim","_id":"3346001"}}
	{"id":3346001,"type":"buy","buyer":"dechuck","seller":"nftmart.fees","symbol":"SIM","quantity":"18.000","price":"0.00040640","timestamp":1651668492,"volume":"0.00731520","buyTxId":"c794ac05155e7857d2a786f772c63a3f6308a2e6","sellTxId":"8dc35c09bfffc5012133b0ce4c72a0defb5577a8-0"}
{"index": {"_index":"sim","_id":"3346002"}}
	{"id":3346002,"type":"buy","buyer":"dechuck","seller":"pi-trader","symbol":"SIM","quantity":"281.993","price":"0.00040641","timestamp":1651668492,"volume":"0.11460480","buyTxId":"c794ac05155e7857d2a786f772c63a3f6308a2e6","sellTxId":"f7cbb6e487787a849fa3dffeafefc1ce78ff5b3d"}
{"index": {"_index":"sim","_id":"3346291"}}
	{"id":3346291,"type":"sell","buyer":"xbee","seller":"nftmart.fees","symbol":"SIM","quantity":"25.104","price":"0.00039999","timestamp":1651672815,"volume":"0.01004135","buyTxId":"93b405e4b22994f928c5c64c4ecd5995c2d97e96","sellTxId":"51f6bbd688280f86637db0c5fd6fe9c190041636"}
{"index": {"_index":"sim","_id":"3346327"}}
	{"id":3346327,"type":"sell","buyer":"jelly-cz","seller":"dwinblood","symbol":"SIM","quantity":"0.384","price":"0.00039305","timestamp":1651673310,"volume":"0.00015093","buyTxId":"MM-P-17088233-64077912-3-31-0","sellTxId":"0244972691bbd2c575c1b69c0f0ecdc7000f0572"}
{"index": {"_index":"sim","_id":"3346415"}}
	{"id":3346415,"type":"buy","buyer":"openwide","seller":"nftmart.fees","symbol":"SIM","quantity":"13.000","price":"0.00040640","timestamp":1651673973,"volume":"0.00528320","buyTxId":"dd95d398eeadc09d51a333c1cf4753b6e098cf12","sellTxId":"173380e243d0acad36c6326653da957952780abb-0"}
{"index": {"_index":"sim","_id":"3346416"}}
	{"id":3346416,"type":"buy","buyer":"openwide","seller":"pi-trader","symbol":"SIM","quantity":"14756.322","price":"0.00040641","timestamp":1651673973,"volume":"5.99711682","buyTxId":"dd95d398eeadc09d51a333c1cf4753b6e098cf12","sellTxId":"22a3f36d0f0581cdfc87234a67f827d11a711be4-4"}
{"index": {"_index":"sim","_id":"3346470"}}
	{"id":3346470,"type":"sell","buyer":"jelly-cz","seller":"steem82868","symbol":"SIM","quantity":"0.001","price":"0.00039305","timestamp":1651674366,"volume":"0.00000039","buyTxId":"MM-P-17088233-64077912-3-31-0","sellTxId":"8bacdb079af8825e456e2b980ff897470393df71"}
{"index": {"_index":"sim","_id":"3346501"}}
	{"id":3346501,"type":"sell","buyer":"jelly-cz","seller":"mango-juice","symbol":"SIM","quantity":"1008.009","price":"0.00039305","timestamp":1651674777,"volume":"0.39619794","buyTxId":"MM-P-17088233-64077912-3-31-0","sellTxId":"aa39103164893c0e8133bc2d7b16497f08188707"}
{"index": {"_index":"sim","_id":"3346694"}}
	{"id":3346694,"type":"sell","buyer":"jelly-cz","seller":"epilatero","symbol":"SIM","quantity":"3960","price":"0.00039457","timestamp":1651676502,"volume":"1.56249720","buyTxId":"MM-P-17092920-64082602-3-31-0","sellTxId":"9d3744032ab57f775010bb7b610b900759ecdcad"}
{"index": {"_index":"sim","_id":"3346891"}}
	{"id":3346891,"type":"sell","buyer":"jelly-cz","seller":"nftmart.fees","symbol":"SIM","quantity":"78.946","price":"0.00039651","timestamp":1651678875,"volume":"0.03130288","buyTxId":"MM-P-17093219-64082902-3-31-0","sellTxId":"14cee486201643cd8be4e5209f389152fa8a5ee9"}
{"index": {"_index":"sim","_id":"3347057"}}
	{"id":3347057,"type":"sell","buyer":"jelly-cz","seller":"discohedge","symbol":"SIM","quantity":"854.616","price":"0.00039651","timestamp":1651680825,"volume":"0.33886379","buyTxId":"MM-P-17093219-64082902-3-31-0","sellTxId":"c1ddac9ccc271ac4ca184364d6576760d7ce53fd"}
{"index": {"_index":"sim","_id":"3347374"}}
	{"id":3347374,"type":"sell","buyer":"jelly-cz","seller":"whitelightxpress","symbol":"SIM","quantity":"2.490","price":"0.00039651","timestamp":1651683324,"volume":"0.00098731","buyTxId":"MM-P-17093219-64082902-3-31-0","sellTxId":"4b58dae8821bdc904038d34cc5240ccd146743db"}
{"index": {"_index":"sim","_id":"3347379"}}
	{"id":3347379,"type":"sell","buyer":"jelly-cz","seller":"papacrusher","symbol":"SIM","quantity":"47.111","price":"0.00039651","timestamp":1651683360,"volume":"0.01867998","buyTxId":"MM-P-17093219-64082902-3-31-0","sellTxId":"e64005a81984f06ce55fcbff726c58bbe19ee77d"}
{"index": {"_index":"sim","_id":"3347489"}}
	{"id":3347489,"type":"buy","buyer":"xbee","seller":"nftmart.fees","symbol":"SIM","quantity":"1.000","price":"0.00040640","timestamp":1651684002,"volume":"0.00040640","buyTxId":"e36ffe45de9f367990d09b8dcd7622b9b7152d77","sellTxId":"30322d79b83514f9ce42c6fbac1dd040198f5cf0-0"}
{"index": {"_index":"sim","_id":"3347490"}}
	{"id":3347490,"type":"sell","buyer":"xbee","seller":"svirus","symbol":"SIM","quantity":"7105.340","price":"0.00040640","timestamp":1651684005,"volume":"2.88761018","buyTxId":"e36ffe45de9f367990d09b8dcd7622b9b7152d77","sellTxId":"8aca1df11efd3c1219f275b456abee63bee45012-1"}
{"index": {"_index":"sim","_id":"3347526"}}
	{"id":3347526,"type":"sell","buyer":"xbee","seller":"nftmart.fees","symbol":"SIM","quantity":"0.009","price":"0.00040640","timestamp":1651684488,"volume":"0.00000365","buyTxId":"e36ffe45de9f367990d09b8dcd7622b9b7152d77","sellTxId":"382cd22263f23875c80dd43f4c503937cec2c53c-0"}
{"index": {"_index":"sim","_id":"3347540"}}
	{"id":3347540,"type":"buy","buyer":"oople","seller":"nftmart.fees","symbol":"SIM","quantity":"0.991","price":"0.00040640","timestamp":1651684683,"volume":"0.00040274","buyTxId":"8da4b206a3d57eef2daa085f40ebb0f52492ebf7","sellTxId":"382cd22263f23875c80dd43f4c503937cec2c53c-0"}
{"index": {"_index":"sim","_id":"3347547"}}
	{"id":3347547,"type":"buy","buyer":"oople","seller":"pi-trader","symbol":"SIM","quantity":"20.000","price":"0.00040641","timestamp":1651684740,"volume":"0.00812820","buyTxId":"41fb84f5180773912affff1332d00ce81131e6ef","sellTxId":"7d35cf63df0c5ff8c9e74754a3c2e9d9e405c688-8"}
{"index": {"_index":"sim","_id":"3347560"}}
	{"id":3347560,"type":"buy","buyer":"oople","seller":"pi-trader","symbol":"SIM","quantity":"67.000","price":"0.00040641","timestamp":1651684872,"volume":"0.02722947","buyTxId":"1af9a6c76a15a2231ef5eb4f9b695c9960f9833b","sellTxId":"c361f89ec2c4808652d0592e86b139e2e70a05bc-6"}
{"index": {"_index":"sim","_id":"3347570"}}
	{"id":3347570,"type":"buy","buyer":"oople","seller":"pi-trader","symbol":"SIM","quantity":"100.000","price":"0.00040641","timestamp":1651684956,"volume":"0.04064100","buyTxId":"7d0a54534187dc311018d491f4b6024a421ea50b","sellTxId":"3b2191f53b739a56078b3fd2939df4aab185a4f4-2"}
{"index": {"_index":"sim","_id":"3347798"}}
	{"id":3347798,"type":"sell","buyer":"jelly-cz","seller":"elevator09","symbol":"SIM","quantity":"3386.137","price":"0.00039651","timestamp":1651687371,"volume":"1.34263718","buyTxId":"MM-P-17093219-64082902-3-31-0","sellTxId":"899db4433e3c17a83ed99c854c7fa7e782217f5d"}
{"index": {"_index":"sim","_id":"3348212"}}
	{"id":3348212,"type":"sell","buyer":"jelly-cz","seller":"dswap","symbol":"SIM","quantity":"19.265","price":"0.00039651","timestamp":1651691361,"volume":"0.00763877","buyTxId":"MM-P-17093219-64082902-3-31-0","sellTxId":"bf259f73aebf230b413c6cde56ff9b0729b1b838"}
{"index": {"_index":"sim","_id":"3348255"}}
	{"id":3348255,"type":"sell","buyer":"jelly-cz","seller":"valor2s","symbol":"SIM","quantity":"50.000","price":"0.00039651","timestamp":1651691886,"volume":"0.01982550","buyTxId":"MM-P-17093219-64082902-3-31-0","sellTxId":"569f7cf72fa572db435096d0b86397be2c86a0f3"}
{"index": {"_index":"sim","_id":"3348674"}}
	{"id":3348674,"type":"sell","buyer":"jelly-cz","seller":"elevator09","symbol":"SIM","quantity":"1721.000","price":"0.00039651","timestamp":1651696101,"volume":"0.68239371","buyTxId":"MM-P-17093219-64082902-3-31-0","sellTxId":"a99f912adfde53eca4151b9a86dbdee6ea14c20a"}
{"index": {"_index":"sim","_id":"3348684"}}
	{"id":3348684,"type":"sell","buyer":"jelly-cz","seller":"itharagaian","symbol":"SIM","quantity":"28.000","price":"0.00039651","timestamp":1651696173,"volume":"0.01110228","buyTxId":"MM-P-17093219-64082902-3-31-0","sellTxId":"237e7bc0667a6c6afe44a0e8e5877659550a2af5"}
{"index": {"_index":"sim","_id":"3348732"}}
	{"id":3348732,"type":"buy","buyer":"assassyn","seller":"nftmart.fees","symbol":"SIM","quantity":"1.000","price":"0.00040640","timestamp":1651696671,"volume":"0.00040640","buyTxId":"e5741ea916b75b200a36916c273c238395158417","sellTxId":"c55dc87733b8d2cc9b7ab8584a78299a46701f62-0"}
{"index": {"_index":"sim","_id":"3348735"}}
	{"id":3348735,"type":"sell","buyer":"assassyn","seller":"lammbock","symbol":"SIM","quantity":"199.000","price":"0.00040640","timestamp":1651696728,"volume":"0.08087360","buyTxId":"e5741ea916b75b200a36916c273c238395158417","sellTxId":"60e6d16c0c8dc44f9f2c5a4e972df3ffc40eaa9f"}
{"index": {"_index":"sim","_id":"3348736"}}
	{"id":3348736,"type":"sell","buyer":"jelly-cz","seller":"lammbock","symbol":"SIM","quantity":"51.000","price":"0.00039651","timestamp":1651696728,"volume":"0.02022201","buyTxId":"MM-P-17093219-64082902-3-31-0","sellTxId":"60e6d16c0c8dc44f9f2c5a4e972df3ffc40eaa9f"}
{"index": {"_index":"sim","_id":"3348966"}}
	{"id":3348966,"type":"sell","buyer":"jelly-cz","seller":"reaverza","symbol":"SIM","quantity":"1620.041","price":"0.00039651","timestamp":1651698945,"volume":"0.64236246","buyTxId":"MM-P-17093219-64082902-3-31-0","sellTxId":"8670af21f48ac407649c8c403c818dc947951ee0"}
{"index": {"_index":"sim","_id":"3349097"}}
	{"id":3349097,"type":"buy","buyer":"maryjane.main","seller":"nftmart.fees","symbol":"SIM","quantity":"1.000","price":"0.00040640","timestamp":1651700469,"volume":"0.00040640","buyTxId":"97337e40e27af34e1d362f597f485b41ae5e2574","sellTxId":"245ea9cf81c26120fc33910ad6cdcda8a4c0ca5b-0"}
{"index": {"_index":"sim","_id":"3349098"}}
	{"id":3349098,"type":"buy","buyer":"maryjane.main","seller":"pi-trader","symbol":"SIM","quantity":"12999.000","price":"0.00040641","timestamp":1651700469,"volume":"5.28292359","buyTxId":"97337e40e27af34e1d362f597f485b41ae5e2574","sellTxId":"10b15ded8c95d572add60c7d21eace93a20fa941-8"}
{"index": {"_index":"sim","_id":"3349355"}}
	{"id":3349355,"type":"sell","buyer":"jelly-cz","seller":"cursephantom","symbol":"SIM","quantity":"0.040","price":"0.00039651","timestamp":1651702251,"volume":"0.00001586","buyTxId":"MM-P-17093219-64082902-3-31-0","sellTxId":"e4a77670bec6ba3ca090e34158e2531bfd90961f"}
{"index": {"_index":"sim","_id":"3349389"}}
	{"id":3349389,"type":"sell","buyer":"jelly-cz","seller":"medaymane","symbol":"SIM","quantity":"826.000","price":"0.00039651","timestamp":1651702431,"volume":"0.32751726","buyTxId":"MM-P-17093219-64082902-3-31-0","sellTxId":"fe240fe23d071d99557b302df9c6f64d694d7ca8"}
{"index": {"_index":"sim","_id":"3349411"}}
	{"id":3349411,"type":"sell","buyer":"jelly-cz","seller":"crypto-dz","symbol":"SIM","quantity":"1035.500","price":"0.00039651","timestamp":1651702647,"volume":"0.41058611","buyTxId":"MM-P-17093219-64082902-3-31-0","sellTxId":"94c88b4416a4541fd41852dfe18f3ab60c1b1c17"}
{"index": {"_index":"sim","_id":"3349588"}}
	{"id":3349588,"type":"sell","buyer":"jelly-cz","seller":"evilisme","symbol":"SIM","quantity":"3056.350","price":"0.00039802","timestamp":1651704450,"volume":"1.21648843","buyTxId":"MM-P-17101794-64091477-3-31-0","sellTxId":"a33a8bf196e6239f9612c893a409e8a50a80b073"}
{"index": {"_index":"sim","_id":"3349941"}}
	{"id":3349941,"type":"sell","buyer":"jelly-cz","seller":"bearbear613","symbol":"SIM","quantity":"457.006","price":"0.00039802","timestamp":1651707840,"volume":"0.18189753","buyTxId":"MM-P-17101794-64091477-3-31-0","sellTxId":"461b460cafdf82849ec4a80cd3d7b3e5b61f26c8"}
{"index": {"_index":"sim","_id":"3349959"}}
	{"id":3349959,"type":"sell","buyer":"jelly-cz","seller":"loganhate","symbol":"SIM","quantity":"201.000","price":"0.00039802","timestamp":1651707975,"volume":"0.08000202","buyTxId":"MM-P-17101794-64091477-3-31-0","sellTxId":"6c4a5f951d81517acdf09a2caefc2dbe0c30946c"}
{"index": {"_index":"sim","_id":"3349988"}}
	{"id":3349988,"type":"sell","buyer":"jelly-cz","seller":"bitcoinflood","symbol":"SIM","quantity":"441.580","price":"0.00039802","timestamp":1651708332,"volume":"0.17575767","buyTxId":"MM-P-17101794-64091477-3-31-0","sellTxId":"4bf467331020b3254de93bc4b55c1faa0ba30f83"}
{"index": {"_index":"sim","_id":"3349993"}}
	{"id":3349993,"type":"sell","buyer":"jelly-cz","seller":"steemstreems","symbol":"SIM","quantity":"372.450","price":"0.00039802","timestamp":1651708395,"volume":"0.14824255","buyTxId":"MM-P-17101794-64091477-3-31-0","sellTxId":"05bc1b69b003abb84ec06b6d3a98423e7b9c5e97"}
{"index": {"_index":"sim","_id":"3350029"}}
	{"id":3350029,"type":"sell","buyer":"jelly-cz","seller":"elevator09","symbol":"SIM","quantity":"1710.866","price":"0.00039802","timestamp":1651708755,"volume":"0.68095889","buyTxId":"MM-P-17101794-64091477-3-31-0","sellTxId":"d825e9f0e63ef6e2d178754d32257a0b6f354b38"}
{"index": {"_index":"sim","_id":"3350054"}}
	{"id":3350054,"type":"sell","buyer":"jelly-cz","seller":"discohedge","symbol":"SIM","quantity":"700.000","price":"0.00039802","timestamp":1651708908,"volume":"0.27861400","buyTxId":"MM-P-17101794-64091477-3-31-0","sellTxId":"59a31ced5edf506eb016aa84796074ac90005e22"}
{"index": {"_index":"sim","_id":"3350254"}}
	{"id":3350254,"type":"buy","buyer":"hiveinvest","seller":"nftmart.fees","symbol":"SIM","quantity":"94.000","price":"0.00040634","timestamp":1651710786,"volume":"0.03819596","buyTxId":"c8a54748edb4233ef63532e45dee5cd28a5e0c47","sellTxId":"23abea792f33b74195b4eb52fc81a7c5eeebc262-0"}
{"index": {"_index":"sim","_id":"3350255"}}
	{"id":3350255,"type":"buy","buyer":"hiveinvest","seller":"pi-trader","symbol":"SIM","quantity":"3906.000","price":"0.00040641","timestamp":1651710786,"volume":"1.58743746","buyTxId":"c8a54748edb4233ef63532e45dee5cd28a5e0c47","sellTxId":"7b7f8a81f95add20cde49f74865f2f13b3e328af-6"}
{"index": {"_index":"sim","_id":"3350311"}}
	{"id":3350311,"type":"sell","buyer":"savagebits","seller":"dhedge-drips","symbol":"SIM","quantity":"10.499","price":"0.00040000","timestamp":1651711515,"volume":"0.00419960","buyTxId":"82b1ed2e4dc5fd14b00ada9d11226020c3f47e54","sellTxId":"27f761eb9c1bd540d5960dbfcf863e395fe7d11b"}
{"index": {"_index":"sim","_id":"3350485"}}
	{"id":3350485,"type":"buy","buyer":"libert","seller":"nftmart.fees","symbol":"SIM","quantity":"94.000","price":"0.00040639","timestamp":1651713006,"volume":"0.03820066","buyTxId":"abc3b377aaafc34d301e0146ad53b2afd5387b09","sellTxId":"cec10c6dd83fea3e265f80b062c0d65650a7581c-0"}
{"index": {"_index":"sim","_id":"3350486"}}
	{"id":3350486,"type":"buy","buyer":"libert","seller":"pi-trader","symbol":"SIM","quantity":"5713.088","price":"0.00040640","timestamp":1651713006,"volume":"2.32179934","buyTxId":"abc3b377aaafc34d301e0146ad53b2afd5387b09","sellTxId":"e7c491d9c4d4aadd7692231ecd59c10eb659eacd-8"}
{"index": {"_index":"sim","_id":"3350557"}}
	{"id":3350557,"type":"sell","buyer":"savagebits","seller":"dswap","symbol":"SIM","quantity":"5000.54","price":"0.00040000","timestamp":1651713789,"volume":"2.00021600","buyTxId":"82b1ed2e4dc5fd14b00ada9d11226020c3f47e54","sellTxId":"7647b1feb701294ad75a529f7714ea427469baf5"}
{"index": {"_index":"sim","_id":"3350628"}}
	{"id":3350628,"type":"sell","buyer":"savagebits","seller":"n15m0","symbol":"SIM","quantity":"0.053","price":"0.00040000","timestamp":1651714458,"volume":"0.00002120","buyTxId":"82b1ed2e4dc5fd14b00ada9d11226020c3f47e54","sellTxId":"7bb91d6a1b0e3a86f83cb02673274f1bf0d476b5"}
{"index": {"_index":"sim","_id":"3350733"}}
	{"id":3350733,"type":"sell","buyer":"savagebits","seller":"papacrusher","symbol":"SIM","quantity":"18.722","price":"0.00040000","timestamp":1651715640,"volume":"0.00748880","buyTxId":"82b1ed2e4dc5fd14b00ada9d11226020c3f47e54","sellTxId":"8b5eb121b84c1a316afb6a5a731f5e8ecbc50172"}
{"index": {"_index":"sim","_id":"3350792"}}
	{"id":3350792,"type":"sell","buyer":"savagebits","seller":"powerpaul","symbol":"SIM","quantity":"715.386","price":"0.00040000","timestamp":1651716138,"volume":"0.28615440","buyTxId":"82b1ed2e4dc5fd14b00ada9d11226020c3f47e54","sellTxId":"d4b7155f7f1ad9e22061e49bcee8a2cda16bea5f"}
