{"index": {"_index":"sim","_id":"4028392"}}
	{"id":4028392,"type":"sell","buyer":"pi-trader","seller":"forsakensushi","symbol":"SIM","quantity":"4750.064","price":"0.00042721","timestamp":1659237852,"volume":"2.02927484","buyTxId":"bfdda3d3bc1dec80db7e5dc55780fed10355f3eb-1","sellTxId":"2f28d9545ad0ef9a2738f24f7cf7f17e8dd358e5"}
{"index": {"_index":"sim","_id":"4028513"}}
	{"id":4028513,"type":"sell","buyer":"pi-trader","seller":"loganhate","symbol":"SIM","quantity":"99.000","price":"0.00042721","timestamp":1659239946,"volume":"0.04229379","buyTxId":"184b7ec8adf57b5d5f90543bdf533b323ae9c886-3","sellTxId":"b1ebd095ce6689fba5fe3ad070026e5ea40645b1"}
{"index": {"_index":"sim","_id":"4028544"}}
	{"id":4028544,"type":"sell","buyer":"pi-trader","seller":"leizerstark","symbol":"SIM","quantity":"70.000","price":"0.00042721","timestamp":1659240393,"volume":"0.02990470","buyTxId":"f85020e0e45f60d63bb9052182c9cbdec1dea077-2","sellTxId":"9c6eb5dc99369e7dd39f800e991975ceaebf7aa2"}
{"index": {"_index":"sim","_id":"4028805"}}
	{"id":4028805,"type":"buy","buyer":"neophytemaster","seller":"nftmart.fees","symbol":"SIM","quantity":"132.000","price":"0.00045252","timestamp":1659243912,"volume":"0.05973264","buyTxId":"1de55ec7fdc602d4798d5cedad18c6640bf31d43","sellTxId":"1c8030050efa723b6d76aec11956373f8479bb8b-0"}
{"index": {"_index":"sim","_id":"4028806"}}
	{"id":4028806,"type":"buy","buyer":"neophytemaster","seller":"jelly-cz","symbol":"SIM","quantity":"5397.752","price":"0.00045253","timestamp":1659243912,"volume":"2.44264471","buyTxId":"1de55ec7fdc602d4798d5cedad18c6640bf31d43","sellTxId":"MM-P-19604728-66598904-3-32-0"}
{"index": {"_index":"sim","_id":"4029193"}}
	{"id":4029193,"type":"sell","buyer":"pi-trader","seller":"dhedge-drips","symbol":"SIM","quantity":"0.001","price":"0.00042741","timestamp":1659249915,"volume":"0.00000043","buyTxId":"dcf3e06e2f80d96d284b98ed83eda71afd42279d-1","sellTxId":"d9aacb620a60648f25aeb042502491c8f7622694"}
{"index": {"_index":"sim","_id":"4029862"}}
	{"id":4029862,"type":"sell","buyer":"pi-trader","seller":"lifeskills-tv","symbol":"SIM","quantity":"320.000","price":"0.00042673","timestamp":1659257985,"volume":"0.13655360","buyTxId":"0778af5525b761eaecf14a26c45d313208d6842c-3","sellTxId":"10afbfda11c9599feffa435a3f3ce13934e32ed7"}
{"index": {"_index":"sim","_id":"4030132"}}
	{"id":4030132,"type":"buy","buyer":"god0","seller":"nftmart.fees","symbol":"SIM","quantity":"150.000","price":"0.00044242","timestamp":1659261792,"volume":"0.06636300","buyTxId":"e0f9ace9be033dcace62edb9f09cc5260c47500d-0","sellTxId":"dfbfacfba0a6f13c61519fb7c2f295ce14ca5c66-0"}
{"index": {"_index":"sim","_id":"4030133"}}
	{"id":4030133,"type":"buy","buyer":"konvik","seller":"jelly-cz","symbol":"SIM","quantity":"128173.713","price":"0.00044243","timestamp":1659261795,"volume":"56.70789584","buyTxId":"832adf0ab1b373a5791719620ce9fc1b6eccd9fc-0","sellTxId":"MM-P-19607518-66601699-3-32-0"}
{"index": {"_index":"sim","_id":"4030381"}}
	{"id":4030381,"type":"buy","buyer":"god0","seller":"nftmart.fees","symbol":"SIM","quantity":"131.000","price":"0.00044242","timestamp":1659263196,"volume":"0.05795702","buyTxId":"8039896d951bf8dc96a106032eb9a2b458d7851c-0","sellTxId":"bae9cf54f4882e1278f645d18cb4667fd8b491cf-0"}
{"index": {"_index":"sim","_id":"4030382"}}
	{"id":4030382,"type":"buy","buyer":"konvik","seller":"jelly-cz","symbol":"SIM","quantity":"25954.287","price":"0.00044243","timestamp":1659263199,"volume":"11.48295520","buyTxId":"b5aacae790c3d993eeee96146e110a57cf4c4f0e-0","sellTxId":"MM-P-19607518-66601699-3-32-0"}
{"index": {"_index":"sim","_id":"4030383"}}
	{"id":4030383,"type":"buy","buyer":"konvik","seller":"dhedge-drips","symbol":"SIM","quantity":"0.001","price":"0.00044394","timestamp":1659263199,"volume":"0.00000044","buyTxId":"b5aacae790c3d993eeee96146e110a57cf4c4f0e-0","sellTxId":"2120650b67ae7b658bd0d5c89d920c693dd4c78e"}
{"index": {"_index":"sim","_id":"4030395"}}
	{"id":4030395,"type":"buy","buyer":"god0","seller":"jelly-cz","symbol":"SIM","quantity":"70961.735","price":"0.00044698","timestamp":1659263442,"volume":"31.71847631","buyTxId":"f949cdc23c9c8dc2aabc17ee0876507e2194e3cd-0","sellTxId":"MM-P-19611907-66606094-3-32-0"}
{"index": {"_index":"sim","_id":"4030456"}}
	{"id":4030456,"type":"buy","buyer":"neophytemaster","seller":"nftmart.fees","symbol":"SIM","quantity":"114.000","price":"0.00044697","timestamp":1659264576,"volume":"0.05095458","buyTxId":"4b0a40169bef6f03269e3891130c1ef11737e2fa","sellTxId":"37ceb16d1a446a475180bcbbc6cae1217d300fb0-0"}
{"index": {"_index":"sim","_id":"4030457"}}
	{"id":4030457,"type":"buy","buyer":"neophytemaster","seller":"jelly-cz","symbol":"SIM","quantity":"6895.277","price":"0.00044698","timestamp":1659264576,"volume":"3.08205091","buyTxId":"4b0a40169bef6f03269e3891130c1ef11737e2fa","sellTxId":"MM-P-19611907-66606094-3-32-0"}
{"index": {"_index":"sim","_id":"4030648"}}
	{"id":4030648,"type":"buy","buyer":"nyxlabs","seller":"nftmart.fees","symbol":"SIM","quantity":"144.000","price":"0.00044697","timestamp":1659266904,"volume":"0.06436368","buyTxId":"ffbaf4ddc39440d4cdc6766d9ddab9651f0ac20a","sellTxId":"adb2686270f246bd4732f116dd060b3ccc434fa5-0"}
{"index": {"_index":"sim","_id":"4030649"}}
	{"id":4030649,"type":"buy","buyer":"nyxlabs","seller":"jelly-cz","symbol":"SIM","quantity":"4856.000","price":"0.00044698","timestamp":1659266904,"volume":"2.17053488","buyTxId":"ffbaf4ddc39440d4cdc6766d9ddab9651f0ac20a","sellTxId":"MM-P-19611907-66606094-3-32-0"}
{"index": {"_index":"sim","_id":"4030826"}}
	{"id":4030826,"type":"sell","buyer":"pi-trader","seller":"agreste","symbol":"SIM","quantity":"0.032","price":"0.00042691","timestamp":1659270159,"volume":"0.00001366","buyTxId":"164cd23651674c912dcf86cf403196aa523044ed-1","sellTxId":"0a231cd3f70c5b863fd346f521459b2e3fe87883"}
{"index": {"_index":"sim","_id":"4030841"}}
	{"id":4030841,"type":"sell","buyer":"pi-trader","seller":"xenor","symbol":"SIM","quantity":"28198.951","price":"0.00042691","timestamp":1659270204,"volume":"12.03841417","buyTxId":"911b8f3f3b2964d46694a2eeee99441f32305c87-1","sellTxId":"dc142b327400bec532b16fa7a1845c981f7b35e0"}
{"index": {"_index":"sim","_id":"4031241"}}
	{"id":4031241,"type":"buy","buyer":"ana-maria","seller":"nftmart.fees","symbol":"SIM","quantity":"109.000","price":"0.00044696","timestamp":1659274752,"volume":"0.04871864","buyTxId":"08572152401cacae66f40b988ff53957ea6ff522","sellTxId":"cfee8f639adf0d0c1ed7c160482b559e5334ed01-0"}
{"index": {"_index":"sim","_id":"4031245"}}
	{"id":4031245,"type":"buy","buyer":"ana-maria","seller":"jelly-cz","symbol":"SIM","quantity":"2377.000","price":"0.00044698","timestamp":1659274782,"volume":"1.06247146","buyTxId":"4ba0f227d2ec5d6d45826dab3d741956192aa574","sellTxId":"MM-P-19611907-66606094-3-32-0"}
{"index": {"_index":"sim","_id":"4031361"}}
	{"id":4031361,"type":"sell","buyer":"onlydoge","seller":"theguruasia","symbol":"SIM","quantity":"1795.811","price":"0.00042710","timestamp":1659275670,"volume":"0.76699088","buyTxId":"ad1b78a5d29dbca0a0cd25181941c265974f97ca","sellTxId":"386007b8d4aa62627662f78056c3a896f01f958a"}
{"index": {"_index":"sim","_id":"4031421"}}
	{"id":4031421,"type":"sell","buyer":"pi-trader","seller":"mango-juice","symbol":"SIM","quantity":"590.000","price":"0.00042713","timestamp":1659276558,"volume":"0.25200670","buyTxId":"2b7966bbe736fa0674dd16e10bb92a729e6435b4-1","sellTxId":"135ff4f8155f2649b99aeddf18c2447c2945bdf6"}
{"index": {"_index":"sim","_id":"4031810"}}
	{"id":4031810,"type":"sell","buyer":"pi-trader","seller":"captaincryptic","symbol":"SIM","quantity":"1934.338","price":"0.00042713","timestamp":1659281205,"volume":"0.82621379","buyTxId":"988b6b71a0d326ef644e518e3139fdc1f7097bdc-7","sellTxId":"41a5bb7f78e042c7f9755c05d8632c81dd5e58a1"}
{"index": {"_index":"sim","_id":"4032527"}}
	{"id":4032527,"type":"sell","buyer":"pi-trader","seller":"unicron","symbol":"SIM","quantity":"1400.000","price":"0.00042713","timestamp":1659290061,"volume":"0.59798200","buyTxId":"aaad6c0e14a47ed8b8c4791b8096863cad9071b5-3","sellTxId":"a856d107b970ab9b9ef9c17a9dc7b2902c73fab7"}
{"index": {"_index":"sim","_id":"4032551"}}
	{"id":4032551,"type":"buy","buyer":"elkingplayer","seller":"nftmart.fees","symbol":"SIM","quantity":"115.000","price":"0.00044687","timestamp":1659290256,"volume":"0.05139005","buyTxId":"5fd5af737ce588e83e98529152e222130ee4b4bd","sellTxId":"5692cd854cef444bd652b42889f5d94e1fd25ac5-0"}
{"index": {"_index":"sim","_id":"4032552"}}
	{"id":4032552,"type":"buy","buyer":"elkingplayer","seller":"onlydoge","symbol":"SIM","quantity":"1795.821","price":"0.00044690","timestamp":1659290256,"volume":"0.80255240","buyTxId":"5fd5af737ce588e83e98529152e222130ee4b4bd","sellTxId":"a244930092751d32f23d130c9e8e2ca08f0452dd"}
{"index": {"_index":"sim","_id":"4032553"}}
	{"id":4032553,"type":"buy","buyer":"elkingplayer","seller":"miketronnn","symbol":"SIM","quantity":"8381.179","price":"0.00044697","timestamp":1659290256,"volume":"3.74613558","buyTxId":"5fd5af737ce588e83e98529152e222130ee4b4bd","sellTxId":"ad0b630f1372f011746ec1428f67064b3a9c92f6"}
{"index": {"_index":"sim","_id":"4032620"}}
	{"id":4032620,"type":"buy","buyer":"dswap","seller":"nftmart.fees","symbol":"SIM","quantity":"107.853","price":"0.00044696","timestamp":1659291003,"volume":"0.04820600","buyTxId":"8066b04b1a81c0438c89baa4666ed3728855c57b","sellTxId":"abf6c79fcae2f90fdc1d36fe1aaa2b0f85289642-0"}
{"index": {"_index":"sim","_id":"4032624"}}
	{"id":4032624,"type":"buy","buyer":"dswap","seller":"nftmart.fees","symbol":"SIM","quantity":"21.147","price":"0.00044696","timestamp":1659291117,"volume":"0.00945186","buyTxId":"7159a61d44166e0ceb9287953c770e1ef45f67ee","sellTxId":"abf6c79fcae2f90fdc1d36fe1aaa2b0f85289642-0"}
{"index": {"_index":"sim","_id":"4032625"}}
	{"id":4032625,"type":"buy","buyer":"dswap","seller":"miketronnn","symbol":"SIM","quantity":"256.277","price":"0.00044697","timestamp":1659291117,"volume":"0.11454814","buyTxId":"7159a61d44166e0ceb9287953c770e1ef45f67ee","sellTxId":"ad0b630f1372f011746ec1428f67064b3a9c92f6"}
{"index": {"_index":"sim","_id":"4032661"}}
	{"id":4032661,"type":"buy","buyer":"blackdaisyft","seller":"miketronnn","symbol":"SIM","quantity":"617.134","price":"0.00044697","timestamp":1659291417,"volume":"0.27584038","buyTxId":"2945646b0e42641c7db9790f20568ab96d1570c1","sellTxId":"ad0b630f1372f011746ec1428f67064b3a9c92f6"}
{"index": {"_index":"sim","_id":"4032667"}}
	{"id":4032667,"type":"buy","buyer":"blackdaisyft","seller":"pi-trader","symbol":"SIM","quantity":"20000.000","price":"0.00048899","timestamp":1659291480,"volume":"9.77980000","buyTxId":"ef7b1862f4d4d01869eb1e4ec02becb2e3c8ce75","sellTxId":"69474200b89782772bfb3d9bb36b64fa63f0ce95-8"}
{"index": {"_index":"sim","_id":"4032754"}}
	{"id":4032754,"type":"buy","buyer":"blackdaisyft","seller":"nftmart.fees","symbol":"SIM","quantity":"162.000","price":"0.00048898","timestamp":1659292353,"volume":"0.07921476","buyTxId":"09e0434d4b3e09885586515f9d75d02d426400d3","sellTxId":"ed892cc1256e7b378818af6ce98d33361b886a2c-0"}
{"index": {"_index":"sim","_id":"4032755"}}
	{"id":4032755,"type":"buy","buyer":"blackdaisyft","seller":"pi-trader","symbol":"SIM","quantity":"7838.000","price":"0.00048899","timestamp":1659292353,"volume":"3.83270362","buyTxId":"09e0434d4b3e09885586515f9d75d02d426400d3","sellTxId":"8fb6a48fa2b2b90ff653d973f457829e6f94fdbd-4"}
{"index": {"_index":"sim","_id":"4032774"}}
	{"id":4032774,"type":"buy","buyer":"blackdaisyft","seller":"pi-trader","symbol":"SIM","quantity":"4000.000","price":"0.00048899","timestamp":1659292548,"volume":"1.95596000","buyTxId":"7012f79ae0a71a9a268f0f7c42e07be155608152","sellTxId":"e5f94780373ea021f9be8792cbf726f803c90822-6"}
{"index": {"_index":"sim","_id":"4033281"}}
	{"id":4033281,"type":"sell","buyer":"pi-trader","seller":"bitcoinflood","symbol":"SIM","quantity":"579.136","price":"0.00042731","timestamp":1659298119,"volume":"0.24747060","buyTxId":"04f8e5686c276a49953b5be4f77e818161526063-1","sellTxId":"61d9a22f5dd817ddbc6ad8e714e3d1bd0661cba0"}
{"index": {"_index":"sim","_id":"4033424"}}
	{"id":4033424,"type":"sell","buyer":"pi-trader","seller":"crisangel","symbol":"SIM","quantity":"312.000","price":"0.00042731","timestamp":1659299145,"volume":"0.13332072","buyTxId":"7cd20477d250df9c385ada90c77fea6770bd6dd8-3","sellTxId":"66dd98abbddef891b031e7415f1982310ef26080"}
{"index": {"_index":"sim","_id":"4033472"}}
	{"id":4033472,"type":"buy","buyer":"maryjane.main","seller":"jelly-cz","symbol":"SIM","quantity":"20000.000","price":"0.00044381","timestamp":1659299802,"volume":"8.87620000","buyTxId":"216edf3c83809009ca6f0a87978d796014ec8a7b","sellTxId":"MM-P-19623976-66618172-3-32-0"}
{"index": {"_index":"sim","_id":"4033531"}}
	{"id":4033531,"type":"buy","buyer":"cryptogillone","seller":"jelly-cz","symbol":"SIM","quantity":"483.375","price":"0.00044229","timestamp":1659300423,"volume":"0.21379224","buyTxId":"be669856494cec07fe862ce9fd3f86c6d5df9b6a","sellTxId":"MM-P-19624175-66618371-3-32-0"}
{"index": {"_index":"sim","_id":"4033548"}}
	{"id":4033548,"type":"sell","buyer":"pi-trader","seller":"bilpcoinbot","symbol":"SIM","quantity":"10.390","price":"0.00042741","timestamp":1659300609,"volume":"0.00444079","buyTxId":"223642783e49f938b7130d969c62d0b309e66e27-0","sellTxId":"d388805f6f154fc5864124f68c489b0bf2aef9c5"}
{"index": {"_index":"sim","_id":"4033673"}}
	{"id":4033673,"type":"buy","buyer":"lookplz","seller":"nftmart.fees","symbol":"SIM","quantity":"125.000","price":"0.00044227","timestamp":1659301938,"volume":"0.05528375","buyTxId":"215b4f4f28b76ae175b4d6b5ad1215616cf02335","sellTxId":"a57d596ac6bfe0980041977892608e29975f8c57-0"}
{"index": {"_index":"sim","_id":"4033674"}}
	{"id":4033674,"type":"buy","buyer":"lookplz","seller":"miketronnn","symbol":"SIM","quantity":"997.500","price":"0.00044229","timestamp":1659301938,"volume":"0.44118428","buyTxId":"215b4f4f28b76ae175b4d6b5ad1215616cf02335","sellTxId":"ff1ea9c29085b9ac3b5fa0c20eecaf11d93fa6fa"}
{"index": {"_index":"sim","_id":"4033675"}}
	{"id":4033675,"type":"buy","buyer":"lookplz","seller":"pi-trader","symbol":"SIM","quantity":"50000.000","price":"0.00045292","timestamp":1659301938,"volume":"22.64600000","buyTxId":"215b4f4f28b76ae175b4d6b5ad1215616cf02335","sellTxId":"0174e313af26ba3dcce2446ed53113c1dfc05e36-9"}
{"index": {"_index":"sim","_id":"4033676"}}
	{"id":4033676,"type":"buy","buyer":"lookplz","seller":"jelly-cz","symbol":"SIM","quantity":"8835.500","price":"0.00045293","timestamp":1659301938,"volume":"4.00186302","buyTxId":"215b4f4f28b76ae175b4d6b5ad1215616cf02335","sellTxId":"MM-P-19624675-66618871-3-32-0"}
{"index": {"_index":"sim","_id":"4033764"}}
	{"id":4033764,"type":"sell","buyer":"pi-trader","seller":"savagebits","symbol":"SIM","quantity":"20000.000","price":"0.00042741","timestamp":1659303009,"volume":"8.54820000","buyTxId":"d8e43f4243c8a9b5c7dce14faa1eff434565eb5f-1","sellTxId":"2eb951569b5039f0534e5e01786f3c9cd3bd542b"}
{"index": {"_index":"sim","_id":"4033820"}}
	{"id":4033820,"type":"buy","buyer":"jakkal","seller":"jelly-cz","symbol":"SIM","quantity":"5000.000","price":"0.00044229","timestamp":1659303993,"volume":"2.21145000","buyTxId":"9e33e3e6fe79bf2ca1e350e2618152c186ad6fac","sellTxId":"MM-P-19625374-66619570-3-32-0"}
{"index": {"_index":"sim","_id":"4034085"}}
	{"id":4034085,"type":"sell","buyer":"pi-trader","seller":"agreste","symbol":"SIM","quantity":"0.032","price":"0.00042751","timestamp":1659308031,"volume":"0.00001368","buyTxId":"c525517921a450cb451fae108206a91cd6588184-1","sellTxId":"a327fd0a799f34309e013bafff6664bdd8882de8"}
{"index": {"_index":"sim","_id":"4035073"}}
	{"id":4035073,"type":"sell","buyer":"pi-trader","seller":"steem82868","symbol":"SIM","quantity":"0.010","price":"0.00042713","timestamp":1659313833,"volume":"0.00000427","buyTxId":"4bb2de43729579fff461184bcb63ae8aeb51ffdf-2","sellTxId":"bb0f42b4cf51fac092653ac1e62a9a274de4441c"}
{"index": {"_index":"sim","_id":"4035888"}}
	{"id":4035888,"type":"sell","buyer":"pi-trader","seller":"dhedge-drips","symbol":"SIM","quantity":"14.999","price":"0.00042713","timestamp":1659314715,"volume":"0.00640652","buyTxId":"87013c17620160c39a5a50929f243ad77393cec9-1","sellTxId":"9a2032c50ee49fd679c73b1d2a946fca064a5b28"}
{"index": {"_index":"sim","_id":"4035945"}}
	{"id":4035945,"type":"sell","buyer":"pi-trader","seller":"travelgirl","symbol":"SIM","quantity":"4475.000","price":"0.00042713","timestamp":1659314814,"volume":"1.91140675","buyTxId":"b963965718686225fe27b9c42905f5cbbb64ba24-6","sellTxId":"cece4192f8df809c410497aeebda7f3327209e6f"}
{"index": {"_index":"sim","_id":"4036542"}}
	{"id":4036542,"type":"buy","buyer":"maryjane.main","seller":"jelly-cz","symbol":"SIM","quantity":"2000.000","price":"0.00043318","timestamp":1659316341,"volume":"0.86636000","buyTxId":"14f4c5a44455a21e5a2afe411bf9953e3cbc24aa","sellTxId":"MM-P-19629463-66623661-3-32-0"}
{"index": {"_index":"sim","_id":"4037231"}}
	{"id":4037231,"type":"sell","buyer":"nastyforce","seller":"forsakensushi","symbol":"SIM","quantity":"3000.000","price":"0.00042712","timestamp":1659317535,"volume":"1.28136000","buyTxId":"bca4bea667a7bab4b5eda39f360604c877cfcafe","sellTxId":"890a77f43e9ab0e96d4cc8e2f58dd07e1c543d71"}
{"index": {"_index":"sim","_id":"4037232"}}
	{"id":4037232,"type":"sell","buyer":"nastyforce","seller":"forsakensushi","symbol":"SIM","quantity":"3000.000","price":"0.00042672","timestamp":1659317535,"volume":"1.28016000","buyTxId":"963c2c1978e3c6480667f5987f734ca4816c3064","sellTxId":"890a77f43e9ab0e96d4cc8e2f58dd07e1c543d71"}
{"index": {"_index":"sim","_id":"4037233"}}
	{"id":4037233,"type":"sell","buyer":"nastyforce","seller":"forsakensushi","symbol":"SIM","quantity":"618.079","price":"0.00042602","timestamp":1659317535,"volume":"0.26331402","buyTxId":"ae1ad86e29b839e59293ba8bc6161989c834f7cf","sellTxId":"890a77f43e9ab0e96d4cc8e2f58dd07e1c543d71"}
{"index": {"_index":"sim","_id":"4037296"}}
	{"id":4037296,"type":"buy","buyer":"jakkal","seller":"jelly-cz","symbol":"SIM","quantity":"3000.000","price":"0.00043014","timestamp":1659317724,"volume":"1.29042000","buyTxId":"f4d865f496ee0b43cfbfd11f5b6add3ad192bf3f","sellTxId":"MM-P-19629862-66624060-3-32-0"}
{"index": {"_index":"sim","_id":"4037767"}}
	{"id":4037767,"type":"sell","buyer":"nastyforce","seller":"konvik","symbol":"SIM","quantity":"2381.921","price":"0.00042602","timestamp":1659319902,"volume":"1.01474598","buyTxId":"ae1ad86e29b839e59293ba8bc6161989c834f7cf","sellTxId":"9addefa92ab87a73685a3112f82e039fec664af0-1"}
{"index": {"_index":"sim","_id":"4037768"}}
	{"id":4037768,"type":"sell","buyer":"d-pend","seller":"konvik","symbol":"SIM","quantity":"149848.629","price":"0.00042600","timestamp":1659319902,"volume":"63.83551595","buyTxId":"8ebd97bab5ab639f033e6a9494e5bd375d672feb","sellTxId":"9addefa92ab87a73685a3112f82e039fec664af0-1"}
{"index": {"_index":"sim","_id":"4037861"}}
	{"id":4037861,"type":"sell","buyer":"d-pend","seller":"sbi-tokens","symbol":"SIM","quantity":"151.371","price":"0.00042600","timestamp":1659320487,"volume":"0.06448405","buyTxId":"8ebd97bab5ab639f033e6a9494e5bd375d672feb","sellTxId":"8faae25eff3d8c80517ca8ea01cbdc86cd227515"}
{"index": {"_index":"sim","_id":"4037862"}}
	{"id":4037862,"type":"sell","buyer":"balte","seller":"sbi-tokens","symbol":"SIM","quantity":"66069.762","price":"0.00042500","timestamp":1659320487,"volume":"28.07964885","buyTxId":"db23d575891df770abb8b6a3c9d036017ed02bff","sellTxId":"8faae25eff3d8c80517ca8ea01cbdc86cd227515"}
{"index": {"_index":"sim","_id":"4038194"}}
	{"id":4038194,"type":"sell","buyer":"balte","seller":"theshaki","symbol":"SIM","quantity":"51.059","price":"0.00042500","timestamp":1659322179,"volume":"0.02170008","buyTxId":"db23d575891df770abb8b6a3c9d036017ed02bff","sellTxId":"0eeb811868133b60893d35f6a139999841e71e18"}
{"index": {"_index":"sim","_id":"4038226"}}
	{"id":4038226,"type":"buy","buyer":"dswap","seller":"nftmart.fees","symbol":"SIM","quantity":"127.000","price":"0.00042709","timestamp":1659322353,"volume":"0.05424043","buyTxId":"b9b62d05a902685addaa3632ad9a558d6fc39bc3","sellTxId":"040ef25fdd082a424e3d9b47a3d85b182f9b997f-0"}
{"index": {"_index":"sim","_id":"4038227"}}
	{"id":4038227,"type":"buy","buyer":"dswap","seller":"jelly-cz","symbol":"SIM","quantity":"4555.747","price":"0.00042710","timestamp":1659322353,"volume":"1.94575957","buyTxId":"b9b62d05a902685addaa3632ad9a558d6fc39bc3","sellTxId":"MM-P-19630860-66625059-3-32-0"}
