{"index": {"_index":"sim","_id":"2854514"}}
	{"id":2854514,"type":"buy","buyer":"theia7","seller":"jelly-cz","symbol":"SIM","quantity":"414.000","price":"0.00050908","timestamp":1645757925,"volume":"0.21075912","buyTxId":"e910e6a301681c6d8f6a4e59af0a682d93393bc5","sellTxId":"MM-P-15124782-62112408-3-28-0"}
{"index": {"_index":"sim","_id":"2854706"}}
	{"id":2854706,"type":"buy","buyer":"theia7","seller":"jelly-cz","symbol":"SIM","quantity":"0.001","price":"0.00050908","timestamp":1645761108,"volume":"0.00000051","buyTxId":"202510afde3b59d0602522a76a307bb8faa1485d","sellTxId":"MM-P-15124782-62112408-3-28-0"}
{"index": {"_index":"sim","_id":"2854870"}}
	{"id":2854870,"type":"sell","buyer":"pi-trader","seller":"justinparke","symbol":"SIM","quantity":"5158.25","price":"0.00050001","timestamp":1645763568,"volume":"2.57917658","buyTxId":"e00c75aa8bd962d544330b747c5582c671adb759-0","sellTxId":"272848852ce8c50b59ea92d83f27da79c8ff1c2e"}
{"index": {"_index":"sim","_id":"2854937"}}
	{"id":2854937,"type":"sell","buyer":"pi-trader","seller":"tonytrillions","symbol":"SIM","quantity":"0.019","price":"0.00050001","timestamp":1645764108,"volume":"0.00000950","buyTxId":"b19b4ba31b9e79f2255250467bab6e1f2630605d-3","sellTxId":"1fda50427f13931ee483ce5e56156c2b50e76963"}
{"index": {"_index":"sim","_id":"2855041"}}
	{"id":2855041,"type":"sell","buyer":"pi-trader","seller":"balte","symbol":"SIM","quantity":"35000.000","price":"0.00050001","timestamp":1645765281,"volume":"17.50035000","buyTxId":"62ffae5dc47b91db1042356756b72e2180bb51fd-4","sellTxId":"2410e8a03349f8800bbc6fd23a1bc7bde9e7667e"}
{"index": {"_index":"sim","_id":"2855136"}}
	{"id":2855136,"type":"sell","buyer":"pi-trader","seller":"pregosauce","symbol":"SIM","quantity":"9.063","price":"0.00050001","timestamp":1645767513,"volume":"0.00453159","buyTxId":"d4c9af73ec2ccd1bfce02207aec3063b6eaddfc3-3","sellTxId":"0b668d4b1e94f765eb8d127cb9128245c7cb9e03"}
{"index": {"_index":"sim","_id":"2855233"}}
	{"id":2855233,"type":"buy","buyer":"pimpstudio","seller":"jelly-cz","symbol":"SIM","quantity":"8547.507","price":"0.00050908","timestamp":1645769232,"volume":"4.35136486","buyTxId":"edfcce48830452be165b7ad9b727a13ea337a565","sellTxId":"MM-P-15124782-62112408-3-28-0"}
{"index": {"_index":"sim","_id":"2855386"}}
	{"id":2855386,"type":"sell","buyer":"pi-trader","seller":"chekohler","symbol":"SIM","quantity":"2.502","price":"0.00050001","timestamp":1645772043,"volume":"0.00125103","buyTxId":"f52ee66cecfea24622bd5263095a1a616b387872-1","sellTxId":"8d8b0bff1906ad653ecd507c765e123fd17d1530"}
{"index": {"_index":"sim","_id":"2855611"}}
	{"id":2855611,"type":"buy","buyer":"princekappa","seller":"jelly-cz","symbol":"SIM","quantity":"10000.000","price":"0.00050908","timestamp":1645775403,"volume":"5.09080000","buyTxId":"4af70c3741b3aa361ad0ec166792a7155d96bf53","sellTxId":"MM-P-15124782-62112408-3-28-0"}
{"index": {"_index":"sim","_id":"2855714"}}
	{"id":2855714,"type":"sell","buyer":"pi-trader","seller":"mfblack","symbol":"SIM","quantity":"793.918","price":"0.00050001","timestamp":1645776885,"volume":"0.39696694","buyTxId":"6deb9eccefac901a3094c30dab3d61d702f7bf5c-3","sellTxId":"46fd210fb62ef0f4abefc2015a3fd0e2174b099c"}
{"index": {"_index":"sim","_id":"2855880"}}
	{"id":2855880,"type":"buy","buyer":"sevenoh-fiveoh","seller":"jelly-cz","symbol":"SIM","quantity":"2000.000","price":"0.00050908","timestamp":1645778466,"volume":"1.01816000","buyTxId":"933fb3c8e36680bf27708d40bcef9768ae3e50f5","sellTxId":"MM-P-15124782-62112408-3-28-0"}
{"index": {"_index":"sim","_id":"2855934"}}
	{"id":2855934,"type":"buy","buyer":"sevenoh-fiveoh","seller":"jelly-cz","symbol":"SIM","quantity":"28490.000","price":"0.00050908","timestamp":1645778832,"volume":"14.50368920","buyTxId":"e82f374fbd88e841d293bc51c4f1ed8e23adb74b","sellTxId":"MM-P-15124782-62112408-3-28-0"}
{"index": {"_index":"sim","_id":"2856189"}}
	{"id":2856189,"type":"sell","buyer":"soteyapanbot","seller":"independance","symbol":"SIM","quantity":"4.042","price":"0.00050000","timestamp":1645782126,"volume":"0.00202100","buyTxId":"061a15a6f1c67ec1c5fd649fb009f4990b5715b3","sellTxId":"3925037c3e6261bc2079ac4fbc6f86a1a7304f57"}
{"index": {"_index":"sim","_id":"2856424"}}
	{"id":2856424,"type":"sell","buyer":"soteyapanbot","seller":"desyfit","symbol":"SIM","quantity":"281.322","price":"0.00050000","timestamp":1645785267,"volume":"0.14066100","buyTxId":"061a15a6f1c67ec1c5fd649fb009f4990b5715b3","sellTxId":"d18c88852877421545da9f1731321d2708eb0fe0"}
{"index": {"_index":"sim","_id":"2856425"}}
	{"id":2856425,"type":"buy","buyer":"svirus","seller":"desyfit","symbol":"SIM","quantity":"99718.670","price":"0.00050000","timestamp":1645785270,"volume":"49.85933500","buyTxId":"c7a5b8fc42b8ce3143515d8829c9943143c512ab-0","sellTxId":"d18c88852877421545da9f1731321d2708eb0fe0"}
{"index": {"_index":"sim","_id":"2856802"}}
	{"id":2856802,"type":"buy","buyer":"konvik","seller":"desyfit","symbol":"SIM","quantity":"0.008","price":"0.00050000","timestamp":1645790967,"volume":"0.00000400","buyTxId":"b309ff5e2400633199a8547e0aa9a214c0059cc7-0","sellTxId":"d18c88852877421545da9f1731321d2708eb0fe0"}
{"index": {"_index":"sim","_id":"2856803"}}
	{"id":2856803,"type":"buy","buyer":"konvik","seller":"steem-hodler","symbol":"SIM","quantity":"50548.000","price":"0.00050000","timestamp":1645790967,"volume":"25.27400000","buyTxId":"b309ff5e2400633199a8547e0aa9a214c0059cc7-0","sellTxId":"f7f546faee2aaf31700fa995a5941db4e54308ee"}
{"index": {"_index":"sim","_id":"2856845"}}
	{"id":2856845,"type":"sell","buyer":"pi-trader","seller":"brofi-market","symbol":"SIM","quantity":"0.004","price":"0.00046601","timestamp":1645791327,"volume":"0.00000186","buyTxId":"ca9be08056e5e908d6f435734d56697c7a3df933-4","sellTxId":"6764f3e36d8711b64fd96db6461c39c58ed4983c"}
{"index": {"_index":"sim","_id":"2856866"}}
	{"id":2856866,"type":"buy","buyer":"svirus","seller":"velourex","symbol":"SIM","quantity":"37436.370","price":"0.00047000","timestamp":1645791633,"volume":"17.59509390","buyTxId":"4f63df82345bd8af5b42fe4e1fcbd65f4fd3a4f5-0","sellTxId":"5bc666c753d327bde6c959bf51729464f60301ef"}
{"index": {"_index":"sim","_id":"2856867"}}
	{"id":2856867,"type":"buy","buyer":"konvik","seller":"velourex","symbol":"SIM","quantity":"0.004","price":"0.00047000","timestamp":1645791636,"volume":"0.00000188","buyTxId":"a11107cacaf569dc06591fc46f92bae84f4b960b-0","sellTxId":"5bc666c753d327bde6c959bf51729464f60301ef"}
{"index": {"_index":"sim","_id":"2857308"}}
	{"id":2857308,"type":"sell","buyer":"pi-trader","seller":"heikki1337","symbol":"SIM","quantity":"1453.914","price":"0.00046601","timestamp":1645796697,"volume":"0.67753846","buyTxId":"96a9a5da87ae6b1cf1bc2363b3205544a6af6abb-1","sellTxId":"e745ee97e5ba1ad7ff6523b9389c6046d84f8f65"}
{"index": {"_index":"sim","_id":"2857512"}}
	{"id":2857512,"type":"sell","buyer":"pi-trader","seller":"pele23","symbol":"SIM","quantity":"0.018","price":"0.00046601","timestamp":1645799067,"volume":"0.00000839","buyTxId":"ba159bc784c87a23767d183ea9dc7feda74291b0-4","sellTxId":"44a95d9e4426068dabfcd239731dce84863576b2"}
{"index": {"_index":"sim","_id":"2857603"}}
	{"id":2857603,"type":"sell","buyer":"pi-trader","seller":"medaymane","symbol":"SIM","quantity":"211.286","price":"0.00046601","timestamp":1645800096,"volume":"0.09846139","buyTxId":"5c0f1f42bfcb7bc4d46539075ee7232df2b1ce72-3","sellTxId":"ac17d9b9d2805bbeefb376dc5001f9ac5c241987"}
{"index": {"_index":"sim","_id":"2857647"}}
	{"id":2857647,"type":"buy","buyer":"absoluthenne","seller":"jelly-cz","symbol":"SIM","quantity":"1000.000","price":"0.00050649","timestamp":1645800579,"volume":"0.50649000","buyTxId":"2dbc4e90935f1bc0c91f6e7d3b7609d605189b1e","sellTxId":"MM-P-15140627-62128271-3-28-0"}
{"index": {"_index":"sim","_id":"2857726"}}
	{"id":2857726,"type":"sell","buyer":"pi-trader","seller":"sampraise","symbol":"SIM","quantity":"2633.400","price":"0.00046601","timestamp":1645801713,"volume":"1.22719073","buyTxId":"7c585a9297e49756c4417a16add721af592ba6c1-3","sellTxId":"6fcd860e22fc8bb1427a093ce0edded6bb37af01"}
{"index": {"_index":"sim","_id":"2857994"}}
	{"id":2857994,"type":"sell","buyer":"pi-trader","seller":"brofi-market","symbol":"SIM","quantity":"0.001","price":"0.00046601","timestamp":1645805430,"volume":"0.00000047","buyTxId":"ef429ccb935fd968668a962735dccc75d4f2e52b-5","sellTxId":"b4f33b53682e09e49d047ba48678b5bff512ddc1"}
{"index": {"_index":"sim","_id":"2858023"}}
	{"id":2858023,"type":"sell","buyer":"pi-trader","seller":"bosmob","symbol":"SIM","quantity":"10743.609","price":"0.00046601","timestamp":1645805787,"volume":"5.00662923","buyTxId":"a3e82e19c81d89701e6a1cc7127bd4b4bc64eef1-1","sellTxId":"94985d2907c9c10f49e56df7fef04cb556b0c661"}
{"index": {"_index":"sim","_id":"2858122"}}
	{"id":2858122,"type":"buy","buyer":"svirus","seller":"steem-hodler","symbol":"SIM","quantity":"25400.000","price":"0.00049000","timestamp":1645807077,"volume":"12.44600000","buyTxId":"55b3695e1fa07b3962fa4281b1151958b725ad1e-0","sellTxId":"fdf9b7c40abc5546a7daf136d9e5c943771e11b2"}
{"index": {"_index":"sim","_id":"2858161"}}
	{"id":2858161,"type":"buy","buyer":"konvik","seller":"jrcornel","symbol":"SIM","quantity":"67428.000","price":"0.00046701","timestamp":1645807329,"volume":"31.48955028","buyTxId":"c66cef7088137c2784a053b68e2fdc4fd958fab3-0","sellTxId":"de3ed8529bfdeb547126cbb3bef840ac2c0a21e6"}
{"index": {"_index":"sim","_id":"2858600"}}
	{"id":2858600,"type":"sell","buyer":"pi-trader","seller":"n4tiv3","symbol":"SIM","quantity":"700.000","price":"0.00046601","timestamp":1645811166,"volume":"0.32620700","buyTxId":"d9f6594900fef5bb4dd99405d94aea8df02111d2-3","sellTxId":"6c55f15573ca87986cc45ad80a689181d34145fc"}
{"index": {"_index":"sim","_id":"2858745"}}
	{"id":2858745,"type":"sell","buyer":"pi-trader","seller":"theguruasia","symbol":"SIM","quantity":"2477.746","price":"0.00046601","timestamp":1645813275,"volume":"1.15465441","buyTxId":"58203f3909bb11e594486f57620e050bec01c368-4","sellTxId":"9281db252f4d31b3619fc5d2fb83aac089d05928"}
{"index": {"_index":"sim","_id":"2858794"}}
	{"id":2858794,"type":"buy","buyer":"blockchainyouth","seller":"atomcollector","symbol":"SIM","quantity":"1978.016","price":"0.00050000","timestamp":1645813719,"volume":"0.98900800","buyTxId":"9be2129bc2bc4f46479645d609fce82571d456b1","sellTxId":"d037dbd57f63e091f839af64dc5ddbf2dc3bf907"}
{"index": {"_index":"sim","_id":"2858856"}}
	{"id":2858856,"type":"buy","buyer":"dswap","seller":"jelly-cz","symbol":"SIM","quantity":"248.090","price":"0.00050546","timestamp":1645814355,"volume":"0.12540000","buyTxId":"fd1dccfaf23815b7b75083c672398cb49ab8f89e","sellTxId":"MM-P-15144518-62132164-3-28-0"}
{"index": {"_index":"sim","_id":"2858925"}}
	{"id":2858925,"type":"buy","buyer":"dswap","seller":"jelly-cz","symbol":"SIM","quantity":"17.190","price":"0.00050546","timestamp":1645814871,"volume":"0.00868919","buyTxId":"51cf4118f6628ed4b546159a3754a6cf466b439b","sellTxId":"MM-P-15144518-62132164-3-28-0"}
{"index": {"_index":"sim","_id":"2858936"}}
	{"id":2858936,"type":"buy","buyer":"cardi0","seller":"jelly-cz","symbol":"SIM","quantity":"1533.000","price":"0.00050546","timestamp":1645814976,"volume":"0.77487018","buyTxId":"86a336407c10fd5803699573184f3f5969e06cbd","sellTxId":"MM-P-15144518-62132164-3-28-0"}
{"index": {"_index":"sim","_id":"2858942"}}
	{"id":2858942,"type":"buy","buyer":"dswap","seller":"jelly-cz","symbol":"SIM","quantity":"452.129","price":"0.00050546","timestamp":1645815003,"volume":"0.22853340","buyTxId":"b02513da6792a6b15c3cb4350b9065ca5dead0c1","sellTxId":"MM-P-15144518-62132164-3-28-0"}
{"index": {"_index":"sim","_id":"2859198"}}
	{"id":2859198,"type":"buy","buyer":"theia7","seller":"jelly-cz","symbol":"SIM","quantity":"337.000","price":"0.00050546","timestamp":1645817943,"volume":"0.17034002","buyTxId":"361c2f6900ecb374d6fcf0c9437f442da949a548","sellTxId":"MM-P-15144518-62132164-3-28-0"}
{"index": {"_index":"sim","_id":"2859220"}}
	{"id":2859220,"type":"buy","buyer":"crypto-futurist","seller":"jelly-cz","symbol":"SIM","quantity":"153.093","price":"0.00050546","timestamp":1645818219,"volume":"0.07738239","buyTxId":"1a57b680306967923c72dceb3ab12ea625ab53b4","sellTxId":"MM-P-15144518-62132164-3-28-0"}
{"index": {"_index":"sim","_id":"2859224"}}
	{"id":2859224,"type":"sell","buyer":"blockchainyouth","seller":"florian-glechner","symbol":"SIM","quantity":"18.364","price":"0.00050000","timestamp":1645818333,"volume":"0.00918200","buyTxId":"9be2129bc2bc4f46479645d609fce82571d456b1","sellTxId":"48ed5dfbaafe467ee9fac29fb0a922f71f65a239"}
{"index": {"_index":"sim","_id":"2859316"}}
	{"id":2859316,"type":"sell","buyer":"blockchainyouth","seller":"monsterjamgold","symbol":"SIM","quantity":"1132.593","price":"0.00050000","timestamp":1645819704,"volume":"0.56629650","buyTxId":"9be2129bc2bc4f46479645d609fce82571d456b1","sellTxId":"3a76710973166f14a33d2109e657a1edc1b2e8de"}
{"index": {"_index":"sim","_id":"2859428"}}
	{"id":2859428,"type":"sell","buyer":"blockchainyouth","seller":"rarej","symbol":"SIM","quantity":"3130.988","price":"0.00050000","timestamp":1645820874,"volume":"1.56549400","buyTxId":"9be2129bc2bc4f46479645d609fce82571d456b1","sellTxId":"04c5f06c695f7ad1a25f4faf2483095dbeeedd3d"}
{"index": {"_index":"sim","_id":"2859606"}}
	{"id":2859606,"type":"sell","buyer":"blockchainyouth","seller":"electru","symbol":"SIM","quantity":"73.447","price":"0.00050000","timestamp":1645822605,"volume":"0.03672350","buyTxId":"9be2129bc2bc4f46479645d609fce82571d456b1","sellTxId":"d197be0a242b02783659c4755db591a7e306b199"}
{"index": {"_index":"sim","_id":"2859723"}}
	{"id":2859723,"type":"sell","buyer":"pi-trader","seller":"saulos","symbol":"SIM","quantity":"1712.767","price":"0.00046601","timestamp":1645823427,"volume":"0.79816655","buyTxId":"6bd568961343497a3c7c278a1079fee546c582a9","sellTxId":"ac40a665b4d42ee9f21dbab0fd7e702e5ca63de8"}
{"index": {"_index":"sim","_id":"2859758"}}
	{"id":2859758,"type":"buy","buyer":"konvik","seller":"jelly-cz","symbol":"SIM","quantity":"108539.198","price":"0.00049849","timestamp":1645823946,"volume":"54.10570481","buyTxId":"b115c15ec08e7f7f5875fe4237250b159d6ee1d7-0","sellTxId":"MM-P-15149999-62137647-3-28-0"}
{"index": {"_index":"sim","_id":"2859875"}}
	{"id":2859875,"type":"buy","buyer":"akalmendral","seller":"jelly-cz","symbol":"SIM","quantity":"1600.000","price":"0.00049849","timestamp":1645825617,"volume":"0.79758400","buyTxId":"a09e202ce1cd57b5018f0eb052f3ec8efe12b5e6","sellTxId":"MM-P-15149999-62137647-3-28-0"}
{"index": {"_index":"sim","_id":"2859876"}}
	{"id":2859876,"type":"buy","buyer":"maryjane.main","seller":"jelly-cz","symbol":"SIM","quantity":"9000.000","price":"0.00049849","timestamp":1645825662,"volume":"4.48641000","buyTxId":"37e970b7f511a074567ff21800dbc07e6a7d1b61","sellTxId":"MM-P-15149999-62137647-3-28-0"}
{"index": {"_index":"sim","_id":"2859945"}}
	{"id":2859945,"type":"sell","buyer":"pi-trader","seller":"sandymeyer","symbol":"SIM","quantity":"1964.484","price":"0.00046701","timestamp":1645826295,"volume":"0.91743367","buyTxId":"06c3470be72648990b081fb0748f9b7fb2b95705-1","sellTxId":"d68f3b7bec9aec136482ba07ff4a8d799131d882"}
{"index": {"_index":"sim","_id":"2859950"}}
	{"id":2859950,"type":"sell","buyer":"pi-trader","seller":"metafemboy","symbol":"SIM","quantity":"6650","price":"0.00046701","timestamp":1645826304,"volume":"3.10561650","buyTxId":"06c3470be72648990b081fb0748f9b7fb2b95705-1","sellTxId":"d95c8292e9f194789db925c4f8b39eba7a16f07c"}
{"index": {"_index":"sim","_id":"2860069"}}
	{"id":2860069,"type":"sell","buyer":"pi-trader","seller":"automaton","symbol":"SIM","quantity":"406.707","price":"0.00046701","timestamp":1645827606,"volume":"0.18993624","buyTxId":"8dda69d28d0dab9cd108a939acbcf8efcc4e62d8-5","sellTxId":"f6b2022905bacfa0ed5966ff0f63c171bb852eb9"}
{"index": {"_index":"sim","_id":"2860083"}}
	{"id":2860083,"type":"sell","buyer":"pi-trader","seller":"balte","symbol":"SIM","quantity":"15000.000","price":"0.00046701","timestamp":1645827813,"volume":"7.00515000","buyTxId":"0ff5169bc6017aa9e1520a4cf922d087b66bc444-3","sellTxId":"a9cd53236d41770f27d7e5344deb4aa2846d73f8"}
{"index": {"_index":"sim","_id":"2860208"}}
	{"id":2860208,"type":"sell","buyer":"pi-trader","seller":"thatcryptodave","symbol":"SIM","quantity":"606.466","price":"0.00046701","timestamp":1645829577,"volume":"0.28322569","buyTxId":"5233acb5c8ccfea8d7a3ca02483d126ab880d87d-3","sellTxId":"a33e48a71d5864b878542e790cfb585b106d9bcc"}
{"index": {"_index":"sim","_id":"2860390"}}
	{"id":2860390,"type":"sell","buyer":"pi-trader","seller":"andy4475","symbol":"SIM","quantity":"136.766","price":"0.00046701","timestamp":1645831740,"volume":"0.06387109","buyTxId":"2e6761b43549cb1de1930a113413528a2d5f51a0-3","sellTxId":"134f91b30df363040721a4e2ac52520f56221d9c"}
{"index": {"_index":"sim","_id":"2860448"}}
	{"id":2860448,"type":"sell","buyer":"pi-trader","seller":"captaincryptic","symbol":"SIM","quantity":"1444.016","price":"0.00046701","timestamp":1645832574,"volume":"0.67436991","buyTxId":"450a14bb977157285e638e2815e30b118d3c9cd7-1","sellTxId":"2b2f8d776e76c66bc0b243d9426519b5bd279897"}
{"index": {"_index":"sim","_id":"2860513"}}
	{"id":2860513,"type":"sell","buyer":"pi-trader","seller":"bitcoinflood","symbol":"SIM","quantity":"1873.630","price":"0.00046701","timestamp":1645833609,"volume":"0.87500395","buyTxId":"c5915fe0d71befd05e7ebde742c068556e43a24e-3","sellTxId":"672e1cbe42b01067bcaf71480a21909c1583253c"}
{"index": {"_index":"sim","_id":"2860590"}}
	{"id":2860590,"type":"sell","buyer":"pi-trader","seller":"brofi-market","symbol":"SIM","quantity":"0.003","price":"0.00046701","timestamp":1645834389,"volume":"0.00000140","buyTxId":"0d159830fee163b8478332c13bef8a51b498c269-3","sellTxId":"92afabfc7288deb90a3f2d4c16b14f9dfea5889c"}
{"index": {"_index":"sim","_id":"2860648"}}
	{"id":2860648,"type":"sell","buyer":"pi-trader","seller":"mystfang","symbol":"SIM","quantity":"940.000","price":"0.00046701","timestamp":1645834836,"volume":"0.43898940","buyTxId":"3d0c79d7dcea6ef226f0c7b5f47e4c5a77c665a7-5","sellTxId":"6495afeb802a54564927a8522d7c818d5a4b515c"}
{"index": {"_index":"sim","_id":"2860830"}}
	{"id":2860830,"type":"sell","buyer":"pi-trader","seller":"damla","symbol":"SIM","quantity":"0.776","price":"0.00046701","timestamp":1645836813,"volume":"0.00036240","buyTxId":"c691e75b1fa2418ae5334a75ef8de3ae81d82d0b-5","sellTxId":"1ab742210bfbf23044bf5300aec5508c796b8dd7"}
{"index": {"_index":"sim","_id":"2860980"}}
	{"id":2860980,"type":"sell","buyer":"pi-trader","seller":"valor2s","symbol":"SIM","quantity":"83.845","price":"0.00046701","timestamp":1645838967,"volume":"0.03915645","buyTxId":"1b91032d818231896d4dd8d3fd4a32fe980dca97-2","sellTxId":"45d576e371b33c48a50643d5f052a02bb4f524a4"}
{"index": {"_index":"sim","_id":"2861000"}}
	{"id":2861000,"type":"buy","buyer":"svirus","seller":"steem-hodler","symbol":"SIM","quantity":"26300.000","price":"0.00049000","timestamp":1645839138,"volume":"12.88700000","buyTxId":"ae0db6a48d17af5bb20260c0a565bd29d40408fe-0","sellTxId":"a610642de214354a2afeedf5105883cd3c9a4c97"}
{"index": {"_index":"sim","_id":"2861416"}}
	{"id":2861416,"type":"buy","buyer":"libert","seller":"jelly-cz","symbol":"SIM","quantity":"3729.262","price":"0.00049849","timestamp":1645842825,"volume":"1.859","buyTxId":"5c207f8b5f21d0e9ff2feb853d7427d85d53e977","sellTxId":"MM-P-15149999-62137647-3-28-0"}
