{"index": {"_index":"sim","_id":"2003297"}}
	{"id":2003297,"type":"sell","buyer":"pi-trader","seller":"dgtaldreamer","symbol":"SIM","quantity":"56.000","price":"0.00081017","timestamp":1637033952,"volume":"0.04536952","buyTxId":"126868dd09c3bf40ce6472a3f0862aa32ffb3a81-3","sellTxId":"e703afc48657e779b02af87249454f556e7b2419"}
{"index": {"_index":"sim","_id":"2003330"}}
	{"id":2003330,"type":"buy","buyer":"agolasol","seller":"pi-trader","symbol":"SIM","quantity":"2000.000","price":"0.00088999","timestamp":1637034282,"volume":"1.77998000","buyTxId":"76b6b3df1786d32719271bfd4c32444677fc535b","sellTxId":"0b7b1a1a65987f2d3228953901072802f86d72aa-6"}
{"index": {"_index":"sim","_id":"2003332"}}
	{"id":2003332,"type":"sell","buyer":"pi-trader","seller":"lifeskills-tv","symbol":"SIM","quantity":"3927.824","price":"0.00082001","timestamp":1637034288,"volume":"3.22085496","buyTxId":"0e847ef4de08b7f1279d4baa8dae914b112a6801-1","sellTxId":"3fa312ad8c7f432ca8cedd7b45863cc7ca75f4d7"}
{"index": {"_index":"sim","_id":"2003349"}}
	{"id":2003349,"type":"sell","buyer":"pi-trader","seller":"goldcoin","symbol":"SIM","quantity":"77.039","price":"0.00082001","timestamp":1637034444,"volume":"0.06317275","buyTxId":"398e9317e560eb64b456cad0ea6b9fed1d17ff25-3","sellTxId":"3eeb6e65a627e83e434a45ec2b28ceb16fe7d61c"}
{"index": {"_index":"sim","_id":"2003394"}}
	{"id":2003394,"type":"sell","buyer":"pi-trader","seller":"travelgirl","symbol":"SIM","quantity":"3447.000","price":"0.00082001","timestamp":1637034936,"volume":"2.82657447","buyTxId":"c56b59bd550514eef2b9a9effe3307cc5f04f9c8-3","sellTxId":"3e2ddb45a8d5665ac5a1065c55112c3ee3370303"}
{"index": {"_index":"sim","_id":"2003602"}}
	{"id":2003602,"type":"sell","buyer":"pi-trader","seller":"digital-fortress","symbol":"SIM","quantity":"2.184","price":"0.00082001","timestamp":1637036784,"volume":"0.00179090","buyTxId":"5aeee3bcb8b3937cdb0fa5d3ae98456607748299-1","sellTxId":"dd225681bc1afc55876f961b5b2dabf65af0c77f"}
{"index": {"_index":"sim","_id":"2003703"}}
	{"id":2003703,"type":"sell","buyer":"pi-trader","seller":"thatcryptodave","symbol":"SIM","quantity":"586.183","price":"0.00082001","timestamp":1637037381,"volume":"0.48067592","buyTxId":"e22bc9af473c785b6ac84cae0e1812ea2f958fe5-1","sellTxId":"6cebf92c309b7b2cb9140fc92b6ff82f07a55ea3"}
{"index": {"_index":"sim","_id":"2003814"}}
	{"id":2003814,"type":"sell","buyer":"pi-trader","seller":"theshaki","symbol":"SIM","quantity":"38.584","price":"0.00082001","timestamp":1637038134,"volume":"0.03163927","buyTxId":"c81ebc388e5567e187873b28eae2454d4415546d-3","sellTxId":"6834b029ff7383b41ff0ad4444905eeab0eea583"}
{"index": {"_index":"sim","_id":"2003850"}}
	{"id":2003850,"type":"sell","buyer":"pi-trader","seller":"salexa5","symbol":"SIM","quantity":"1750.000","price":"0.00082001","timestamp":1637038479,"volume":"1.43501750","buyTxId":"3a92bc9f1bb3609c366d36b13d5c243b6646f01f-3","sellTxId":"5a75321bac6d71029584c34418a3eff5707ea2ea"}
{"index": {"_index":"sim","_id":"2003929"}}
	{"id":2003929,"type":"sell","buyer":"pi-trader","seller":"he-index","symbol":"SIM","quantity":"54.675","price":"0.00082001","timestamp":1637039166,"volume":"0.04483405","buyTxId":"df506957aeac7d1e378c177304bac76f71749cfe-5","sellTxId":"bb69164f73bebccfdb01cd7a6c4621ed7576a71a"}
{"index": {"_index":"sim","_id":"2004006"}}
	{"id":2004006,"type":"sell","buyer":"pi-trader","seller":"maya7","symbol":"SIM","quantity":"16133.010","price":"0.00082001","timestamp":1637039898,"volume":"13.22922953","buyTxId":"a3f36c2bc705c0112504d2ff576add107cbb0021-5","sellTxId":"1583b5825901f4019e9453e3e692fc5c19aed177"}
{"index": {"_index":"sim","_id":"2004277"}}
	{"id":2004277,"type":"sell","buyer":"pi-trader","seller":"rahul.stan","symbol":"SIM","quantity":"30144.000","price":"0.00082001","timestamp":1637042196,"volume":"24.71838144","buyTxId":"eb6b557a8921dc8ad2fc8c1801df3092e7873d7c-5","sellTxId":"ce0b9db56478242eae82904c2413754271f756a5"}
{"index": {"_index":"sim","_id":"2004317"}}
	{"id":2004317,"type":"sell","buyer":"pi-trader","seller":"simplegame","symbol":"SIM","quantity":"19.848","price":"0.00082001","timestamp":1637042385,"volume":"0.01627556","buyTxId":"f696efe31c0ab7e35c7b99bf901baa46d97d2cd6-3","sellTxId":"40102235e7656f78dd917466190b2d4a422394bb"}
{"index": {"_index":"sim","_id":"2004595"}}
	{"id":2004595,"type":"sell","buyer":"pi-trader","seller":"thatcryptodave","symbol":"SIM","quantity":"1001.216","price":"0.00082001","timestamp":1637043933,"volume":"0.82100713","buyTxId":"323ab13b7e0d7242917bebcac70c92fb0bdbe947-1","sellTxId":"f084d7fdd1a48f49f7cb13fa3ff428c3a2a8bee4"}
{"index": {"_index":"sim","_id":"2005198"}}
	{"id":2005198,"type":"sell","buyer":"pi-trader","seller":"yintercept","symbol":"SIM","quantity":"2.103","price":"0.00082001","timestamp":1637046981,"volume":"0.00172448","buyTxId":"fe968aee3787497394ebe0351b56fb005e810992-7","sellTxId":"a1a650a36f372cf5c6a057a152c225291920dd81"}
{"index": {"_index":"sim","_id":"2005296"}}
	{"id":2005296,"type":"sell","buyer":"pi-trader","seller":"lionsuit","symbol":"SIM","quantity":"6.556","price":"0.00082001","timestamp":1637047497,"volume":"0.00537599","buyTxId":"28a88c0cd80b442910ae629ef6ab1fc91c92e5e8-1","sellTxId":"84c220279d62756e131ec7ef9de2e70fac22f413"}
{"index": {"_index":"sim","_id":"2005472"}}
	{"id":2005472,"type":"sell","buyer":"pi-trader","seller":"hirohurl","symbol":"SIM","quantity":"54.295","price":"0.00082101","timestamp":1637049009,"volume":"0.04457674","buyTxId":"1f7f9967b021894cc6cf661d8913f930c9cfec07-5","sellTxId":"e1c2374c9ed1ac3a8576ec1f9e4342c8200f9b40"}
{"index": {"_index":"sim","_id":"2005588"}}
	{"id":2005588,"type":"sell","buyer":"pi-trader","seller":"monsterbuster","symbol":"SIM","quantity":"562.837","price":"0.00082101","timestamp":1637049675,"volume":"0.46209481","buyTxId":"d3f386eb9d14d4d59ee7c811325d859d5cfead30-3","sellTxId":"5e9e4c9ec9c152684590ddda5010448e4236020a"}
{"index": {"_index":"sim","_id":"2005723"}}
	{"id":2005723,"type":"sell","buyer":"pi-trader","seller":"m2nnari","symbol":"SIM","quantity":"4000.500","price":"0.00082101","timestamp":1637050035,"volume":"3.28445051","buyTxId":"ab82c59d294941f81a4542a77d65b5cddf66465b-3","sellTxId":"90705fde3a3da12225027d93acb81fb4dac6328b"}
{"index": {"_index":"sim","_id":"2006234"}}
	{"id":2006234,"type":"sell","buyer":"mchero","seller":"lightcaptured","symbol":"SIM","quantity":"515.924","price":"0.00084000","timestamp":1637052768,"volume":"0.43337616","buyTxId":"b32dc658fc0e3a6fbc6271c1d392355a1a00b267","sellTxId":"9d10414b7a3cb558bf0248d1fd0d58b05f49ded9"}
{"index": {"_index":"sim","_id":"2006413"}}
	{"id":2006413,"type":"sell","buyer":"mchero","seller":"cliffagreen","symbol":"SIM","quantity":"7.586","price":"0.00084000","timestamp":1637054313,"volume":"0.00637224","buyTxId":"b32dc658fc0e3a6fbc6271c1d392355a1a00b267","sellTxId":"db648a82b9f82bee783898d4ea98c192b1616042"}
{"index": {"_index":"sim","_id":"2006440"}}
	{"id":2006440,"type":"sell","buyer":"mchero","seller":"rgondie","symbol":"SIM","quantity":"1206.497","price":"0.00084000","timestamp":1637054529,"volume":"1.01345748","buyTxId":"b32dc658fc0e3a6fbc6271c1d392355a1a00b267","sellTxId":"1233a152451daf9a412f20636e0739bfb0fd8ed8"}
{"index": {"_index":"sim","_id":"2006441"}}
	{"id":2006441,"type":"sell","buyer":"roger.remix","seller":"rgondie","symbol":"SIM","quantity":"3793.503","price":"0.00084000","timestamp":1637054529,"volume":"3.18654252","buyTxId":"764741d7916f6d77385869a36d8c29f25d08a120","sellTxId":"1233a152451daf9a412f20636e0739bfb0fd8ed8"}
{"index": {"_index":"sim","_id":"2006514"}}
	{"id":2006514,"type":"sell","buyer":"roger.remix","seller":"goldcoin","symbol":"SIM","quantity":"141.986","price":"0.00084000","timestamp":1637055048,"volume":"0.11926824","buyTxId":"764741d7916f6d77385869a36d8c29f25d08a120","sellTxId":"d04b97d2f0e0da95b3e911002cbfed9d25eea336"}
{"index": {"_index":"sim","_id":"2006990"}}
	{"id":2006990,"type":"sell","buyer":"roger.remix","seller":"anosys","symbol":"SIM","quantity":"21.030","price":"0.00084000","timestamp":1637056992,"volume":"0.01766520","buyTxId":"764741d7916f6d77385869a36d8c29f25d08a120","sellTxId":"96270bc5ca12887950b8762b84fd1336fa8ca1ba"}
{"index": {"_index":"sim","_id":"2007308"}}
	{"id":2007308,"type":"sell","buyer":"roger.remix","seller":"willsaldeno","symbol":"SIM","quantity":"1539.000","price":"0.00084000","timestamp":1637059161,"volume":"1.29276000","buyTxId":"764741d7916f6d77385869a36d8c29f25d08a120","sellTxId":"7cc0635a711dc9ab817926c6089dfdce247ee080"}
{"index": {"_index":"sim","_id":"2007338"}}
	{"id":2007338,"type":"sell","buyer":"roger.remix","seller":"mvanhauten","symbol":"SIM","quantity":"659.440","price":"0.00084000","timestamp":1637059365,"volume":"0.55392960","buyTxId":"764741d7916f6d77385869a36d8c29f25d08a120","sellTxId":"352fd315b1e560659da402b901a31b7cba6f93db"}
{"index": {"_index":"sim","_id":"2007427"}}
	{"id":2007427,"type":"sell","buyer":"roger.remix","seller":"heikki1337","symbol":"SIM","quantity":"2493.575","price":"0.00084000","timestamp":1637060019,"volume":"2.09460300","buyTxId":"764741d7916f6d77385869a36d8c29f25d08a120","sellTxId":"e52cafbdb7a3153864be2e11b5d689feb7e8be45"}
{"index": {"_index":"sim","_id":"2007530"}}
	{"id":2007530,"type":"sell","buyer":"roger.remix","seller":"florian-glechner","symbol":"SIM","quantity":"18.010","price":"0.00084000","timestamp":1637061084,"volume":"0.01512840","buyTxId":"764741d7916f6d77385869a36d8c29f25d08a120","sellTxId":"adbf4fd7617fefddabab3668cd587f14de34a791"}
{"index": {"_index":"sim","_id":"2007764"}}
	{"id":2007764,"type":"sell","buyer":"neogenesis49","seller":"svirus","symbol":"SIM","quantity":"24000.000","price":"0.00085000","timestamp":1637062080,"volume":"20.40000000","buyTxId":"e70a8102ff14d1fa43bf70e567e372635145aac6","sellTxId":"5aa1947d1927625836b304817fe062546996e730-1"}
{"index": {"_index":"sim","_id":"2008051"}}
	{"id":2008051,"type":"sell","buyer":"roger.remix","seller":"tonytrillions","symbol":"SIM","quantity":"0.010","price":"0.00084000","timestamp":1637063514,"volume":"0.00000840","buyTxId":"764741d7916f6d77385869a36d8c29f25d08a120","sellTxId":"c0324698d1a0359bf2b8e4019e13a8a224dd15dc"}
{"index": {"_index":"sim","_id":"2008084"}}
	{"id":2008084,"type":"sell","buyer":"roger.remix","seller":"taitux","symbol":"SIM","quantity":"1333.446","price":"0.00084000","timestamp":1637063658,"volume":"1.12009464","buyTxId":"764741d7916f6d77385869a36d8c29f25d08a120","sellTxId":"001dff74dabaee6d7585b6179c91bdaef50cf198"}
{"index": {"_index":"sim","_id":"2008092"}}
	{"id":2008092,"type":"sell","buyer":"maryjane.main","seller":"taitux","symbol":"SIM","quantity":"15011.354","price":"0.00083000","timestamp":1637063685,"volume":"12.45942382","buyTxId":"4f63d2730c3e5a04f84bd62e2c60d5b5d4d4fcd4","sellTxId":"26df1b6742570e15182962b1221ab9d9f1b21089"}
{"index": {"_index":"sim","_id":"2008363"}}
	{"id":2008363,"type":"sell","buyer":"maryjane.main","seller":"brofi-market","symbol":"SIM","quantity":"0.006","price":"0.00083000","timestamp":1637064510,"volume":"0.00000498","buyTxId":"4f63d2730c3e5a04f84bd62e2c60d5b5d4d4fcd4","sellTxId":"80617cdd76977595d60af4c3df4a9f99d3c6e91d"}
{"index": {"_index":"sim","_id":"2008595"}}
	{"id":2008595,"type":"sell","buyer":"maryjane.main","seller":"chesatochi","symbol":"SIM","quantity":"45.398","price":"0.00083000","timestamp":1637065095,"volume":"0.03768034","buyTxId":"4f63d2730c3e5a04f84bd62e2c60d5b5d4d4fcd4","sellTxId":"a59cf51e2c3bc12eed457584929e091e59d08011"}
{"index": {"_index":"sim","_id":"2008689"}}
	{"id":2008689,"type":"sell","buyer":"maryjane.main","seller":"haitch","symbol":"SIM","quantity":"1290.110","price":"0.00083000","timestamp":1637065260,"volume":"1.07079130","buyTxId":"4f63d2730c3e5a04f84bd62e2c60d5b5d4d4fcd4","sellTxId":"7ade02890a6f1462949e64ce7c7c59d5dd86c298"}
{"index": {"_index":"sim","_id":"2008691"}}
	{"id":2008691,"type":"sell","buyer":"maryjane.main","seller":"bigram13","symbol":"SIM","quantity":"3603.132","price":"0.00083000","timestamp":1637065272,"volume":"2.99059956","buyTxId":"4f63d2730c3e5a04f84bd62e2c60d5b5d4d4fcd4","sellTxId":"9884ee27a1a2269bdc4151f88cf997d6ca75b5e7"}
{"index": {"_index":"sim","_id":"2008692"}}
	{"id":2008692,"type":"sell","buyer":"roger.remix","seller":"bigram13","symbol":"SIM","quantity":"6696.868","price":"0.00082100","timestamp":1637065272,"volume":"5.49812863","buyTxId":"c6d09cb41da60ca690c5266b99d5aa93f8913892","sellTxId":"9884ee27a1a2269bdc4151f88cf997d6ca75b5e7"}
{"index": {"_index":"sim","_id":"2008773"}}
	{"id":2008773,"type":"sell","buyer":"pi-trader","seller":"medaymane","symbol":"SIM","quantity":"17103.730","price":"0.00082101","timestamp":1637065425,"volume":"14.04233337","buyTxId":"1a93d0c070a16307448694986b4535596b2d37a7-5","sellTxId":"b645a2173049a96e333fed72f791d487ffdbe61b"}
{"index": {"_index":"sim","_id":"2008861"}}
	{"id":2008861,"type":"sell","buyer":"pi-trader","seller":"imperij4427","symbol":"SIM","quantity":"31669.000","price":"0.00082103","timestamp":1637065881,"volume":"26.00119907","buyTxId":"c17aeb8407fec02e19d1b63ecd405eb61421ed65-5","sellTxId":"9991f531fb15a971f767d42de85bf128fbc85787"}
{"index": {"_index":"sim","_id":"2008964"}}
	{"id":2008964,"type":"sell","buyer":"jeanlucsr","seller":"luismar1978","symbol":"SIM","quantity":"8026.660","price":"0.00082200","timestamp":1637066250,"volume":"6.59791452","buyTxId":"cfc035497409d3ab521b8387f02087fd1fb74ad9","sellTxId":"9c6e555a42222f14a771b10b000cc8f3d301cc35"}
{"index": {"_index":"sim","_id":"2009321"}}
	{"id":2009321,"type":"sell","buyer":"jeanlucsr","seller":"steem.drone","symbol":"SIM","quantity":"1973.340","price":"0.00082200","timestamp":1637067936,"volume":"1.62208548","buyTxId":"cfc035497409d3ab521b8387f02087fd1fb74ad9","sellTxId":"6be153511bff92161e8b572689252d60b27297db"}
{"index": {"_index":"sim","_id":"2009322"}}
	{"id":2009322,"type":"sell","buyer":"methus","seller":"steem.drone","symbol":"SIM","quantity":"50000.000","price":"0.00082102","timestamp":1637067936,"volume":"41.05100000","buyTxId":"8be65f6fe1e447590a70b9d1212f7568f1696847","sellTxId":"6be153511bff92161e8b572689252d60b27297db"}
{"index": {"_index":"sim","_id":"2009323"}}
	{"id":2009323,"type":"sell","buyer":"roger.remix","seller":"steem.drone","symbol":"SIM","quantity":"3303.132","price":"0.00082100","timestamp":1637067936,"volume":"2.71187137","buyTxId":"c6d09cb41da60ca690c5266b99d5aa93f8913892","sellTxId":"6be153511bff92161e8b572689252d60b27297db"}
{"index": {"_index":"sim","_id":"2009324"}}
	{"id":2009324,"type":"sell","buyer":"mary-jane","seller":"steem.drone","symbol":"SIM","quantity":"12900.000","price":"0.00082000","timestamp":1637067936,"volume":"10.57800000","buyTxId":"be95d7b0c48be4fb16aad8cf591d3f1d873082bc","sellTxId":"6be153511bff92161e8b572689252d60b27297db"}
{"index": {"_index":"sim","_id":"2009325"}}
	{"id":2009325,"type":"sell","buyer":"jelly-cz","seller":"steem.drone","symbol":"SIM","quantity":"96277.279","price":"0.00081016","timestamp":1637067936,"volume":"78.00000035","buyTxId":"MM-P-12228269-59214559-3-34-0","sellTxId":"6be153511bff92161e8b572689252d60b27297db"}
{"index": {"_index":"sim","_id":"2009326"}}
	{"id":2009326,"type":"sell","buyer":"methus","seller":"steem.drone","symbol":"SIM","quantity":"25546.249","price":"0.00081014","timestamp":1637067936,"volume":"20.69603816","buyTxId":"e56f342ca6de87a99248383aaac9c921158ad989","sellTxId":"6be153511bff92161e8b572689252d60b27297db"}
{"index": {"_index":"sim","_id":"2009461"}}
	{"id":2009461,"type":"sell","buyer":"pi-trader","seller":"theoriginal86","symbol":"SIM","quantity":"6315.000","price":"0.00081015","timestamp":1637068671,"volume":"5.11609725","buyTxId":"3a742b25116c024a3ae6be1a157ae229ba08eb15-1","sellTxId":"bcfb16baa6c61026800d80b0274b355cca655797"}
{"index": {"_index":"sim","_id":"2009523"}}
	{"id":2009523,"type":"sell","buyer":"pi-trader","seller":"justinparke","symbol":"SIM","quantity":"18375.2","price":"0.00081015","timestamp":1637069109,"volume":"14.88666828","buyTxId":"64ee548acb1329cdc86d477ca03c25401b11b4e1-7","sellTxId":"b85e5c09e81b377631baf6e0aaad230a2c6e8abc"}
{"index": {"_index":"sim","_id":"2009729"}}
	{"id":2009729,"type":"sell","buyer":"pi-trader","seller":"outlinez","symbol":"SIM","quantity":"931.050","price":"0.00081015","timestamp":1637070222,"volume":"0.75429016","buyTxId":"2e79f3e4dd96b78cf69213f6fde939d2487e6bcd-4","sellTxId":"4e5e1c5e13f78e557c0fa11c5bacd7444c490424"}
{"index": {"_index":"sim","_id":"2009945"}}
	{"id":2009945,"type":"sell","buyer":"pi-trader","seller":"taitux","symbol":"SIM","quantity":"7410.000","price":"0.00081015","timestamp":1637071053,"volume":"6.00321150","buyTxId":"2dc6fce19eb9c28c775a0b369b5ef93212d222a0-5","sellTxId":"4a6043ef9f2429ef7c00049b5686f66e1d000fdd"}
{"index": {"_index":"sim","_id":"2010067"}}
	{"id":2010067,"type":"buy","buyer":"lrekt01","seller":"pi-trader","symbol":"SIM","quantity":"2.000","price":"0.00086999","timestamp":1637071638,"volume":"0.00173998","buyTxId":"f8c8c51afa245444d93f466d8cd10825e9c9365a","sellTxId":"edddfcc4211650587342c67939dccc8adec56d23-12"}
{"index": {"_index":"sim","_id":"2010257"}}
	{"id":2010257,"type":"sell","buyer":"pi-trader","seller":"pele23","symbol":"SIM","quantity":"0.028","price":"0.00081016","timestamp":1637072874,"volume":"0.00002268","buyTxId":"e9537f78819dd3ad493ec773407bb8ab97fc61a9-5","sellTxId":"89d1b194939a9bfd11da12c5be0dc54df491b73b"}
{"index": {"_index":"sim","_id":"2010365"}}
	{"id":2010365,"type":"sell","buyer":"pi-trader","seller":"ironshield","symbol":"SIM","quantity":"10883.160","price":"0.00081016","timestamp":1637073678,"volume":"8.81710091","buyTxId":"3fb2e59d2942ebbfa2eb9b87c720d7a8ee01290d-1","sellTxId":"16580eb5f8e05d1a53e440bf485d66a82820d63c"}
{"index": {"_index":"sim","_id":"2010453"}}
	{"id":2010453,"type":"sell","buyer":"pi-trader","seller":"bluenarcolepsy","symbol":"SIM","quantity":"12.310","price":"0.00081016","timestamp":1637074170,"volume":"0.00997307","buyTxId":"66bcf758cac02cc6982926c9ae4e0404efcfc030-4","sellTxId":"b0e0bbab8ba977d5f7855d152bca525af4d4be0f"}
{"index": {"_index":"sim","_id":"2010828"}}
	{"id":2010828,"type":"sell","buyer":"pi-trader","seller":"alive.chat","symbol":"SIM","quantity":"2.329","price":"0.00081016","timestamp":1637076810,"volume":"0.00188686","buyTxId":"30909a02d1097f1f27ae88e5428de1a1d4945f1e-3","sellTxId":"81153b5a016b4b06de1d0faccedfa437180d4aab"}
{"index": {"_index":"sim","_id":"2011096"}}
	{"id":2011096,"type":"sell","buyer":"pi-trader","seller":"choof","symbol":"SIM","quantity":"1201.070","price":"0.00081016","timestamp":1637078454,"volume":"0.97305887","buyTxId":"8db61f3384d762996d0b7ccaec9adaafa1897b0b-2","sellTxId":"b062e8984a9bc4e6a1b9181d02ec2728730f85de"}
{"index": {"_index":"sim","_id":"2011121"}}
	{"id":2011121,"type":"sell","buyer":"pi-trader","seller":"magnacarta","symbol":"SIM","quantity":"0.094","price":"0.00081016","timestamp":1637078619,"volume":"0.00007616","buyTxId":"c7399252f6171916a052e981a419de73c619e30c-3","sellTxId":"a755488b40de32c0e5b7ad17f1a3627a2aa4a504"}
{"index": {"_index":"sim","_id":"2011177"}}
	{"id":2011177,"type":"sell","buyer":"pi-trader","seller":"brofi-market","symbol":"SIM","quantity":"0.001","price":"0.00081016","timestamp":1637079042,"volume":"0.00000081","buyTxId":"e8b5ac195f9a03e2e875fa5fab3fc03eeff281bf-1","sellTxId":"b107cf3b773568146d8ec7d5fb9e4dd74cf2f8b4"}
{"index": {"_index":"sim","_id":"2011212"}}
	{"id":2011212,"type":"sell","buyer":"pi-trader","seller":"jrcornel","symbol":"SIM","quantity":"40372.000","price":"0.00081016","timestamp":1637079231,"volume":"32.70777952","buyTxId":"c07f5c1e9977cb095be0d4f6685f5f2207ad7d12-2","sellTxId":"c052306b1aebff066411eb81db86f3f5f155d1cf"}
{"index": {"_index":"sim","_id":"2011416"}}
	{"id":2011416,"type":"buy","buyer":"deanlogic","seller":"pi-trader","symbol":"SIM","quantity":"3000.000","price":"0.00086999","timestamp":1637080560,"volume":"2.60997000","buyTxId":"abb85c562007b82c45d64cc80c9e11058e41e276","sellTxId":"b7760e5f4a528cfd1937076d9277ed7b6e9da30e-4"}
{"index": {"_index":"sim","_id":"2011461"}}
	{"id":2011461,"type":"buy","buyer":"deanlogic","seller":"pi-trader","symbol":"SIM","quantity":"4000.000","price":"0.00086998","timestamp":1637080857,"volume":"3.47992000","buyTxId":"e4d488ac40bd87728f7df391ae7af809214170ae","sellTxId":"c45af042d384c1975ae46cea0774bb29579a4fe3-5"}
{"index": {"_index":"sim","_id":"2011619"}}
	{"id":2011619,"type":"buy","buyer":"deanlogic","seller":"pi-trader","symbol":"SIM","quantity":"5000.000","price":"0.00086998","timestamp":1637081703,"volume":"4.34990000","buyTxId":"5ebc5ad430234cbc3a18fd2c5ecdd61713d3dd95","sellTxId":"f238a11b3f4b59ffed6ad8eec058221cb640c89a-8"}
{"index": {"_index":"sim","_id":"2011680"}}
	{"id":2011680,"type":"sell","buyer":"pi-trader","seller":"thatcryptodave","symbol":"SIM","quantity":"750.427","price":"0.00081016","timestamp":1637081970,"volume":"0.60796594","buyTxId":"ce966773bcb58e389ac2dc21645d527a24386098-3","sellTxId":"46e5145b7d5a61eafc62f84878eca1d693569074"}
{"index": {"_index":"sim","_id":"2011833"}}
	{"id":2011833,"type":"buy","buyer":"deanlogic","seller":"pi-trader","symbol":"SIM","quantity":"16000.000","price":"0.00086998","timestamp":1637082684,"volume":"13.91968000","buyTxId":"22340bb29ebfd979209fa422e4de4a1c2e090253","sellTxId":"80ea498bf73435589ddbd1b74b4a03824ce54c56-12"}
{"index": {"_index":"sim","_id":"2011907"}}
	{"id":2011907,"type":"sell","buyer":"pi-trader","seller":"taitux","symbol":"SIM","quantity":"2048.200","price":"0.00081016","timestamp":1637082984,"volume":"1.65936971","buyTxId":"11d7be2770a5d30ff2bf6db7bf5953875d842b68-6","sellTxId":"b10bbd6fe8b1d769603cfdc623bc0a252054759f"}
{"index": {"_index":"sim","_id":"2012394"}}
	{"id":2012394,"type":"sell","buyer":"pi-trader","seller":"brofundholdings","symbol":"SIM","quantity":"50000.000","price":"0.00081016","timestamp":1637085225,"volume":"40.50800000","buyTxId":"016e0832b8a3296f8ad3b1c532408004d37bec7e-3","sellTxId":"c492d45fd38e833789516163f0cc21eba782ca54"}
{"index": {"_index":"sim","_id":"2012395"}}
	{"id":2012395,"type":"sell","buyer":"he-index","seller":"brofundholdings","symbol":"SIM","quantity":"367.833","price":"0.00081015","timestamp":1637085225,"volume":"0.29799990","buyTxId":"2b276ecac90475eb6503f8fd6c6d8441def4e412","sellTxId":"c492d45fd38e833789516163f0cc21eba782ca54"}
{"index": {"_index":"sim","_id":"2012396"}}
	{"id":2012396,"type":"sell","buyer":"methus","seller":"brofundholdings","symbol":"SIM","quantity":"74453.751","price":"0.00081014","timestamp":1637085225,"volume":"60.31796184","buyTxId":"e56f342ca6de87a99248383aaac9c921158ad989","sellTxId":"c492d45fd38e833789516163f0cc21eba782ca54"}
{"index": {"_index":"sim","_id":"2012397"}}
	{"id":2012397,"type":"sell","buyer":"jelly-cz","seller":"brofundholdings","symbol":"SIM","quantity":"71065.287","price":"0.00080200","timestamp":1637085225,"volume":"56.99436017","buyTxId":"MM-P-12240220-59226523-3-34-0","sellTxId":"c492d45fd38e833789516163f0cc21eba782ca54"}
{"index": {"_index":"sim","_id":"2012398"}}
	{"id":2012398,"type":"sell","buyer":"enginemaker","seller":"brofundholdings","symbol":"SIM","quantity":"34530.387","price":"0.00072400","timestamp":1637085225,"volume":"25.00000019","buyTxId":"MM-P-12194487-59180630-3-2-0","sellTxId":"c492d45fd38e833789516163f0cc21eba782ca54"}
{"index": {"_index":"sim","_id":"2012399"}}
	{"id":2012399,"type":"sell","buyer":"steemshiro","seller":"brofundholdings","symbol":"SIM","quantity":"38445.143","price":"0.00071400","timestamp":1637085225,"volume":"27.44983210","buyTxId":"dae92fbf13a4df188c09b1042c848d21f176b286","sellTxId":"c492d45fd38e833789516163f0cc21eba782ca54"}
{"index": {"_index":"sim","_id":"2012641"}}
	{"id":2012641,"type":"sell","buyer":"pi-trader","seller":"curatorcat","symbol":"SIM","quantity":"76.901","price":"0.00071401","timestamp":1637086518,"volume":"0.05490808","buyTxId":"93dd00be5d8d3ce6719d02974fdcb5e2e0076a59-5","sellTxId":"195489616fcf5bf5fcfa4df94745b5fa2c5e4c3e"}
{"index": {"_index":"sim","_id":"2013023"}}
	{"id":2013023,"type":"buy","buyer":"frugal-fun","seller":"peerfinance","symbol":"SIM","quantity":"245.380","price":"0.00072000","timestamp":1637088870,"volume":"0.17667360","buyTxId":"904c0ba7426afd7a8ff8fc109a525183a26002c0","sellTxId":"b8f8fae1b10dadff0933cde770968ea1d18600b0"}
{"index": {"_index":"sim","_id":"2013412"}}
	{"id":2013412,"type":"sell","buyer":"pi-trader","seller":"muenchen","symbol":"SIM","quantity":"6603.000","price":"0.00073001","timestamp":1637091213,"volume":"4.82025603","buyTxId":"85fb94edce010e1c9ddd20263f63b13c46ef60ea-2","sellTxId":"a7397a4f22622ff6c33696aa365e7c9fafa37a6f"}
{"index": {"_index":"sim","_id":"2013473"}}
	{"id":2013473,"type":"sell","buyer":"pi-trader","seller":"fantasycrypto","symbol":"SIM","quantity":"14661.553","price":"0.00073001","timestamp":1637091432,"volume":"10.70308031","buyTxId":"8a3443f9bc6f2f20daebffcf2016366022c8195a-3","sellTxId":"09ff45ad615f2a260db5c00ffdd54ebb6f9da619"}
{"index": {"_index":"sim","_id":"2013526"}}
	{"id":2013526,"type":"sell","buyer":"pi-trader","seller":"steemstreems","symbol":"SIM","quantity":"774.000","price":"0.00073001","timestamp":1637091642,"volume":"0.56502774","buyTxId":"c249f25e6624297259952855baf7a87aa6af0945-4","sellTxId":"89849d5f08da58a9c5c299da09c9a6d6862f69a8"}
{"index": {"_index":"sim","_id":"2013664"}}
	{"id":2013664,"type":"sell","buyer":"pi-trader","seller":"muenchen","symbol":"SIM","quantity":"1736.000","price":"0.00073003","timestamp":1637092509,"volume":"1.26733208","buyTxId":"a548ae5f68d86acea74fa8f7e23550e230fa452d-3","sellTxId":"d1e6da65226842d11b2996e0f145541dda5f92f2"}
{"index": {"_index":"sim","_id":"2013685"}}
	{"id":2013685,"type":"sell","buyer":"pi-trader","seller":"fantasycrypto","symbol":"SIM","quantity":"1847.000","price":"0.00073003","timestamp":1637092587,"volume":"1.34836541","buyTxId":"482502df8d4858ece6fabcde80d674a4dd142359-3","sellTxId":"3676c605a3198d091fa471fa391128594f558c80"}
{"index": {"_index":"sim","_id":"2013891"}}
	{"id":2013891,"type":"sell","buyer":"pi-trader","seller":"willsaldeno","symbol":"SIM","quantity":"1645.000","price":"0.00073003","timestamp":1637093700,"volume":"1.20089935","buyTxId":"6574ad265dc95ea934813555b5f76fd36be71812-3","sellTxId":"cd84e02c9f41e1a99f1e6f557d51572794dcede4"}
{"index": {"_index":"sim","_id":"2013976"}}
	{"id":2013976,"type":"sell","buyer":"pi-trader","seller":"drew0","symbol":"SIM","quantity":"20567.700","price":"0.00073003","timestamp":1637094075,"volume":"15.01503803","buyTxId":"650275648adb8730ff4001ab58ad71c6a9843b67-7","sellTxId":"37984001e3a6afba965db5dbd96e75d1e27333c1"}
{"index": {"_index":"sim","_id":"2014479"}}
	{"id":2014479,"type":"sell","buyer":"holovision","seller":"lightcaptured","symbol":"SIM","quantity":"65.000","price":"0.00077000","timestamp":1637097084,"volume":"0.05005000","buyTxId":"1729ca96e0c38e666ab2e73469c2c1f95c54834e","sellTxId":"b0320942d4e95c564a84ca4bc7faa226f2bd6218"}
{"index": {"_index":"sim","_id":"2014480"}}
	{"id":2014480,"type":"sell","buyer":"pi-trader","seller":"lightcaptured","symbol":"SIM","quantity":"379.251","price":"0.00073003","timestamp":1637097084,"volume":"0.27686461","buyTxId":"7ded485fb455b4241f6d72cb7c5ef109b45cd926-3","sellTxId":"b0320942d4e95c564a84ca4bc7faa226f2bd6218"}
{"index": {"_index":"sim","_id":"2014586"}}
	{"id":2014586,"type":"sell","buyer":"pi-trader","seller":"kaeptn-iglo","symbol":"SIM","quantity":"16237.590","price":"0.00073003","timestamp":1637097762,"volume":"11.85392783","buyTxId":"42fdb4e5230f207cbe9f4a44f1550bd80a248788-7","sellTxId":"6a2107f3f68cfeb7dede4c05e0adb1e6be71cc88"}
{"index": {"_index":"sim","_id":"2014666"}}
	{"id":2014666,"type":"sell","buyer":"pi-trader","seller":"eythorphoto","symbol":"SIM","quantity":"9426.963","price":"0.00073003","timestamp":1637098392,"volume":"6.88196580","buyTxId":"7bbb0f0808954736b96ffa91d69be282644887fb-4","sellTxId":"10f0c029f32349b7bad34a60a6010eacfaf4a0f9"}
{"index": {"_index":"sim","_id":"2014826"}}
	{"id":2014826,"type":"sell","buyer":"pi-trader","seller":"eythorphoto","symbol":"SIM","quantity":"902.500","price":"0.00073003","timestamp":1637099139,"volume":"0.65885208","buyTxId":"aec5c4c7fefd685da1f178e183227127fbfee424-4","sellTxId":"64ed1f21fa9c010dec27dc9c5ffcbc859bb581d9"}
{"index": {"_index":"sim","_id":"2015045"}}
	{"id":2015045,"type":"sell","buyer":"pi-trader","seller":"ubeautiful","symbol":"SIM","quantity":"50000.000","price":"0.00073003","timestamp":1637100711,"volume":"36.50150000","buyTxId":"83fb02d4bf1bffd6d9027c68b91fdf33e72f23aa-5","sellTxId":"acfa8142d55a9ffbdf4cb1b243f267d2d44672bf"}
{"index": {"_index":"sim","_id":"2015046"}}
	{"id":2015046,"type":"sell","buyer":"methus","seller":"ubeautiful","symbol":"SIM","quantity":"50000.000","price":"0.00073002","timestamp":1637100711,"volume":"36.50100000","buyTxId":"a9de5f200d03176b2c795d5345f1d9ba2b67a552","sellTxId":"acfa8142d55a9ffbdf4cb1b243f267d2d44672bf"}
{"index": {"_index":"sim","_id":"2015047"}}
	{"id":2015047,"type":"sell","buyer":"frugal-fun","seller":"ubeautiful","symbol":"SIM","quantity":"5655.620","price":"0.00073000","timestamp":1637100711,"volume":"4.12860260","buyTxId":"904c0ba7426afd7a8ff8fc109a525183a26002c0","sellTxId":"acfa8142d55a9ffbdf4cb1b243f267d2d44672bf"}
{"index": {"_index":"sim","_id":"2015048"}}
	{"id":2015048,"type":"sell","buyer":"frugal-fun","seller":"ubeautiful","symbol":"SIM","quantity":"1979.000","price":"0.00072000","timestamp":1637100711,"volume":"1.42488000","buyTxId":"2d52668f933f55b3bf036262e27dd9a10b6cd44f","sellTxId":"acfa8142d55a9ffbdf4cb1b243f267d2d44672bf"}
{"index": {"_index":"sim","_id":"2015049"}}
	{"id":2015049,"type":"sell","buyer":"ironshield","seller":"ubeautiful","symbol":"SIM","quantity":"1000.000","price":"0.00071500","timestamp":1637100711,"volume":"0.71500000","buyTxId":"05a88024242c8276b544b2e15a4fb7afb18da9a5","sellTxId":"acfa8142d55a9ffbdf4cb1b243f267d2d44672bf"}
{"index": {"_index":"sim","_id":"2015050"}}
	{"id":2015050,"type":"sell","buyer":"steemshiro","seller":"ubeautiful","symbol":"SIM","quantity":"25292.876","price":"0.00071400","timestamp":1637100711,"volume":"18.05911346","buyTxId":"dae92fbf13a4df188c09b1042c848d21f176b286","sellTxId":"acfa8142d55a9ffbdf4cb1b243f267d2d44672bf"}
{"index": {"_index":"sim","_id":"2015051"}}
	{"id":2015051,"type":"sell","buyer":"steemshiro","seller":"ubeautiful","symbol":"SIM","quantity":"50000.000","price":"0.00071400","timestamp":1637100711,"volume":"35.70000000","buyTxId":"c8128fd14f9504513c56c06ca1c1190ae4a885ce","sellTxId":"acfa8142d55a9ffbdf4cb1b243f267d2d44672bf"}
{"index": {"_index":"sim","_id":"2015052"}}
	{"id":2015052,"type":"sell","buyer":"clubfungus","seller":"ubeautiful","symbol":"SIM","quantity":"50000.000","price":"0.00071010","timestamp":1637100711,"volume":"35.50500000","buyTxId":"ec5a388d90bbcc7e5c8eb254e360e1c9e19475c9","sellTxId":"acfa8142d55a9ffbdf4cb1b243f267d2d44672bf"}
{"index": {"_index":"sim","_id":"2015053"}}
	{"id":2015053,"type":"sell","buyer":"jelly13","seller":"ubeautiful","symbol":"SIM","quantity":"266072.504","price":"0.00070000","timestamp":1637100711,"volume":"186.25075280","buyTxId":"09d8a5124264edb30ec8317ec87f0d1bcc88cdcd","sellTxId":"acfa8142d55a9ffbdf4cb1b243f267d2d44672bf"}
{"index": {"_index":"sim","_id":"2015128"}}
	{"id":2015128,"type":"sell","buyer":"pi-trader","seller":"jongartv","symbol":"SIM","quantity":"4275.562","price":"0.00070001","timestamp":1637100936,"volume":"2.99293616","buyTxId":"7cb62dd4eeb70b24a098552cccc8f483f9240a7e-6","sellTxId":"ea126002263a335be8f7ac1048552337d065ff5d"}
{"index": {"_index":"sim","_id":"2015207"}}
	{"id":2015207,"type":"sell","buyer":"pi-trader","seller":"captaincryptic","symbol":"SIM","quantity":"336.010","price":"0.00070001","timestamp":1637101530,"volume":"0.23521036","buyTxId":"43b282ffaac0cfe75b2e09b400fd5b5fb58863e6-5","sellTxId":"d6717fffb793c7eeba9410ed4dd742d245a045e4"}
{"index": {"_index":"sim","_id":"2015364"}}
	{"id":2015364,"type":"buy","buyer":"nyxlabs","seller":"medaymane","symbol":"SIM","quantity":"2000.000","price":"0.00082800","timestamp":1637102664,"volume":"1.65600000","buyTxId":"945f277db0ed62e180d8ba3660fdff4533a046e6","sellTxId":"5c4b60d23985666123865be0e051ccb4f2ab2758"}
{"index": {"_index":"sim","_id":"2015417"}}
	{"id":2015417,"type":"sell","buyer":"pi-trader","seller":"quicktrades","symbol":"SIM","quantity":"0.040","price":"0.00070001","timestamp":1637102988,"volume":"0.00002800","buyTxId":"efe7fe77fe0b77847dc8c06db05fd8a63d138fcf-3","sellTxId":"046963ac8087ad24a4d871ddd636e828c7881a91"}
{"index": {"_index":"sim","_id":"2015468"}}
	{"id":2015468,"type":"buy","buyer":"boycharliefamily","seller":"medaymane","symbol":"SIM","quantity":"12179.240","price":"0.00082800","timestamp":1637103438,"volume":"10.08441072","buyTxId":"09989a5ec9b0307946cbb0480bbabe64a00cb4d6","sellTxId":"5c4b60d23985666123865be0e051ccb4f2ab2758"}
{"index": {"_index":"sim","_id":"2015469"}}
	{"id":2015469,"type":"sell","buyer":"boycharliefamily","seller":"konvik","symbol":"SIM","quantity":"67924.554","price":"0.00082800","timestamp":1637103441,"volume":"56.24153071","buyTxId":"09989a5ec9b0307946cbb0480bbabe64a00cb4d6","sellTxId":"5dffc19097e0434664349741d267a00c3f859004-1"}
{"index": {"_index":"sim","_id":"2015535"}}
	{"id":2015535,"type":"sell","buyer":"boycharliefamily","seller":"balte","symbol":"SIM","quantity":"67.314","price":"0.00082800","timestamp":1637103882,"volume":"0.05573599","buyTxId":"09989a5ec9b0307946cbb0480bbabe64a00cb4d6","sellTxId":"36eaeb947c4b510b7f91562f77c4484004034082"}
{"index": {"_index":"sim","_id":"2015536"}}
	{"id":2015536,"type":"sell","buyer":"pi-trader","seller":"balte","symbol":"SIM","quantity":"10932.686","price":"0.00070001","timestamp":1637103882,"volume":"7.65298953","buyTxId":"9ab0077cdd1956cda50c39518c0d3ff6488ab3b6-1","sellTxId":"36eaeb947c4b510b7f91562f77c4484004034082"}
{"index": {"_index":"sim","_id":"2015888"}}
	{"id":2015888,"type":"sell","buyer":"pi-trader","seller":"solarpowers","symbol":"SIM","quantity":"9724.000","price":"0.00070001","timestamp":1637106234,"volume":"6.80689724","buyTxId":"3ce9db67612e50d72790ca99abe3ba93c76f36b9-4","sellTxId":"2eb0bcd0779a4f70b96ca2d69a81f1cdb1796c3a"}
{"index": {"_index":"sim","_id":"2015957"}}
	{"id":2015957,"type":"buy","buyer":"emergehealthier","seller":"enginemaker","symbol":"SIM","quantity":"600.000","price":"0.00082997","timestamp":1637106783,"volume":"0.49798200","buyTxId":"ee3c2037ed945b6c1fd3d8af6d40d313e379ce09","sellTxId":"MM-P-12245998-59232308-3-2-0"}
{"index": {"_index":"sim","_id":"2015984"}}
	{"id":2015984,"type":"buy","buyer":"maximecote1983","seller":"enginemaker","symbol":"SIM","quantity":"10000.000","price":"0.00082997","timestamp":1637106996,"volume":"8.29970000","buyTxId":"7325adae0cf33171687037215d6526466eb836be","sellTxId":"MM-P-12245998-59232308-3-2-0"}
{"index": {"_index":"sim","_id":"2016036"}}
	{"id":2016036,"type":"buy","buyer":"maximecote1983","seller":"enginemaker","symbol":"SIM","quantity":"6644.000","price":"0.00082997","timestamp":1637107335,"volume":"5.51432068","buyTxId":"a53d4cd829411c7847c585be7fbf8d6529373731","sellTxId":"MM-P-12245998-59232308-3-2-0"}
{"index": {"_index":"sim","_id":"2016118"}}
	{"id":2016118,"type":"sell","buyer":"pi-trader","seller":"automaton","symbol":"SIM","quantity":"2100.000","price":"0.00071010","timestamp":1637107782,"volume":"1.49121000","buyTxId":"bd02188d366a1a02d3f10bfac1014ca9a150dbda-1","sellTxId":"14c9dbcbf9e826499e0ba743745c4009089519b2"}
{"index": {"_index":"sim","_id":"2016123"}}
	{"id":2016123,"type":"sell","buyer":"pi-trader","seller":"brofi-market","symbol":"SIM","quantity":"0.003","price":"0.00071010","timestamp":1637107827,"volume":"0.00000213","buyTxId":"588bb60cbbbc7ba943ac2c036093774cd3474147-5","sellTxId":"ba1829f6d9b196025be05c9f4aecc4ba031682c4"}
{"index": {"_index":"sim","_id":"2016312"}}
	{"id":2016312,"type":"buy","buyer":"konvik","seller":"enginemaker","symbol":"SIM","quantity":"17286.387","price":"0.00081996","timestamp":1637108892,"volume":"14.17414588","buyTxId":"b5b4ca706531a5e23f11271039b5a39423015a25-0","sellTxId":"MM-P-12253265-59239579-3-2-0"}
{"index": {"_index":"sim","_id":"2016313"}}
	{"id":2016313,"type":"buy","buyer":"konvik","seller":"brofi-market","symbol":"SIM","quantity":"0.003","price":"0.00081996","timestamp":1637108892,"volume":"0.00000246","buyTxId":"b5b4ca706531a5e23f11271039b5a39423015a25-0","sellTxId":"b501f7091d4355ce76d70c5f9a72e2b8ed8d4427"}
{"index": {"_index":"sim","_id":"2016336"}}
	{"id":2016336,"type":"sell","buyer":"jelly-cz","seller":"cryptictruth","symbol":"SIM","quantity":"64466.920","price":"0.00071021","timestamp":1637108940,"volume":"45.78505125","buyTxId":"MM-P-12253664-59239978-3-34-0","sellTxId":"aca2a94bf32cbba1373228022840a423f7509475"}
{"index": {"_index":"sim","_id":"2016591"}}
	{"id":2016591,"type":"buy","buyer":"jwjqu.wam","seller":"eshr92","symbol":"SIM","quantity":"25.000","price":"0.00086000","timestamp":1637110482,"volume":"0.02150000","buyTxId":"f4259014d37315a6c9c349f13d3e756840d3eef3","sellTxId":"cc742726960de2a718b062111c2307006f6f02ea"}
{"index": {"_index":"sim","_id":"2016592"}}
	{"id":2016592,"type":"buy","buyer":"jwjqu.wam","seller":"brofi-market","symbol":"SIM","quantity":"0.001","price":"0.00086999","timestamp":1637110482,"volume":"0.00000087","buyTxId":"f4259014d37315a6c9c349f13d3e756840d3eef3","sellTxId":"958076bf0d02718e83f46d80420eb48eff687d62"}
{"index": {"_index":"sim","_id":"2016593"}}
	{"id":2016593,"type":"buy","buyer":"jwjqu.wam","seller":"pi-trader","symbol":"SIM","quantity":"3224.999","price":"0.00086999","timestamp":1637110482,"volume":"2.80571688","buyTxId":"f4259014d37315a6c9c349f13d3e756840d3eef3","sellTxId":"3cee7daab2ee2531a15d918cb1bad43d41efb02a-12"}
{"index": {"_index":"sim","_id":"2016777"}}
	{"id":2016777,"type":"sell","buyer":"pi-trader","seller":"elianaicgomes","symbol":"SIM","quantity":"1534.034","price":"0.00071054","timestamp":1637111985,"volume":"1.08999252","buyTxId":"a00b5d15625cd37a6a2701e9891409c74cea1987-4","sellTxId":"86d558abd49ec743a9fdfc1b267ce06ccfec256d"}
{"index": {"_index":"sim","_id":"2016846"}}
	{"id":2016846,"type":"sell","buyer":"pi-trader","seller":"magnacarta","symbol":"SIM","quantity":"0.552","price":"0.00071064","timestamp":1637112921,"volume":"0.00039227","buyTxId":"1e948448e94ef585b8427548eaa69b850bea3263-7","sellTxId":"ffcce7067e136df32717341c7bc9f8ab49f2238f"}
{"index": {"_index":"sim","_id":"2016884"}}
	{"id":2016884,"type":"buy","buyer":"rambo21","seller":"pi-trader","symbol":"SIM","quantity":"1250.000","price":"0.00086998","timestamp":1637113194,"volume":"1.08747500","buyTxId":"502e4b80f52db62d3e36113f42ad0a79f98a2586","sellTxId":"f8e3297de64995319cd6b5a5f5c9fe3e26fb21c2-10"}
{"index": {"_index":"sim","_id":"2017137"}}
	{"id":2017137,"type":"buy","buyer":"dead-door-nail","seller":"pi-trader","symbol":"SIM","quantity":"30133.224","price":"0.00086998","timestamp":1637116083,"volume":"26.21530222","buyTxId":"629da253a74eae6fba824b71eb918b65c5f2bd8b","sellTxId":"c6112f5ff56e4f933c358a3ba495ee3dcabf7b55-4"}
{"index": {"_index":"sim","_id":"2017212"}}
	{"id":2017212,"type":"sell","buyer":"pi-trader","seller":"ericburgoyne","symbol":"SIM","quantity":"171.676","price":"0.00071103","timestamp":1637116824,"volume":"0.12206679","buyTxId":"7c9d68f1a96afdd9d8d7b1db99dc759024362e3f-3","sellTxId":"85e6baf074b352c91190fce554d8de14a586cebe"}
{"index": {"_index":"sim","_id":"2017407"}}
	{"id":2017407,"type":"sell","buyer":"pi-trader","seller":"taskmaster4450","symbol":"SIM","quantity":"1743.112","price":"0.00071121","timestamp":1637118732,"volume":"1.23971869","buyTxId":"f8b3a73f90c95e6e67c5cc7e161e4be9c72778c4-1","sellTxId":"7f48f55c3d55d0e9259586027f5712bb7213c28e"}
{"index": {"_index":"sim","_id":"2017458"}}
	{"id":2017458,"type":"sell","buyer":"pi-trader","seller":"quantumg","symbol":"SIM","quantity":"322.100","price":"0.00071127","timestamp":1637119230,"volume":"0.22910007","buyTxId":"f1d2f8edb4e9bab6102dfac3bc4e8b0309821dbd-6","sellTxId":"2fdaa0ce84f6d5458ea39fb5d3455048893950c8"}
