{"index": {"_index":"sim","_id":"3409913"}}
	{"id":3409913,"type":"sell","buyer":"pi-trader","seller":"itharagaian","symbol":"SIM","quantity":"14.000","price":"0.00044001","timestamp":1652330901,"volume":"0.00616014","buyTxId":"60152fcdd46ea8f0d9ea0883828718623b35f438-3","sellTxId":"b97cbb408867c92f85ac9bfe00ceca9682587b38"}
{"index": {"_index":"sim","_id":"3409921"}}
	{"id":3409921,"type":"sell","buyer":"pi-trader","seller":"goldcoin","symbol":"SIM","quantity":"75.957","price":"0.00044001","timestamp":1652330934,"volume":"0.03342184","buyTxId":"38850e3c0a88bf35ceb43630bae1ec5b446d0d01-1","sellTxId":"74618d3f5780c0d3fb7f1165d35c2ffb2f11814c"}
{"index": {"_index":"sim","_id":"3409947"}}
	{"id":3409947,"type":"sell","buyer":"pi-trader","seller":"theshaki","symbol":"SIM","quantity":"55.086","price":"0.00044001","timestamp":1652331204,"volume":"0.02423839","buyTxId":"e95847ade3ef365be9be2f8cdbb12cf08f5e6bae-2","sellTxId":"3e3f45a7cecd8f22dad95d3cfa7d49f44779b8ce"}
{"index": {"_index":"sim","_id":"3410044"}}
	{"id":3410044,"type":"sell","buyer":"pi-trader","seller":"rarej","symbol":"SIM","quantity":"3844.891","price":"0.00044001","timestamp":1652332473,"volume":"1.69179049","buyTxId":"43da2e69b1f84f3b855ca84a274050bee69ca0c4-3","sellTxId":"6bf52ad33e1f08a8e8ec9791dd6b641602534bdb"}
{"index": {"_index":"sim","_id":"3410279"}}
	{"id":3410279,"type":"sell","buyer":"pi-trader","seller":"zzz.accounting","symbol":"SIM","quantity":"0.007","price":"0.00044001","timestamp":1652334045,"volume":"0.00000308","buyTxId":"e9c1b1171b56899ae0f62e62da108d75e5cf376d-5","sellTxId":"848225649ddfc79e95729bc584147b3133a9bf95"}
{"index": {"_index":"sim","_id":"3410327"}}
	{"id":3410327,"type":"buy","buyer":"maryjane.main","seller":"nftmart.fees","symbol":"SIM","quantity":"1.000","price":"0.00044891","timestamp":1652334513,"volume":"0.00044891","buyTxId":"5538720a99c3a22319b019d7b455260f736e92b9","sellTxId":"397f53a915ad67701b77d36a761716aaf011dfab-0"}
{"index": {"_index":"sim","_id":"3410328"}}
	{"id":3410328,"type":"buy","buyer":"maryjane.main","seller":"nftmart.fee0x","symbol":"SIM","quantity":"4.000","price":"0.00044891","timestamp":1652334513,"volume":"0.00179564","buyTxId":"5538720a99c3a22319b019d7b455260f736e92b9","sellTxId":"e3ff025fe3262a8e6e6a4d5089bc6c0350f66f5e-1"}
{"index": {"_index":"sim","_id":"3410329"}}
	{"id":3410329,"type":"buy","buyer":"maryjane.main","seller":"mmrx","symbol":"SIM","quantity":"2172.706","price":"0.00044898","timestamp":1652334513,"volume":"0.97550154","buyTxId":"5538720a99c3a22319b019d7b455260f736e92b9","sellTxId":"MM-P-17309205-64299087-3-37-0"}
{"index": {"_index":"sim","_id":"3410330"}}
	{"id":3410330,"type":"buy","buyer":"maryjane.main","seller":"dhedge-drips","symbol":"SIM","quantity":"10.999","price":"0.00044971","timestamp":1652334513,"volume":"0.00494636","buyTxId":"5538720a99c3a22319b019d7b455260f736e92b9","sellTxId":"cc09e037c75a9741d4aff6f8c7aa1e43e534e603"}
{"index": {"_index":"sim","_id":"3410331"}}
	{"id":3410331,"type":"buy","buyer":"maryjane.main","seller":"themarkymark","symbol":"SIM","quantity":"6520.270","price":"0.00045000","timestamp":1652334513,"volume":"2.93412150","buyTxId":"5538720a99c3a22319b019d7b455260f736e92b9","sellTxId":"cd6fe345140b81254f264dacf5bf1c50919d96fb"}
{"index": {"_index":"sim","_id":"3410332"}}
	{"id":3410332,"type":"sell","buyer":"maryjane.main","seller":"konvik","symbol":"SIM","quantity":"141174.954","price":"0.00045101","timestamp":1652334516,"volume":"63.67131600","buyTxId":"5538720a99c3a22319b019d7b455260f736e92b9","sellTxId":"2d0052b5d0d8c3756e85a5c198994e9b4cfe7208-1"}
{"index": {"_index":"sim","_id":"3410387"}}
	{"id":3410387,"type":"sell","buyer":"maryjane.main","seller":"konvik","symbol":"SIM","quantity":"58941.484","price":"0.00045301","timestamp":1652334966,"volume":"26.70108167","buyTxId":"1a21050f61ceebbc6f091bf4e6117c762c5a99ec","sellTxId":"cba543e3dafb262341ccc68f33346ac0aa75ee3e-1"}
{"index": {"_index":"sim","_id":"3410506"}}
	{"id":3410506,"type":"sell","buyer":"maryjane.main","seller":"steem-hodler","symbol":"SIM","quantity":"58.516","price":"0.00045301","timestamp":1652336145,"volume":"0.02650833","buyTxId":"1a21050f61ceebbc6f091bf4e6117c762c5a99ec","sellTxId":"2efd61e99e9db7b126af64c16da9b843a411a990"}
{"index": {"_index":"sim","_id":"3410507"}}
	{"id":3410507,"type":"sell","buyer":"pi-trader","seller":"steem-hodler","symbol":"SIM","quantity":"6195.484","price":"0.00044001","timestamp":1652336145,"volume":"2.72607491","buyTxId":"36127c5537dfa05b8678c818df899db0b4e458b6-3","sellTxId":"2efd61e99e9db7b126af64c16da9b843a411a990"}
{"index": {"_index":"sim","_id":"3410588"}}
	{"id":3410588,"type":"sell","buyer":"maryjane.main","seller":"konvik","symbol":"SIM","quantity":"149850.817","price":"0.00045300","timestamp":1652336997,"volume":"67.88242010","buyTxId":"5db0ea59584c6d9d4307d00f12dd630b08e308d9","sellTxId":"e05089c09cc49b83c07b1d392424e396a1a0dffe-1"}
{"index": {"_index":"sim","_id":"3410641"}}
	{"id":3410641,"type":"buy","buyer":"dkid14","seller":"nftmart.fee0x","symbol":"SIM","quantity":"3.000","price":"0.00048403","timestamp":1652337570,"volume":"0.00145209","buyTxId":"82241e6fe7b74fdc79576fde1cbf99cbea884579","sellTxId":"5b5179bd05bd5298dfeee5e858b6a37a0f1a8afa-1"}
{"index": {"_index":"sim","_id":"3410642"}}
	{"id":3410642,"type":"buy","buyer":"dkid14","seller":"nftmart.fees","symbol":"SIM","quantity":"1.000","price":"0.00048403","timestamp":1652337570,"volume":"0.00048403","buyTxId":"82241e6fe7b74fdc79576fde1cbf99cbea884579","sellTxId":"ae65d5f7bbf7baa4439676a1232c4cf673dd0b54-0"}
{"index": {"_index":"sim","_id":"3410643"}}
	{"id":3410643,"type":"buy","buyer":"dkid14","seller":"pi-trader","symbol":"SIM","quantity":"8200.829","price":"0.00048406","timestamp":1652337570,"volume":"3.96969329","buyTxId":"82241e6fe7b74fdc79576fde1cbf99cbea884579","sellTxId":"cd98534d4966d4093c6eae7842083eaabb5a2bc0-4"}
{"index": {"_index":"sim","_id":"3410697"}}
	{"id":3410697,"type":"sell","buyer":"pi-trader","seller":"dhedge-drips","symbol":"SIM","quantity":"0.001","price":"0.00044305","timestamp":1652337918,"volume":"0.00000044","buyTxId":"43fdbecf78c44d106c3c11c42b7fec377835855a-3","sellTxId":"0b79f94bfdc956f98216964053144dd67f8069b9"}
{"index": {"_index":"sim","_id":"3410706"}}
	{"id":3410706,"type":"sell","buyer":"maryjane.main","seller":"svirus","symbol":"SIM","quantity":"90000.000","price":"0.00045407","timestamp":1652337993,"volume":"40.86630000","buyTxId":"210515bcc851d0ae944331cb93685ff7a2924c3d","sellTxId":"99a86b420e574164996374d86d024d54674a467f-1"}
{"index": {"_index":"sim","_id":"3410867"}}
	{"id":3410867,"type":"buy","buyer":"ana-maria","seller":"nftmart.fees","symbol":"SIM","quantity":"1.000","price":"0.00048404","timestamp":1652339907,"volume":"0.00048404","buyTxId":"a24e21fa25e1960b8fcdc2978ba72d1128ef3619","sellTxId":"8095aaaeecc38121abb98915ae5ad546c00a51bc-0"}
{"index": {"_index":"sim","_id":"3410868"}}
	{"id":3410868,"type":"buy","buyer":"ana-maria","seller":"nftmart.fee0x","symbol":"SIM","quantity":"3.000","price":"0.00048404","timestamp":1652339907,"volume":"0.00145212","buyTxId":"a24e21fa25e1960b8fcdc2978ba72d1128ef3619","sellTxId":"74b57a2b6c6d3732b2e2ac21566e437f6907549c-1"}
{"index": {"_index":"sim","_id":"3410872"}}
	{"id":3410872,"type":"buy","buyer":"ana-maria","seller":"pi-trader","symbol":"SIM","quantity":"1574.000","price":"0.00048406","timestamp":1652339946,"volume":"0.76191044","buyTxId":"be81dc8cb1e0cac0a7be0627427ecba7f6fd158b","sellTxId":"57fa69d50187f88b30c77d12cc1eb0a88932ebab-6"}
{"index": {"_index":"sim","_id":"3411270"}}
	{"id":3411270,"type":"sell","buyer":"jelly-cz","seller":"shaddrak","symbol":"SIM","quantity":"418","price":"0.00044608","timestamp":1652343288,"volume":"0.18646144","buyTxId":"MM-P-17312892-64302775-3-30-0","sellTxId":"68e179239d25a9d9ccfdb1564beb649e5f0b0119"}
{"index": {"_index":"sim","_id":"3411863"}}
	{"id":3411863,"type":"buy","buyer":"nyxlabs","seller":"nftmart.fees","symbol":"SIM","quantity":"75.000","price":"0.00048396","timestamp":1652350335,"volume":"0.03629700","buyTxId":"1b3c842a896dfa42f8ac4fdb5d1319fd04292d8e","sellTxId":"22fc2ee1756ae9a5bc57bf50ed457851c5734ec6-0"}
{"index": {"_index":"sim","_id":"3411864"}}
	{"id":3411864,"type":"buy","buyer":"nyxlabs","seller":"nftmart.fee0x","symbol":"SIM","quantity":"2.000","price":"0.00048396","timestamp":1652350335,"volume":"0.00096792","buyTxId":"1b3c842a896dfa42f8ac4fdb5d1319fd04292d8e","sellTxId":"247e5b289a6b35defedbd30bd0ecec2f7642f6dd-1"}
{"index": {"_index":"sim","_id":"3412125"}}
	{"id":3412125,"type":"sell","buyer":"nyxlabs","seller":"jerome03","symbol":"SIM","quantity":"472.150","price":"0.00048396","timestamp":1652352954,"volume":"0.22850171","buyTxId":"1b3c842a896dfa42f8ac4fdb5d1319fd04292d8e","sellTxId":"ea0b2641d1aa4cf69eed21873bd881460ab4d51e"}
{"index": {"_index":"sim","_id":"3412346"}}
	{"id":3412346,"type":"sell","buyer":"nyxlabs","seller":"pele23","symbol":"SIM","quantity":"0.006","price":"0.00048396","timestamp":1652356179,"volume":"0.00000290","buyTxId":"1b3c842a896dfa42f8ac4fdb5d1319fd04292d8e","sellTxId":"bf4739947abf17a1a77b7077f96937d91ea1425c"}
{"index": {"_index":"sim","_id":"3412669"}}
	{"id":3412669,"type":"sell","buyer":"nyxlabs","seller":"konvik","symbol":"SIM","quantity":"1550.844","price":"0.00048396","timestamp":1652359467,"volume":"0.75054646","buyTxId":"1b3c842a896dfa42f8ac4fdb5d1319fd04292d8e","sellTxId":"b5e8eaaaff64fa12f0b27ea48dbdc39028ceddc5-1"}
{"index": {"_index":"sim","_id":"3412670"}}
	{"id":3412670,"type":"sell","buyer":"he-index","seller":"konvik","symbol":"SIM","quantity":"301.678","price":"0.00048396","timestamp":1652359467,"volume":"0.14600008","buyTxId":"a166b4466fd589d3aac8f3833293427b2c538824","sellTxId":"b5e8eaaaff64fa12f0b27ea48dbdc39028ceddc5-1"}
{"index": {"_index":"sim","_id":"3412671"}}
	{"id":3412671,"type":"sell","buyer":"stickupcash","seller":"konvik","symbol":"SIM","quantity":"97294.848","price":"0.00045000","timestamp":1652359467,"volume":"43.78268160","buyTxId":"d3bd888e775d803bf13bdcee9f536eecbbfb0765","sellTxId":"b5e8eaaaff64fa12f0b27ea48dbdc39028ceddc5-1"}
{"index": {"_index":"sim","_id":"3413205"}}
	{"id":3413205,"type":"sell","buyer":"stickupcash","seller":"steem82868","symbol":"SIM","quantity":"0.016","price":"0.00045000","timestamp":1652363391,"volume":"0.00000720","buyTxId":"d3bd888e775d803bf13bdcee9f536eecbbfb0765","sellTxId":"d4936f98ba7bb50bee0d801f768d2077fc1f246a"}
{"index": {"_index":"sim","_id":"3413221"}}
	{"id":3413221,"type":"sell","buyer":"stickupcash","seller":"konvik","symbol":"SIM","quantity":"102603.186","price":"0.00045000","timestamp":1652363565,"volume":"46.17143370","buyTxId":"d3bd888e775d803bf13bdcee9f536eecbbfb0765","sellTxId":"2085c72d5b3c6cfa21b1f4e2eac434c890199e3f-1"}
{"index": {"_index":"sim","_id":"3413357"}}
	{"id":3413357,"type":"sell","buyer":"stickupcash","seller":"davidlionfish","symbol":"SIM","quantity":"101.950","price":"0.00045000","timestamp":1652364861,"volume":"0.04587750","buyTxId":"d3bd888e775d803bf13bdcee9f536eecbbfb0765","sellTxId":"aee9b101a639a54f73d34eaaf2fa16a7cdb43206"}
{"index": {"_index":"sim","_id":"3413358"}}
	{"id":3413358,"type":"sell","buyer":"jelly-cz","seller":"davidlionfish","symbol":"SIM","quantity":"5791.050","price":"0.00044608","timestamp":1652364861,"volume":"2.58327158","buyTxId":"MM-P-17312892-64302775-3-30-0","sellTxId":"aee9b101a639a54f73d34eaaf2fa16a7cdb43206"}
{"index": {"_index":"sim","_id":"3413468"}}
	{"id":3413468,"type":"sell","buyer":"maryjane.main","seller":"frawdielp","symbol":"SIM","quantity":"2499.999","price":"0.00045708","timestamp":1652365845,"volume":"1.14269954","buyTxId":"5980d1c0f51b06d871ba9b0267274eada9c54599","sellTxId":"0127ef1a41759df69dae46a2da2705068a25fcc3"}
{"index": {"_index":"sim","_id":"3413474"}}
	{"id":3413474,"type":"sell","buyer":"jelly-cz","seller":"valor2s","symbol":"SIM","quantity":"51.671","price":"0.00044608","timestamp":1652365926,"volume":"0.02304940","buyTxId":"MM-P-17312892-64302775-3-30-0","sellTxId":"7174dae4fcbbef926fe7ec3ba6e28c593327e261"}
{"index": {"_index":"sim","_id":"3414268"}}
	{"id":3414268,"type":"sell","buyer":"jelly-cz","seller":"automaton","symbol":"SIM","quantity":"713.000","price":"0.00044608","timestamp":1652372757,"volume":"0.31805504","buyTxId":"MM-P-17312892-64302775-3-30-0","sellTxId":"e5e68fa26f8aefb9d57afc2dca8ca90952ab7c87"}
{"index": {"_index":"sim","_id":"3414387"}}
	{"id":3414387,"type":"buy","buyer":"forsakensushi","seller":"nftmart.fees","symbol":"SIM","quantity":"67.000","price":"0.00048386","timestamp":1652373801,"volume":"0.03241862","buyTxId":"0a4ad55b6e4b6c020aebbfe8f3052218cdd1018b","sellTxId":"c90021bd95fd89d159c7d22011694742428e7178-0"}
{"index": {"_index":"sim","_id":"3414388"}}
	{"id":3414388,"type":"buy","buyer":"forsakensushi","seller":"nftmart.fee0x","symbol":"SIM","quantity":"2.000","price":"0.00048386","timestamp":1652373801,"volume":"0.00096772","buyTxId":"0a4ad55b6e4b6c020aebbfe8f3052218cdd1018b","sellTxId":"ef6d036dedf8d6f396e262ea1a9ce34eeaa86769-1"}
{"index": {"_index":"sim","_id":"3414389"}}
	{"id":3414389,"type":"buy","buyer":"forsakensushi","seller":"pi-trader","symbol":"SIM","quantity":"49931.000","price":"0.00048405","timestamp":1652373801,"volume":"24.16910055","buyTxId":"0a4ad55b6e4b6c020aebbfe8f3052218cdd1018b","sellTxId":"c5bc4e29ec3799aa7f627d0e857943d034ff9ad2-6"}
{"index": {"_index":"sim","_id":"3414393"}}
	{"id":3414393,"type":"buy","buyer":"forsakensushi","seller":"pi-trader","symbol":"SIM","quantity":"69.000","price":"0.00048405","timestamp":1652373837,"volume":"0.03339945","buyTxId":"cf91bfa1955cc77a180d218929b1759805fef0ae","sellTxId":"c5bc4e29ec3799aa7f627d0e857943d034ff9ad2-6"}
{"index": {"_index":"sim","_id":"3414394"}}
	{"id":3414394,"type":"buy","buyer":"forsakensushi","seller":"dhedge-drips","symbol":"SIM","quantity":"0.001","price":"0.00048406","timestamp":1652373837,"volume":"0.00000048","buyTxId":"cf91bfa1955cc77a180d218929b1759805fef0ae","sellTxId":"76c7a4da26174ef8953ada110f0e44435627d74f"}
{"index": {"_index":"sim","_id":"3414395"}}
	{"id":3414395,"type":"buy","buyer":"forsakensushi","seller":"enginemaker","symbol":"SIM","quantity":"47390.501","price":"0.00048407","timestamp":1652373837,"volume":"22.94031982","buyTxId":"cf91bfa1955cc77a180d218929b1759805fef0ae","sellTxId":"MM-P-17303921-64293801-3-2-1"}
{"index": {"_index":"sim","_id":"3414668"}}
	{"id":3414668,"type":"buy","buyer":"worldfinances","seller":"nftmart.fees","symbol":"SIM","quantity":"80.000","price":"0.00048404","timestamp":1652375574,"volume":"0.03872320","buyTxId":"3d70c67b896b9878476d73198b18b3519cca3459","sellTxId":"186b1ea36c8868cede976b22162d77d274f9139e-0"}
{"index": {"_index":"sim","_id":"3414669"}}
	{"id":3414669,"type":"buy","buyer":"worldfinances","seller":"nftmart.fee0x","symbol":"SIM","quantity":"2.000","price":"0.00048404","timestamp":1652375574,"volume":"0.00096808","buyTxId":"3d70c67b896b9878476d73198b18b3519cca3459","sellTxId":"74a6beb027d829e2903e804eb7d781bf2810f547-1"}
{"index": {"_index":"sim","_id":"3414670"}}
	{"id":3414670,"type":"buy","buyer":"worldfinances","seller":"pi-trader","symbol":"SIM","quantity":"918.000","price":"0.00048406","timestamp":1652375574,"volume":"0.44436708","buyTxId":"3d70c67b896b9878476d73198b18b3519cca3459","sellTxId":"b1649e2e6053d59899e858486ab0bab314962de4-5"}
{"index": {"_index":"sim","_id":"3415346"}}
	{"id":3415346,"type":"buy","buyer":"he-index","seller":"nftmart.fee0x","symbol":"SIM","quantity":"2.000","price":"0.00048403","timestamp":1652379630,"volume":"0.00096806","buyTxId":"b66542931aad21c11e88b5ef54dd769cee396334","sellTxId":"7fcb6f710f9502b903a4f4b68ba4c256068b8a56-1"}
{"index": {"_index":"sim","_id":"3415347"}}
	{"id":3415347,"type":"buy","buyer":"he-index","seller":"nftmart.fees","symbol":"SIM","quantity":"72.000","price":"0.00048403","timestamp":1652379630,"volume":"0.03485016","buyTxId":"b66542931aad21c11e88b5ef54dd769cee396334","sellTxId":"720082636d648971d9e87393738f0cf606a75be3-0"}
{"index": {"_index":"sim","_id":"3415348"}}
	{"id":3415348,"type":"buy","buyer":"he-index","seller":"pi-trader","symbol":"SIM","quantity":"213.154","price":"0.00048406","timestamp":1652379630,"volume":"0.10317933","buyTxId":"b66542931aad21c11e88b5ef54dd769cee396334","sellTxId":"b5fb2694bcf766502042e4099e0f291e9996517a-4"}
{"index": {"_index":"sim","_id":"3415733"}}
	{"id":3415733,"type":"sell","buyer":"chetanpadliya","seller":"lisamgentile1961","symbol":"SIM","quantity":"5.044","price":"0.00044700","timestamp":1652381829,"volume":"0.00225467","buyTxId":"0e9f15ae9d86bf2681de84392f5fd0c134f92066","sellTxId":"fff28046752a82425d9e0088bd91709b1aab042c"}
{"index": {"_index":"sim","_id":"3415739"}}
	{"id":3415739,"type":"buy","buyer":"assassyn","seller":"nftmart.fees","symbol":"SIM","quantity":"63.000","price":"0.00048403","timestamp":1652381871,"volume":"0.03049389","buyTxId":"e985c4fe06ce199d9508d09b8eba99f764f3f7a4","sellTxId":"b0c448660f61952cf930e4d79fc9d7af970aec26-0"}
{"index": {"_index":"sim","_id":"3415740"}}
	{"id":3415740,"type":"buy","buyer":"assassyn","seller":"nftmart.fee0x","symbol":"SIM","quantity":"1.000","price":"0.00048403","timestamp":1652381871,"volume":"0.00048403","buyTxId":"e985c4fe06ce199d9508d09b8eba99f764f3f7a4","sellTxId":"b7e3b763184c07457fe8e80f78bc9d88da6731d3-1"}
{"index": {"_index":"sim","_id":"3415750"}}
	{"id":3415750,"type":"sell","buyer":"assassyn","seller":"frawdielp","symbol":"SIM","quantity":"935.999","price":"0.00048403","timestamp":1652381931,"volume":"0.45305160","buyTxId":"e985c4fe06ce199d9508d09b8eba99f764f3f7a4","sellTxId":"c3103e093bf521e5cc403b7e8e93996a67df18d2"}
{"index": {"_index":"sim","_id":"3415771"}}
	{"id":3415771,"type":"sell","buyer":"assassyn","seller":"bearbear613","symbol":"SIM","quantity":"0.001","price":"0.00048403","timestamp":1652382090,"volume":"0.00000048","buyTxId":"e985c4fe06ce199d9508d09b8eba99f764f3f7a4","sellTxId":"c25bb941878c9a999b7a712f4bb8963be7667d0c"}
{"index": {"_index":"sim","_id":"3415772"}}
	{"id":3415772,"type":"sell","buyer":"chetanpadliya","seller":"bearbear613","symbol":"SIM","quantity":"109.001","price":"0.00044700","timestamp":1652382090,"volume":"0.04872345","buyTxId":"0e9f15ae9d86bf2681de84392f5fd0c134f92066","sellTxId":"c25bb941878c9a999b7a712f4bb8963be7667d0c"}
{"index": {"_index":"sim","_id":"3415996"}}
	{"id":3415996,"type":"sell","buyer":"chetanpadliya","seller":"cursephantom","symbol":"SIM","quantity":"0.041","price":"0.00044700","timestamp":1652384205,"volume":"0.00001833","buyTxId":"0e9f15ae9d86bf2681de84392f5fd0c134f92066","sellTxId":"5fac203f3d47c0c146ab3b5fe2ab029552418a20"}
{"index": {"_index":"sim","_id":"3416188"}}
	{"id":3416188,"type":"sell","buyer":"maryjane.main","seller":"konvik","symbol":"SIM","quantity":"16983.162","price":"0.00045810","timestamp":1652386239,"volume":"7.77998651","buyTxId":"f364f615b6ee13e8ed7a6a428441a66840aba8b0","sellTxId":"720d1d1eb0da92cd4e567bb884f975cec09018e1-1"}
{"index": {"_index":"sim","_id":"3416301"}}
	{"id":3416301,"type":"sell","buyer":"d-pend","seller":"konvik","symbol":"SIM","quantity":"287198.279","price":"0.00045000","timestamp":1652387289,"volume":"129.23922555","buyTxId":"4b260b7a56073a0c09e622bbd50acbbcc03d5b87","sellTxId":"6a518319c6ba4f2fc394622e9ae4bd41d66883f9-1"}
{"index": {"_index":"sim","_id":"3416337"}}
	{"id":3416337,"type":"sell","buyer":"maryjane.main","seller":"frawdielp","symbol":"SIM","quantity":"3999.999","price":"0.00046300","timestamp":1652387595,"volume":"1.85199954","buyTxId":"d8a176c4c99776631db9b5abff2d93e81487e65f","sellTxId":"b72a3cc2d86b8cc58734fff2e585fdd406c70754"}
{"index": {"_index":"sim","_id":"3416370"}}
	{"id":3416370,"type":"sell","buyer":"d-pend","seller":"rarej","symbol":"SIM","quantity":"1058.461","price":"0.00045000","timestamp":1652388036,"volume":"0.47630745","buyTxId":"4b260b7a56073a0c09e622bbd50acbbcc03d5b87","sellTxId":"352ea94980f298ffcf7970db937a9454ee1202e0"}
{"index": {"_index":"sim","_id":"3416408"}}
	{"id":3416408,"type":"buy","buyer":"forsakensushi","seller":"nftmart.fees","symbol":"SIM","quantity":"57.000","price":"0.00048399","timestamp":1652388519,"volume":"0.02758743","buyTxId":"3e565c6fe3ce3e1a9410b3f46bbac8d027d755c7","sellTxId":"30ad5c65753731f26d95a6aa86118539b68f5f9a-0"}
{"index": {"_index":"sim","_id":"3416409"}}
	{"id":3416409,"type":"buy","buyer":"forsakensushi","seller":"nftmart.fee0x","symbol":"SIM","quantity":"1.000","price":"0.00048399","timestamp":1652388519,"volume":"0.00048399","buyTxId":"3e565c6fe3ce3e1a9410b3f46bbac8d027d755c7","sellTxId":"d47583133d67587bfbedb8bfe759271025c0dcea-1"}
{"index": {"_index":"sim","_id":"3416410"}}
	{"id":3416410,"type":"buy","buyer":"forsakensushi","seller":"pi-trader","symbol":"SIM","quantity":"18576.823","price":"0.00048404","timestamp":1652388519,"volume":"8.99192540","buyTxId":"3e565c6fe3ce3e1a9410b3f46bbac8d027d755c7","sellTxId":"627293e8dd6571902d6a4ab8ee5787817f05345b-3"}
{"index": {"_index":"sim","_id":"3416411"}}
	{"id":3416411,"type":"sell","buyer":"forsakensushi","seller":"lammbock","symbol":"SIM","quantity":"250.000","price":"0.00045100","timestamp":1652388531,"volume":"0.11275000","buyTxId":"f41d7216eb113d6dfe1da865318db24de4352551","sellTxId":"15f69269d44f7e0194ea55722a232e094f56e4b6"}
{"index": {"_index":"sim","_id":"3416427"}}
	{"id":3416427,"type":"sell","buyer":"maryjane.main","seller":"frawdielp","symbol":"SIM","quantity":"1999.999","price":"0.00046200","timestamp":1652388699,"volume":"0.92399954","buyTxId":"54d23f62a640867879943dd264f2b193f5db33bf","sellTxId":"dba8b8efe1817eb609eb0e5d467abd89e712480b"}
{"index": {"_index":"sim","_id":"3416529"}}
	{"id":3416529,"type":"buy","buyer":"forsakensushi","seller":"nftmart.fee0x","symbol":"SIM","quantity":"1.000","price":"0.00048402","timestamp":1652389275,"volume":"0.00048402","buyTxId":"0e005a6f643af8b643ab6d880fe6c9769840f62d","sellTxId":"126d3df96b3360b40bf3987686ad0827cdf141c7-1"}
{"index": {"_index":"sim","_id":"3416530"}}
	{"id":3416530,"type":"buy","buyer":"forsakensushi","seller":"nftmart.fees","symbol":"SIM","quantity":"57.000","price":"0.00048402","timestamp":1652389275,"volume":"0.02758914","buyTxId":"0e005a6f643af8b643ab6d880fe6c9769840f62d","sellTxId":"9a77fb4f8d97a797586c3b2645851f7c17913ea2-0"}
{"index": {"_index":"sim","_id":"3416531"}}
	{"id":3416531,"type":"buy","buyer":"forsakensushi","seller":"pi-trader","symbol":"SIM","quantity":"49942.000","price":"0.00048403","timestamp":1652389275,"volume":"24.17342626","buyTxId":"0e005a6f643af8b643ab6d880fe6c9769840f62d","sellTxId":"4bfcd1fb3f3f02251e7897eab1441a916f35cfa1-6"}
{"index": {"_index":"sim","_id":"3416538"}}
	{"id":3416538,"type":"buy","buyer":"forsakensushi","seller":"pi-trader","symbol":"SIM","quantity":"58.000","price":"0.00048403","timestamp":1652389326,"volume":"0.02807374","buyTxId":"6d944f9b27b4d06584e8e77d3efc68f5186a935f","sellTxId":"4bfcd1fb3f3f02251e7897eab1441a916f35cfa1-6"}
{"index": {"_index":"sim","_id":"3416539"}}
	{"id":3416539,"type":"buy","buyer":"forsakensushi","seller":"crypto-dz","symbol":"SIM","quantity":"598.150","price":"0.00048404","timestamp":1652389326,"volume":"0.28952853","buyTxId":"6d944f9b27b4d06584e8e77d3efc68f5186a935f","sellTxId":"603dff9562a534fb562c625e2516f789129a62f4"}
{"index": {"_index":"sim","_id":"3416540"}}
	{"id":3416540,"type":"buy","buyer":"forsakensushi","seller":"ejercol","symbol":"SIM","quantity":"482.000","price":"0.00048405","timestamp":1652389326,"volume":"0.23331210","buyTxId":"6d944f9b27b4d06584e8e77d3efc68f5186a935f","sellTxId":"8c93cdd99bb1013790810d77bebb1d321874b2c9"}
{"index": {"_index":"sim","_id":"3416541"}}
	{"id":3416541,"type":"buy","buyer":"forsakensushi","seller":"enginemaker","symbol":"SIM","quantity":"101471.349","price":"0.00048407","timestamp":1652389326,"volume":"49.11923591","buyTxId":"6d944f9b27b4d06584e8e77d3efc68f5186a935f","sellTxId":"MM-P-17303921-64293801-3-2-1"}
{"index": {"_index":"sim","_id":"3416544"}}
	{"id":3416544,"type":"buy","buyer":"forsakensushi","seller":"enginemaker","symbol":"SIM","quantity":"1138.150","price":"0.00048407","timestamp":1652389350,"volume":"0.55094427","buyTxId":"b981680fd927298c15fb34e45f6c99af3406fdf7","sellTxId":"MM-P-17303921-64293801-3-2-1"}
{"index": {"_index":"sim","_id":"3416545"}}
	{"id":3416545,"type":"buy","buyer":"forsakensushi","seller":"jelly-cz","symbol":"SIM","quantity":"183317.850","price":"0.00049409","timestamp":1652389350,"volume":"90.57551651","buyTxId":"b981680fd927298c15fb34e45f6c99af3406fdf7","sellTxId":"MM-P-17303822-64293702-3-30-0"}
{"index": {"_index":"sim","_id":"3416577"}}
	{"id":3416577,"type":"buy","buyer":"forsakensushi","seller":"pi-trader","symbol":"SIM","quantity":"50000.000","price":"0.00049399","timestamp":1652389563,"volume":"24.69950000","buyTxId":"c9261b9d9633e001ebe5a126dc86567a50b9f2db","sellTxId":"8d2f6a91d585e627d7374e229332eccf841c0399-5"}
{"index": {"_index":"sim","_id":"3416579"}}
	{"id":3416579,"type":"sell","buyer":"forsakensushi","seller":"jwjqu.wam","symbol":"SIM","quantity":"4120.18","price":"0.00045100","timestamp":1652389578,"volume":"1.85820118","buyTxId":"f41d7216eb113d6dfe1da865318db24de4352551","sellTxId":"2613c60eb66b5348ce3ca8a2f16655b94ac40370"}
{"index": {"_index":"sim","_id":"3416590"}}
	{"id":3416590,"type":"buy","buyer":"forsakensushi","seller":"pi-trader","symbol":"SIM","quantity":"50000.000","price":"0.00048398","timestamp":1652389770,"volume":"24.19900000","buyTxId":"b54253aa0b514195007aa641be82f5089ed3aa1f","sellTxId":"f63b789c8e7f69f6958e78add449e6b0c9b6236d-5"}
{"index": {"_index":"sim","_id":"3416591"}}
	{"id":3416591,"type":"buy","buyer":"forsakensushi","seller":"enginemaker","symbol":"SIM","quantity":"77777.780","price":"0.00048399","timestamp":1652389770,"volume":"37.64366774","buyTxId":"b54253aa0b514195007aa641be82f5089ed3aa1f","sellTxId":"MM-P-17329932-64319837-3-2-0"}
{"index": {"_index":"sim","_id":"3416606"}}
	{"id":3416606,"type":"buy","buyer":"forsakensushi","seller":"nftmart.fees","symbol":"SIM","quantity":"49.000","price":"0.00048397","timestamp":1652389932,"volume":"0.02371453","buyTxId":"244cbbc6a5b5d78f266aca9e6809154a69196fe2","sellTxId":"386ab18881ba81cf8c093eb5f242c59fe1057866-0"}
{"index": {"_index":"sim","_id":"3416607"}}
	{"id":3416607,"type":"buy","buyer":"forsakensushi","seller":"nftmart.fee0x","symbol":"SIM","quantity":"1.000","price":"0.00048397","timestamp":1652389932,"volume":"0.00048397","buyTxId":"244cbbc6a5b5d78f266aca9e6809154a69196fe2","sellTxId":"a728bdcf7c983f0190017afb2bc1b291a355eb2d-1"}
{"index": {"_index":"sim","_id":"3416608"}}
	{"id":3416608,"type":"buy","buyer":"forsakensushi","seller":"pi-trader","symbol":"SIM","quantity":"50000.000","price":"0.00048398","timestamp":1652389932,"volume":"24.19900000","buyTxId":"244cbbc6a5b5d78f266aca9e6809154a69196fe2","sellTxId":"2460098c4387e50c2533cebb2715d6cf16a2d124-3"}
{"index": {"_index":"sim","_id":"3416609"}}
	{"id":3416609,"type":"buy","buyer":"forsakensushi","seller":"enginemaker","symbol":"SIM","quantity":"49950.000","price":"0.00048399","timestamp":1652389932,"volume":"24.17530050","buyTxId":"244cbbc6a5b5d78f266aca9e6809154a69196fe2","sellTxId":"MM-P-17329932-64319837-3-2-0"}
{"index": {"_index":"sim","_id":"3416629"}}
	{"id":3416629,"type":"buy","buyer":"forsakensushi","seller":"enginemaker","symbol":"SIM","quantity":"50.000","price":"0.00048399","timestamp":1652390139,"volume":"0.02419950","buyTxId":"f398992b599de75648aa93ec0412cf284f14009e","sellTxId":"MM-P-17329932-64319837-3-2-0"}
{"index": {"_index":"sim","_id":"3416630"}}
	{"id":3416630,"type":"buy","buyer":"forsakensushi","seller":"pi-trader","symbol":"SIM","quantity":"50000.000","price":"0.00049399","timestamp":1652390139,"volume":"24.69950000","buyTxId":"f398992b599de75648aa93ec0412cf284f14009e","sellTxId":"11b83b6ea1b8d46ccb564ea7ba0dd756a737ef76-5"}
{"index": {"_index":"sim","_id":"3416631"}}
	{"id":3416631,"type":"buy","buyer":"forsakensushi","seller":"jelly-cz","symbol":"SIM","quantity":"19950.000","price":"0.00049400","timestamp":1652390139,"volume":"9.85530000","buyTxId":"f398992b599de75648aa93ec0412cf284f14009e","sellTxId":"MM-P-17329832-64319737-3-30-0"}
{"index": {"_index":"sim","_id":"3416892"}}
	{"id":3416892,"type":"buy","buyer":"d-pend","seller":"nftmart.fees","symbol":"SIM","quantity":"58.000","price":"0.00049397","timestamp":1652392566,"volume":"0.02865026","buyTxId":"6a40a01eebf83a1c15788b49045dcc0ad25112ec","sellTxId":"75bcaea31146a6e2ab543de917c2950cd2b609ef-0"}
{"index": {"_index":"sim","_id":"3416893"}}
	{"id":3416893,"type":"buy","buyer":"d-pend","seller":"nftmart.fee0x","symbol":"SIM","quantity":"1.000","price":"0.00049397","timestamp":1652392566,"volume":"0.00049397","buyTxId":"6a40a01eebf83a1c15788b49045dcc0ad25112ec","sellTxId":"6fe6ddfb049114281c849aa32de89764abb3bc37-1"}
{"index": {"_index":"sim","_id":"3416894"}}
	{"id":3416894,"type":"buy","buyer":"d-pend","seller":"pi-trader","symbol":"SIM","quantity":"50000.000","price":"0.00049399","timestamp":1652392566,"volume":"24.69950000","buyTxId":"6a40a01eebf83a1c15788b49045dcc0ad25112ec","sellTxId":"deaf9ab022707006c8b6fe3bc3c62630ddf756c8-1"}
{"index": {"_index":"sim","_id":"3416895"}}
	{"id":3416895,"type":"buy","buyer":"d-pend","seller":"jelly-cz","symbol":"SIM","quantity":"908.214","price":"0.00049400","timestamp":1652392566,"volume":"0.44865772","buyTxId":"6a40a01eebf83a1c15788b49045dcc0ad25112ec","sellTxId":"MM-P-17329832-64319737-3-30-0"}
{"index": {"_index":"sim","_id":"3416897"}}
	{"id":3416897,"type":"sell","buyer":"d-pend","seller":"konvik","symbol":"SIM","quantity":"49032.786","price":"0.00050000","timestamp":1652392569,"volume":"24.51639300","buyTxId":"6a40a01eebf83a1c15788b49045dcc0ad25112ec","sellTxId":"b94eac61066039c6e1d93b369b22bfd37feab7f8-1"}
{"index": {"_index":"sim","_id":"3417025"}}
	{"id":3417025,"type":"buy","buyer":"forsakensushi","seller":"nftmart.fee0x","symbol":"SIM","quantity":"1.000","price":"0.00049999","timestamp":1652394357,"volume":"0.00049999","buyTxId":"c2797188f75d926dd5d2daa37ab18010f1b7eab6","sellTxId":"c910f7eb55de3d861df5fed8dc384e5c1dee32c1-1"}
{"index": {"_index":"sim","_id":"3417026"}}
	{"id":3417026,"type":"buy","buyer":"forsakensushi","seller":"nftmart.fees","symbol":"SIM","quantity":"56.000","price":"0.00049999","timestamp":1652394357,"volume":"0.02799944","buyTxId":"c2797188f75d926dd5d2daa37ab18010f1b7eab6","sellTxId":"b407614b4cf1d5b66139075fc3afb3276cd54a11-0"}
{"index": {"_index":"sim","_id":"3417027"}}
	{"id":3417027,"type":"buy","buyer":"forsakensushi","seller":"he-index","symbol":"SIM","quantity":"60.395","price":"0.00050000","timestamp":1652394357,"volume":"0.03019750","buyTxId":"c2797188f75d926dd5d2daa37ab18010f1b7eab6","sellTxId":"0b7aa27f96189d4bd536273927df56aaf6728860"}
{"index": {"_index":"sim","_id":"3417028"}}
	{"id":3417028,"type":"buy","buyer":"forsakensushi","seller":"pi-trader","symbol":"SIM","quantity":"49882.605","price":"0.00057536","timestamp":1652394357,"volume":"28.70045561","buyTxId":"c2797188f75d926dd5d2daa37ab18010f1b7eab6","sellTxId":"79786c206d67d12ed310425c2c810d8f55ab0c3c-5"}
{"index": {"_index":"sim","_id":"3417030"}}
	{"id":3417030,"type":"buy","buyer":"forsakensushi","seller":"pi-trader","symbol":"SIM","quantity":"117.395","price":"0.00057536","timestamp":1652394378,"volume":"0.06754439","buyTxId":"12251d248ea46a8301813c8157d2e6aa4592db71","sellTxId":"79786c206d67d12ed310425c2c810d8f55ab0c3c-5"}
{"index": {"_index":"sim","_id":"3417031"}}
	{"id":3417031,"type":"buy","buyer":"forsakensushi","seller":"jelly-cz","symbol":"SIM","quantity":"8988.900","price":"0.00057537","timestamp":1652394378,"volume":"5.17194339","buyTxId":"12251d248ea46a8301813c8157d2e6aa4592db71","sellTxId":"MM-P-17331429-64321334-3-30-0"}
{"index": {"_index":"sim","_id":"3417032"}}
	{"id":3417032,"type":"buy","buyer":"forsakensushi","seller":"jelly13","symbol":"SIM","quantity":"226559.705","price":"0.00058449","timestamp":1652394378,"volume":"132.42188198","buyTxId":"12251d248ea46a8301813c8157d2e6aa4592db71","sellTxId":"e9538198ce1ad217af8c4aeb379641187972c928"}
{"index": {"_index":"sim","_id":"3417035"}}
	{"id":3417035,"type":"sell","buyer":"forsakensushi","seller":"konvik","symbol":"SIM","quantity":"49950.435","price":"0.00058447","timestamp":1652394459,"volume":"29.19453074","buyTxId":"c088cdd1dff1e26ea46eeffd02164d99044d35b8","sellTxId":"3553fc68eebfaf742a26b9723ba4a62f166bdb8f-1"}
{"index": {"_index":"sim","_id":"3417043"}}
	{"id":3417043,"type":"sell","buyer":"forsakensushi","seller":"konvik","symbol":"SIM","quantity":"49.565","price":"0.00058447","timestamp":1652394477,"volume":"0.02896926","buyTxId":"c088cdd1dff1e26ea46eeffd02164d99044d35b8","sellTxId":"5af3932c586d60124ae0658b01df51c521558b98-1"}
{"index": {"_index":"sim","_id":"3417044"}}
	{"id":3417044,"type":"sell","buyer":"forsakensushi","seller":"konvik","symbol":"SIM","quantity":"49950.386","price":"0.00058447","timestamp":1652394477,"volume":"29.19450211","buyTxId":"be52cbc5d5bbf54f9dec790c89d17a901547cf56","sellTxId":"5af3932c586d60124ae0658b01df51c521558b98-1"}
{"index": {"_index":"sim","_id":"3417045"}}
	{"id":3417045,"type":"sell","buyer":"forsakensushi","seller":"pjansen","symbol":"SIM","quantity":"49.614","price":"0.00058447","timestamp":1652394489,"volume":"0.02899789","buyTxId":"be52cbc5d5bbf54f9dec790c89d17a901547cf56","sellTxId":"23026a64fc8d8ee73de940c23b8fbde840353a4a"}
{"index": {"_index":"sim","_id":"3417046"}}
	{"id":3417046,"type":"sell","buyer":"forsakensushi","seller":"pjansen","symbol":"SIM","quantity":"1052.630","price":"0.00045100","timestamp":1652394489,"volume":"0.47473613","buyTxId":"f41d7216eb113d6dfe1da865318db24de4352551","sellTxId":"23026a64fc8d8ee73de940c23b8fbde840353a4a"}
{"index": {"_index":"sim","_id":"3417047"}}
	{"id":3417047,"type":"sell","buyer":"forsakensushi","seller":"konvik","symbol":"SIM","quantity":"149850.920","price":"0.00058447","timestamp":1652394513,"volume":"87.58336721","buyTxId":"4a087cecbf4c0aa552da08fd4d90f96aa3dcba60","sellTxId":"9d73ed39b588c6f379da3a31ae83936c1ebb8637-1"}
{"index": {"_index":"sim","_id":"3417049"}}
	{"id":3417049,"type":"sell","buyer":"forsakensushi","seller":"konvik","symbol":"SIM","quantity":"149.080","price":"0.00058447","timestamp":1652394546,"volume":"0.08713279","buyTxId":"4a087cecbf4c0aa552da08fd4d90f96aa3dcba60","sellTxId":"d74cd06bfbde9eae593394be798b3a6852a50836-1"}
{"index": {"_index":"sim","_id":"3417050"}}
	{"id":3417050,"type":"sell","buyer":"forsakensushi","seller":"konvik","symbol":"SIM","quantity":"149850.770","price":"0.00058447","timestamp":1652394546,"volume":"87.58327954","buyTxId":"c463714dcd3b70b5f8b3e560fcdc61634238fb7d","sellTxId":"d74cd06bfbde9eae593394be798b3a6852a50836-1"}
{"index": {"_index":"sim","_id":"3417053"}}
	{"id":3417053,"type":"sell","buyer":"forsakensushi","seller":"konvik","symbol":"SIM","quantity":"149.230","price":"0.00058447","timestamp":1652394576,"volume":"0.08722046","buyTxId":"c463714dcd3b70b5f8b3e560fcdc61634238fb7d","sellTxId":"c3e342b939e864fa00b0444ce715be6da884bd46-1"}
{"index": {"_index":"sim","_id":"3417054"}}
	{"id":3417054,"type":"sell","buyer":"forsakensushi","seller":"konvik","symbol":"SIM","quantity":"249750.736","price":"0.00058447","timestamp":1652394576,"volume":"145.97181267","buyTxId":"16fe86c97c875e3fa549a5f100373969467b21dd","sellTxId":"c3e342b939e864fa00b0444ce715be6da884bd46-1"}
{"index": {"_index":"sim","_id":"3417056"}}
	{"id":3417056,"type":"sell","buyer":"forsakensushi","seller":"frawdielp","symbol":"SIM","quantity":"149.229","price":"0.00058447","timestamp":1652394582,"volume":"0.08721987","buyTxId":"16fe86c97c875e3fa549a5f100373969467b21dd","sellTxId":"82a3c183d9cf54220e267857e795fec21acd760a"}
{"index": {"_index":"sim","_id":"3417059"}}
	{"id":3417059,"type":"sell","buyer":"forsakensushi","seller":"konvik","symbol":"SIM","quantity":"100.035","price":"0.00058447","timestamp":1652394612,"volume":"0.05846746","buyTxId":"16fe86c97c875e3fa549a5f100373969467b21dd","sellTxId":"5a8377a4562f8185728f8121dfbd0ae6d6c5609c-1"}
{"index": {"_index":"sim","_id":"3417060"}}
	{"id":3417060,"type":"sell","buyer":"forsakensushi","seller":"konvik","symbol":"SIM","quantity":"249750.781","price":"0.00058447","timestamp":1652394612,"volume":"145.97183897","buyTxId":"c700c690d13a188a2b49abb5274645835c3f8cd5","sellTxId":"5a8377a4562f8185728f8121dfbd0ae6d6c5609c-1"}
{"index": {"_index":"sim","_id":"3417061"}}
	{"id":3417061,"type":"sell","buyer":"forsakensushi","seller":"frawdielp","symbol":"SIM","quantity":"100.034","price":"0.00058447","timestamp":1652394612,"volume":"0.05846687","buyTxId":"c700c690d13a188a2b49abb5274645835c3f8cd5","sellTxId":"273471d3c3d5c27042f21a013f456f1b85911fa9"}
{"index": {"_index":"sim","_id":"3417066"}}
	{"id":3417066,"type":"sell","buyer":"forsakensushi","seller":"konvik","symbol":"SIM","quantity":"149.185","price":"0.00058447","timestamp":1652394636,"volume":"0.08719416","buyTxId":"c700c690d13a188a2b49abb5274645835c3f8cd5","sellTxId":"4df6cb8b2daa416994c009d9d9aad96e7b4c7d2e-1"}
{"index": {"_index":"sim","_id":"3417067"}}
	{"id":3417067,"type":"sell","buyer":"forsakensushi","seller":"konvik","symbol":"SIM","quantity":"249750.727","price":"0.00058447","timestamp":1652394636,"volume":"145.97180741","buyTxId":"374d2bdf56eead74e28e2a6602b87d791a4de27d","sellTxId":"4df6cb8b2daa416994c009d9d9aad96e7b4c7d2e-1"}
{"index": {"_index":"sim","_id":"3417070"}}
	{"id":3417070,"type":"sell","buyer":"forsakensushi","seller":"frawdielp","symbol":"SIM","quantity":"149.184","price":"0.00058447","timestamp":1652394642,"volume":"0.08719357","buyTxId":"374d2bdf56eead74e28e2a6602b87d791a4de27d","sellTxId":"322749d6e332d28f1e210eded42e19315f7f5c11"}
{"index": {"_index":"sim","_id":"3417072"}}
	{"id":3417072,"type":"sell","buyer":"forsakensushi","seller":"konvik","symbol":"SIM","quantity":"100.089","price":"0.00058447","timestamp":1652394660,"volume":"0.05849902","buyTxId":"374d2bdf56eead74e28e2a6602b87d791a4de27d","sellTxId":"887de8333b2b90a3262c0fedf06463dbb169eba0-1"}
{"index": {"_index":"sim","_id":"3417073"}}
	{"id":3417073,"type":"sell","buyer":"forsakensushi","seller":"konvik","symbol":"SIM","quantity":"149850.814","price":"0.00058447","timestamp":1652394660,"volume":"87.58330526","buyTxId":"b94a410c7adb6ed6475f47f272396f2a44d569c8","sellTxId":"887de8333b2b90a3262c0fedf06463dbb169eba0-1"}
{"index": {"_index":"sim","_id":"3417076"}}
	{"id":3417076,"type":"sell","buyer":"forsakensushi","seller":"frawdielp","symbol":"SIM","quantity":"149.186","price":"0.00058447","timestamp":1652394672,"volume":"0.08719474","buyTxId":"b94a410c7adb6ed6475f47f272396f2a44d569c8","sellTxId":"ba57a26013cb4079ef89427948ceba97808e825d"}
{"index": {"_index":"sim","_id":"3417078"}}
	{"id":3417078,"type":"buy","buyer":"forsakensushi","seller":"frawdielp","symbol":"SIM","quantity":"149950.903","price":"0.00058447","timestamp":1652394696,"volume":"87.64180428","buyTxId":"74d560be20a444d0285c336683bc155434e79f8e","sellTxId":"ba57a26013cb4079ef89427948ceba97808e825d"}
{"index": {"_index":"sim","_id":"3417079"}}
	{"id":3417079,"type":"buy","buyer":"forsakensushi","seller":"nftmart.fee0x","symbol":"SIM","quantity":"1.000","price":"0.00058447","timestamp":1652394696,"volume":"0.00058447","buyTxId":"74d560be20a444d0285c336683bc155434e79f8e","sellTxId":"10949c83685f679ede6410d68454aac7bb7605f9-1"}
{"index": {"_index":"sim","_id":"3417080"}}
	{"id":3417080,"type":"buy","buyer":"forsakensushi","seller":"nftmart.fees","symbol":"SIM","quantity":"49.000","price":"0.00058447","timestamp":1652394696,"volume":"0.02863903","buyTxId":"74d560be20a444d0285c336683bc155434e79f8e","sellTxId":"b60422c027062ef7ffd0e3ceff8ef38098485097-0"}
{"index": {"_index":"sim","_id":"3417081"}}
	{"id":3417081,"type":"sell","buyer":"forsakensushi","seller":"pi-trader","symbol":"SIM","quantity":"50000.000","price":"0.00058447","timestamp":1652394696,"volume":"29.22350000","buyTxId":"74d560be20a444d0285c336683bc155434e79f8e","sellTxId":"57650f107d6a02017eff20715f0a67f5c4330245-5"}
{"index": {"_index":"sim","_id":"3417082"}}
	{"id":3417082,"type":"sell","buyer":"forsakensushi","seller":"konvik","symbol":"SIM","quantity":"149801.816","price":"0.00058447","timestamp":1652394702,"volume":"87.55466740","buyTxId":"74d560be20a444d0285c336683bc155434e79f8e","sellTxId":"0b30ca20316f0ade4de8751ec5f484575ebc795a-1"}
{"index": {"_index":"sim","_id":"3417085"}}
	{"id":3417085,"type":"buy","buyer":"forsakensushi","seller":"jelly13","symbol":"SIM","quantity":"9106.295","price":"0.00058449","timestamp":1652394720,"volume":"5.32253836","buyTxId":"0c6f4ca290f417e99f1f7062d692bf91fc8d27cb","sellTxId":"e9538198ce1ad217af8c4aeb379641187972c928"}
{"index": {"_index":"sim","_id":"3417086"}}
	{"id":3417086,"type":"sell","buyer":"forsakensushi","seller":"konvik","symbol":"SIM","quantity":"240809.974","price":"0.00058449","timestamp":1652394723,"volume":"140.75102170","buyTxId":"0c6f4ca290f417e99f1f7062d692bf91fc8d27cb","sellTxId":"ebfe4c76fa6909378f6d9cd728b3c6099f69d120-1"}
{"index": {"_index":"sim","_id":"3417087"}}
	{"id":3417087,"type":"sell","buyer":"forsakensushi","seller":"pi-trader","symbol":"SIM","quantity":"83.731","price":"0.00058449","timestamp":1652394723,"volume":"0.04893993","buyTxId":"0c6f4ca290f417e99f1f7062d692bf91fc8d27cb","sellTxId":"c7007f28885219ccbac7eb12515aa4fb546d5118-3"}
{"index": {"_index":"sim","_id":"3417089"}}
	{"id":3417089,"type":"sell","buyer":"forsakensushi","seller":"pjansen","symbol":"SIM","quantity":"148.184","price":"0.00058447","timestamp":1652394741,"volume":"0.08660910","buyTxId":"74d560be20a444d0285c336683bc155434e79f8e","sellTxId":"e34ebad177385c635b55f3f003b40866f88a2d66"}
{"index": {"_index":"sim","_id":"3417090"}}
	{"id":3417090,"type":"sell","buyer":"pi-trader","seller":"pjansen","symbol":"SIM","quantity":"915.834","price":"0.00045101","timestamp":1652394741,"volume":"0.41305029","buyTxId":"ef599163608a6283d3437b5a24645a578ea8bf04-1","sellTxId":"e34ebad177385c635b55f3f003b40866f88a2d66"}
{"index": {"_index":"sim","_id":"3417097"}}
	{"id":3417097,"type":"sell","buyer":"forsakensushi","seller":"konvik","symbol":"SIM","quantity":"149767.262","price":"0.00058447","timestamp":1652394759,"volume":"87.53447162","buyTxId":"e1f5ee00a8baa43d678af9c234c33d5758250650","sellTxId":"58c60865943e61b074795967f11f0fb118a0fe7f-1"}
{"index": {"_index":"sim","_id":"3417105"}}
	{"id":3417105,"type":"sell","buyer":"forsakensushi","seller":"jelly-cz","symbol":"SIM","quantity":"149.007","price":"0.00058447","timestamp":1652394816,"volume":"0.08709012","buyTxId":"e1f5ee00a8baa43d678af9c234c33d5758250650","sellTxId":"MM-P-17331628-64321533-3-30-0"}
{"index": {"_index":"sim","_id":"3417179"}}
	{"id":3417179,"type":"buy","buyer":"shmoogleosukami","seller":"pi-trader","symbol":"SIM","quantity":"47022.162","price":"0.00057891","timestamp":1652395767,"volume":"27.2216","buyTxId":"cb45c63a96e9a9c2dafb6b74badd5aa4a521c078","sellTxId":"35cc4486ccfd51a7762b3c070a69019f87af8680-11"}
{"index": {"_index":"sim","_id":"3417208"}}
	{"id":3417208,"type":"sell","buyer":"pi-trader","seller":"andy4475","symbol":"SIM","quantity":"12.218","price":"0.00045101","timestamp":1652396160,"volume":"0.00551044","buyTxId":"8043e2cc3145b9d16ebcb8faa9de76c03090cc07-5","sellTxId":"a333809f23fbd6e205c6546bf26a53ca239726df"}
{"index": {"_index":"sim","_id":"3417244"}}
	{"id":3417244,"type":"sell","buyer":"pi-trader","seller":"paulmoon410","symbol":"SIM","quantity":"7.065","price":"0.00045101","timestamp":1652396550,"volume":"0.00318639","buyTxId":"c79917fd3936a1d41df1887622609be03e88ac25-2","sellTxId":"7a27280ecf65e826cf38786246f27a37cd37813d"}
{"index": {"_index":"sim","_id":"3417352"}}
	{"id":3417352,"type":"sell","buyer":"pi-trader","seller":"elevator09","symbol":"SIM","quantity":"2314.286","price":"0.00045101","timestamp":1652397858,"volume":"1.04376613","buyTxId":"0553f08ae4ce289173c90b2b385e28c6c1939e30-4","sellTxId":"623052268be2bb37d60b47c1e8aaae2edc122d5d"}
{"index": {"_index":"sim","_id":"3417442"}}
	{"id":3417442,"type":"sell","buyer":"pi-trader","seller":"bitcoinflood","symbol":"SIM","quantity":"681.872","price":"0.00045101","timestamp":1652398689,"volume":"0.30753109","buyTxId":"f85c04e0c6342ba3a68a18d4fcc500020b66b9d0-5","sellTxId":"40439ccbb78ba5099baf964ffb102f1a7f8a3c6a"}
{"index": {"_index":"sim","_id":"3417455"}}
	{"id":3417455,"type":"buy","buyer":"forsakensushi","seller":"pi-trader","symbol":"SIM","quantity":"50000.000","price":"0.00056371","timestamp":1652398941,"volume":"28.18550000","buyTxId":"bf373b56ee037310105cc9e1da505ce81f438517","sellTxId":"04cb6912236be4b11af198a53703ecdb9401df26-7"}
{"index": {"_index":"sim","_id":"3417478"}}
	{"id":3417478,"type":"sell","buyer":"forsakensushi","seller":"konvik","symbol":"SIM","quantity":"49950.434","price":"0.00056218","timestamp":1652399130,"volume":"28.08113499","buyTxId":"06fed2e312b981e700031176480168e4bd588477","sellTxId":"71986dd82788fc2968eaa2583c8ba1e10fdab132-1"}
{"index": {"_index":"sim","_id":"3417483"}}
	{"id":3417483,"type":"sell","buyer":"forsakensushi","seller":"frawdielp","symbol":"SIM","quantity":"49.566","price":"0.00056218","timestamp":1652399151,"volume":"0.02786501","buyTxId":"06fed2e312b981e700031176480168e4bd588477","sellTxId":"18c0a3c952e9cee960f7ae27c4e5f927d55d1cd5"}
{"index": {"_index":"sim","_id":"3417561"}}
	{"id":3417561,"type":"buy","buyer":"forsakensushi","seller":"pi-trader","symbol":"SIM","quantity":"50000.000","price":"0.00055913","timestamp":1652399886,"volume":"27.95650000","buyTxId":"4924740b7702a61ff0cf94fd28ac009f26491f46","sellTxId":"67c4b682b23c81fb03d4d613c916eb27c6605e4a-7"}
{"index": {"_index":"sim","_id":"3417562"}}
	{"id":3417562,"type":"sell","buyer":"forsakensushi","seller":"konvik","symbol":"SIM","quantity":"99900.737","price":"0.00055913","timestamp":1652399889,"volume":"55.85749908","buyTxId":"4924740b7702a61ff0cf94fd28ac009f26491f46","sellTxId":"768b46b505dbac1b194b04e6a257429eb282927e-1"}
{"index": {"_index":"sim","_id":"3417563"}}
	{"id":3417563,"type":"sell","buyer":"forsakensushi","seller":"pi-trader","symbol":"SIM","quantity":"99.263","price":"0.00055913","timestamp":1652399901,"volume":"0.05550092","buyTxId":"4924740b7702a61ff0cf94fd28ac009f26491f46","sellTxId":"93d77aaaac0bcd80f4f1dd183b726d68dc899ab2-7"}
{"index": {"_index":"sim","_id":"3417598"}}
	{"id":3417598,"type":"sell","buyer":"pi-trader","seller":"thatcryptodave","symbol":"SIM","quantity":"321.913","price":"0.00045301","timestamp":1652400477,"volume":"0.14582981","buyTxId":"ccad85b67ddada128f170a2ea3bb299146c009cd-3","sellTxId":"fbfc27ac2b8e9bdb9829344a46a17e8c1dde70e9"}
{"index": {"_index":"sim","_id":"3417644"}}
	{"id":3417644,"type":"sell","buyer":"pi-trader","seller":"operahoser","symbol":"SIM","quantity":"1.629","price":"0.00045301","timestamp":1652401104,"volume":"0.00073795","buyTxId":"93ee2a34a4a9c6ed88daab6bdeb8054166860d00-6","sellTxId":"6f34bd8491f089a5b7cbd1b5c05620077c4c11a6"}
{"index": {"_index":"sim","_id":"3417814"}}
	{"id":3417814,"type":"buy","buyer":"quantumg","seller":"pi-trader","symbol":"SIM","quantity":"5648.109","price":"0.00054443","timestamp":1652402565,"volume":"3.075","buyTxId":"6611a043dcf74641623cb46ed8701b64c70b5a68","sellTxId":"a149f0ccfa8d4cda70e2fe4a4a2f3016b514b49f-3"}
{"index": {"_index":"sim","_id":"3417822"}}
	{"id":3417822,"type":"sell","buyer":"pi-trader","seller":"dhedge-drips","symbol":"SIM","quantity":"10.999","price":"0.00045301","timestamp":1652402718,"volume":"0.00498266","buyTxId":"cd4d416ee4f06a15e671d813b01b17c2d06b4db6-1","sellTxId":"605a914b9231f59f6303d58be7fdb9bf8625a04a"}
{"index": {"_index":"sim","_id":"3417877"}}
	{"id":3417877,"type":"sell","buyer":"pi-trader","seller":"cjlk","symbol":"SIM","quantity":"300.000","price":"0.00045401","timestamp":1652403363,"volume":"0.13620300","buyTxId":"ad6fbb12cdbcc3ac4d0c089ff605376552ca8e73-6","sellTxId":"e14c607e62a42b7e750412ff7fd52b80c1cd7e9f"}
{"index": {"_index":"sim","_id":"3417899"}}
	{"id":3417899,"type":"sell","buyer":"pi-trader","seller":"cjlk","symbol":"SIM","quantity":"400.000","price":"0.00045401","timestamp":1652403495,"volume":"0.18160400","buyTxId":"a0b08325b181d2e37bbf328ad97c0399557f8170-7","sellTxId":"275f9150575ec5dca6c5756012158880e9753634"}
{"index": {"_index":"sim","_id":"3417954"}}
	{"id":3417954,"type":"sell","buyer":"pi-trader","seller":"shaddrak","symbol":"SIM","quantity":"1101.05","price":"0.00045401","timestamp":1652403708,"volume":"0.49988771","buyTxId":"05a49261222b13dd0271f73feaf9d7b6920607cd-7","sellTxId":"fdf818e32ebef7b59ed9af4193ee71d7d5f43a07"}
{"index": {"_index":"sim","_id":"3417970"}}
	{"id":3417970,"type":"buy","buyer":"forsakensushi","seller":"pi-trader","symbol":"SIM","quantity":"50000.000","price":"0.00049695","timestamp":1652403888,"volume":"24.84750000","buyTxId":"dd9c28db5e90e7dcb97d362e18c92abdbc125406","sellTxId":"7c6d597c65b36f9dbe8499845d5c4227cec9c0d2-7"}
{"index": {"_index":"sim","_id":"3418000"}}
	{"id":3418000,"type":"buy","buyer":"cjlk","seller":"pi-trader","symbol":"SIM","quantity":"229.713","price":"0.00049543","timestamp":1652404164,"volume":"0.11380671","buyTxId":"458123da89d1bb2bc6382f18313c3f27c93573bc","sellTxId":"69401153d668dd62ca0de88b244cc137cf137e82-9"}
{"index": {"_index":"sim","_id":"3418067"}}
	{"id":3418067,"type":"sell","buyer":"pi-trader","seller":"bearbear613","symbol":"SIM","quantity":"231.002","price":"0.00045401","timestamp":1652405097,"volume":"0.10487722","buyTxId":"29ebd810be21c9e080516bc6a74890708f928460-9","sellTxId":"690fe7bcceca5ccf4cf20032b9bbbf19dcf73a92"}
{"index": {"_index":"sim","_id":"3418380"}}
	{"id":3418380,"type":"sell","buyer":"pi-trader","seller":"theguruasia","symbol":"SIM","quantity":"2410.537","price":"0.00045401","timestamp":1652408346,"volume":"1.09440790","buyTxId":"639167ab4a3ea1cd88b50b70fc773c21a74aae45-7","sellTxId":"dc46ae34d7169caf9d133222e72ae8443680ae01"}
{"index": {"_index":"sim","_id":"3418401"}}
	{"id":3418401,"type":"sell","buyer":"chetanpadliya","seller":"konvik","symbol":"SIM","quantity":"42200.463","price":"0.00047000","timestamp":1652408805,"volume":"19.83421761","buyTxId":"166249e95a3415574c25f9f54b4fd0b6db5ba069","sellTxId":"34436af786a4f7c5d471ae170e9e499f3c9344ab-1"}
{"index": {"_index":"sim","_id":"3418440"}}
	{"id":3418440,"type":"buy","buyer":"libert","seller":"nftmart.fees","symbol":"SIM","quantity":"99.000","price":"0.00049395","timestamp":1652409192,"volume":"0.04890105","buyTxId":"e855a07b8c1c3274e9840cca1460f74af9fb1b54","sellTxId":"3b2942f7ea5e892978025cd03f492e364a530b2c-0"}
{"index": {"_index":"sim","_id":"3418441"}}
	{"id":3418441,"type":"buy","buyer":"libert","seller":"nftmart.fee0x","symbol":"SIM","quantity":"1.000","price":"0.00049395","timestamp":1652409192,"volume":"0.00049395","buyTxId":"e855a07b8c1c3274e9840cca1460f74af9fb1b54","sellTxId":"cf75b3611ebf99acc158f50f5c4e2552af36d24d-1"}
{"index": {"_index":"sim","_id":"3418442"}}
	{"id":3418442,"type":"buy","buyer":"libert","seller":"pi-trader","symbol":"SIM","quantity":"40285.441","price":"0.00049399","timestamp":1652409192,"volume":"19.90060500","buyTxId":"e855a07b8c1c3274e9840cca1460f74af9fb1b54","sellTxId":"6ac72a3208fd0989a5a9eb303bf5c325e9b24755-9"}
{"index": {"_index":"sim","_id":"3418452"}}
	{"id":3418452,"type":"sell","buyer":"chetanpadliya","seller":"theguruasia","symbol":"SIM","quantity":"41.867","price":"0.00047000","timestamp":1652409333,"volume":"0.01967749","buyTxId":"166249e95a3415574c25f9f54b4fd0b6db5ba069","sellTxId":"6d5b939826beedcfb504919ce5b297002667858e"}
{"index": {"_index":"sim","_id":"3418453"}}
	{"id":3418453,"type":"sell","buyer":"pi-trader","seller":"theguruasia","symbol":"SIM","quantity":"37609.353","price":"0.00045401","timestamp":1652409333,"volume":"17.07502236","buyTxId":"379d62cfbe0a956777a85a4f6bb0cdc5ab95b23f-3","sellTxId":"6d5b939826beedcfb504919ce5b297002667858e"}
{"index": {"_index":"sim","_id":"3418495"}}
	{"id":3418495,"type":"sell","buyer":"pi-trader","seller":"valor2s","symbol":"SIM","quantity":"46.669","price":"0.00045401","timestamp":1652410008,"volume":"0.02118819","buyTxId":"eef4fc1aa4e73d4b64d620a9661f3f7e6a2f3799-9","sellTxId":"ed7340d3e35311f740d4bb9a8d73643b6c3f701c"}
