{"index": {"_index":"sim","_id":"1947004"}}
	{"id":1947004,"type":"buy","buyer":"fitcoin","seller":"lulu-the-fizzgig","symbol":"SIM","quantity":"1000.050","price":"0.00095977","timestamp":1636601742,"volume":"0.95981799","buyTxId":"39e3ed515f4a98fcc69939e3d5ff6df0c82855de","sellTxId":"b844bf757e00b0f379e8dc3835c7db79d1f674cf"}
{"index": {"_index":"sim","_id":"1947005"}}
	{"id":1947005,"type":"buy","buyer":"fitcoin","seller":"ganjafarmer","symbol":"SIM","quantity":"1.763","price":"0.00095977","timestamp":1636601742,"volume":"0.00169207","buyTxId":"39e3ed515f4a98fcc69939e3d5ff6df0c82855de","sellTxId":"9b77d96e54a9f215e2bb8ed4a095e77b87a27b8e"}
{"index": {"_index":"sim","_id":"1947006"}}
	{"id":1947006,"type":"buy","buyer":"fitcoin","seller":"enginemaker","symbol":"SIM","quantity":"1416.000","price":"0.00095995","timestamp":1636601742,"volume":"1.35928920","buyTxId":"39e3ed515f4a98fcc69939e3d5ff6df0c82855de","sellTxId":"MM-P-12074736-59060768-3-2-0"}
{"index": {"_index":"sim","_id":"1947007"}}
	{"id":1947007,"type":"buy","buyer":"fitcoin","seller":"he-index","symbol":"SIM","quantity":"61.946","price":"0.00095999","timestamp":1636601742,"volume":"0.05946754","buyTxId":"39e3ed515f4a98fcc69939e3d5ff6df0c82855de","sellTxId":"ad1e3d6a4459d1af8c90576e515e71714b436f40"}
{"index": {"_index":"sim","_id":"1947008"}}
	{"id":1947008,"type":"buy","buyer":"fitcoin","seller":"bigram13","symbol":"SIM","quantity":"870.241","price":"0.00096000","timestamp":1636601742,"volume":"0.83543136","buyTxId":"39e3ed515f4a98fcc69939e3d5ff6df0c82855de","sellTxId":"3664ea229f0a45e6ad329e3a3cef268f31421e9e"}
{"index": {"_index":"sim","_id":"1947062"}}
	{"id":1947062,"type":"sell","buyer":"pi-trader","seller":"razam","symbol":"SIM","quantity":"3.000","price":"0.00092103","timestamp":1636602576,"volume":"0.00276309","buyTxId":"af737a0824cc3d79347dd3fed0604fd730753129-1","sellTxId":"3010e0d250ecb5bbb492e675f78e206b39818294"}
{"index": {"_index":"sim","_id":"1947119"}}
	{"id":1947119,"type":"sell","buyer":"pi-trader","seller":"josuemonterola","symbol":"SIM","quantity":"3002.290","price":"0.00092103","timestamp":1636603041,"volume":"2.76519916","buyTxId":"e1b30c6305d33b4e6ef368d243476ee3dec21f47-3","sellTxId":"2b6775a5172f74062e2b27b95552cd214af83521"}
{"index": {"_index":"sim","_id":"1947125"}}
	{"id":1947125,"type":"sell","buyer":"pi-trader","seller":"roger.remix","symbol":"SIM","quantity":"50000.000","price":"0.00092103","timestamp":1636603068,"volume":"46.05150000","buyTxId":"74f9e92f4b7f33337cabebf1fe7312ac1832aca1-3","sellTxId":"d0b1e301774458181bf5df5b216ce4f424e93395"}
{"index": {"_index":"sim","_id":"1947128"}}
	{"id":1947128,"type":"sell","buyer":"he-index","seller":"roger.remix","symbol":"SIM","quantity":"82.517","price":"0.00092102","timestamp":1636603110,"volume":"0.07599981","buyTxId":"ea22cff6e56d3b573896fbfe995c44b398e803af","sellTxId":"c27bf0d135e783d1d99216933d1026ea4e8f26b1"}
{"index": {"_index":"sim","_id":"1947129"}}
	{"id":1947129,"type":"sell","buyer":"pi-trader","seller":"roger.remix","symbol":"SIM","quantity":"50000.000","price":"0.00092102","timestamp":1636603110,"volume":"46.05100000","buyTxId":"02203d2543472b519c3fb2b48b252e66a43d0306-2","sellTxId":"c27bf0d135e783d1d99216933d1026ea4e8f26b1"}
{"index": {"_index":"sim","_id":"1947401"}}
	{"id":1947401,"type":"sell","buyer":"pi-trader","seller":"muenchen","symbol":"SIM","quantity":"8288.000","price":"0.00092102","timestamp":1636606098,"volume":"7.63341376","buyTxId":"0f988970eba598153754f5804d2c7d7d3cca71fd-4","sellTxId":"c86ffc5b5d1fbcaa0c1b3ba115863d4acfc3230e"}
{"index": {"_index":"sim","_id":"1947635"}}
	{"id":1947635,"type":"sell","buyer":"pi-trader","seller":"justinparke","symbol":"SIM","quantity":"4497.001","price":"0.00092104","timestamp":1636610253,"volume":"4.14191780","buyTxId":"ff4d14cc139edda100704d734870b640ccc107ba-1","sellTxId":"9acfa6db811d0cf3ea35fb67fe2311ba1a36903d"}
{"index": {"_index":"sim","_id":"1947792"}}
	{"id":1947792,"type":"sell","buyer":"pi-trader","seller":"theshaki","symbol":"SIM","quantity":"80.279","price":"0.00092104","timestamp":1636611498,"volume":"0.07394017","buyTxId":"87fa756f4288b138a68ad13ceead24cb45cf1e75-6","sellTxId":"1950bd343c7aef698a14bc12ee9a7e22a3f9ee74"}
{"index": {"_index":"sim","_id":"1947866"}}
	{"id":1947866,"type":"sell","buyer":"pi-trader","seller":"gcollects","symbol":"SIM","quantity":"945.250","price":"0.00092104","timestamp":1636612119,"volume":"0.87061306","buyTxId":"ea0b7b0c4f6311512aa04d135b7679b9d4b62109-3","sellTxId":"e2c12ee31d79e5168a5eade3a487fe8936bef29f"}
{"index": {"_index":"sim","_id":"1948034"}}
	{"id":1948034,"type":"sell","buyer":"augustbrown","seller":"nathanpieters","symbol":"SIM","quantity":"304.000","price":"0.00093000","timestamp":1636613436,"volume":"0.28272000","buyTxId":"55c7c96558e54124c6a8671b388e4f9a6bd502ec","sellTxId":"f09b2203d8560e7489d32be8bcf2fe5ea0f3bc5c"}
{"index": {"_index":"sim","_id":"1948068"}}
	{"id":1948068,"type":"sell","buyer":"pi-trader","seller":"lifeskills-tv","symbol":"SIM","quantity":"3313.334","price":"0.00093001","timestamp":1636613532,"volume":"3.08143375","buyTxId":"98873fb24f2b630ce6f2cec31e59acd11eb4705f-1","sellTxId":"64b421418a3112749407cbb198078b1e694de4f2"}
{"index": {"_index":"sim","_id":"1948152"}}
	{"id":1948152,"type":"sell","buyer":"pi-trader","seller":"he-index","symbol":"SIM","quantity":"39.055","price":"0.00093001","timestamp":1636614369,"volume":"0.03632154","buyTxId":"edf44dee24fea664c94972525038d219b798ba0a-2","sellTxId":"083e6a199a8e837abd6f5a950fd2ef91ce40592b"}
{"index": {"_index":"sim","_id":"1948313"}}
	{"id":1948313,"type":"sell","buyer":"pi-trader","seller":"heikki1337","symbol":"SIM","quantity":"2651.488","price":"0.00093001","timestamp":1636616139,"volume":"2.46591035","buyTxId":"052e9c7bdb2153584b46b50a9fd068399916a279-1","sellTxId":"43ea29a4ed3da98124b8c3944eb3da73daac9481"}
{"index": {"_index":"sim","_id":"1948562"}}
	{"id":1948562,"type":"sell","buyer":"pi-trader","seller":"lifeskills-tv","symbol":"SIM","quantity":"4835.500","price":"0.00093001","timestamp":1636618227,"volume":"4.49706336","buyTxId":"b3e9f50ebb867e84054c21ef00d443c2317b4d64-3","sellTxId":"02c99aad4a7499216d83557b119902c6c0f21a77"}
{"index": {"_index":"sim","_id":"1948588"}}
	{"id":1948588,"type":"buy","buyer":"augustbrown","seller":"enginemaker","symbol":"SIM","quantity":"2245.000","price":"0.00094883","timestamp":1636618362,"volume":"2.13012335","buyTxId":"09bb7509e9b37c676c0f68bfd0d3b79f7c4c56c7","sellTxId":"MM-P-12086844-59072920-3-2-0"}
{"index": {"_index":"sim","_id":"1948641"}}
	{"id":1948641,"type":"sell","buyer":"pi-trader","seller":"monsterjamgold","symbol":"SIM","quantity":"2672.358","price":"0.00093001","timestamp":1636618899,"volume":"2.48531966","buyTxId":"43d8782974c44999c4a2ca25905fb8df97a9c689-5","sellTxId":"313fd0e990267126b692ac77919ec593f14b2b2a"}
{"index": {"_index":"sim","_id":"1948749"}}
	{"id":1948749,"type":"sell","buyer":"augustbrown","seller":"manoldonchev","symbol":"SIM","quantity":"1696.000","price":"0.00093000","timestamp":1636619754,"volume":"1.57728000","buyTxId":"55c7c96558e54124c6a8671b388e4f9a6bd502ec","sellTxId":"0c1ded230d2f6c6de06fe6eec368834f448f2cfa"}
{"index": {"_index":"sim","_id":"1948750"}}
	{"id":1948750,"type":"sell","buyer":"roger.remix","seller":"manoldonchev","symbol":"SIM","quantity":"1270.000","price":"0.00092103","timestamp":1636619754,"volume":"1.16970810","buyTxId":"009d2509167cd0dcf1f1df93110c306ab08fa980","sellTxId":"0c1ded230d2f6c6de06fe6eec368834f448f2cfa"}
{"index": {"_index":"sim","_id":"1948818"}}
	{"id":1948818,"type":"buy","buyer":"johnsdowie","seller":"enginemaker","symbol":"SIM","quantity":"200.000","price":"0.00093879","timestamp":1636620627,"volume":"0.18775800","buyTxId":"e9868625ecbeba02614a8f19fa33d6e5a882be69","sellTxId":"MM-P-12091326-59077404-3-2-0"}
{"index": {"_index":"sim","_id":"1948898"}}
	{"id":1948898,"type":"sell","buyer":"pi-trader","seller":"elricmoonslayer","symbol":"SIM","quantity":"6878.012","price":"0.00092104","timestamp":1636621155,"volume":"6.33492417","buyTxId":"43b08be274ce6db997cb46e24f94a6fb4895141c-0","sellTxId":"56bfe8c1ee8a0836123596a9fd0741849a573ae1"}
{"index": {"_index":"sim","_id":"1949007"}}
	{"id":1949007,"type":"sell","buyer":"pi-trader","seller":"pele23","symbol":"SIM","quantity":"0.014","price":"0.00092104","timestamp":1636622232,"volume":"0.00001289","buyTxId":"efb6b64be8b223697e93e2f37cb2c7a2d5b8a2e6-3","sellTxId":"622923bc44097e8b5cf66469110adb07e3e2c28f"}
{"index": {"_index":"sim","_id":"1949289"}}
	{"id":1949289,"type":"buy","buyer":"lrekt01","seller":"enginemaker","symbol":"SIM","quantity":"2.000","price":"0.00093879","timestamp":1636625112,"volume":"0.00187758","buyTxId":"cad30118df00d8e81c74d78f509381c1874c8080","sellTxId":"MM-P-12091326-59077404-3-2-0"}
{"index": {"_index":"sim","_id":"1949333"}}
	{"id":1949333,"type":"buy","buyer":"ktur","seller":"enginemaker","symbol":"SIM","quantity":"2400.000","price":"0.00093879","timestamp":1636625511,"volume":"2.25309600","buyTxId":"6cbc87b63fc6329ee22e5693332916cf5269dea5","sellTxId":"MM-P-12091326-59077404-3-2-0"}
{"index": {"_index":"sim","_id":"1949341"}}
	{"id":1949341,"type":"sell","buyer":"pi-trader","seller":"desyfit","symbol":"SIM","quantity":"50000.000","price":"0.00092104","timestamp":1636625562,"volume":"46.05200000","buyTxId":"bcac1da77b088fe2176a39abf69363f7901cb329-1","sellTxId":"c1285f1a3e791d689cbaeb57c76168d9b5362e64"}
{"index": {"_index":"sim","_id":"1949342"}}
	{"id":1949342,"type":"sell","buyer":"roger.remix","seller":"desyfit","symbol":"SIM","quantity":"48730.000","price":"0.00092103","timestamp":1636625562,"volume":"44.88179190","buyTxId":"009d2509167cd0dcf1f1df93110c306ab08fa980","sellTxId":"c1285f1a3e791d689cbaeb57c76168d9b5362e64"}
{"index": {"_index":"sim","_id":"1949343"}}
	{"id":1949343,"type":"sell","buyer":"enginemaker","seller":"desyfit","symbol":"SIM","quantity":"1270.000","price":"0.00090000","timestamp":1636625562,"volume":"1.14300000","buyTxId":"MM-P-12083565-59069636-3-2-0","sellTxId":"c1285f1a3e791d689cbaeb57c76168d9b5362e64"}
{"index": {"_index":"sim","_id":"1949352"}}
	{"id":1949352,"type":"buy","buyer":"ktur","seller":"enginemaker","symbol":"SIM","quantity":"2400.000","price":"0.00093879","timestamp":1636625622,"volume":"2.25309600","buyTxId":"2e9679506053f1787d5dfaeaaa3f581f03d95dbf","sellTxId":"MM-P-12091326-59077404-3-2-0"}
{"index": {"_index":"sim","_id":"1949365"}}
	{"id":1949365,"type":"buy","buyer":"ktur","seller":"pi-trader","symbol":"SIM","quantity":"690.000","price":"0.00093878","timestamp":1636625751,"volume":"0.64775820","buyTxId":"6abfc4ab4ede40f59911204b9efde20f8e8f3e5a","sellTxId":"4ecaf2c796b6fbb61567856df0938d25189de274-5"}
{"index": {"_index":"sim","_id":"1949429"}}
	{"id":1949429,"type":"buy","buyer":"ktur","seller":"enginemaker","symbol":"SIM","quantity":"690.000","price":"0.00092878","timestamp":1636626282,"volume":"0.64085820","buyTxId":"c600ca9d613652a49047e4fec9b5f006e14ab689","sellTxId":"MM-P-12093317-59079398-3-2-0"}
{"index": {"_index":"sim","_id":"1949523"}}
	{"id":1949523,"type":"sell","buyer":"pi-trader","seller":"lulu-the-fizzgig","symbol":"SIM","quantity":"0.005","price":"0.00090001","timestamp":1636626990,"volume":"0.00000450","buyTxId":"ff1a5790e74c4aa53d96b94f5754b132ce826298-2","sellTxId":"4082aa2d5d595a2062789df0494e9e4183cc9c53"}
{"index": {"_index":"sim","_id":"1949542"}}
	{"id":1949542,"type":"sell","buyer":"pi-trader","seller":"elevator09","symbol":"SIM","quantity":"8683.500","price":"0.00090001","timestamp":1636627260,"volume":"7.81523684","buyTxId":"4667bf6dd2eeb29323dbb8ef5aefc7f832146768-3","sellTxId":"ec5d94dd2a9cae60c1e614f92171528960a51064"}
{"index": {"_index":"sim","_id":"1949725"}}
	{"id":1949725,"type":"sell","buyer":"pi-trader","seller":"anosys","symbol":"SIM","quantity":"44.062","price":"0.00090001","timestamp":1636629864,"volume":"0.03965624","buyTxId":"3190ada9806cf04595e03573b27e49c598a399e2-3","sellTxId":"91c03878f6799a599e4b1327aee6dc7817cf36f1"}
{"index": {"_index":"sim","_id":"1949760"}}
	{"id":1949760,"type":"sell","buyer":"pi-trader","seller":"photocuration","symbol":"SIM","quantity":"1.779","price":"0.00090001","timestamp":1636630116,"volume":"0.00160112","buyTxId":"782b4a7df6379f4067e5089b00f00638cc886f08-1","sellTxId":"78c16b5a7708e5db2fcc214d4be9d74fe44ae66e"}
{"index": {"_index":"sim","_id":"1949792"}}
	{"id":1949792,"type":"sell","buyer":"pi-trader","seller":"gamsam","symbol":"SIM","quantity":"23387","price":"0.00090001","timestamp":1636630215,"volume":"21.04853387","buyTxId":"945b8319ee6057f927834b92ca975fe35c23c0c2-2","sellTxId":"239bbacf6a2caff2c245ca4c7967d945559d3beb"}
{"index": {"_index":"sim","_id":"1949804"}}
	{"id":1949804,"type":"sell","buyer":"pi-trader","seller":"lightcaptured","symbol":"SIM","quantity":"464.258","price":"0.00090001","timestamp":1636630251,"volume":"0.41783684","buyTxId":"945b8319ee6057f927834b92ca975fe35c23c0c2-2","sellTxId":"ede26a2d01ac7c6128900df3e43b2ef7dd3042aa"}
{"index": {"_index":"sim","_id":"1949895"}}
	{"id":1949895,"type":"buy","buyer":"konvik","seller":"enginemaker","symbol":"SIM","quantity":"46551.663","price":"0.00092878","timestamp":1636630686,"volume":"43.23625356","buyTxId":"039cdd0fec122240942995a184713caae4981bb5-0","sellTxId":"MM-P-12093317-59079398-3-2-0"}
{"index": {"_index":"sim","_id":"1949928"}}
	{"id":1949928,"type":"sell","buyer":"pi-trader","seller":"esmeesmith","symbol":"SIM","quantity":"65.848","price":"0.00090001","timestamp":1636630920,"volume":"0.05926386","buyTxId":"bd56ea12f9c006e86dcd25919477e630440126e0-1","sellTxId":"b062722311e17d4e78556290c37c13df385bf81b"}
{"index": {"_index":"sim","_id":"1950074"}}
	{"id":1950074,"type":"buy","buyer":"konvik","seller":"roger.remix","symbol":"SIM","quantity":"50000.000","price":"0.00094200","timestamp":1636632171,"volume":"47.10000000","buyTxId":"8bf1208bb4f0e804861d0fde2d6143ca57446b10-0","sellTxId":"31bdf693bf4f3e3b531ca50d5d0099a6856949ac"}
{"index": {"_index":"sim","_id":"1950080"}}
	{"id":1950080,"type":"sell","buyer":"pi-trader","seller":"inri","symbol":"SIM","quantity":"50000.000","price":"0.00090003","timestamp":1636632201,"volume":"45.00150000","buyTxId":"e8eea11f8d64da5b4f28ce99c624cdb1bf535bd5-4","sellTxId":"f4af75b497e297917d0bf787829992e4b5f5d142"}
{"index": {"_index":"sim","_id":"1950081"}}
	{"id":1950081,"type":"sell","buyer":"roger.remix","seller":"inri","symbol":"SIM","quantity":"8032.000","price":"0.00090002","timestamp":1636632201,"volume":"7.22896064","buyTxId":"75409b9eee8a7a5634f00e88c8cf1a7b018f6626","sellTxId":"f4af75b497e297917d0bf787829992e4b5f5d142"}
{"index": {"_index":"sim","_id":"1950257"}}
	{"id":1950257,"type":"sell","buyer":"pi-trader","seller":"tonytrillions","symbol":"SIM","quantity":"0.010","price":"0.00090203","timestamp":1636633284,"volume":"0.00000902","buyTxId":"dd959b92d6e45e2e697a6453854f0e21ca4950d3-4","sellTxId":"866c064ddf6e9f6e6963fa2d9335822c0b0479b9"}
{"index": {"_index":"sim","_id":"1950315"}}
	{"id":1950315,"type":"buy","buyer":"eythorphoto","seller":"roger.remix","symbol":"SIM","quantity":"145.000","price":"0.00094200","timestamp":1636633848,"volume":"0.13659000","buyTxId":"e1f9b8b5baa59216d12e867bae2bd4db08b229a6","sellTxId":"cf7d043210eb200db76ad233bd16442694a64697"}
{"index": {"_index":"sim","_id":"1950363"}}
	{"id":1950363,"type":"sell","buyer":"pi-trader","seller":"tonytrillions","symbol":"SIM","quantity":"0.038","price":"0.00091001","timestamp":1636634367,"volume":"0.00003458","buyTxId":"819cdb74e9269bb68334bab707d84ecb886355c8-1","sellTxId":"561f6f695c65b0ef4fd8b0715beac422fddf83e9"}
{"index": {"_index":"sim","_id":"1950379"}}
	{"id":1950379,"type":"buy","buyer":"eythorphoto","seller":"roger.remix","symbol":"SIM","quantity":"54.000","price":"0.00094200","timestamp":1636634562,"volume":"0.05086800","buyTxId":"25fe0e92c78d754b75693ba02b8ea5dd5f63689f","sellTxId":"cf7d043210eb200db76ad233bd16442694a64697"}
{"index": {"_index":"sim","_id":"1950401"}}
	{"id":1950401,"type":"buy","buyer":"seeyouinlumb","seller":"roger.remix","symbol":"SIM","quantity":"49801.000","price":"0.00094200","timestamp":1636634775,"volume":"46.91254200","buyTxId":"cec7d9f48913b39e5a9a6126482e7d5cd70bb951","sellTxId":"cf7d043210eb200db76ad233bd16442694a64697"}
{"index": {"_index":"sim","_id":"1950402"}}
	{"id":1950402,"type":"buy","buyer":"seeyouinlumb","seller":"jelly-cz","symbol":"SIM","quantity":"127224.000","price":"0.00094300","timestamp":1636634775,"volume":"119.97223200","buyTxId":"cec7d9f48913b39e5a9a6126482e7d5cd70bb951","sellTxId":"MM-P-12093417-59079498-3-34-0"}
{"index": {"_index":"sim","_id":"1950403"}}
	{"id":1950403,"type":"buy","buyer":"seeyouinlumb","seller":"axeman","symbol":"SIM","quantity":"2228.000","price":"0.00094880","timestamp":1636634775,"volume":"2.11392640","buyTxId":"cec7d9f48913b39e5a9a6126482e7d5cd70bb951","sellTxId":"ba36ecd57744b15d06fef86de430fe7edb2aebdd"}
{"index": {"_index":"sim","_id":"1950404"}}
	{"id":1950404,"type":"sell","buyer":"seeyouinlumb","seller":"konvik","symbol":"SIM","quantity":"20726.460","price":"0.00095000","timestamp":1636634778,"volume":"19.69013700","buyTxId":"cec7d9f48913b39e5a9a6126482e7d5cd70bb951","sellTxId":"c84ea6bf3b9b0f8272fd4afb21d849c2f246879b-1"}
{"index": {"_index":"sim","_id":"1950418"}}
	{"id":1950418,"type":"sell","buyer":"seeyouinlumb","seller":"jelly13","symbol":"SIM","quantity":"20.540","price":"0.00095000","timestamp":1636634967,"volume":"0.01951300","buyTxId":"cec7d9f48913b39e5a9a6126482e7d5cd70bb951","sellTxId":"598837eb2a890a711b3a744e51ea18241d4ddd2a"}
{"index": {"_index":"sim","_id":"1950542"}}
	{"id":1950542,"type":"sell","buyer":"pi-trader","seller":"brofi-market","symbol":"SIM","quantity":"0.007","price":"0.00091001","timestamp":1636636488,"volume":"0.00000637","buyTxId":"4f23ad864ce595d7d525a05a66ec2590307015f7-0","sellTxId":"e79051b949bb5851850e39d0a868d69b4723777d"}
{"index": {"_index":"sim","_id":"1950611"}}
	{"id":1950611,"type":"buy","buyer":"youloseagain","seller":"pi-trader","symbol":"SIM","quantity":"3555.232","price":"0.00095859","timestamp":1636637223,"volume":"3.40800984","buyTxId":"87488bbb9fd4b50ad843f703cc761e2182a4370f","sellTxId":"75fad5b8b537924b66f44c0847939b9a7a1927ea-4"}
{"index": {"_index":"sim","_id":"1950809"}}
	{"id":1950809,"type":"sell","buyer":"pi-trader","seller":"magnacarta","symbol":"SIM","quantity":"0.054","price":"0.00091101","timestamp":1636638639,"volume":"0.00004919","buyTxId":"0d384373097aafe3540a71136fe75d4073c8ec0b-2","sellTxId":"0810c783843e5c67fe622701340965bbae660834"}
{"index": {"_index":"sim","_id":"1950839"}}
	{"id":1950839,"type":"sell","buyer":"pi-trader","seller":"brofi-market","symbol":"SIM","quantity":"0.001","price":"0.00091101","timestamp":1636638819,"volume":"0.00000091","buyTxId":"42589e0058d6a9c15437f7423b51f33259c22a79-5","sellTxId":"fba41e1f63fe4142615d6821f6a36dd814af6e8b"}
{"index": {"_index":"sim","_id":"1950918"}}
	{"id":1950918,"type":"buy","buyer":"lxsxl","seller":"pi-trader","symbol":"SIM","quantity":"1111.000","price":"0.00095836","timestamp":1636639380,"volume":"1.06473796","buyTxId":"065da9509b629af4c04450e01699f3f103605aeb","sellTxId":"64a7645ea708c7c9a7c5d1c3bb02fe4d2b828c12-1"}
{"index": {"_index":"sim","_id":"1950961"}}
	{"id":1950961,"type":"buy","buyer":"konvik","seller":"willsaldeno","symbol":"SIM","quantity":"22127.000","price":"0.00093000","timestamp":1636639689,"volume":"20.57811000","buyTxId":"7992118462e92d068363fdb31a174dbefa3ea79d-0","sellTxId":"566c6e1438224e460ed741c992b4cb85a6470f89"}
{"index": {"_index":"sim","_id":"1951296"}}
	{"id":1951296,"type":"buy","buyer":"lxsxl","seller":"pi-trader","symbol":"SIM","quantity":"10000.416","price":"0.00095812","timestamp":1636642035,"volume":"9.58159858","buyTxId":"b97f2aa283dc6e203c163d5dda5f7cb935a5c5b8","sellTxId":"100dc5a7dfb26e66aab3a5c557cfcd5c35a7bee0-4"}
{"index": {"_index":"sim","_id":"1951397"}}
	{"id":1951397,"type":"sell","buyer":"pi-trader","seller":"chekohler","symbol":"SIM","quantity":"0.001","price":"0.00091201","timestamp":1636642761,"volume":"0.00000091","buyTxId":"62fadf9c001936cdbd3eb5e2412bf3678061e588-1","sellTxId":"a7cb89407bca51a9c86898ec445e13bee06be558"}
{"index": {"_index":"sim","_id":"1951439"}}
	{"id":1951439,"type":"sell","buyer":"pi-trader","seller":"aliveprojects","symbol":"SIM","quantity":"9.736","price":"0.00091201","timestamp":1636643007,"volume":"0.00887933","buyTxId":"2ac243a99508dc45121f5de9e00b71d01af4091a-3","sellTxId":"f77095714ff864693e153025928403604f40b37b"}
{"index": {"_index":"sim","_id":"1951719"}}
	{"id":1951719,"type":"sell","buyer":"pi-trader","seller":"bearbear613","symbol":"SIM","quantity":"6642.924","price":"0.00091201","timestamp":1636645608,"volume":"6.05841312","buyTxId":"2d17853abfdcc378580f2c5d3269cc4c3d10095b-1","sellTxId":"3ae28de00317d30517a107574042cd632066adb0"}
{"index": {"_index":"sim","_id":"1951849"}}
	{"id":1951849,"type":"sell","buyer":"pi-trader","seller":"themightyvolcano","symbol":"SIM","quantity":"50000.000","price":"0.00091201","timestamp":1636646853,"volume":"45.60050000","buyTxId":"f2cd27078556f9075a52822a8065210deed0ada5-4","sellTxId":"376cf259a6ece4753ab865f682d767e0b61ca68f"}
{"index": {"_index":"sim","_id":"1951850"}}
	{"id":1951850,"type":"sell","buyer":"princekham","seller":"themightyvolcano","symbol":"SIM","quantity":"13486.000","price":"0.00091200","timestamp":1636646853,"volume":"12.29923200","buyTxId":"3d280f0496061c76775a6798c196c4c09d8977a9","sellTxId":"376cf259a6ece4753ab865f682d767e0b61ca68f"}
{"index": {"_index":"sim","_id":"1951921"}}
	{"id":1951921,"type":"sell","buyer":"pi-trader","seller":"reaverza","symbol":"SIM","quantity":"811.812","price":"0.00091201","timestamp":1636647552,"volume":"0.74038066","buyTxId":"bda9d5d01b0544ca6a384cf5eb11227a383a99a6-2","sellTxId":"77116f557530c06c42180ab3443b1d647f51ee8a"}
{"index": {"_index":"sim","_id":"1951959"}}
	{"id":1951959,"type":"buy","buyer":"cowboyzlegend27","seller":"pi-trader","symbol":"SIM","quantity":"7313.400","price":"0.00094990","timestamp":1636647993,"volume":"6.94699866","buyTxId":"acdde3064ab42ed8b5f4816e8f8e53bd8a46be60","sellTxId":"cbf1fda7251cf203f3edd79d451fbfa105930675-7"}
{"index": {"_index":"sim","_id":"1952074"}}
	{"id":1952074,"type":"buy","buyer":"cowboyzlegend27","seller":"peerfinance","symbol":"SIM","quantity":"27.772","price":"0.00094000","timestamp":1636648719,"volume":"0.02610568","buyTxId":"b713273d9e1e1b326708b6e4569789054f08abd9","sellTxId":"6dedddb9441f1d88103216044dd4ee3f0d7b2dc8"}
{"index": {"_index":"sim","_id":"1952077"}}
	{"id":1952077,"type":"buy","buyer":"kevinnag58","seller":"pi-trader","symbol":"SIM","quantity":"2105.684","price":"0.00094981","timestamp":1636648767,"volume":"2","buyTxId":"46c2f03349e591800d2efdda9ad0c48036fc5bb7","sellTxId":"99835f72b005a5648fa81b0f92a34ebe12dcc26c-8"}
{"index": {"_index":"sim","_id":"1952081"}}
	{"id":1952081,"type":"buy","buyer":"cowboyzlegend27","seller":"pi-trader","symbol":"SIM","quantity":"0.987","price":"0.00094981","timestamp":1636648809,"volume":"0.00093746","buyTxId":"974ee7bd263ae974f3cbfddc1f5679802ee066b7","sellTxId":"3fd03ae7aedf5a203430cdf907eea811b09624c7-2"}
{"index": {"_index":"sim","_id":"1952179"}}
	{"id":1952179,"type":"buy","buyer":"johnsdowie","seller":"pi-trader","symbol":"SIM","quantity":"1000.000","price":"0.00094966","timestamp":1636650441,"volume":"0.94966000","buyTxId":"419f94787c8ce84b0978df11610983a1f82c93f6","sellTxId":"8d9e91e32ae4a27a61213ca8a65c8908f4708e55-3"}
{"index": {"_index":"sim","_id":"1952321"}}
	{"id":1952321,"type":"sell","buyer":"cowboyzlegend27","seller":"pokerarema","symbol":"SIM","quantity":"1055.228","price":"0.00094000","timestamp":1636651764,"volume":"0.99191432","buyTxId":"b713273d9e1e1b326708b6e4569789054f08abd9","sellTxId":"ad5b529fc1df36b5db4a1513340a5eae415246f3"}
{"index": {"_index":"sim","_id":"1952388"}}
	{"id":1952388,"type":"sell","buyer":"pi-trader","seller":"vcelier","symbol":"SIM","quantity":"50000.000","price":"0.00091201","timestamp":1636652361,"volume":"45.60050000","buyTxId":"4e753b3b10f707920403e7a0ebe7efdbaef72954-0","sellTxId":"a049cc5fe827d0b117599ec5bf32eeedd6361443"}
{"index": {"_index":"sim","_id":"1952392"}}
	{"id":1952392,"type":"sell","buyer":"pi-trader","seller":"vcelier","symbol":"SIM","quantity":"50000.000","price":"0.00091201","timestamp":1636652415,"volume":"45.60050000","buyTxId":"2ac729edae2c9f6a72a2ac6dae644947a92ec233-2","sellTxId":"ed544177e9cd8f0fb9ac235efc2c6034466db96b"}
{"index": {"_index":"sim","_id":"1952393"}}
	{"id":1952393,"type":"sell","buyer":"princekham","seller":"vcelier","symbol":"SIM","quantity":"13174.000","price":"0.00091200","timestamp":1636652415,"volume":"12.01468800","buyTxId":"3d280f0496061c76775a6798c196c4c09d8977a9","sellTxId":"ed544177e9cd8f0fb9ac235efc2c6034466db96b"}
{"index": {"_index":"sim","_id":"1952714"}}
	{"id":1952714,"type":"sell","buyer":"pi-trader","seller":"maini","symbol":"SIM","quantity":"863.020","price":"0.00091201","timestamp":1636654104,"volume":"0.78708287","buyTxId":"e172ffd9af2b9245b88c3f30f88a51fe3d6e875d-2","sellTxId":"5ab28864957c4e5cacd60a78def0c2f84da4f0f4"}
{"index": {"_index":"sim","_id":"1952909"}}
	{"id":1952909,"type":"sell","buyer":"pi-trader","seller":"outlinez","symbol":"SIM","quantity":"0.020","price":"0.00091201","timestamp":1636655505,"volume":"0.00001824","buyTxId":"62e65ead9b6f3f840f5842e3e3a367b474df0558-3","sellTxId":"6c65f2c6471a8b946ca96628e51f394d055775eb"}
{"index": {"_index":"sim","_id":"1953254"}}
	{"id":1953254,"type":"sell","buyer":"pi-trader","seller":"tomathomas0","symbol":"SIM","quantity":"5216.020","price":"0.00091201","timestamp":1636658082,"volume":"4.75706240","buyTxId":"aa356fdd29db755062714275792e819d524e7ade-1","sellTxId":"62885972afbd193ee8d237303aaa61dbbda26e67"}
{"index": {"_index":"sim","_id":"1953323"}}
	{"id":1953323,"type":"sell","buyer":"pi-trader","seller":"dinkozemnoto","symbol":"SIM","quantity":"3730.210","price":"0.00091201","timestamp":1636658553,"volume":"3.40198882","buyTxId":"a7573421f865d51795f0dbe266ea8ebc645951bb-3","sellTxId":"62a86055b47140a43b9cf1ad97ac3bb30ff0e249"}
{"index": {"_index":"sim","_id":"1953401"}}
	{"id":1953401,"type":"sell","buyer":"pi-trader","seller":"leizerstark","symbol":"SIM","quantity":"493.000","price":"0.00091201","timestamp":1636659303,"volume":"0.44962093","buyTxId":"befeb668316c75d149acc61973060e47b53c2fe8-3","sellTxId":"eed248d8acc3c41f4fea431d6bb04564c07888c9"}
{"index": {"_index":"sim","_id":"1953500"}}
	{"id":1953500,"type":"sell","buyer":"pi-trader","seller":"jrcornel","symbol":"SIM","quantity":"14860.000","price":"0.00091201","timestamp":1636660077,"volume":"13.55246860","buyTxId":"92813f55cf85d07603377b54136c20fa1c3cc18e-3","sellTxId":"588aa7f4ac661202b7b9f5e5bb448ba40c8f088e"}
{"index": {"_index":"sim","_id":"1953508"}}
	{"id":1953508,"type":"sell","buyer":"pi-trader","seller":"vincentnijman","symbol":"SIM","quantity":"572.743","price":"0.00091202","timestamp":1636660131,"volume":"0.52235307","buyTxId":"84dcff66e2ddbcc8d96f72e32e9558411f103b79-3","sellTxId":"0a6d6a1c40bdd8a0714858c4e83471dea61fc60b"}
{"index": {"_index":"sim","_id":"1953576"}}
	{"id":1953576,"type":"sell","buyer":"pi-trader","seller":"ctrlyse","symbol":"SIM","quantity":"0.030","price":"0.00091202","timestamp":1636660659,"volume":"0.00002736","buyTxId":"2674eb029aa028aa9c0f89a4d697ff36f524f399-3","sellTxId":"c5ddb79acc01fa57b13e0cf7978d37b7059a82d5"}
{"index": {"_index":"sim","_id":"1953943"}}
	{"id":1953943,"type":"sell","buyer":"boycharliefamily","seller":"konvik","symbol":"SIM","quantity":"29264.004","price":"0.00093500","timestamp":1636663068,"volume":"27.36184374","buyTxId":"e4f87eb346371f659aa29598ddc07fa34d1a75d8","sellTxId":"1509717accaec7909e85b97363d470a66be8fa0c-1"}
{"index": {"_index":"sim","_id":"1954200"}}
	{"id":1954200,"type":"sell","buyer":"boycharliefamily","seller":"monsterjamgold","symbol":"SIM","quantity":"29.001","price":"0.00093500","timestamp":1636664982,"volume":"0.02711594","buyTxId":"e4f87eb346371f659aa29598ddc07fa34d1a75d8","sellTxId":"8952db409e952b7e4de9c4346b29bf7c0f7dee74"}
{"index": {"_index":"sim","_id":"1954248"}}
	{"id":1954248,"type":"buy","buyer":"terapallo","seller":"monsterjamgold","symbol":"SIM","quantity":"26.000","price":"0.00093500","timestamp":1636665435,"volume":"0.02431000","buyTxId":"84af4056a74b339381bbfadde6e06d0f03866c7c","sellTxId":"8952db409e952b7e4de9c4346b29bf7c0f7dee74"}
{"index": {"_index":"sim","_id":"1954252"}}
	{"id":1954252,"type":"sell","buyer":"pi-trader","seller":"kaeptn-iglo","symbol":"SIM","quantity":"8317.300","price":"0.00091301","timestamp":1636665486,"volume":"7.59377807","buyTxId":"10612da139976d5f64cbd92b21c129d34f9b8120-1","sellTxId":"426e636d2ed209cfcced0e1a7dc0ff051c75ee3b"}
{"index": {"_index":"sim","_id":"1954288"}}
	{"id":1954288,"type":"buy","buyer":"terapallo","seller":"monsterjamgold","symbol":"SIM","quantity":"0.410","price":"0.00093500","timestamp":1636665681,"volume":"0.00038335","buyTxId":"80133342d243d1f574bdb3cd704decac459fd9cf","sellTxId":"8952db409e952b7e4de9c4346b29bf7c0f7dee74"}
{"index": {"_index":"sim","_id":"1954328"}}
	{"id":1954328,"type":"sell","buyer":"pi-trader","seller":"haitch","symbol":"SIM","quantity":"50000.000","price":"0.00091301","timestamp":1636665861,"volume":"45.65050000","buyTxId":"aa6709e09f2f58ec5d866905258301900c5f43ad-3","sellTxId":"217f05c3ab5f6de17855f67540eb77af91b60b11"}
{"index": {"_index":"sim","_id":"1954329"}}
	{"id":1954329,"type":"sell","buyer":"roger.remix","seller":"haitch","symbol":"SIM","quantity":"2195.750","price":"0.00091300","timestamp":1636665861,"volume":"2.00471975","buyTxId":"60e851ae2dbf49804b94b59ea96ca9a575739464","sellTxId":"217f05c3ab5f6de17855f67540eb77af91b60b11"}
{"index": {"_index":"sim","_id":"1954335"}}
	{"id":1954335,"type":"sell","buyer":"roger.remix","seller":"terapallo","symbol":"SIM","quantity":"0.410","price":"0.00091300","timestamp":1636665894,"volume":"0.00037433","buyTxId":"60e851ae2dbf49804b94b59ea96ca9a575739464","sellTxId":"a12b486b9ecd20af76fe44a39524ead0e4774d37"}
{"index": {"_index":"sim","_id":"1954583"}}
	{"id":1954583,"type":"sell","buyer":"pi-trader","seller":"ericburgoyne","symbol":"SIM","quantity":"30.233","price":"0.00091301","timestamp":1636667817,"volume":"0.02760303","buyTxId":"978f0f54acb316742f7646b86d51944e6d11db73-4","sellTxId":"e9f29eab72d5710c87debd7da32691075cdc03b2"}
{"index": {"_index":"sim","_id":"1954704"}}
	{"id":1954704,"type":"sell","buyer":"pi-trader","seller":"kennysgaminglife","symbol":"SIM","quantity":"2636.359","price":"0.00091301","timestamp":1636668702,"volume":"2.40702213","buyTxId":"fb96ab644ba8a05801c2a66015db2bb9c8ac0678-1","sellTxId":"4a0241cebeb85c32fd227f38edf1fede413ed34c"}
{"index": {"_index":"sim","_id":"1955101"}}
	{"id":1955101,"type":"sell","buyer":"augustbrown","seller":"mobi72","symbol":"SIM","quantity":"1000.000","price":"0.00092000","timestamp":1636671843,"volume":"0.92000000","buyTxId":"eb238a3df32684529421e09440063d62137272b6","sellTxId":"67e4b331f42b87a310a8ed2c8132c367d859d250"}
{"index": {"_index":"sim","_id":"1955104"}}
	{"id":1955104,"type":"sell","buyer":"he-index","seller":"mobi72","symbol":"SIM","quantity":"209.198","price":"0.00091301","timestamp":1636671885,"volume":"0.19099987","buyTxId":"9ed375faef4ff35f6ca98f5f75c55ce92871c922","sellTxId":"15091b2fc7ca389f54a59e9851c865758440a7be"}
{"index": {"_index":"sim","_id":"1955108"}}
	{"id":1955108,"type":"sell","buyer":"he-index","seller":"mobi72","symbol":"SIM","quantity":"163.196","price":"0.00091301","timestamp":1636671918,"volume":"0.14899958","buyTxId":"2a8b6a62bef63c47dd65d33da299120c771f2be5","sellTxId":"62bc23db2480b747d83117e2d5bc0a2d3046a1fd"}
{"index": {"_index":"sim","_id":"1955115"}}
	{"id":1955115,"type":"sell","buyer":"he-index","seller":"mobi72","symbol":"SIM","quantity":"51.479","price":"0.00091300","timestamp":1636671969,"volume":"0.04700033","buyTxId":"6f5f174e8a58d07e95aa3b0443bd2cf602a71322","sellTxId":"f1d3a851801b72ccb3187f777276b3b461fd1dfa"}
{"index": {"_index":"sim","_id":"1955167"}}
	{"id":1955167,"type":"sell","buyer":"mchero","seller":"magnacarta","symbol":"SIM","quantity":"0.393","price":"0.00091203","timestamp":1636672053,"volume":"0.00035843","buyTxId":"fddab517f41c98916292f72a49c868f9d3516fa5","sellTxId":"84a5bed296d5ebf6cb9a792bdbff98ffe774b37a"}
{"index": {"_index":"sim","_id":"1955173"}}
	{"id":1955173,"type":"sell","buyer":"mchero","seller":"balte","symbol":"SIM","quantity":"6768.093","price":"0.00091203","timestamp":1636672125,"volume":"6.17270386","buyTxId":"fddab517f41c98916292f72a49c868f9d3516fa5","sellTxId":"617993028b77a622fd394ca7aeedabdf11fdecbb"}
{"index": {"_index":"sim","_id":"1955174"}}
	{"id":1955174,"type":"sell","buyer":"he-index","seller":"balte","symbol":"SIM","quantity":"178.726","price":"0.00091201","timestamp":1636672125,"volume":"0.16299990","buyTxId":"499f0e52c8123ff0ec68fe991a069035415d932c","sellTxId":"617993028b77a622fd394ca7aeedabdf11fdecbb"}
{"index": {"_index":"sim","_id":"1955175"}}
	{"id":1955175,"type":"sell","buyer":"princekham","seller":"balte","symbol":"SIM","quantity":"9053.181","price":"0.00091200","timestamp":1636672125,"volume":"8.25650107","buyTxId":"3d280f0496061c76775a6798c196c4c09d8977a9","sellTxId":"617993028b77a622fd394ca7aeedabdf11fdecbb"}
{"index": {"_index":"sim","_id":"1955191"}}
	{"id":1955191,"type":"sell","buyer":"princekham","seller":"mobi72","symbol":"SIM","quantity":"11000.000","price":"0.00091200","timestamp":1636672263,"volume":"10.03200000","buyTxId":"3d280f0496061c76775a6798c196c4c09d8977a9","sellTxId":"87bb420fb2988d5714b14fae0109019390c0a251"}
{"index": {"_index":"sim","_id":"1955208"}}
	{"id":1955208,"type":"buy","buyer":"petertag","seller":"mobi72","symbol":"SIM","quantity":"163.196","price":"0.00091301","timestamp":1636672776,"volume":"0.14899958","buyTxId":"6613e951c58bbd105c966cdfff8c5a2e9a1d92f5","sellTxId":"3844aad2e0c4db7179a2fd7716c34a46c607a8f0"}
{"index": {"_index":"sim","_id":"1955239"}}
	{"id":1955239,"type":"sell","buyer":"princekham","seller":"elianaicgomes","symbol":"SIM","quantity":"1242.148","price":"0.00091200","timestamp":1636673076,"volume":"1.13283898","buyTxId":"3d280f0496061c76775a6798c196c4c09d8977a9","sellTxId":"a5617ef3d695e3bc9c0ee7d924294897db65e020"}
{"index": {"_index":"sim","_id":"1955248"}}
	{"id":1955248,"type":"sell","buyer":"princekham","seller":"solarpowers","symbol":"SIM","quantity":"7263.000","price":"0.00091200","timestamp":1636673160,"volume":"6.62385600","buyTxId":"3d280f0496061c76775a6798c196c4c09d8977a9","sellTxId":"e3ff399ee5b3c70331fb33b715c406fa4fa1eedc"}
{"index": {"_index":"sim","_id":"1955301"}}
	{"id":1955301,"type":"sell","buyer":"augustbrown","seller":"picciridda2","symbol":"SIM","quantity":"200.000","price":"0.00093000","timestamp":1636673808,"volume":"0.18600000","buyTxId":"5dee1d7c7ec95f6aa8c56223e5b5ab948401af09","sellTxId":"1af5d07b24f73b80fb658af60ef7120023d040d7"}
{"index": {"_index":"sim","_id":"1955333"}}
	{"id":1955333,"type":"buy","buyer":"aslehansen","seller":"pi-trader","symbol":"SIM","quantity":"11.000","price":"0.00092999","timestamp":1636674399,"volume":"0.01022989","buyTxId":"d284f3ae3290c5752413ea77986fc2517ffb88b3","sellTxId":"3613307304ff927f13fb11e5dca9e2a7decc547e-3"}
{"index": {"_index":"sim","_id":"1955395"}}
	{"id":1955395,"type":"sell","buyer":"princekham","seller":"eythor-photo22","symbol":"SIM","quantity":"92.253","price":"0.00091200","timestamp":1636674861,"volume":"0.08413474","buyTxId":"3d280f0496061c76775a6798c196c4c09d8977a9","sellTxId":"47a6206a9f354b1409a67ecdd8f92e4005059377"}
{"index": {"_index":"sim","_id":"1955413"}}
	{"id":1955413,"type":"sell","buyer":"princekham","seller":"peerfinance","symbol":"SIM","quantity":"196.312","price":"0.00091200","timestamp":1636675179,"volume":"0.17903654","buyTxId":"3d280f0496061c76775a6798c196c4c09d8977a9","sellTxId":"9f62a1cf0debd1ccf3d8b3492a83221b6c13ebf9"}
{"index": {"_index":"sim","_id":"1955418"}}
	{"id":1955418,"type":"sell","buyer":"princekham","seller":"fantasycrypto","symbol":"SIM","quantity":"8485.183","price":"0.00091200","timestamp":1636675275,"volume":"7.73848690","buyTxId":"3d280f0496061c76775a6798c196c4c09d8977a9","sellTxId":"5aade7a7c427ac2f4dd42fe12595b270f7585500"}
{"index": {"_index":"sim","_id":"1955485"}}
	{"id":1955485,"type":"sell","buyer":"princekham","seller":"justinparke","symbol":"SIM","quantity":"3890.6","price":"0.00091200","timestamp":1636675659,"volume":"3.54822720","buyTxId":"3d280f0496061c76775a6798c196c4c09d8977a9","sellTxId":"702c5ed0aaef0eb97bbb2ad579bbbd401d36434b"}
{"index": {"_index":"sim","_id":"1955509"}}
	{"id":1955509,"type":"sell","buyer":"princekham","seller":"brofi-market","symbol":"SIM","quantity":"0.002","price":"0.00091200","timestamp":1636675863,"volume":"0.00000182","buyTxId":"3d280f0496061c76775a6798c196c4c09d8977a9","sellTxId":"1562edba083d455e1155c2a9e912db94b89a138c"}
{"index": {"_index":"sim","_id":"1955608"}}
	{"id":1955608,"type":"sell","buyer":"princekham","seller":"scriptioner","symbol":"SIM","quantity":"8777.321","price":"0.00091200","timestamp":1636676841,"volume":"8.00491675","buyTxId":"3d280f0496061c76775a6798c196c4c09d8977a9","sellTxId":"c7703f4c50f7f12c0b08a47774edace46a7f6edc"}
{"index": {"_index":"sim","_id":"1955609"}}
	{"id":1955609,"type":"sell","buyer":"boycharliefamily","seller":"scriptioner","symbol":"SIM","quantity":"400.000","price":"0.00091000","timestamp":1636676841,"volume":"0.36400000","buyTxId":"c8011f9bc92723bb4b89d44fb04c7bfb1f2eb943","sellTxId":"c7703f4c50f7f12c0b08a47774edace46a7f6edc"}
{"index": {"_index":"sim","_id":"1955610"}}
	{"id":1955610,"type":"sell","buyer":"steemshiro","seller":"scriptioner","symbol":"SIM","quantity":"15193.724","price":"0.00090202","timestamp":1636676841,"volume":"13.70504292","buyTxId":"8e397dcb4b6ac168ac39b3ba818ad2842c6ebf7e","sellTxId":"c7703f4c50f7f12c0b08a47774edace46a7f6edc"}
{"index": {"_index":"sim","_id":"1955701"}}
	{"id":1955701,"type":"sell","buyer":"pi-trader","seller":"thatcryptodave","symbol":"SIM","quantity":"519.160","price":"0.00090203","timestamp":1636677765,"volume":"0.46829789","buyTxId":"53e3da6f3d20fadc742c536745fc12239b25f65b-4","sellTxId":"6a8bece97350b2afcc20b1476cd12031224aab87"}
{"index": {"_index":"sim","_id":"1955852"}}
	{"id":1955852,"type":"sell","buyer":"pi-trader","seller":"ericburgoyne","symbol":"SIM","quantity":"26.850","price":"0.00090203","timestamp":1636679079,"volume":"0.02421951","buyTxId":"f1242dfd2109f81883f560d367d2500d8770d51c-3","sellTxId":"e2e884d31a864036a28799eb312d81fbbc577aa7"}
{"index": {"_index":"sim","_id":"1955889"}}
	{"id":1955889,"type":"sell","buyer":"pi-trader","seller":"nftmart.fees","symbol":"SIM","quantity":"3017.000","price":"0.00090203","timestamp":1636679445,"volume":"2.72142451","buyTxId":"684aaac2db4205acc55615b7857331272b953410-1","sellTxId":"09559fc49771f0a28e70e106ce7c78ca6deb15b8"}
{"index": {"_index":"sim","_id":"1955940"}}
	{"id":1955940,"type":"sell","buyer":"pi-trader","seller":"steem.services","symbol":"SIM","quantity":"50000.000","price":"0.00090203","timestamp":1636679910,"volume":"45.10150000","buyTxId":"ac7aebf06af1a5577966094df5081cb499aff76f-3","sellTxId":"e2adf51ec0f2f25089e8ed3c5db9aec91d41f4f5"}
{"index": {"_index":"sim","_id":"1955941"}}
	{"id":1955941,"type":"sell","buyer":"steemshiro","seller":"steem.services","symbol":"SIM","quantity":"14806.276","price":"0.00090202","timestamp":1636679910,"volume":"13.35555708","buyTxId":"8e397dcb4b6ac168ac39b3ba818ad2842c6ebf7e","sellTxId":"e2adf51ec0f2f25089e8ed3c5db9aec91d41f4f5"}
{"index": {"_index":"sim","_id":"1955942"}}
	{"id":1955942,"type":"sell","buyer":"steemshiro","seller":"steem.services","symbol":"SIM","quantity":"28252.724","price":"0.00090020","timestamp":1636679910,"volume":"25.43310214","buyTxId":"3e09475b8897cfc2da6e5be45f08e715edcead56","sellTxId":"e2adf51ec0f2f25089e8ed3c5db9aec91d41f4f5"}
{"index": {"_index":"sim","_id":"1956180"}}
	{"id":1956180,"type":"buy","buyer":"sbi-tokens","seller":"pi-trader","symbol":"SIM","quantity":"50000.000","price":"0.00092999","timestamp":1636682391,"volume":"46.49950000","buyTxId":"64d5f8f88d569aa3ebcf283e528a805a3eafec8e","sellTxId":"a405492bc40c7aedbd4e4b9e0160b83ee66e6f3c-6"}
{"index": {"_index":"sim","_id":"1956181"}}
	{"id":1956181,"type":"buy","buyer":"sbi-tokens","seller":"brofi-market","symbol":"SIM","quantity":"0.002","price":"0.00092999","timestamp":1636682391,"volume":"0.00000186","buyTxId":"64d5f8f88d569aa3ebcf283e528a805a3eafec8e","sellTxId":"46d584edef7ac34336e04c000441dbfe1ba7c515"}
{"index": {"_index":"sim","_id":"1956182"}}
	{"id":1956182,"type":"buy","buyer":"sbi-tokens","seller":"picciridda2","symbol":"SIM","quantity":"10242.000","price":"0.00093000","timestamp":1636682391,"volume":"9.52506000","buyTxId":"64d5f8f88d569aa3ebcf283e528a805a3eafec8e","sellTxId":"1af5d07b24f73b80fb658af60ef7120023d040d7"}
{"index": {"_index":"sim","_id":"1956183"}}
	{"id":1956183,"type":"sell","buyer":"sbi-tokens","seller":"konvik","symbol":"SIM","quantity":"24054.031","price":"0.00093000","timestamp":1636682394,"volume":"22.37024883","buyTxId":"64d5f8f88d569aa3ebcf283e528a805a3eafec8e","sellTxId":"eca48f4b98bb402b1ef89f78a9f30fded61f7208-1"}
{"index": {"_index":"sim","_id":"1956384"}}
	{"id":1956384,"type":"sell","buyer":"sbi-tokens","seller":"bigram13","symbol":"SIM","quantity":"23.838","price":"0.00093000","timestamp":1636684488,"volume":"0.02216934","buyTxId":"64d5f8f88d569aa3ebcf283e528a805a3eafec8e","sellTxId":"30320027c7461ca5f4ddc9d272fb324b95f3f45a"}
{"index": {"_index":"sim","_id":"1956385"}}
	{"id":1956385,"type":"sell","buyer":"he-index","seller":"bigram13","symbol":"SIM","quantity":"66.667","price":"0.00093000","timestamp":1636684488,"volume":"0.06200031","buyTxId":"eb78af9f6fa0b9a4e0ad6f31a747b9031819bd37","sellTxId":"30320027c7461ca5f4ddc9d272fb324b95f3f45a"}
{"index": {"_index":"sim","_id":"1956386"}}
	{"id":1956386,"type":"sell","buyer":"pi-trader","seller":"bigram13","symbol":"SIM","quantity":"13909.495","price":"0.00090021","timestamp":1636684488,"volume":"12.52146649","buyTxId":"1f183cce14a961f7f8801d6b3960e0605046fc87-4","sellTxId":"30320027c7461ca5f4ddc9d272fb324b95f3f45a"}
{"index": {"_index":"sim","_id":"1956396"}}
	{"id":1956396,"type":"sell","buyer":"pi-trader","seller":"theguruasia","symbol":"SIM","quantity":"2761.891","price":"0.00090021","timestamp":1636684656,"volume":"2.48628190","buyTxId":"f9dd596c50412b0362299983cd159fe8b9682912-7","sellTxId":"df81671865e37f368735b70f0f7af7edb815b932"}
{"index": {"_index":"sim","_id":"1956692"}}
	{"id":1956692,"type":"sell","buyer":"pi-trader","seller":"ironshield","symbol":"SIM","quantity":"50000.000","price":"0.00090021","timestamp":1636686789,"volume":"45.01050000","buyTxId":"979058b2fbe47e8de1759ad7c640e70fc0a5b1a1-5","sellTxId":"ae4eb923a01efe3e29da7b6f96b6cbd0e58d5687"}
{"index": {"_index":"sim","_id":"1956712"}}
	{"id":1956712,"type":"sell","buyer":"pi-trader","seller":"muenchen","symbol":"SIM","quantity":"7634.000","price":"0.00090021","timestamp":1636687164,"volume":"6.87220314","buyTxId":"137238621782737ef8b901648fe2efa2133c32e8-7","sellTxId":"57d2b3ab4a868d4fca8949d9b873675be31ad2df"}
{"index": {"_index":"sim","_id":"1956724"}}
	{"id":1956724,"type":"sell","buyer":"pi-trader","seller":"eythorphoto","symbol":"SIM","quantity":"5350.400","price":"0.00090021","timestamp":1636687344,"volume":"4.81648358","buyTxId":"e0716021ef07ea7af5b54375d0550396ea648c4a-4","sellTxId":"7b0712f5c6f7a424a08941993cf8e72750a52b79"}
{"index": {"_index":"sim","_id":"1956766"}}
	{"id":1956766,"type":"sell","buyer":"pi-trader","seller":"goldcoin","symbol":"SIM","quantity":"56.380","price":"0.00090021","timestamp":1636687743,"volume":"0.05075384","buyTxId":"30f16cc77e93fe5c55311f78326ec1d12161eda9-1","sellTxId":"ffe97c96e3fb429a51042b0c9780b13c44419584"}
{"index": {"_index":"sim","_id":"1956769"}}
	{"id":1956769,"type":"sell","buyer":"pi-trader","seller":"trifenix","symbol":"SIM","quantity":"1797.060","price":"0.00090021","timestamp":1636687749,"volume":"1.61773138","buyTxId":"30f16cc77e93fe5c55311f78326ec1d12161eda9-1","sellTxId":"b2a690aae990c957cc25fd5091d23d198af11117"}
