{"index": {"_index":"sim","_id":"2451335"}}
	{"id":2451335,"type":"sell","buyer":"pi-trader","seller":"thatcryptodave","symbol":"SIM","quantity":"1250.000","price":"0.00058301","timestamp":1641183030,"volume":"0.72876250","buyTxId":"4b1eb7c4dffba7700a6c5dd09430f84ecf03f8b4-1","sellTxId":"60d461ce270a77b6b8ba5316122ff0e6f60263b8"}
{"index": {"_index":"sim","_id":"2451492"}}
	{"id":2451492,"type":"sell","buyer":"pi-trader","seller":"mango-juice","symbol":"SIM","quantity":"1067.015","price":"0.00058301","timestamp":1641184668,"volume":"0.62208042","buyTxId":"8ea24a53b458972f889787b1a7d74dee81f23557-7","sellTxId":"657976eb6e87731e976946a50d4dabc13edbe8b4"}
{"index": {"_index":"sim","_id":"2451495"}}
	{"id":2451495,"type":"sell","buyer":"pi-trader","seller":"goldcoin","symbol":"SIM","quantity":"179.127","price":"0.00058301","timestamp":1641184710,"volume":"0.10443283","buyTxId":"af4e21d050eb6ff88562905659dd653fe4f15f21-5","sellTxId":"f73fe6b128b57c0b802faa69c0de2fabd02097cb"}
{"index": {"_index":"sim","_id":"2451520"}}
	{"id":2451520,"type":"sell","buyer":"pi-trader","seller":"theshaki","symbol":"SIM","quantity":"218.337","price":"0.00058301","timestamp":1641184992,"volume":"0.12729265","buyTxId":"410898c5c369f123036947dd8b83ce06f4f2d4ff-3","sellTxId":"50b866ba62afbbec04ac719444440a2102ee7997"}
{"index": {"_index":"sim","_id":"2451596"}}
	{"id":2451596,"type":"sell","buyer":"pi-trader","seller":"hive.miner","symbol":"SIM","quantity":"111.000","price":"0.00058301","timestamp":1641186012,"volume":"0.06471411","buyTxId":"b06dfa3712ba37c3f4f85981bbe64d93fb999bea-5","sellTxId":"6f4143ff8a23b69a47ec77aef031a2681aecfde1"}
{"index": {"_index":"sim","_id":"2451603"}}
	{"id":2451603,"type":"sell","buyer":"pi-trader","seller":"he-index","symbol":"SIM","quantity":"31.526","price":"0.00058301","timestamp":1641186078,"volume":"0.01837997","buyTxId":"3601f3ea1ee3938b96c7ae2858ab2be997e5ca1c-5","sellTxId":"b37d4b49de44ab66400d8d9f84184474c890742a"}
{"index": {"_index":"sim","_id":"2451609"}}
	{"id":2451609,"type":"buy","buyer":"dkid14","seller":"pi-trader","symbol":"SIM","quantity":"6600.000","price":"0.00063901","timestamp":1641186153,"volume":"4.21746600","buyTxId":"720a860e4d74803a9def76b87a968c7903df88a0","sellTxId":"30466efde997915085fdbf041058ccd189b40a58-11"}
{"index": {"_index":"sim","_id":"2451747"}}
	{"id":2451747,"type":"sell","buyer":"pi-trader","seller":"bitcoinflood","symbol":"SIM","quantity":"2997.702","price":"0.00058301","timestamp":1641188073,"volume":"1.74769024","buyTxId":"5a3f233e90aec70f258649a8711e97a87cd140e5-6","sellTxId":"9bc608350f68a4ce86df2fabf82d0ee92b042089"}
{"index": {"_index":"sim","_id":"2451775"}}
	{"id":2451775,"type":"sell","buyer":"pi-trader","seller":"curatorcat","symbol":"SIM","quantity":"32.434","price":"0.00058301","timestamp":1641188589,"volume":"0.01890935","buyTxId":"47379fa110b07bb29d9d014b648e85bffb8c850d-3","sellTxId":"84956c8c9e8a916ee47e077cb102076e5e9cd5cc"}
{"index": {"_index":"sim","_id":"2451803"}}
	{"id":2451803,"type":"sell","buyer":"pi-trader","seller":"guruvaj","symbol":"SIM","quantity":"1238.921","price":"0.00058301","timestamp":1641188979,"volume":"0.72230333","buyTxId":"285e9186fa4acd562eea07958a2195ce35743a9f-1","sellTxId":"66a4b81b4217e333621d27601bfea1a9bf7ba61c"}
{"index": {"_index":"sim","_id":"2452497"}}
	{"id":2452497,"type":"buy","buyer":"sevenoh-fiveoh","seller":"pi-trader","symbol":"SIM","quantity":"10000.000","price":"0.00063294","timestamp":1641194733,"volume":"6.32940000","buyTxId":"5d62984f9a979e1813df33381a08753f4c508aba","sellTxId":"68a1320ac4807e6f12dfbf5f94fce3554dc5fa7d-9"}
{"index": {"_index":"sim","_id":"2452519"}}
	{"id":2452519,"type":"sell","buyer":"pi-trader","seller":"binong","symbol":"SIM","quantity":"4728.000","price":"0.00058301","timestamp":1641194895,"volume":"2.75647128","buyTxId":"fa5812f91dea9bf8b7b5d6b3910d15afd2b2e9ea-3","sellTxId":"c6542db31f213332d2b8a8fb99d4643d01aba6e2"}
{"index": {"_index":"sim","_id":"2452756"}}
	{"id":2452756,"type":"buy","buyer":"bambukah","seller":"pi-trader","symbol":"SIM","quantity":"1300.000","price":"0.00063182","timestamp":1641198114,"volume":"0.82136600","buyTxId":"84decd2e34c683266234d315ca635f7fef0dab54","sellTxId":"011541b200613eefdb15aca445c73edaaf63d6d9-7"}
{"index": {"_index":"sim","_id":"2452811"}}
	{"id":2452811,"type":"sell","buyer":"pi-trader","seller":"heikki1337","symbol":"SIM","quantity":"4177.525","price":"0.00058301","timestamp":1641198939,"volume":"2.43553885","buyTxId":"7a54eaf65bf97029d97ee1adc58f6d767b370bbe-7","sellTxId":"36bd78cd9fadde3b59dd6adf6c2b3810f1ae9528"}
{"index": {"_index":"sim","_id":"2452960"}}
	{"id":2452960,"type":"sell","buyer":"pi-trader","seller":"anderssinho","symbol":"SIM","quantity":"2.642","price":"0.00058301","timestamp":1641200715,"volume":"0.00154031","buyTxId":"20153b8ac2b6b063d047d08036dfed4856d2111f-3","sellTxId":"173bf945c3e9abf00eecd0b060817c0a7646f03e"}
{"index": {"_index":"sim","_id":"2453244"}}
	{"id":2453244,"type":"sell","buyer":"pi-trader","seller":"steemwija","symbol":"SIM","quantity":"881.282","price":"0.00058301","timestamp":1641204180,"volume":"0.51379622","buyTxId":"2d28c7e870a7a2c87d0f11dfe54337555529c347-1","sellTxId":"46def44a02996effdd1395e4bc9f24a98416d04f"}
{"index": {"_index":"sim","_id":"2453383"}}
	{"id":2453383,"type":"sell","buyer":"pi-trader","seller":"romiferns","symbol":"SIM","quantity":"451.200","price":"0.00058301","timestamp":1641205815,"volume":"0.26305411","buyTxId":"39dc02c9c3fca2ca0096551a7b303e1ffb801a3c-5","sellTxId":"24e82b8709b0b60f204571469e0e3aacb200775e"}
{"index": {"_index":"sim","_id":"2453391"}}
	{"id":2453391,"type":"sell","buyer":"pi-trader","seller":"renovatio","symbol":"SIM","quantity":"10464.475","price":"0.00058301","timestamp":1641205908,"volume":"6.10089357","buyTxId":"54e71386a8fcb361cff6dc3199789e885c8b70e4-5","sellTxId":"8e3c5b147c14adb34a509c80c4895c76687bee6a"}
{"index": {"_index":"sim","_id":"2453711"}}
	{"id":2453711,"type":"sell","buyer":"pi-trader","seller":"metafemboy","symbol":"SIM","quantity":"2321","price":"0.00058301","timestamp":1641209937,"volume":"1.35316621","buyTxId":"47b4c96bb41c56ad96a34b59e5cca797b770a31e-3","sellTxId":"fe5bfbf070a4b496047ce9f84087f04a0ac4271c"}
{"index": {"_index":"sim","_id":"2453716"}}
	{"id":2453716,"type":"sell","buyer":"pi-trader","seller":"monsterjamgold","symbol":"SIM","quantity":"2040.487","price":"0.00058301","timestamp":1641210030,"volume":"1.18962433","buyTxId":"8b255b54622caf8c53c19f3c75193714704c28ce-3","sellTxId":"f086153f098d091343724f60db5fe232d1b4b8a6"}
{"index": {"_index":"sim","_id":"2453748"}}
	{"id":2453748,"type":"sell","buyer":"pi-trader","seller":"piotr42","symbol":"SIM","quantity":"683.000","price":"0.00058301","timestamp":1641210357,"volume":"0.39819583","buyTxId":"262ae46819cf984b05b03f6642546f8e28f8f079-4","sellTxId":"304c0d81ead8ff4c098128ca88fbabadbfa29d07"}
{"index": {"_index":"sim","_id":"2453820"}}
	{"id":2453820,"type":"sell","buyer":"pi-trader","seller":"pele23","symbol":"SIM","quantity":"0.021","price":"0.00058303","timestamp":1641211254,"volume":"0.00001224","buyTxId":"d81aaa6fada5231c93812fe0aade2c22dace6090-1","sellTxId":"a094e6c38fd1c22260c987e9d275ebfc1b5e2f0e"}
{"index": {"_index":"sim","_id":"2453855"}}
	{"id":2453855,"type":"sell","buyer":"pi-trader","seller":"pele23","symbol":"SIM","quantity":"0.003","price":"0.00058303","timestamp":1641211644,"volume":"0.00000175","buyTxId":"da03df543e84128e09a7928c8c7ba5202f44efc5-1","sellTxId":"6ce8ce8a4832d321fff02a4bec0147dd1d6d633d"}
{"index": {"_index":"sim","_id":"2454049"}}
	{"id":2454049,"type":"buy","buyer":"ressonlelong","seller":"pi-trader","symbol":"SIM","quantity":"1100.000","price":"0.00060929","timestamp":1641213912,"volume":"0.67021900","buyTxId":"1db155918912d617fa58ff44fcaeace5f9bbabe0","sellTxId":"8c5a0022bcf5a7020672e60331aa35553578f8d1-9"}
{"index": {"_index":"sim","_id":"2454179"}}
	{"id":2454179,"type":"sell","buyer":"pi-trader","seller":"olympicdragon","symbol":"SIM","quantity":"4231.005","price":"0.00058305","timestamp":1641215580,"volume":"2.46688747","buyTxId":"817854214e1c3de8d9fd4ba7e98a19c2f287c7c7-5","sellTxId":"897d89d44efb5e14efcd226da7ea9ec09e313be1"}
{"index": {"_index":"sim","_id":"2454208"}}
	{"id":2454208,"type":"sell","buyer":"pi-trader","seller":"bosmob","symbol":"SIM","quantity":"31250.716","price":"0.00058307","timestamp":1641215853,"volume":"18.22135498","buyTxId":"ea3d72debf2b00601728bb6d87486c1a55fe8936-1","sellTxId":"ad19015dd6cd6e26826ab8d03bd3ff518d4bb703"}
{"index": {"_index":"sim","_id":"2454363"}}
	{"id":2454363,"type":"sell","buyer":"pi-trader","seller":"ambyr00","symbol":"SIM","quantity":"1029.907","price":"0.00058307","timestamp":1641217650,"volume":"0.60050787","buyTxId":"eef11b21a03593cfce6fbad347e0fe58b640dcb7-5","sellTxId":"97543e1012dc3f59609abfd71f24799a6d682219"}
{"index": {"_index":"sim","_id":"2454734"}}
	{"id":2454734,"type":"sell","buyer":"pi-trader","seller":"frugal-fun","symbol":"SIM","quantity":"100000.000","price":"0.00058401","timestamp":1641220914,"volume":"58.40100000","buyTxId":"3d1238d45f21d5206bbaeabd5529414358c8d3a2-3","sellTxId":"b1179a3a1191d133d892aaa18390919f053e03e9"}
{"index": {"_index":"sim","_id":"2454735"}}
	{"id":2454735,"type":"sell","buyer":"princekham","seller":"frugal-fun","symbol":"SIM","quantity":"100000.000","price":"0.00058400","timestamp":1641220914,"volume":"58.40000000","buyTxId":"85728da920101b704c4ecfe1c56bca3201c08934","sellTxId":"b1179a3a1191d133d892aaa18390919f053e03e9"}
{"index": {"_index":"sim","_id":"2454736"}}
	{"id":2454736,"type":"sell","buyer":"lestrange","seller":"frugal-fun","symbol":"SIM","quantity":"96597.000","price":"0.00058306","timestamp":1641220914,"volume":"56.32184682","buyTxId":"15f23bea727fff697267a9af0eeb3752838fa9f7","sellTxId":"b1179a3a1191d133d892aaa18390919f053e03e9"}
{"index": {"_index":"sim","_id":"2454737"}}
	{"id":2454737,"type":"sell","buyer":"lestrange","seller":"frugal-fun","symbol":"SIM","quantity":"8387.649","price":"0.00058304","timestamp":1641220914,"volume":"4.89033487","buyTxId":"abd10f29190668371249f30de5a425a0aa7ae94e","sellTxId":"b1179a3a1191d133d892aaa18390919f053e03e9"}
{"index": {"_index":"sim","_id":"2454790"}}
	{"id":2454790,"type":"sell","buyer":"pi-trader","seller":"andy4475","symbol":"SIM","quantity":"57.976","price":"0.00058305","timestamp":1641221502,"volume":"0.03380291","buyTxId":"ae9101bf3c205857df409f5fec95959481614d56-6","sellTxId":"bfb80a067f742b83556f3e71b6c3f00a53dec302"}
{"index": {"_index":"sim","_id":"2454793"}}
	{"id":2454793,"type":"sell","buyer":"pi-trader","seller":"leonardoalmaguer","symbol":"SIM","quantity":"458.000","price":"0.00058305","timestamp":1641221553,"volume":"0.26703690","buyTxId":"6284657bacb99c9d3ff5f65ce6c244d775010cc4-3","sellTxId":"33d954add404379917cf651ec7cc9268ccdd98e2"}
{"index": {"_index":"sim","_id":"2454898"}}
	{"id":2454898,"type":"sell","buyer":"pi-trader","seller":"valor2s","symbol":"SIM","quantity":"164.000","price":"0.00058305","timestamp":1641222561,"volume":"0.09562020","buyTxId":"805576567d44cfc67979e1b18222b48d22664cd4-5","sellTxId":"d94f875fc8417ba3b055f32572fd077047b9555c"}
{"index": {"_index":"sim","_id":"2454930"}}
	{"id":2454930,"type":"sell","buyer":"pi-trader","seller":"sirdemian","symbol":"SIM","quantity":"1000","price":"0.00058305","timestamp":1641222921,"volume":"0.58305000","buyTxId":"eee5e005a3d02eb262374fd6f7d36a2acd623899-4","sellTxId":"b6bc8c5728c2888d272d208e3a2f46379439216e"}
{"index": {"_index":"sim","_id":"2454946"}}
	{"id":2454946,"type":"sell","buyer":"pi-trader","seller":"jesuscarrion","symbol":"SIM","quantity":"256.000","price":"0.00058305","timestamp":1641223101,"volume":"0.14926080","buyTxId":"d4e969be2cf699d7f142baaf81720ea748869e1e-3","sellTxId":"6022b81a40ad5505dca4f089d0275f8036dcb29a"}
{"index": {"_index":"sim","_id":"2455030"}}
	{"id":2455030,"type":"sell","buyer":"pi-trader","seller":"gamsam","symbol":"SIM","quantity":"20417","price":"0.00058305","timestamp":1641224106,"volume":"11.90413185","buyTxId":"9a894fdd1da5ed2ba395b0942d5d179d9390f4d0-6","sellTxId":"af77fc2d3665edcecb05a74407d5954d54c643d8"}
{"index": {"_index":"sim","_id":"2455133"}}
	{"id":2455133,"type":"sell","buyer":"pi-trader","seller":"elianaicgomes","symbol":"SIM","quantity":"1169.279","price":"0.00058305","timestamp":1641225117,"volume":"0.68174812","buyTxId":"fbfe8e9af3aa237461887154b708957e61a82095-3","sellTxId":"38d9a4ef7d695f581c6c6699fc06ad7cbadd84c4"}
{"index": {"_index":"sim","_id":"2455198"}}
	{"id":2455198,"type":"buy","buyer":"lrekt01","seller":"pi-trader","symbol":"SIM","quantity":"3000.000","price":"0.00060853","timestamp":1641225945,"volume":"1.82559000","buyTxId":"8ed4d95d20adf53e2286e5964a3dd0653094e3cc","sellTxId":"da66d9f8b90b93250c0ce7ed8be120cae100bc25-3"}
{"index": {"_index":"sim","_id":"2455215"}}
	{"id":2455215,"type":"sell","buyer":"pi-trader","seller":"atomcollector","symbol":"SIM","quantity":"7320.000","price":"0.00058305","timestamp":1641226077,"volume":"4.26792600","buyTxId":"45beb279e7a48aef2653da0c941e92715331a85d-3","sellTxId":"2caabfc6d1ca87366d10db50a325167171912a10"}
{"index": {"_index":"sim","_id":"2455217"}}
	{"id":2455217,"type":"buy","buyer":"dkid14","seller":"pi-trader","symbol":"SIM","quantity":"3943.630","price":"0.00060851","timestamp":1641226101,"volume":"2.39973829","buyTxId":"07dc73421f583fa15ea1da523da3b5b43caf55d0","sellTxId":"50374302a1c95a9c6098ce9a836fd67d67dde796-5"}
{"index": {"_index":"sim","_id":"2455264"}}
	{"id":2455264,"type":"sell","buyer":"pi-trader","seller":"brofi-market","symbol":"SIM","quantity":"0.005","price":"0.00058305","timestamp":1641226509,"volume":"0.00000292","buyTxId":"302591c089c9f8baa7263558144c58f106f6aa14-3","sellTxId":"b86711a778a5a62077ffa79022130321bc0cea78"}
{"index": {"_index":"sim","_id":"2455324"}}
	{"id":2455324,"type":"sell","buyer":"pi-trader","seller":"tomhall","symbol":"SIM","quantity":"217.645","price":"0.00058305","timestamp":1641227118,"volume":"0.12689792","buyTxId":"a89b810fcb00f2652ff84c3198c2364c52f50b38-3","sellTxId":"bfe6159cd3219d54792b706cd5d2e8d693bc5fa4"}
{"index": {"_index":"sim","_id":"2455382"}}
	{"id":2455382,"type":"sell","buyer":"pi-trader","seller":"lisamgentile1961","symbol":"SIM","quantity":"35.910","price":"0.00058305","timestamp":1641227739,"volume":"0.02093733","buyTxId":"41157b248cecdf5ba971eb1a62a8f91767ca74d6-3","sellTxId":"3ae2e8dfb50b895ca5e2426d9014c18485270bcd"}
{"index": {"_index":"sim","_id":"2455653"}}
	{"id":2455653,"type":"sell","buyer":"pi-trader","seller":"danger753","symbol":"SIM","quantity":"193.492","price":"0.00058305","timestamp":1641229443,"volume":"0.11281551","buyTxId":"63046c886395bfc77fc4fd4bd9daebc8c969fac6-1","sellTxId":"25073e0dbae42da545cbf357f52a28d9b0c8e03a"}
{"index": {"_index":"sim","_id":"2455919"}}
	{"id":2455919,"type":"sell","buyer":"pi-trader","seller":"markmd1925","symbol":"SIM","quantity":"5.703","price":"0.00058305","timestamp":1641231429,"volume":"0.00332513","buyTxId":"a876640e3d0e50870ac73b4d08f57ec4659e42fb-4","sellTxId":"a563fe85a5258b374db28564076ddd695ea067ef"}
{"index": {"_index":"sim","_id":"2455920"}}
	{"id":2455920,"type":"sell","buyer":"pi-trader","seller":"retrodroid","symbol":"SIM","quantity":"5.479","price":"0.00058305","timestamp":1641231432,"volume":"0.00319453","buyTxId":"a876640e3d0e50870ac73b4d08f57ec4659e42fb-4","sellTxId":"c21c8a6af32731fdb2f46e4efe70fa2bfa54e0bb"}
{"index": {"_index":"sim","_id":"2455930"}}
	{"id":2455930,"type":"sell","buyer":"pi-trader","seller":"florian-glechner","symbol":"SIM","quantity":"36.002","price":"0.00058305","timestamp":1641231495,"volume":"0.02099097","buyTxId":"c89c1d010785ce56cbc54e5e50fe28186a3959c5-1","sellTxId":"2370b77c2a9e92839ad523c167b23eaffd94f466"}
{"index": {"_index":"sim","_id":"2455948"}}
	{"id":2455948,"type":"sell","buyer":"pi-trader","seller":"razam","symbol":"SIM","quantity":"9.000","price":"0.00058305","timestamp":1641231669,"volume":"0.00524745","buyTxId":"42de10a3322ebcf6108c9e893bead0a01cce3a7b-1","sellTxId":"d974a9d059ea9866bfca03c904fb41e0fa696c6a"}
{"index": {"_index":"sim","_id":"2456327"}}
	{"id":2456327,"type":"buy","buyer":"monsterjamgold","seller":"pi-trader","symbol":"SIM","quantity":"1494.437","price":"0.00060799","timestamp":1641233907,"volume":"0.90860275","buyTxId":"4ec541f1c897ad11f7e6953cf754ea00cb543409","sellTxId":"703e9c8a6c2cc8944d09370b6d22bd44124b5bb9-8"}
{"index": {"_index":"sim","_id":"2456328"}}
	{"id":2456328,"type":"sell","buyer":"pi-trader","seller":"choof","symbol":"SIM","quantity":"1127.000","price":"0.00058305","timestamp":1641233910,"volume":"0.65709735","buyTxId":"a56c592d9cd0f2ca4f1e3b140248f24da9989380-1","sellTxId":"85a6732c18cf43d7598ffd2ac4e4e196b06eb3e2"}
{"index": {"_index":"sim","_id":"2456337"}}
	{"id":2456337,"type":"buy","buyer":"monsterjamgold","seller":"pi-trader","symbol":"SIM","quantity":"67.000","price":"0.00060799","timestamp":1641234003,"volume":"0.04073533","buyTxId":"2d755071a19abd5c4bf789e9771b0bae00bc5b5f","sellTxId":"5c512fe862282d919ac2eac038f02da50d103ab5-13"}
{"index": {"_index":"sim","_id":"2456368"}}
	{"id":2456368,"type":"buy","buyer":"dkid14","seller":"pi-trader","symbol":"SIM","quantity":"44761.228","price":"0.00060797","timestamp":1641234144,"volume":"27.21348379","buyTxId":"f02d2d61d4c2f918bfbe954b27264056e71f5b36","sellTxId":"e2fcb90ae8d1977bceb6de814349d77bf68d460f-11"}
{"index": {"_index":"sim","_id":"2456374"}}
	{"id":2456374,"type":"buy","buyer":"monsterjamgold","seller":"pi-trader","symbol":"SIM","quantity":"280.000","price":"0.00060797","timestamp":1641234207,"volume":"0.17023160","buyTxId":"530c05e632e0db10de6c5c9aa70b10db9f9a8c4e","sellTxId":"52351d366382de8274e0e653e38ee78872f950e1-6"}
{"index": {"_index":"sim","_id":"2456410"}}
	{"id":2456410,"type":"buy","buyer":"cardi0","seller":"pi-trader","symbol":"SIM","quantity":"5000.000","price":"0.00060795","timestamp":1641234516,"volume":"3.03975000","buyTxId":"c4d38fe25f9f6d77c13788ab3bed7b7d74ef6101","sellTxId":"fe79fb20e8dd817c65ebe627647f6ca47d089bf3-11"}
{"index": {"_index":"sim","_id":"2456499"}}
	{"id":2456499,"type":"buy","buyer":"monsterjamgold","seller":"pi-trader","symbol":"SIM","quantity":"161.000","price":"0.00060791","timestamp":1641235197,"volume":"0.09787351","buyTxId":"5985552ce54fc077fda398ec57d1d5441247962b","sellTxId":"03e4607519d4fc4cfbbe89b0064bc579278ff0d2-16"}
{"index": {"_index":"sim","_id":"2456506"}}
	{"id":2456506,"type":"sell","buyer":"pi-trader","seller":"hhayweaver","symbol":"SIM","quantity":"20000.000","price":"0.00058305","timestamp":1641235230,"volume":"11.66100000","buyTxId":"5c512fe862282d919ac2eac038f02da50d103ab5-5","sellTxId":"e374b464db02728fbf663b069ac199ee3293fd52"}
{"index": {"_index":"sim","_id":"2456682"}}
	{"id":2456682,"type":"buy","buyer":"konvik","seller":"pi-trader","symbol":"SIM","quantity":"50000.000","price":"0.00060779","timestamp":1641236844,"volume":"30.38950000","buyTxId":"c40d241efbc4cf3e009cf8555a8fd90062b1ff86-0","sellTxId":"4b8043e1d23ab669ae06fbc5d55ef83cc07a8f51-3"}
{"index": {"_index":"sim","_id":"2456683"}}
	{"id":2456683,"type":"buy","buyer":"konvik","seller":"mmrx","symbol":"SIM","quantity":"13350.652","price":"0.00060780","timestamp":1641236844,"volume":"8.11452629","buyTxId":"c40d241efbc4cf3e009cf8555a8fd90062b1ff86-0","sellTxId":"MM-P-13625388-60612430-3-36-0"}
{"index": {"_index":"sim","_id":"2456684"}}
	{"id":2456684,"type":"buy","buyer":"konvik","seller":"brofi-market","symbol":"SIM","quantity":"0.005","price":"0.00060849","timestamp":1641236844,"volume":"0.00000304","buyTxId":"c40d241efbc4cf3e009cf8555a8fd90062b1ff86-0","sellTxId":"9928d3dc52384b9ece34fe7d53b6082c62e573af"}
{"index": {"_index":"sim","_id":"2456685"}}
	{"id":2456685,"type":"buy","buyer":"konvik","seller":"liotes.burn","symbol":"SIM","quantity":"116.175","price":"0.00060893","timestamp":1641236844,"volume":"0.07074244","buyTxId":"c40d241efbc4cf3e009cf8555a8fd90062b1ff86-0","sellTxId":"c4100d4ff401821760be87f37257bd0f322f8cc0"}
{"index": {"_index":"sim","_id":"2456686"}}
	{"id":2456686,"type":"buy","buyer":"konvik","seller":"lestrange","symbol":"SIM","quantity":"50000.000","price":"0.00060926","timestamp":1641236844,"volume":"30.46300000","buyTxId":"c40d241efbc4cf3e009cf8555a8fd90062b1ff86-0","sellTxId":"613fc71986606bc1812cffbc1a464ffb45d2a8b7"}
{"index": {"_index":"sim","_id":"2456687"}}
	{"id":2456687,"type":"buy","buyer":"konvik","seller":"desyfit","symbol":"SIM","quantity":"100000.000","price":"0.00061000","timestamp":1641236844,"volume":"61.00000000","buyTxId":"c40d241efbc4cf3e009cf8555a8fd90062b1ff86-0","sellTxId":"69fe24e1f3088b47cbad80c6af950006f460218b"}
{"index": {"_index":"sim","_id":"2456768"}}
	{"id":2456768,"type":"buy","buyer":"agolasol","seller":"pi-trader","symbol":"SIM","quantity":"150.000","price":"0.00061999","timestamp":1641237753,"volume":"0.09299850","buyTxId":"bacb1d5cfcded6cdfbf0bc161bc0c804e12b0eb0","sellTxId":"f045f45233648b5e91571a8121b2ef2ec54ac854-3"}
{"index": {"_index":"sim","_id":"2456845"}}
	{"id":2456845,"type":"sell","buyer":"pi-trader","seller":"taitux","symbol":"SIM","quantity":"36.000","price":"0.00058351","timestamp":1641238473,"volume":"0.02100636","buyTxId":"7dc249f85c675f31dad4d8f02976f7a730fe73a3-2","sellTxId":"738160aabed82e607d4137a6f0b2c07096c83a6b"}
{"index": {"_index":"sim","_id":"2457109"}}
	{"id":2457109,"type":"sell","buyer":"pi-trader","seller":"brofi-market","symbol":"SIM","quantity":"0.001","price":"0.00058353","timestamp":1641240657,"volume":"0.00000058","buyTxId":"3ad6e356873b7923f9220d557dcbc14329eb0b3a-1","sellTxId":"f39a27663df21accd3d217fccec5994c5734ca21"}
{"index": {"_index":"sim","_id":"2457135"}}
	{"id":2457135,"type":"sell","buyer":"pi-trader","seller":"petlore","symbol":"SIM","quantity":"492.240","price":"0.00058353","timestamp":1641240912,"volume":"0.28723681","buyTxId":"5b0cf521d892c9db9f55d91782744c7002a9a519-1","sellTxId":"e98ae503183f13a4c671467e763ca66406c5f62d"}
{"index": {"_index":"sim","_id":"2457230"}}
	{"id":2457230,"type":"buy","buyer":"jjprac","seller":"vincentnijman","symbol":"SIM","quantity":"2135.554","price":"0.00060000","timestamp":1641241419,"volume":"1.28133240","buyTxId":"d3f3813b13db25c466b3a00600f75aafa3d75d8e","sellTxId":"ed116e5a59a826713a208788b2c290779e09af2d"}
{"index": {"_index":"sim","_id":"2457231"}}
	{"id":2457231,"type":"buy","buyer":"jjprac","seller":"brofi-market","symbol":"SIM","quantity":"0.001","price":"0.00061997","timestamp":1641241419,"volume":"0.00000062","buyTxId":"d3f3813b13db25c466b3a00600f75aafa3d75d8e","sellTxId":"342db7d2017347bc701cbe608240e566f7d07da1"}
{"index": {"_index":"sim","_id":"2457232"}}
	{"id":2457232,"type":"buy","buyer":"jjprac","seller":"lestrange","symbol":"SIM","quantity":"7864.445","price":"0.00061998","timestamp":1641241419,"volume":"4.87579861","buyTxId":"d3f3813b13db25c466b3a00600f75aafa3d75d8e","sellTxId":"7c486baffca892d8db4a140c3e1b3ad368a26c80"}
{"index": {"_index":"sim","_id":"2457395"}}
	{"id":2457395,"type":"sell","buyer":"pi-trader","seller":"balte","symbol":"SIM","quantity":"12000.000","price":"0.00058353","timestamp":1641243363,"volume":"7.00236000","buyTxId":"874d69b415257251f665209265a57caf4b3ca19a-3","sellTxId":"e502be4322dd43e2fe59783ca0e1afa81597b83a"}
{"index": {"_index":"sim","_id":"2457423"}}
	{"id":2457423,"type":"sell","buyer":"pi-trader","seller":"cursephantom","symbol":"SIM","quantity":"2.000","price":"0.00058353","timestamp":1641243660,"volume":"0.00116706","buyTxId":"160e4b82e8e93d3ada13673eafb66f89947311d1-3","sellTxId":"a63adda5df979503f15cfbca64b992a7a69b6b34"}
{"index": {"_index":"sim","_id":"2457526"}}
	{"id":2457526,"type":"sell","buyer":"pi-trader","seller":"leizerstark","symbol":"SIM","quantity":"2100.000","price":"0.00058353","timestamp":1641244782,"volume":"1.22541300","buyTxId":"872db0639d0d762db7359c9432297e1159ea0bb7-5","sellTxId":"2269a85eff0532124d3323a987815e15cb69a6e5"}
{"index": {"_index":"sim","_id":"2457576"}}
	{"id":2457576,"type":"sell","buyer":"pi-trader","seller":"nyxlabs","symbol":"SIM","quantity":"1000.000","price":"0.00058353","timestamp":1641245310,"volume":"0.58353000","buyTxId":"6a725ff66fb3a52fabb0e528b3ca68350b432f43-3","sellTxId":"514540047bd589005ddcf295a43822a4b14d0f43"}
{"index": {"_index":"sim","_id":"2457672"}}
	{"id":2457672,"type":"sell","buyer":"pi-trader","seller":"piotr42","symbol":"SIM","quantity":"618.000","price":"0.00058353","timestamp":1641246468,"volume":"0.36062154","buyTxId":"34345b3b76e26d2f6ffdef216481b1afa5aa70e0-3","sellTxId":"a63456ef8500482e0430b6417788c997f186ffbe"}
{"index": {"_index":"sim","_id":"2457678"}}
	{"id":2457678,"type":"sell","buyer":"pi-trader","seller":"anosys","symbol":"SIM","quantity":"37.010","price":"0.00058353","timestamp":1641246513,"volume":"0.02159645","buyTxId":"5b5b74e3d22b9882f2809fb32597c55359afc343-3","sellTxId":"9835ab01b02c0a63bc1699aac0c8cf7bc9177ba3"}
{"index": {"_index":"sim","_id":"2457699"}}
	{"id":2457699,"type":"sell","buyer":"pi-trader","seller":"thahodler","symbol":"SIM","quantity":"1744.000","price":"0.00058353","timestamp":1641246726,"volume":"1.01767632","buyTxId":"40436b56504cb9edd0aa167ae089f89fa1e5bae5-1","sellTxId":"d4c61b94d87d3b056af35f6911aa280e3bfb3563"}
{"index": {"_index":"sim","_id":"2457772"}}
	{"id":2457772,"type":"buy","buyer":"notak1","seller":"medaymane","symbol":"SIM","quantity":"2232.000","price":"0.00059900","timestamp":1641247224,"volume":"1.33696800","buyTxId":"ffc3dc20a51ae5fdf2e9cf0caf756847ee4b9ac1","sellTxId":"5542a9562ed297ad17682f776ec440a6d903d600"}
{"index": {"_index":"sim","_id":"2457869"}}
	{"id":2457869,"type":"sell","buyer":"pi-trader","seller":"nrg","symbol":"SIM","quantity":"5845.000","price":"0.00058353","timestamp":1641248052,"volume":"3.41073285","buyTxId":"f87ba7eb5ed1f9261732e6436b9ccc1d7d54dd31-3","sellTxId":"4bff5fef41ceb7c3522913e1d3a48037d3754e6f-3"}
{"index": {"_index":"sim","_id":"2457889"}}
	{"id":2457889,"type":"sell","buyer":"pi-trader","seller":"otherbrandt","symbol":"SIM","quantity":"37886.000","price":"0.00058353","timestamp":1641248130,"volume":"22.10761758","buyTxId":"98b960f1d901ea812c279255f3c756d0908515fe-16","sellTxId":"fbfe0f49f70f7d2b55ba7e336b1f038c854fee13"}
{"index": {"_index":"sim","_id":"2457932"}}
	{"id":2457932,"type":"sell","buyer":"pi-trader","seller":"bashadow","symbol":"SIM","quantity":"41.884","price":"0.00058353","timestamp":1641248514,"volume":"0.02444057","buyTxId":"40525d17fd997625db3881b6a0cff2ba7473dad5-3","sellTxId":"9bc430899057cbc96b43e0368241bf87d49e6f59"}
{"index": {"_index":"sim","_id":"2457990"}}
	{"id":2457990,"type":"sell","buyer":"pi-trader","seller":"tonytrillions","symbol":"SIM","quantity":"0.025","price":"0.00058353","timestamp":1641249126,"volume":"0.00001459","buyTxId":"a94b559f5262f9385fcc531b4711e459378e623e-2","sellTxId":"1bcfee1ecd7c0b28aafb29119537998a6e55ea0c"}
{"index": {"_index":"sim","_id":"2458003"}}
	{"id":2458003,"type":"sell","buyer":"pi-trader","seller":"dswap","symbol":"SIM","quantity":"2527.000","price":"0.00058353","timestamp":1641249237,"volume":"1.47458031","buyTxId":"5636301401909fa5f4235c851c46980f3aef120e-3","sellTxId":"2e8ca80f2501b8e188d28b79811a81922302bf66"}
{"index": {"_index":"sim","_id":"2458166"}}
	{"id":2458166,"type":"sell","buyer":"pi-trader","seller":"he-index","symbol":"SIM","quantity":"326.859","price":"0.00058353","timestamp":1641250929,"volume":"0.19073203","buyTxId":"6cb6dc53b812e16fdf10d8896efe768cdd2f4355-6","sellTxId":"fe2f93589078c64dd93e50ed3013e145f840f050"}
{"index": {"_index":"sim","_id":"2458225"}}
	{"id":2458225,"type":"sell","buyer":"pi-trader","seller":"thisisawesome","symbol":"SIM","quantity":"8.653","price":"0.00058353","timestamp":1641251346,"volume":"0.00504929","buyTxId":"69cd2e223cc6e3c1b3affa524f8084e5828bdefc-5","sellTxId":"ceb33048f7f26ae96cfd6b4115f4af392fcbf0ed"}
{"index": {"_index":"sim","_id":"2458458"}}
	{"id":2458458,"type":"sell","buyer":"pi-trader","seller":"eythorphoto","symbol":"SIM","quantity":"8539.004","price":"0.00058353","timestamp":1641252651,"volume":"4.98276500","buyTxId":"57935f68b5f42e51d3eb015873e25a98b7a6787c-1","sellTxId":"15585939ae76483693785834a0567cb6c3bbd8b6"}
{"index": {"_index":"sim","_id":"2458498"}}
	{"id":2458498,"type":"buy","buyer":"svirus","seller":"steem-hodler","symbol":"SIM","quantity":"34700.000","price":"0.00061000","timestamp":1641253194,"volume":"21.16700000","buyTxId":"795d6bd840249bd2add6ba090a13eca488dc9647-0","sellTxId":"950776138c649b8a0eea4a664b32779eed2006a3"}
{"index": {"_index":"sim","_id":"2458578"}}
	{"id":2458578,"type":"sell","buyer":"pi-trader","seller":"kasaisoul","symbol":"SIM","quantity":"950.077","price":"0.00060001","timestamp":1641254712,"volume":"0.57005570","buyTxId":"b3d9fe63f69aac97933b8fd26a318ca8a575a04a-1","sellTxId":"3023b462e0b5048e244df594219209c380b7bd23"}
{"index": {"_index":"sim","_id":"2458630"}}
	{"id":2458630,"type":"sell","buyer":"pi-trader","seller":"brofi-market","symbol":"SIM","quantity":"0.002","price":"0.00060001","timestamp":1641255234,"volume":"0.00000120","buyTxId":"08e2057ddebdc8554719931b27c191ba3540478a-3","sellTxId":"ee4c0f2fae13395919a3404c796f75ca04930c11"}
{"index": {"_index":"sim","_id":"2458879"}}
	{"id":2458879,"type":"sell","buyer":"pi-trader","seller":"hirohurl","symbol":"SIM","quantity":"83.137","price":"0.00060001","timestamp":1641257337,"volume":"0.04988303","buyTxId":"f51d7dd7891c408257e3033cd77d796d9d827a13-1","sellTxId":"f05330af12060466f761d711d15f2dfa0c7141b8"}
{"index": {"_index":"sim","_id":"2459014"}}
	{"id":2459014,"type":"sell","buyer":"pi-trader","seller":"bitcoinflood","symbol":"SIM","quantity":"2240.983","price":"0.00060001","timestamp":1641259239,"volume":"1.34461221","buyTxId":"34364bf0f34581636f0f53689131c87182fbe14b-1","sellTxId":"009f5e21816bf4828564a00e00edbebed016d22c"}
{"index": {"_index":"sim","_id":"2459056"}}
	{"id":2459056,"type":"sell","buyer":"pi-trader","seller":"he-index","symbol":"SIM","quantity":"3.873","price":"0.00060001","timestamp":1641259929,"volume":"0.00232384","buyTxId":"ae37e980f75cf1ed51cd77f0f726390e69697b74-3","sellTxId":"12e78b62c0f9a5f0d88e2cce484a49796f74e4c8"}
{"index": {"_index":"sim","_id":"2459177"}}
	{"id":2459177,"type":"sell","buyer":"pi-trader","seller":"ericburgoyne","symbol":"SIM","quantity":"74.908","price":"0.00060001","timestamp":1641261126,"volume":"0.04494555","buyTxId":"62eb70c91a244595dbdc7d4218dced27cd48c98f-3","sellTxId":"84cc81ab7957e0339aa67a0e67b2187bc06c83d5"}
{"index": {"_index":"sim","_id":"2459194"}}
	{"id":2459194,"type":"sell","buyer":"pi-trader","seller":"dustindivitto","symbol":"SIM","quantity":"100000.000","price":"0.00060001","timestamp":1641261204,"volume":"60.00100000","buyTxId":"d352737e47e5114abc737645ba33ce63c3ef2d63-5","sellTxId":"0de8574a92ae2fc5e739c8badae60d917491a078"}
{"index": {"_index":"sim","_id":"2459195"}}
	{"id":2459195,"type":"sell","buyer":"cardface","seller":"dustindivitto","symbol":"SIM","quantity":"250.000","price":"0.00060000","timestamp":1641261204,"volume":"0.15000000","buyTxId":"c02a26cb204a2344c389603b8d4a19fc95cab087","sellTxId":"0de8574a92ae2fc5e739c8badae60d917491a078"}
{"index": {"_index":"sim","_id":"2459196"}}
	{"id":2459196,"type":"sell","buyer":"lestrange","seller":"dustindivitto","symbol":"SIM","quantity":"483463.000","price":"0.00058352","timestamp":1641261204,"volume":"282.11032976","buyTxId":"0e0561033fb42e12c8657d16c094a518ad860508","sellTxId":"0de8574a92ae2fc5e739c8badae60d917491a078"}
{"index": {"_index":"sim","_id":"2459197"}}
	{"id":2459197,"type":"sell","buyer":"jelly13","seller":"dustindivitto","symbol":"SIM","quantity":"342104.000","price":"0.00058350","timestamp":1641261204,"volume":"199.61768400","buyTxId":"220635d776ab7c5f86a4718b455356b12b5a41cd","sellTxId":"0de8574a92ae2fc5e739c8badae60d917491a078"}
{"index": {"_index":"sim","_id":"2459198"}}
	{"id":2459198,"type":"sell","buyer":"jelly-cz","seller":"dustindivitto","symbol":"SIM","quantity":"29835.786","price":"0.00058300","timestamp":1641261204,"volume":"17.39426324","buyTxId":"MM-P-13595763-60582798-3-29-0","sellTxId":"0de8574a92ae2fc5e739c8badae60d917491a078"}
{"index": {"_index":"sim","_id":"2459199"}}
	{"id":2459199,"type":"sell","buyer":"tdctunes","seller":"dustindivitto","symbol":"SIM","quantity":"44347.214","price":"0.00058300","timestamp":1641261204,"volume":"25.85442576","buyTxId":"021b39f8e8c970e9343822b1f7071f0e5d8ea340","sellTxId":"0de8574a92ae2fc5e739c8badae60d917491a078"}
{"index": {"_index":"sim","_id":"2459299"}}
	{"id":2459299,"type":"buy","buyer":"sevenoh-fiveoh","seller":"pi-trader","symbol":"SIM","quantity":"10000.000","price":"0.00061997","timestamp":1641262005,"volume":"6.19970000","buyTxId":"013b9ba891c2c8612fd8d8a059628824f2a51e34","sellTxId":"055f965553463e955d01ad1fd00115e350a98ef5-4"}
{"index": {"_index":"sim","_id":"2459339"}}
	{"id":2459339,"type":"sell","buyer":"pi-trader","seller":"nathanpieters","symbol":"SIM","quantity":"177.000","price":"0.00058301","timestamp":1641262440,"volume":"0.10319277","buyTxId":"181c5666e78f67a65fe6bb350a14b286dacbddd9-5","sellTxId":"a6582879ac33f0c5b5a15e7522e0a99ce8a46da6"}
{"index": {"_index":"sim","_id":"2459400"}}
	{"id":2459400,"type":"buy","buyer":"knowledge-seeker","seller":"pi-trader","symbol":"SIM","quantity":"166.000","price":"0.00061996","timestamp":1641263226,"volume":"0.10291336","buyTxId":"21958924684eca732093a194f87fd56c5bd57a5c","sellTxId":"180151b3fcbefd0513297bda8c8e15dbc5a9d643-10"}
{"index": {"_index":"sim","_id":"2459424"}}
	{"id":2459424,"type":"sell","buyer":"pi-trader","seller":"valor2s","symbol":"SIM","quantity":"31.000","price":"0.00058301","timestamp":1641263406,"volume":"0.01807331","buyTxId":"3dc42ef3189e949a937aa730955477448cfa5ecb-3","sellTxId":"c0edb1ed7b798efe14e6b56a93c7ac603a2748b5"}
{"index": {"_index":"sim","_id":"2459584"}}
	{"id":2459584,"type":"sell","buyer":"pi-trader","seller":"velourex","symbol":"SIM","quantity":"63933.770","price":"0.00058301","timestamp":1641264921,"volume":"37.27402725","buyTxId":"a39ba2e573ce3e33151b3ba60ff20a82bea6b8ba-4","sellTxId":"fe83dbad799c252a21e6669d96436cfe69e8f675"}
{"index": {"_index":"sim","_id":"2459586"}}
	{"id":2459586,"type":"sell","buyer":"pi-trader","seller":"andy4475","symbol":"SIM","quantity":"51.188","price":"0.00058301","timestamp":1641264936,"volume":"0.02984312","buyTxId":"a39ba2e573ce3e33151b3ba60ff20a82bea6b8ba-4","sellTxId":"d5c058b0fb277392a93244d7fcca5aeb083ff43d"}
{"index": {"_index":"sim","_id":"2459788"}}
	{"id":2459788,"type":"sell","buyer":"pi-trader","seller":"konvik","symbol":"SIM","quantity":"100000.000","price":"0.00058301","timestamp":1641267594,"volume":"58.30100000","buyTxId":"3850c823fdaaabb95e1710d6873921bced6f4c0c-3","sellTxId":"6a5a91627d97218556c8d1dda8ea65c3dd2f6bf2-1"}
{"index": {"_index":"sim","_id":"2459789"}}
	{"id":2459789,"type":"sell","buyer":"tdctunes","seller":"konvik","symbol":"SIM","quantity":"54652.786","price":"0.00058300","timestamp":1641267594,"volume":"31.86257424","buyTxId":"021b39f8e8c970e9343822b1f7071f0e5d8ea340","sellTxId":"6a5a91627d97218556c8d1dda8ea65c3dd2f6bf2-1"}
{"index": {"_index":"sim","_id":"2459790"}}
	{"id":2459790,"type":"sell","buyer":"jelly-cz","seller":"konvik","symbol":"SIM","quantity":"30874.786","price":"0.00058300","timestamp":1641267594,"volume":"18.00000024","buyTxId":"MM-P-13633558-60620603-3-29-0","sellTxId":"6a5a91627d97218556c8d1dda8ea65c3dd2f6bf2-1"}
{"index": {"_index":"sim","_id":"2459791"}}
	{"id":2459791,"type":"sell","buyer":"d-pend","seller":"konvik","symbol":"SIM","quantity":"100000.000","price":"0.00058000","timestamp":1641267594,"volume":"58.00000000","buyTxId":"f54885d24ed48e08f8700e1ad8de65454e751558","sellTxId":"6a5a91627d97218556c8d1dda8ea65c3dd2f6bf2-1"}
{"index": {"_index":"sim","_id":"2459792"}}
	{"id":2459792,"type":"sell","buyer":"enginemaker","seller":"konvik","symbol":"SIM","quantity":"43103.448","price":"0.00058000","timestamp":1641267594,"volume":"24.99999984","buyTxId":"MM-P-13589980-60577014-3-2-0","sellTxId":"6a5a91627d97218556c8d1dda8ea65c3dd2f6bf2-1"}
{"index": {"_index":"sim","_id":"2459793"}}
	{"id":2459793,"type":"sell","buyer":"jelly13","seller":"konvik","symbol":"SIM","quantity":"159159.000","price":"0.00057100","timestamp":1641267594,"volume":"90.87978900","buyTxId":"0aab7b7d5a7f9f184fa3fc5f5f87b76b9b09e19d","sellTxId":"6a5a91627d97218556c8d1dda8ea65c3dd2f6bf2-1"}
{"index": {"_index":"sim","_id":"2459794"}}
	{"id":2459794,"type":"sell","buyer":"d-pend","seller":"konvik","symbol":"SIM","quantity":"99900.997","price":"0.00057000","timestamp":1641267612,"volume":"56.94356829","buyTxId":"727142d03550a155115b8e3257e9ae0adc645fe1","sellTxId":"a4b127734245dcba22c6d2b8650b36e2a6c4842e-1"}
