{"index": {"_index":"sim","_id":"3350733"}}
	{"id":3350733,"type":"sell","buyer":"savagebits","seller":"papacrusher","symbol":"SIM","quantity":"18.722","price":"0.00040000","timestamp":1651715640,"volume":"0.00748880","buyTxId":"82b1ed2e4dc5fd14b00ada9d11226020c3f47e54","sellTxId":"8b5eb121b84c1a316afb6a5a731f5e8ecbc50172"}
{"index": {"_index":"sim","_id":"3350792"}}
	{"id":3350792,"type":"sell","buyer":"savagebits","seller":"powerpaul","symbol":"SIM","quantity":"715.386","price":"0.00040000","timestamp":1651716138,"volume":"0.28615440","buyTxId":"82b1ed2e4dc5fd14b00ada9d11226020c3f47e54","sellTxId":"d4b7155f7f1ad9e22061e49bcee8a2cda16bea5f"}
{"index": {"_index":"sim","_id":"3351148"}}
	{"id":3351148,"type":"sell","buyer":"ana-maria","seller":"gsauce1989","symbol":"SIM","quantity":"740.000","price":"0.00040010","timestamp":1651720263,"volume":"0.29607400","buyTxId":"81133fd1d8b55da55067e5d0f9221593df2c5da1","sellTxId":"b95e715b5ad9ac116e32714e53d0c387ce23ed4e"}
{"index": {"_index":"sim","_id":"3351166"}}
	{"id":3351166,"type":"sell","buyer":"ana-maria","seller":"goldcoin","symbol":"SIM","quantity":"27.288","price":"0.00040010","timestamp":1651720476,"volume":"0.01091793","buyTxId":"81133fd1d8b55da55067e5d0f9221593df2c5da1","sellTxId":"5b6b2ce5cb92ec481f795d4f5f1d96bdd62976fc"}
{"index": {"_index":"sim","_id":"3351267"}}
	{"id":3351267,"type":"sell","buyer":"ana-maria","seller":"danewilliams","symbol":"SIM","quantity":"24232.712","price":"0.00040010","timestamp":1651721799,"volume":"9.69550807","buyTxId":"81133fd1d8b55da55067e5d0f9221593df2c5da1","sellTxId":"4b0da7bb820741fbff66ce47d8d776f7f0a71303"}
{"index": {"_index":"sim","_id":"3351268"}}
	{"id":3351268,"type":"sell","buyer":"savagebits","seller":"danewilliams","symbol":"SIM","quantity":"14254.800","price":"0.00040000","timestamp":1651721799,"volume":"5.70192000","buyTxId":"82b1ed2e4dc5fd14b00ada9d11226020c3f47e54","sellTxId":"4b0da7bb820741fbff66ce47d8d776f7f0a71303"}
{"index": {"_index":"sim","_id":"3351505"}}
	{"id":3351505,"type":"sell","buyer":"jelly-cz","seller":"automaton","symbol":"SIM","quantity":"726.000","price":"0.00039802","timestamp":1651725852,"volume":"0.28896252","buyTxId":"MM-P-17101794-64091477-3-31-0","sellTxId":"8b30f245957ef8bca0d10418eda95dc36371f8c5"}
{"index": {"_index":"sim","_id":"3351696"}}
	{"id":3351696,"type":"sell","buyer":"jelly-cz","seller":"theguruasia","symbol":"SIM","quantity":"1416.638","price":"0.00039802","timestamp":1651729299,"volume":"0.56385026","buyTxId":"MM-P-17101794-64091477-3-31-0","sellTxId":"a3de0d06d327b86c42d3e84e20ca895d986a513e"}
{"index": {"_index":"sim","_id":"3351933"}}
	{"id":3351933,"type":"sell","buyer":"jelly-cz","seller":"dhedge-drips","symbol":"SIM","quantity":"0.001","price":"0.00039802","timestamp":1651733121,"volume":"0.00000040","buyTxId":"MM-P-17101794-64091477-3-31-0","sellTxId":"1d40d17234922c6c4e1a223b5022b9ac440b0194"}
{"index": {"_index":"sim","_id":"3352392"}}
	{"id":3352392,"type":"buy","buyer":"low-key103","seller":"nftmart.fees","symbol":"SIM","quantity":"77.000","price":"0.00039986","timestamp":1651738992,"volume":"0.03078922","buyTxId":"86c6745bcd2f67a082b4d93ca53d4887a8addbc6","sellTxId":"d8415f03135cdcbaa6ebf80ea18fcb9d90b37d8a-0"}
{"index": {"_index":"sim","_id":"3352519"}}
	{"id":3352519,"type":"buy","buyer":"jelly-cz","seller":"nftmart.fees","symbol":"SIM","quantity":"77.000","price":"0.00039990","timestamp":1651740366,"volume":"0.03079230","buyTxId":"8deb95c2c7487cf7d7e816fc7462d90860a5eead","sellTxId":"c677eab6a0b962de1dabce734a7d61c98ad8a1f9-0"}
{"index": {"_index":"sim","_id":"3352520"}}
	{"id":3352520,"type":"buy","buyer":"jelly-cz","seller":"dhedge-drips","symbol":"SIM","quantity":"0.001","price":"0.00039991","timestamp":1651740366,"volume":"0.00000040","buyTxId":"8deb95c2c7487cf7d7e816fc7462d90860a5eead","sellTxId":"b4576c48f588652f73b02962a1c675e5ea17a84c"}
{"index": {"_index":"sim","_id":"3352521"}}
	{"id":3352521,"type":"buy","buyer":"jelly-cz","seller":"danewilliams","symbol":"SIM","quantity":"35510.102","price":"0.00040000","timestamp":1651740366,"volume":"14.20404080","buyTxId":"8deb95c2c7487cf7d7e816fc7462d90860a5eead","sellTxId":"4b0da7bb820741fbff66ce47d8d776f7f0a71303"}
{"index": {"_index":"sim","_id":"3352615"}}
	{"id":3352615,"type":"buy","buyer":"assassyn","seller":"nftmart.fees","symbol":"SIM","quantity":"67.000","price":"0.00040632","timestamp":1651741554,"volume":"0.02722344","buyTxId":"23d24b92f48250048931b692ee921055235c40eb","sellTxId":"dc7a236c04a7c9c8f93249ba03681ec7ad27da57-0"}
{"index": {"_index":"sim","_id":"3352638"}}
	{"id":3352638,"type":"buy","buyer":"dechuck","seller":"pi-trader","symbol":"SIM","quantity":"200.000","price":"0.00040633","timestamp":1651741740,"volume":"0.08126600","buyTxId":"bcdd197e540edabe2bc549c98579351ee59d7bb1","sellTxId":"05a7a5e29ab3e14b94a46a307c885d3b1445c5c1-2"}
{"index": {"_index":"sim","_id":"3352655"}}
	{"id":3352655,"type":"sell","buyer":"assassyn","seller":"nftmart.fees","symbol":"SIM","quantity":"58.000","price":"0.00040632","timestamp":1651741878,"volume":"0.02356656","buyTxId":"23d24b92f48250048931b692ee921055235c40eb","sellTxId":"ee730c16dd0aa14548d7c1b2b9c745289726aa02-0"}
{"index": {"_index":"sim","_id":"3352708"}}
	{"id":3352708,"type":"buy","buyer":"low-key103","seller":"pi-trader","symbol":"SIM","quantity":"4340.385","price":"0.00040633","timestamp":1651742355,"volume":"1.76362864","buyTxId":"7dd1cee687af57da533ba02ebade260f85ebfc92","sellTxId":"15464a9bac6d00b8fe251e90bc21798614b8adad-10"}
{"index": {"_index":"sim","_id":"3352769"}}
	{"id":3352769,"type":"buy","buyer":"xbee","seller":"pi-trader","symbol":"SIM","quantity":"18663.664","price":"0.00040633","timestamp":1651742787,"volume":"7.58360659","buyTxId":"5bd284feba7399464d02b2d66729db73db8fafd9","sellTxId":"3dcb63bcc5d3bccd12cf8f0fda402e0ac4ffc55a-10"}
{"index": {"_index":"sim","_id":"3352784"}}
	{"id":3352784,"type":"sell","buyer":"assassyn","seller":"nftmart.fees","symbol":"SIM","quantity":"51.000","price":"0.00040632","timestamp":1651743078,"volume":"0.02072232","buyTxId":"23d24b92f48250048931b692ee921055235c40eb","sellTxId":"a652fa6b6b9e60129b464225198f10cec1b06bbe-0"}
{"index": {"_index":"sim","_id":"3352791"}}
	{"id":3352791,"type":"sell","buyer":"assassyn","seller":"dswap","symbol":"SIM","quantity":"3.895","price":"0.00040632","timestamp":1651743135,"volume":"0.00158262","buyTxId":"23d24b92f48250048931b692ee921055235c40eb","sellTxId":"920b356e439d6d3f717ff2a1a487633691eb5393"}
{"index": {"_index":"sim","_id":"3352885"}}
	{"id":3352885,"type":"sell","buyer":"assassyn","seller":"nftmart.fees","symbol":"SIM","quantity":"44.000","price":"0.00040632","timestamp":1651744278,"volume":"0.01787808","buyTxId":"23d24b92f48250048931b692ee921055235c40eb","sellTxId":"e3d22af8e81714e79c8904edaf77ad5d514bf14e-0"}
{"index": {"_index":"sim","_id":"3353012"}}
	{"id":3353012,"type":"sell","buyer":"assassyn","seller":"nftmart.fees","symbol":"SIM","quantity":"38.000","price":"0.00040632","timestamp":1651745478,"volume":"0.01544016","buyTxId":"23d24b92f48250048931b692ee921055235c40eb","sellTxId":"c4ab53df3c8645098f3a1f5319ffd0e9b3eab2e0-0"}
{"index": {"_index":"sim","_id":"3353123"}}
	{"id":3353123,"type":"sell","buyer":"assassyn","seller":"nftmart.fees","symbol":"SIM","quantity":"33.000","price":"0.00040632","timestamp":1651746678,"volume":"0.01340856","buyTxId":"23d24b92f48250048931b692ee921055235c40eb","sellTxId":"c0c5c85d6b28b0a5ba5a4985172dd8494c0f6ee9-0"}
{"index": {"_index":"sim","_id":"3353144"}}
	{"id":3353144,"type":"buy","buyer":"ravenmus1c","seller":"pi-trader","symbol":"SIM","quantity":"200.000","price":"0.00040633","timestamp":1651746891,"volume":"0.08126600","buyTxId":"e67c4454f08feda9585cafc58c0f8448828ad9ac","sellTxId":"738b784cda251c5faa237edf47eec4857b4ef22b-6"}
{"index": {"_index":"sim","_id":"3353187"}}
	{"id":3353187,"type":"buy","buyer":"ravenmus1c","seller":"pi-trader","symbol":"SIM","quantity":"300.000","price":"0.00040633","timestamp":1651747257,"volume":"0.12189900","buyTxId":"36783680753e7d3c4e2bb69be72b40d88fec2788","sellTxId":"657d6a0ce550866aa6cea1b9093b3275a52db261-4"}
{"index": {"_index":"sim","_id":"3353194"}}
	{"id":3353194,"type":"buy","buyer":"ravenmus1c","seller":"pi-trader","symbol":"SIM","quantity":"200.000","price":"0.00040633","timestamp":1651747467,"volume":"0.08126600","buyTxId":"67ff469d6424a8b8c6250babd82a54d7eb514f21","sellTxId":"0da906a04b724e4f73c45439de12a0803c672dd5-3"}
{"index": {"_index":"sim","_id":"3353202"}}
	{"id":3353202,"type":"buy","buyer":"ravenmus1c","seller":"pi-trader","symbol":"SIM","quantity":"800.000","price":"0.00040633","timestamp":1651747545,"volume":"0.32506400","buyTxId":"3449170e76c4698118b4fdcbac25bb883f2dddd3","sellTxId":"0c8ca6a4e53ec4d65c55e7b5f925dcbe4ce7d4c5-6"}
{"index": {"_index":"sim","_id":"3353221"}}
	{"id":3353221,"type":"buy","buyer":"ravenmus1c","seller":"pi-trader","symbol":"SIM","quantity":"1650.000","price":"0.00040633","timestamp":1651747869,"volume":"0.67044450","buyTxId":"b3159b78c74ecd133922500c73486600b3844255","sellTxId":"0d7635732b57c26658ee6af68f054838c8108c63-6"}
{"index": {"_index":"sim","_id":"3353223"}}
	{"id":3353223,"type":"sell","buyer":"assassyn","seller":"nftmart.fees","symbol":"SIM","quantity":"29.000","price":"0.00040632","timestamp":1651747878,"volume":"0.01178328","buyTxId":"23d24b92f48250048931b692ee921055235c40eb","sellTxId":"fd698c9e03faaa5d03d2042fa406343c6e33fe06-0"}
{"index": {"_index":"sim","_id":"3353234"}}
	{"id":3353234,"type":"buy","buyer":"ravenmus1c","seller":"pi-trader","symbol":"SIM","quantity":"100.000","price":"0.00040633","timestamp":1651748031,"volume":"0.04063300","buyTxId":"cf6fba7b5622996125382eb0d5229e06ccf5b764","sellTxId":"1c5401c91679f1c3454dda3cd2711870b874a88e-4"}
{"index": {"_index":"sim","_id":"3353257"}}
	{"id":3353257,"type":"buy","buyer":"ravenmus1c","seller":"pi-trader","symbol":"SIM","quantity":"650.000","price":"0.00040633","timestamp":1651748190,"volume":"0.26411450","buyTxId":"80f2d296f5980361b9b10f04d8b4bf0c8f928b5e","sellTxId":"64dfc0d9ab1d6e258f15055b84728964a416c075-2"}
{"index": {"_index":"sim","_id":"3353312"}}
	{"id":3353312,"type":"sell","buyer":"assassyn","seller":"nftmart.fees","symbol":"SIM","quantity":"25.000","price":"0.00040632","timestamp":1651749078,"volume":"0.01015800","buyTxId":"23d24b92f48250048931b692ee921055235c40eb","sellTxId":"febaccf2be07d59414343be62e29882b301150c5-0"}
{"index": {"_index":"sim","_id":"3353356"}}
	{"id":3353356,"type":"buy","buyer":"ravenmus1c","seller":"pi-trader","symbol":"SIM","quantity":"2800.000","price":"0.00040633","timestamp":1651749507,"volume":"1.13772400","buyTxId":"2f40dcd44188cce14815155d0dd46914a1ba670e","sellTxId":"f1dcffcc29ab65f758e0712994b23ab2e092cf6b-2"}
{"index": {"_index":"sim","_id":"3353375"}}
	{"id":3353375,"type":"buy","buyer":"ravenmus1c","seller":"pi-trader","symbol":"SIM","quantity":"30000.000","price":"0.00040633","timestamp":1651749768,"volume":"12.18990000","buyTxId":"6827d8398ce2badb75de457f904597692cd19940","sellTxId":"25ff1e58fd22d84bebfeca15ac7c0bd6fe3db3dc-1"}
{"index": {"_index":"sim","_id":"3353397"}}
	{"id":3353397,"type":"buy","buyer":"ravenmus1c","seller":"pi-trader","symbol":"SIM","quantity":"20000.000","price":"0.00040633","timestamp":1651749984,"volume":"8.12660000","buyTxId":"281b0a6f4674d14a8cad1d0e716b194aea164342","sellTxId":"4c842e403899f5e4d06bad56f83bc8b433daff69-4"}
{"index": {"_index":"sim","_id":"3353437"}}
	{"id":3353437,"type":"sell","buyer":"assassyn","seller":"nftmart.fees","symbol":"SIM","quantity":"22.000","price":"0.00040632","timestamp":1651750278,"volume":"0.00893904","buyTxId":"23d24b92f48250048931b692ee921055235c40eb","sellTxId":"5d55a3162e5b741109e091775d5a2d693e88b618-0"}
{"index": {"_index":"sim","_id":"3353545"}}
	{"id":3353545,"type":"sell","buyer":"assassyn","seller":"nftmart.fees","symbol":"SIM","quantity":"19.000","price":"0.00040632","timestamp":1651751478,"volume":"0.00772008","buyTxId":"23d24b92f48250048931b692ee921055235c40eb","sellTxId":"bbd715acf95af5e9be46069b595bffe0e7ea325e-0"}
{"index": {"_index":"sim","_id":"3353573"}}
	{"id":3353573,"type":"sell","buyer":"assassyn","seller":"drakienrising","symbol":"SIM","quantity":"60.105","price":"0.00040632","timestamp":1651751862,"volume":"0.02442186","buyTxId":"23d24b92f48250048931b692ee921055235c40eb","sellTxId":"2c68885f5a633d9cd14b9cf739b781012448d499"}
{"index": {"_index":"sim","_id":"3353574"}}
	{"id":3353574,"type":"sell","buyer":"jelly-cz","seller":"drakienrising","symbol":"SIM","quantity":"14939.895","price":"0.00040000","timestamp":1651751862,"volume":"5.97595800","buyTxId":"86267825fdeeaa8a381f0a60de170ed7e54361c0","sellTxId":"2c68885f5a633d9cd14b9cf739b781012448d499"}
{"index": {"_index":"sim","_id":"3353634"}}
	{"id":3353634,"type":"buy","buyer":"ianmcg","seller":"pi-trader","symbol":"SIM","quantity":"50000.000","price":"0.00040633","timestamp":1651752378,"volume":"20.31650000","buyTxId":"3558a863a8ba4749586109f9ce85a3d16a9b9b96","sellTxId":"b268202f8a42eb5cc35ed6c65c815540d3014f5f-10"}
{"index": {"_index":"sim","_id":"3353635"}}
	{"id":3353635,"type":"buy","buyer":"ianmcg","seller":"pinkfloyd878","symbol":"SIM","quantity":"5500.000","price":"0.00040634","timestamp":1651752378,"volume":"2.23487000","buyTxId":"3558a863a8ba4749586109f9ce85a3d16a9b9b96","sellTxId":"5ac8b1ca3bcb601cfbf203ac5831a2ca77af8e7f"}
{"index": {"_index":"sim","_id":"3353636"}}
	{"id":3353636,"type":"buy","buyer":"ianmcg","seller":"dhedge-drips","symbol":"SIM","quantity":"10.499","price":"0.00040640","timestamp":1651752378,"volume":"0.00426679","buyTxId":"3558a863a8ba4749586109f9ce85a3d16a9b9b96","sellTxId":"4ff4d99e75bb607cabb53aeb33c526393b2b14bc"}
{"index": {"_index":"sim","_id":"3353637"}}
	{"id":3353637,"type":"buy","buyer":"ianmcg","seller":"he-index","symbol":"SIM","quantity":"91.885","price":"0.00040641","timestamp":1651752378,"volume":"0.03734298","buyTxId":"3558a863a8ba4749586109f9ce85a3d16a9b9b96","sellTxId":"7321a863226b0f50d6a8f1c2fa07f2469eda999a"}
{"index": {"_index":"sim","_id":"3353638"}}
	{"id":3353638,"type":"sell","buyer":"ianmcg","seller":"konvik","symbol":"SIM","quantity":"829417.982","price":"0.00041000","timestamp":1651752381,"volume":"340.06137262","buyTxId":"3558a863a8ba4749586109f9ce85a3d16a9b9b96","sellTxId":"4da638636bc29673d7c0db2c0a95798a0100ce72-1"}
{"index": {"_index":"sim","_id":"3353679"}}
	{"id":3353679,"type":"sell","buyer":"pi-trader","seller":"steem82868","symbol":"SIM","quantity":"0.010","price":"0.00040001","timestamp":1651752666,"volume":"0.00000400","buyTxId":"5aa7676c8a638f7da6f81d611f8c9304d17bb813-4","sellTxId":"b7f2e43c1279c6713f2ced1577ce1e6808ac4f24"}
{"index": {"_index":"sim","_id":"3353812"}}
	{"id":3353812,"type":"sell","buyer":"pi-trader","seller":"sanjie","symbol":"SIM","quantity":"23275.070","price":"0.00040305","timestamp":1651754340,"volume":"9.38101696","buyTxId":"c3e14aa7b69b851f174efd6d73f14e1762cb48f6-1","sellTxId":"b7764d5b8f7eda3954892b6e1f5fcd5f445f4d7f"}
{"index": {"_index":"sim","_id":"3353960"}}
	{"id":3353960,"type":"sell","buyer":"jelly-cz","seller":"linco","symbol":"SIM","quantity":"389.000","price":"0.00040756","timestamp":1651756113,"volume":"0.15854084","buyTxId":"MM-P-17119344-64109038-3-31-0","sellTxId":"7a1ca6ab9df88c7a661a8554d3126f6696529b1b"}
{"index": {"_index":"sim","_id":"3354056"}}
	{"id":3354056,"type":"sell","buyer":"jelly-cz","seller":"independance","symbol":"SIM","quantity":"0.310","price":"0.00040756","timestamp":1651757133,"volume":"0.00012634","buyTxId":"MM-P-17119344-64109038-3-31-0","sellTxId":"a1df6d884542e8920a5bb613aceaf31cb2b5bebb"}
{"index": {"_index":"sim","_id":"3354132"}}
	{"id":3354132,"type":"sell","buyer":"jelly-cz","seller":"jimy1111","symbol":"SIM","quantity":"462.170","price":"0.00040756","timestamp":1651758048,"volume":"0.18836201","buyTxId":"MM-P-17119344-64109038-3-31-0","sellTxId":"dc0d84937df45aaed8142087964bab9386bd9da7"}
{"index": {"_index":"sim","_id":"3354605"}}
	{"id":3354605,"type":"sell","buyer":"jelly-cz","seller":"rickardoh","symbol":"SIM","quantity":"35.357","price":"0.00040756","timestamp":1651762860,"volume":"0.01441010","buyTxId":"MM-P-17119344-64109038-3-31-0","sellTxId":"04162b4179b6e66075168613a48008ca4b247571"}
{"index": {"_index":"sim","_id":"3355000"}}
	{"id":3355000,"type":"buy","buyer":"maryjane.main","seller":"nftmart.fees","symbol":"SIM","quantity":"15.000","price":"0.00041932","timestamp":1651766835,"volume":"0.00628980","buyTxId":"37655c3b3444f8a5ab1e5f5dad46327c8ac00742","sellTxId":"6cd194f0328c20b32ab020d134e839926d79e1aa-0"}
{"index": {"_index":"sim","_id":"3355001"}}
	{"id":3355001,"type":"buy","buyer":"maryjane.main","seller":"dhedge-drips","symbol":"SIM","quantity":"0.001","price":"0.00041944","timestamp":1651766835,"volume":"0.00000042","buyTxId":"37655c3b3444f8a5ab1e5f5dad46327c8ac00742","sellTxId":"74832b6b83263645fd9d7b215e3526908375e73d"}
{"index": {"_index":"sim","_id":"3355002"}}
	{"id":3355002,"type":"buy","buyer":"maryjane.main","seller":"dhedge-drips","symbol":"SIM","quantity":"10.499","price":"0.00041947","timestamp":1651766835,"volume":"0.00440402","buyTxId":"37655c3b3444f8a5ab1e5f5dad46327c8ac00742","sellTxId":"c367f8a62871f14d1e7a1f593f56fc99f40342f0"}
{"index": {"_index":"sim","_id":"3355003"}}
	{"id":3355003,"type":"buy","buyer":"maryjane.main","seller":"pi-trader","symbol":"SIM","quantity":"2974.500","price":"0.00041979","timestamp":1651766835,"volume":"1.24866536","buyTxId":"37655c3b3444f8a5ab1e5f5dad46327c8ac00742","sellTxId":"8841cb95acde9c9856f5c8ff303aa82f8896a2a5-1"}
{"index": {"_index":"sim","_id":"3355176"}}
	{"id":3355176,"type":"sell","buyer":"jelly13","seller":"denmarkguy","symbol":"SIM","quantity":"0.982","price":"0.00040605","timestamp":1651768362,"volume":"0.00039874","buyTxId":"bc74a9875b414c841db6d4cbe7d4e390b461b858","sellTxId":"d4b8068ff4a77b18c397013df41a312df2a2827b"}
{"index": {"_index":"sim","_id":"3355462"}}
	{"id":3355462,"type":"sell","buyer":"jelly-cz","seller":"topdollar001","symbol":"SIM","quantity":"7226","price":"0.00040756","timestamp":1651770981,"volume":"2.94502856","buyTxId":"MM-P-17123534-64113231-3-31-0","sellTxId":"64376fcb37063f35a13b28f3942abc237fb0d3d3"}
{"index": {"_index":"sim","_id":"3355562"}}
	{"id":3355562,"type":"sell","buyer":"jelly-cz","seller":"hive-189742","symbol":"SIM","quantity":"1.666","price":"0.00040756","timestamp":1651771710,"volume":"0.00067899","buyTxId":"MM-P-17123534-64113231-3-31-0","sellTxId":"527e52296549b11b923f5c59f40ee3f834cbf6e2"}
{"index": {"_index":"sim","_id":"3355620"}}
	{"id":3355620,"type":"buy","buyer":"boycharlieplays","seller":"nftmart.fees","symbol":"SIM","quantity":"13.000","price":"0.00041974","timestamp":1651772361,"volume":"0.00545662","buyTxId":"4cadb9821a79d09fb34ca035cb7e0e10e7bf37d3","sellTxId":"d8220bf07eaf26dcaa4547f8102370f420911fee-0"}
{"index": {"_index":"sim","_id":"3355621"}}
	{"id":3355621,"type":"buy","buyer":"boycharlieplays","seller":"pi-trader","symbol":"SIM","quantity":"9515.375","price":"0.00041979","timestamp":1651772361,"volume":"3.99445927","buyTxId":"4cadb9821a79d09fb34ca035cb7e0e10e7bf37d3","sellTxId":"4a02a77bfe00806d1544e31d65a45b7a433fb386-2"}
{"index": {"_index":"sim","_id":"3355982"}}
	{"id":3355982,"type":"sell","buyer":"jelly-cz","seller":"crypto-dz","symbol":"SIM","quantity":"2649.550","price":"0.00040756","timestamp":1651774908,"volume":"1.07985060","buyTxId":"MM-P-17123534-64113231-3-31-0","sellTxId":"6a40e8739c0748f211a410d998c307cead9d9340"}
{"index": {"_index":"sim","_id":"3356124"}}
	{"id":3356124,"type":"buy","buyer":"assassyn","seller":"nftmart.fees","symbol":"SIM","quantity":"14.000","price":"0.00041976","timestamp":1651776201,"volume":"0.00587664","buyTxId":"3892e60b5b0b3ad3e33da02143775f4c6f3932e3","sellTxId":"ea81199e2908ef20192ba6c804963c5628adf178-0"}
{"index": {"_index":"sim","_id":"3356187"}}
	{"id":3356187,"type":"sell","buyer":"assassyn","seller":"nftmart.fees","symbol":"SIM","quantity":"14.000","price":"0.00041978","timestamp":1651776678,"volume":"0.00587692","buyTxId":"3892e60b5b0b3ad3e33da02143775f4c6f3932e3","sellTxId":"caa8cceb032fcd5d40a6962ae04b30b8fc20703f-0"}
{"index": {"_index":"sim","_id":"3356308"}}
	{"id":3356308,"type":"sell","buyer":"assassyn","seller":"lisamgentile1961","symbol":"SIM","quantity":"22.045","price":"0.00041978","timestamp":1651777806,"volume":"0.00925405","buyTxId":"3892e60b5b0b3ad3e33da02143775f4c6f3932e3","sellTxId":"a17b251fd06ef116e29f62abd597a1a89b684461"}
{"index": {"_index":"sim","_id":"3356321"}}
	{"id":3356321,"type":"sell","buyer":"assassyn","seller":"nftmart.fees","symbol":"SIM","quantity":"12.000","price":"0.00041978","timestamp":1651777878,"volume":"0.00503736","buyTxId":"3892e60b5b0b3ad3e33da02143775f4c6f3932e3","sellTxId":"6510e4a4d3d42552af3427628bf994479af40e59-0"}
{"index": {"_index":"sim","_id":"3356342"}}
	{"id":3356342,"type":"sell","buyer":"assassyn","seller":"medaymane","symbol":"SIM","quantity":"117.955","price":"0.00041978","timestamp":1651778076,"volume":"0.04951515","buyTxId":"3892e60b5b0b3ad3e33da02143775f4c6f3932e3","sellTxId":"61078230af56d39cfe76f370ea61f3ff8747743e"}
{"index": {"_index":"sim","_id":"3356381"}}
	{"id":3356381,"type":"buy","buyer":"forsakensushi","seller":"medaymane","symbol":"SIM","quantity":"2254.045","price":"0.00040970","timestamp":1651778283,"volume":"0.92348224","buyTxId":"0489e2d18e19fbfa9a12e259eb204921dfb6656b","sellTxId":"d9ee7a2e4e5cb596ed7eb713d29fd475836ab612"}
{"index": {"_index":"sim","_id":"3356385"}}
	{"id":3356385,"type":"sell","buyer":"forsakensushi","seller":"florian-glechner","symbol":"SIM","quantity":"64.026","price":"0.00040970","timestamp":1651778301,"volume":"0.02623145","buyTxId":"0489e2d18e19fbfa9a12e259eb204921dfb6656b","sellTxId":"e602edc99cf924c8bb40f68b6564dc1ca86b4ee6"}
{"index": {"_index":"sim","_id":"3356389"}}
	{"id":3356389,"type":"buy","buyer":"forsakensushi","seller":"pi-trader","symbol":"SIM","quantity":"2323.010","price":"0.00041979","timestamp":1651778316,"volume":"0.97517637","buyTxId":"538689cb982e3adf3ab13a733635e95642c46e30","sellTxId":"e2bc9ca06fc455615c2bf2fe6ccc1916c0952b8e-8"}
{"index": {"_index":"sim","_id":"3356408"}}
	{"id":3356408,"type":"sell","buyer":"forsakensushi","seller":"crypto-dz","symbol":"SIM","quantity":"7935.974","price":"0.00040970","timestamp":1651778541,"volume":"3.25136855","buyTxId":"0489e2d18e19fbfa9a12e259eb204921dfb6656b","sellTxId":"68107c13ac241f2cde7e48cbf7b3e904bf389d83"}
{"index": {"_index":"sim","_id":"3356414"}}
	{"id":3356414,"type":"buy","buyer":"forsakensushi","seller":"crypto-dz","symbol":"SIM","quantity":"262.476","price":"0.00040970","timestamp":1651778589,"volume":"0.10753642","buyTxId":"5b558565a052018f0bb077dbabd76c60e844f2fc","sellTxId":"68107c13ac241f2cde7e48cbf7b3e904bf389d83"}
{"index": {"_index":"sim","_id":"3356415"}}
	{"id":3356415,"type":"buy","buyer":"forsakensushi","seller":"axeman","symbol":"SIM","quantity":"545.050","price":"0.00041980","timestamp":1651778589,"volume":"0.22881199","buyTxId":"5b558565a052018f0bb077dbabd76c60e844f2fc","sellTxId":"35aadad2c9cfb6edfc56067d3e873902fb915c63"}
{"index": {"_index":"sim","_id":"3356416"}}
	{"id":3356416,"type":"buy","buyer":"forsakensushi","seller":"he-index","symbol":"SIM","quantity":"23.060","price":"0.00041999","timestamp":1651778589,"volume":"0.00968497","buyTxId":"5b558565a052018f0bb077dbabd76c60e844f2fc","sellTxId":"82ff32db871fc0d97cabad8c621bbea30041c91a"}
{"index": {"_index":"sim","_id":"3356417"}}
	{"id":3356417,"type":"buy","buyer":"forsakensushi","seller":"crypto-dz","symbol":"SIM","quantity":"2299.950","price":"0.00041999","timestamp":1651778589,"volume":"0.96595600","buyTxId":"5b558565a052018f0bb077dbabd76c60e844f2fc","sellTxId":"0a591e3c7faafbe29f57dc680f9316935902051b"}
{"index": {"_index":"sim","_id":"3356418"}}
	{"id":3356418,"type":"buy","buyer":"forsakensushi","seller":"upali","symbol":"SIM","quantity":"2738.634","price":"0.00042000","timestamp":1651778589,"volume":"1.15022628","buyTxId":"5b558565a052018f0bb077dbabd76c60e844f2fc","sellTxId":"3446202380e44671641c7a88d29971bddee484ff"}
{"index": {"_index":"sim","_id":"3356434"}}
	{"id":3356434,"type":"sell","buyer":"pi-trader","seller":"bitcoinflood","symbol":"SIM","quantity":"401.022","price":"0.00040758","timestamp":1651778754,"volume":"0.16344855","buyTxId":"f244cae02875c98d2c4c9bd6adbfb3f3674be2a6-3","sellTxId":"f0a2914bcffc8d086e8ae093cbc3e4876819e26b"}
{"index": {"_index":"sim","_id":"3356514"}}
	{"id":3356514,"type":"sell","buyer":"jelly-cz","seller":"medaymane","symbol":"SIM","quantity":"406.000","price":"0.00040909","timestamp":1651779282,"volume":"0.16609054","buyTxId":"MM-P-17127024-64116723-3-31-0","sellTxId":"a41611cfc95723e5395093454ef881bef61154e0"}
{"index": {"_index":"sim","_id":"3356629"}}
	{"id":3356629,"type":"sell","buyer":"jelly-cz","seller":"discohedge","symbol":"SIM","quantity":"838.552","price":"0.00040909","timestamp":1651780716,"volume":"0.34304324","buyTxId":"MM-P-17127024-64116723-3-31-0","sellTxId":"a6ebfba86a6f2f185c1094b5130ef4bc80f33cdd"}
{"index": {"_index":"sim","_id":"3356686"}}
	{"id":3356686,"type":"buy","buyer":"maryjane.main","seller":"nftmart.fees","symbol":"SIM","quantity":"17.000","price":"0.00041997","timestamp":1651781112,"volume":"0.00713949","buyTxId":"db8ef82edfe7b33fa42b8227eb289ed6627f7cc1","sellTxId":"423dbe508551836fdb0bd8493b76d8df3744030c-0"}
{"index": {"_index":"sim","_id":"3356687"}}
	{"id":3356687,"type":"buy","buyer":"maryjane.main","seller":"upali","symbol":"SIM","quantity":"29983.000","price":"0.00042000","timestamp":1651781112,"volume":"12.59286000","buyTxId":"db8ef82edfe7b33fa42b8227eb289ed6627f7cc1","sellTxId":"3446202380e44671641c7a88d29971bddee484ff"}
{"index": {"_index":"sim","_id":"3356784"}}
	{"id":3356784,"type":"sell","buyer":"jelly-cz","seller":"elevator09","symbol":"SIM","quantity":"2327.000","price":"0.00041365","timestamp":1651782192,"volume":"0.96256355","buyTxId":"MM-P-17127923-64117622-3-31-0","sellTxId":"9528087f2cf79e77862f475a6fe92d4bf6af84ca"}
{"index": {"_index":"sim","_id":"3357047"}}
	{"id":3357047,"type":"buy","buyer":"jelly-cz","seller":"nftmart.fees","symbol":"SIM","quantity":"15.000","price":"0.00041997","timestamp":1651784808,"volume":"0.00629955","buyTxId":"ec08f78d2852bbaa3a468818b98f7380e9ca836f","sellTxId":"4acce30625da7262ed969128423b69397ea2152b-0"}
{"index": {"_index":"sim","_id":"3357048"}}
	{"id":3357048,"type":"buy","buyer":"jelly-cz","seller":"upali","symbol":"SIM","quantity":"4661.297","price":"0.00042000","timestamp":1651784808,"volume":"1.95774474","buyTxId":"ec08f78d2852bbaa3a468818b98f7380e9ca836f","sellTxId":"3446202380e44671641c7a88d29971bddee484ff"}
{"index": {"_index":"sim","_id":"3357049"}}
	{"id":3357049,"type":"buy","buyer":"jelly-cz","seller":"jonimarqu","symbol":"SIM","quantity":"3000.000","price":"0.00042399","timestamp":1651784808,"volume":"1.27197000","buyTxId":"ec08f78d2852bbaa3a468818b98f7380e9ca836f","sellTxId":"5076902745359b3bad1410980a08cb9ab3bbbad7"}
{"index": {"_index":"sim","_id":"3357050"}}
	{"id":3357050,"type":"buy","buyer":"jelly-cz","seller":"crypto-dz","symbol":"SIM","quantity":"18461.000","price":"0.00042399","timestamp":1651784808,"volume":"7.82727939","buyTxId":"ec08f78d2852bbaa3a468818b98f7380e9ca836f","sellTxId":"b9fea0e830e962f12b1279bace4a915ce83d753e"}
{"index": {"_index":"sim","_id":"3357051"}}
	{"id":3357051,"type":"buy","buyer":"jelly-cz","seller":"upali","symbol":"SIM","quantity":"50000.000","price":"0.00042400","timestamp":1651784808,"volume":"21.20000000","buyTxId":"ec08f78d2852bbaa3a468818b98f7380e9ca836f","sellTxId":"1e2dbc3d584783b64e448a436ad76d3a083d74e4"}
{"index": {"_index":"sim","_id":"3357052"}}
	{"id":3357052,"type":"sell","buyer":"jelly-cz","seller":"konvik","symbol":"SIM","quantity":"23862.703","price":"0.00042400","timestamp":1651784811,"volume":"10.11778607","buyTxId":"ec08f78d2852bbaa3a468818b98f7380e9ca836f","sellTxId":"97d52b04ac3596422615236260c246b7b267be12-1"}
{"index": {"_index":"sim","_id":"3357076"}}
	{"id":3357076,"type":"sell","buyer":"pi-trader","seller":"itharagaian","symbol":"SIM","quantity":"25.000","price":"0.00041401","timestamp":1651785060,"volume":"0.01035025","buyTxId":"2d90e5952c34239b316800b8d6a5c847f2ba802b-4","sellTxId":"4754480f2fed2c1ab9b0fb0d3febecd651591775"}
{"index": {"_index":"sim","_id":"3357200"}}
	{"id":3357200,"type":"buy","buyer":"maryjane.main","seller":"nftmart.fees","symbol":"SIM","quantity":"13.000","price":"0.00042997","timestamp":1651786332,"volume":"0.00558961","buyTxId":"d36ba18401dcbd0d368090cd2334c0ee734afc2c","sellTxId":"4606e955ab5afe4c4e7792d1604465f818a6ac08-0"}
{"index": {"_index":"sim","_id":"3357201"}}
	{"id":3357201,"type":"buy","buyer":"maryjane.main","seller":"pi-trader","symbol":"SIM","quantity":"3987.000","price":"0.00042999","timestamp":1651786332,"volume":"1.71437013","buyTxId":"d36ba18401dcbd0d368090cd2334c0ee734afc2c","sellTxId":"83920f7037a55e98d6440759ffe78c102063fadf-9"}
{"index": {"_index":"sim","_id":"3357383"}}
	{"id":3357383,"type":"sell","buyer":"jelly-cz","seller":"automaton","symbol":"SIM","quantity":"909.000","price":"0.00041856","timestamp":1651787766,"volume":"0.38047104","buyTxId":"MM-P-17129521-64119221-3-31-0","sellTxId":"5b4ffe0b4e3267fc3da995a10a820e730152f624"}
{"index": {"_index":"sim","_id":"3357456"}}
	{"id":3357456,"type":"sell","buyer":"jelly-cz","seller":"sirdemian","symbol":"SIM","quantity":"4200","price":"0.00041856","timestamp":1651788306,"volume":"1.75795200","buyTxId":"MM-P-17129521-64119221-3-31-0","sellTxId":"44d353aa1770f62d77b0611ac71d4ad580239c8f"}
{"index": {"_index":"sim","_id":"3357587"}}
	{"id":3357587,"type":"buy","buyer":"tremendouspool","seller":"nftmart.fees","symbol":"SIM","quantity":"12.000","price":"0.00042997","timestamp":1651789605,"volume":"0.00515964","buyTxId":"faaac5a2c2b4bee88d9856d23a50318cc8d82adc","sellTxId":"ea35928ab36f9a0463c47bed1d4074ecbafefd8c-0"}
{"index": {"_index":"sim","_id":"3357588"}}
	{"id":3357588,"type":"buy","buyer":"tremendouspool","seller":"pi-trader","symbol":"SIM","quantity":"49988.000","price":"0.00042999","timestamp":1651789605,"volume":"21.49434012","buyTxId":"faaac5a2c2b4bee88d9856d23a50318cc8d82adc","sellTxId":"478d99e687c042ee440805a2e494052456c80aa6-6"}
{"index": {"_index":"sim","_id":"3357604"}}
	{"id":3357604,"type":"buy","buyer":"tremendouspool","seller":"pi-trader","symbol":"SIM","quantity":"12.000","price":"0.00042999","timestamp":1651789659,"volume":"0.00515988","buyTxId":"f2c3b7d9f9e032875af9545d04efaf75f847635b","sellTxId":"478d99e687c042ee440805a2e494052456c80aa6-6"}
{"index": {"_index":"sim","_id":"3357605"}}
	{"id":3357605,"type":"buy","buyer":"tremendouspool","seller":"upali","symbol":"SIM","quantity":"49988.000","price":"0.00043000","timestamp":1651789659,"volume":"21.49484000","buyTxId":"f2c3b7d9f9e032875af9545d04efaf75f847635b","sellTxId":"61007f75881939c4081149bc0d25709e56761c22"}
{"index": {"_index":"sim","_id":"3357768"}}
	{"id":3357768,"type":"sell","buyer":"jelly-cz","seller":"onestrong","symbol":"SIM","quantity":"4451.000","price":"0.00041856","timestamp":1651791762,"volume":"1.86301056","buyTxId":"MM-P-17129521-64119221-3-31-0","sellTxId":"37c89f73b30395845ae16d587cc2f835810967fa"}
{"index": {"_index":"sim","_id":"3357816"}}
	{"id":3357816,"type":"buy","buyer":"boycharlieplays","seller":"nftmart.fees","symbol":"SIM","quantity":"11.000","price":"0.00042997","timestamp":1651792308,"volume":"0.00472967","buyTxId":"54ac2088a040e5b3afd9920e6283c81d4de90597","sellTxId":"924ffe5bba51b32b47b4a515507b9d344f123748-0"}
{"index": {"_index":"sim","_id":"3357891"}}
	{"id":3357891,"type":"buy","buyer":"boycharlieplays","seller":"upali","symbol":"SIM","quantity":"12.000","price":"0.00043000","timestamp":1651793262,"volume":"0.00516000","buyTxId":"c27fba0f3c45b10d66679dc4cb04157fadb431de","sellTxId":"61007f75881939c4081149bc0d25709e56761c22"}
{"index": {"_index":"sim","_id":"3357892"}}
	{"id":3357892,"type":"buy","buyer":"boycharlieplays","seller":"pi-trader","symbol":"SIM","quantity":"585.998","price":"0.00043498","timestamp":1651793262,"volume":"0.25489741","buyTxId":"c27fba0f3c45b10d66679dc4cb04157fadb431de","sellTxId":"c01b1a1f4c51ebd6cc5bfb05a5cf4e039da48b52-3"}
{"index": {"_index":"sim","_id":"3357953"}}
	{"id":3357953,"type":"sell","buyer":"boycharlieplays","seller":"snorebear","symbol":"SIM","quantity":"235.605","price":"0.00042997","timestamp":1651794069,"volume":"0.10130308","buyTxId":"54ac2088a040e5b3afd9920e6283c81d4de90597","sellTxId":"51cadf0430ef9b8617223aacb9c55b696692e5ee"}
{"index": {"_index":"sim","_id":"3357954"}}
	{"id":3357954,"type":"sell","buyer":"jelly-cz","seller":"snorebear","symbol":"SIM","quantity":"480.575","price":"0.00041856","timestamp":1651794069,"volume":"0.20114947","buyTxId":"MM-P-17129521-64119221-3-31-0","sellTxId":"51cadf0430ef9b8617223aacb9c55b696692e5ee"}
{"index": {"_index":"sim","_id":"3358273"}}
	{"id":3358273,"type":"sell","buyer":"jelly-cz","seller":"dhedge-drips","symbol":"SIM","quantity":"10.999","price":"0.00041856","timestamp":1651797918,"volume":"0.00460374","buyTxId":"MM-P-17129521-64119221-3-31-0","sellTxId":"00804712112c7ffd617af33a87980cd74a1c1af3"}
{"index": {"_index":"sim","_id":"3358525"}}
	{"id":3358525,"type":"sell","buyer":"jelly-cz","seller":"crypto-dz","symbol":"SIM","quantity":"1667.250","price":"0.00041856","timestamp":1651800912,"volume":"0.69784416","buyTxId":"MM-P-17129521-64119221-3-31-0","sellTxId":"34adafb819eff7fbdc9bd23ae685b729bddd2127"}
{"index": {"_index":"sim","_id":"3358575"}}
	{"id":3358575,"type":"sell","buyer":"jelly-cz","seller":"medaymane","symbol":"SIM","quantity":"60.800","price":"0.00041856","timestamp":1651801101,"volume":"0.02544845","buyTxId":"MM-P-17129521-64119221-3-31-0","sellTxId":"4e33169cc1e0b1331fd7c3eb881f135bee06eb8c"}
{"index": {"_index":"sim","_id":"3358627"}}
	{"id":3358627,"type":"sell","buyer":"jelly-cz","seller":"themarkymark","symbol":"SIM","quantity":"6634.251","price":"0.00041856","timestamp":1651801593,"volume":"2.77683210","buyTxId":"MM-P-17129521-64119221-3-31-0","sellTxId":"c890aa14946940c3f01310784e9570f286d6c18f"}
