{"index": {"_index":"sim","_id":"1202713"}}
	{"id":1202713,"type":"sell","buyer":"dcityfund","seller":"hive.miner","symbol":"SIM","quantity":"54.995","price":"0.00105200","timestamp":1625712786,"volume":"0.05785474","buyTxId":"58f335b0374a3a5a588f2b49bca5060d493c86be","sellTxId":"f0b92237197db2db7126d7179b79ab2da8517c44"}
{"index": {"_index":"sim","_id":"1202720"}}
	{"id":1202720,"type":"sell","buyer":"dcityfund","seller":"goldcoin","symbol":"SIM","quantity":"36.842","price":"0.00105200","timestamp":1625713017,"volume":"0.03875778","buyTxId":"58f335b0374a3a5a588f2b49bca5060d493c86be","sellTxId":"ca1d8b181097df747cc1acbbcf096dbe8feaf4ff"}
{"index": {"_index":"sim","_id":"1202778"}}
	{"id":1202778,"type":"sell","buyer":"freebornsociety","seller":"brofi-market","symbol":"SIM","quantity":"0.001","price":"0.00106011","timestamp":1625716701,"volume":"0.00000106","buyTxId":"MM-P-8473661-55452823-3-4-0","sellTxId":"cd46c0b9395a4d5f240ceb25f6bf7bffea8a0b9b"}
{"index": {"_index":"sim","_id":"1202850"}}
	{"id":1202850,"type":"sell","buyer":"dustindivitto","seller":"theshaki","symbol":"SIM","quantity":"118.561","price":"0.00106000","timestamp":1625719536,"volume":"0.12567466","buyTxId":"34c4c38ea2a2c0a7cdcf2229f107800df94fa57e","sellTxId":"92f295db89c6af123fc1e3c60aecf1a9e056cd9a"}
{"index": {"_index":"sim","_id":"1202947"}}
	{"id":1202947,"type":"sell","buyer":"dustindivitto","seller":"steem-hodler","symbol":"SIM","quantity":"30718.000","price":"0.00106000","timestamp":1625721360,"volume":"32.56108000","buyTxId":"34c4c38ea2a2c0a7cdcf2229f107800df94fa57e","sellTxId":"fe41ffc3d6d0cf2af8ffb216dec5dc06d0d65b35"}
{"index": {"_index":"sim","_id":"1202956"}}
	{"id":1202956,"type":"sell","buyer":"dustindivitto","seller":"trentonlundy1","symbol":"SIM","quantity":"0.144","price":"0.00106000","timestamp":1625721483,"volume":"0.00015264","buyTxId":"34c4c38ea2a2c0a7cdcf2229f107800df94fa57e","sellTxId":"3ac24d30a9d3fd41d55c35381d1f8cfce36824ae"}
{"index": {"_index":"sim","_id":"1202968"}}
	{"id":1202968,"type":"sell","buyer":"dustindivitto","seller":"muenchen","symbol":"SIM","quantity":"1497.010","price":"0.00106000","timestamp":1625721744,"volume":"1.58683060","buyTxId":"34c4c38ea2a2c0a7cdcf2229f107800df94fa57e","sellTxId":"504de696c0219b205242e954e063bf910491d434"}
{"index": {"_index":"sim","_id":"1202982"}}
	{"id":1202982,"type":"buy","buyer":"vcelier","seller":"freebornsociety","symbol":"SIM","quantity":"7929.417","price":"0.00119352","timestamp":1625722152,"volume":"9.46391778","buyTxId":"72846f7dd288b014f315cc278e2b637a80a96656","sellTxId":"MM-P-8475250-55454418-3-4-1"}
{"index": {"_index":"sim","_id":"1203007"}}
	{"id":1203007,"type":"sell","buyer":"dustindivitto","seller":"johndough","symbol":"SIM","quantity":"999.285","price":"0.00106000","timestamp":1625722887,"volume":"1.05924210","buyTxId":"34c4c38ea2a2c0a7cdcf2229f107800df94fa57e","sellTxId":"5823937aae9906c4b36a7d88bd5d7a8d8fadb89a"}
{"index": {"_index":"sim","_id":"1203008"}}
	{"id":1203008,"type":"sell","buyer":"freebornsociety","seller":"johndough","symbol":"SIM","quantity":"37000.715","price":"0.00105330","timestamp":1625722887,"volume":"38.97285311","buyTxId":"MM-P-8475649-55454818-3-4-0","sellTxId":"5823937aae9906c4b36a7d88bd5d7a8d8fadb89a"}
{"index": {"_index":"sim","_id":"1203020"}}
	{"id":1203020,"type":"sell","buyer":"dcityfund","seller":"tsnaks","symbol":"SIM","quantity":"2600.000","price":"0.00105200","timestamp":1625723478,"volume":"2.73520000","buyTxId":"58f335b0374a3a5a588f2b49bca5060d493c86be","sellTxId":"1e37eb304054fc0a18d6c95c41b71cf822df55d4"}
{"index": {"_index":"sim","_id":"1203022"}}
	{"id":1203022,"type":"buy","buyer":"konvik","seller":"kishan006","symbol":"SIM","quantity":"11698.000","price":"0.00106000","timestamp":1625723571,"volume":"12.39988000","buyTxId":"76d60d036b1ae9c42eac43ebf139b9b63a70d579-0","sellTxId":"64bd43ed9af4d99d95bca8baaaa752e9341e552f"}
{"index": {"_index":"sim","_id":"1203027"}}
	{"id":1203027,"type":"sell","buyer":"konvik","seller":"thegoliath","symbol":"SIM","quantity":"0.116","price":"0.00106000","timestamp":1625723844,"volume":"0.00012296","buyTxId":"76d60d036b1ae9c42eac43ebf139b9b63a70d579-0","sellTxId":"dbe68af788c1cdd5fd31be8f368818b2ccfb5647"}
{"index": {"_index":"sim","_id":"1203028"}}
	{"id":1203028,"type":"sell","buyer":"dcityfund","seller":"thegoliath","symbol":"SIM","quantity":"17028.278","price":"0.00105200","timestamp":1625723844,"volume":"17.91374846","buyTxId":"58f335b0374a3a5a588f2b49bca5060d493c86be","sellTxId":"dbe68af788c1cdd5fd31be8f368818b2ccfb5647"}
{"index": {"_index":"sim","_id":"1203029"}}
	{"id":1203029,"type":"sell","buyer":"dcityfund","seller":"thegoliath","symbol":"SIM","quantity":"21588.868","price":"0.00105200","timestamp":1625723844,"volume":"22.71148914","buyTxId":"bfc00f66ddcb83d33cdf4000a206fed58936b083","sellTxId":"dbe68af788c1cdd5fd31be8f368818b2ccfb5647"}
{"index": {"_index":"sim","_id":"1203030"}}
	{"id":1203030,"type":"sell","buyer":"freebornsociety","seller":"thegoliath","symbol":"SIM","quantity":"47564.688","price":"0.00105120","timestamp":1625723844,"volume":"50.00000003","buyTxId":"MM-P-8475946-55455117-3-4-0","sellTxId":"dbe68af788c1cdd5fd31be8f368818b2ccfb5647"}
{"index": {"_index":"sim","_id":"1203031"}}
	{"id":1203031,"type":"sell","buyer":"dcityfund","seller":"thegoliath","symbol":"SIM","quantity":"30251.844","price":"0.00105100","timestamp":1625723844,"volume":"31.79468804","buyTxId":"08a3dce888be98a64459635dee33acad7dd18b1f","sellTxId":"dbe68af788c1cdd5fd31be8f368818b2ccfb5647"}
{"index": {"_index":"sim","_id":"1203032"}}
	{"id":1203032,"type":"sell","buyer":"enginemaker","seller":"thegoliath","symbol":"SIM","quantity":"23806.576","price":"0.00105013","timestamp":1625723844,"volume":"24.99999965","buyTxId":"MM-P-8456894-55436033-3-2-0","sellTxId":"dbe68af788c1cdd5fd31be8f368818b2ccfb5647"}
{"index": {"_index":"sim","_id":"1203033"}}
	{"id":1203033,"type":"sell","buyer":"jelly13","seller":"thegoliath","symbol":"SIM","quantity":"140165.969","price":"0.00104014","timestamp":1625723844,"volume":"145.79223100","buyTxId":"875c35dfe67bd74ec9d834c5612cc2cde8be876d","sellTxId":"dbe68af788c1cdd5fd31be8f368818b2ccfb5647"}
{"index": {"_index":"sim","_id":"1203068"}}
	{"id":1203068,"type":"buy","buyer":"konvik","seller":"joshh71390","symbol":"SIM","quantity":"8000.000","price":"0.00116000","timestamp":1625725197,"volume":"9.28000000","buyTxId":"d719b2420a43241d56a81891c70fd38496c16bd5-0","sellTxId":"d7acef78b4bcefc30c91eabbcffd22a305e2897b"}
{"index": {"_index":"sim","_id":"1203108"}}
	{"id":1203108,"type":"sell","buyer":"thegoliath","seller":"jywahaha","symbol":"SIM","quantity":"33262.000","price":"0.00113000","timestamp":1625727567,"volume":"37.58606000","buyTxId":"1afbdfbe1b3843cd65f9f6668d53a78f033b285b","sellTxId":"f9b23c0dcb0a65c580583fc6024c32bdbe3eb83f"}
{"index": {"_index":"sim","_id":"1203136"}}
	{"id":1203136,"type":"sell","buyer":"thegoliath","seller":"juanvegetarian","symbol":"SIM","quantity":"2052.000","price":"0.00113000","timestamp":1625728839,"volume":"2.31876000","buyTxId":"1afbdfbe1b3843cd65f9f6668d53a78f033b285b","sellTxId":"c3fc29a9c77ae64675b11e8354abec4fded9ca9c"}
{"index": {"_index":"sim","_id":"1203174"}}
	{"id":1203174,"type":"buy","buyer":"konvik","seller":"enginemaker","symbol":"SIM","quantity":"23806.576","price":"0.00117275","timestamp":1625730075,"volume":"27.91916200","buyTxId":"62e1f7d21e3d71bf2567531ffad94a720ffda364-0","sellTxId":"MM-P-8478080-55457278-3-2-0"}
{"index": {"_index":"sim","_id":"1203244"}}
	{"id":1203244,"type":"sell","buyer":"enginemaker","seller":"luts","symbol":"SIM","quantity":"23806.576","price":"0.00105013","timestamp":1625732232,"volume":"24.99999965","buyTxId":"MM-P-8476113-55455284-3-2-0","sellTxId":"7700cdf8046d93b1b7c5a0f4ecec404f70fe803a"}
{"index": {"_index":"sim","_id":"1203245"}}
	{"id":1203245,"type":"sell","buyer":"freebornsociety","seller":"luts","symbol":"SIM","quantity":"48024.281","price":"0.00104114","timestamp":1625732232,"volume":"49.99999992","buyTxId":"MM-P-8478704-55457906-3-4-0","sellTxId":"7700cdf8046d93b1b7c5a0f4ecec404f70fe803a"}
{"index": {"_index":"sim","_id":"1203246"}}
	{"id":1203246,"type":"sell","buyer":"jelly13","seller":"luts","symbol":"SIM","quantity":"160754.813","price":"0.00104014","timestamp":1625732232,"volume":"167.20751119","buyTxId":"875c35dfe67bd74ec9d834c5612cc2cde8be876d","sellTxId":"7700cdf8046d93b1b7c5a0f4ecec404f70fe803a"}
{"index": {"_index":"sim","_id":"1203260"}}
	{"id":1203260,"type":"sell","buyer":"enginemaker","seller":"stickupboys","symbol":"SIM","quantity":"863.490","price":"0.00105013","timestamp":1625733009,"volume":"0.90677675","buyTxId":"MM-P-8478870-55458073-3-2-0","sellTxId":"4c21586bdcaf0e82a59047194ee466a8e7fd56f0"}
{"index": {"_index":"sim","_id":"1203287"}}
	{"id":1203287,"type":"sell","buyer":"freebornsociety","seller":"lightcaptured","symbol":"SIM","quantity":"640.221","price":"0.00105024","timestamp":1625734872,"volume":"0.67238570","buyTxId":"MM-P-8479099-55458304-3-4-0","sellTxId":"f6916cf565b808c0fa333ba3ff6d67e617a805b9"}
{"index": {"_index":"sim","_id":"1203295"}}
	{"id":1203295,"type":"buy","buyer":"luciannagy","seller":"freebornsociety","symbol":"SIM","quantity":"1000.000","price":"0.00117231","timestamp":1625735682,"volume":"1.17231000","buyTxId":"57bc99c38f4654004d01fb6cbf7edf5eb543d2fa","sellTxId":"MM-P-8479785-55459003-3-4-0"}
{"index": {"_index":"sim","_id":"1203296"}}
	{"id":1203296,"type":"sell","buyer":"freebornsociety","seller":"monsterjamgold","symbol":"SIM","quantity":"19.000","price":"0.00105024","timestamp":1625735763,"volume":"0.01995456","buyTxId":"MM-P-8479099-55458304-3-4-0","sellTxId":"1216b5fede3370c94469de0e9ee00bcfb948e527"}
{"index": {"_index":"sim","_id":"1203363"}}
	{"id":1203363,"type":"buy","buyer":"ctrlyse","seller":"freebornsociety","symbol":"SIM","quantity":"4724.994","price":"0.00117209","timestamp":1625738112,"volume":"5.53811822","buyTxId":"cb2b8e8bf50888e0a3e5075313083e5a021185dc","sellTxId":"MM-P-8480580-55459802-3-4-0"}
{"index": {"_index":"sim","_id":"1203365"}}
	{"id":1203365,"type":"sell","buyer":"enginemaker","seller":"tomhall","symbol":"SIM","quantity":"412.905","price":"0.00105013","timestamp":1625738232,"volume":"0.43360393","buyTxId":"MM-P-8478870-55458073-3-2-0","sellTxId":"9d38fb6cadcd7fc1968b75b4c07284de70f1fdec"}
{"index": {"_index":"sim","_id":"1203369"}}
	{"id":1203369,"type":"buy","buyer":"konvik","seller":"enginemaker","symbol":"SIM","quantity":"25082.971","price":"0.00116209","timestamp":1625738478,"volume":"29.14866977","buyTxId":"dc857d69f7be0e41a5c272c114cc2716698353c3-0","sellTxId":"MM-P-8480846-55460070-3-2-0"}
{"index": {"_index":"sim","_id":"1203429"}}
	{"id":1203429,"type":"sell","buyer":"enginemaker","seller":"muenchen","symbol":"SIM","quantity":"2238.500","price":"0.00105013","timestamp":1625741373,"volume":"2.35071601","buyTxId":"MM-P-8478870-55458073-3-2-0","sellTxId":"b64c67ab94969a40237955084ac6b7b4f7377652"}
{"index": {"_index":"sim","_id":"1203477"}}
	{"id":1203477,"type":"sell","buyer":"enginemaker","seller":"morzex","symbol":"SIM","quantity":"6693.5","price":"0.00105013","timestamp":1625744283,"volume":"7.02904516","buyTxId":"MM-P-8478870-55458073-3-2-0","sellTxId":"12de924a9386d1c1c79b385beb5ec3fd01ae05cd"}
{"index": {"_index":"sim","_id":"1203483"}}
	{"id":1203483,"type":"sell","buyer":"enginemaker","seller":"artistparthoroy","symbol":"SIM","quantity":"9588.000","price":"0.00105013","timestamp":1625745042,"volume":"10.06864644","buyTxId":"MM-P-8478870-55458073-3-2-0","sellTxId":"ddcd4796c524b64e4006f2cc805dbbed05009e6a"}
{"index": {"_index":"sim","_id":"1203524"}}
	{"id":1203524,"type":"sell","buyer":"enginemaker","seller":"thegoliath","symbol":"SIM","quantity":"4010.181","price":"0.00105013","timestamp":1625747328,"volume":"4.21121137","buyTxId":"MM-P-8478870-55458073-3-2-0","sellTxId":"5207e8df34c09d97b4d4347d8bb26aad4305113a"}
{"index": {"_index":"sim","_id":"1203525"}}
	{"id":1203525,"type":"sell","buyer":"freebornsociety","seller":"thegoliath","symbol":"SIM","quantity":"31303.819","price":"0.00104074","timestamp":1625747328,"volume":"32.57913659","buyTxId":"MM-P-8481272-55460500-3-4-0","sellTxId":"5207e8df34c09d97b4d4347d8bb26aad4305113a"}
{"index": {"_index":"sim","_id":"1203531"}}
	{"id":1203531,"type":"sell","buyer":"freebornsociety","seller":"andy4475","symbol":"SIM","quantity":"38.362","price":"0.00104074","timestamp":1625747460,"volume":"0.03992487","buyTxId":"MM-P-8481272-55460500-3-4-0","sellTxId":"a4c63c72fefa06c34dfe4cc966a6caf0e089911d"}
{"index": {"_index":"sim","_id":"1203542"}}
	{"id":1203542,"type":"sell","buyer":"enginemaker","seller":"theguruasia","symbol":"SIM","quantity":"54.268","price":"0.00105013","timestamp":1625748117,"volume":"0.05698845","buyTxId":"MM-P-8483823-55463063-3-2-0","sellTxId":"971d913a88295b4aec74fcbb85564d7a93037c24"}
{"index": {"_index":"sim","_id":"1203569"}}
	{"id":1203569,"type":"buy","buyer":"mary.janikowski","seller":"nftmart.fees","symbol":"SIM","quantity":"238.000","price":"0.00105992","timestamp":1625749062,"volume":"0.25226096","buyTxId":"7caa9abc72a2e45b9e320667cd97825088819239","sellTxId":"563f3fb1ed4f92365b1d9e9a3f245cc88b71143a-0"}
{"index": {"_index":"sim","_id":"1203570"}}
	{"id":1203570,"type":"buy","buyer":"mary.janikowski","seller":"fiberfrau","symbol":"SIM","quantity":"15.000","price":"0.00106000","timestamp":1625749062,"volume":"0.01590000","buyTxId":"7caa9abc72a2e45b9e320667cd97825088819239","sellTxId":"4c9f7a4e321831c0c65f365f356d5178e854858d"}
{"index": {"_index":"sim","_id":"1203592"}}
	{"id":1203592,"type":"buy","buyer":"konvik","seller":"freebornsociety","symbol":"SIM","quantity":"27591.279","price":"0.00116479","timestamp":1625749671,"volume":"32.13804587","buyTxId":"d358fbe28745f5cdfa5fd60a506364b40053c8ad-0","sellTxId":"MM-P-8484547-55463792-3-4-1"}
{"index": {"_index":"sim","_id":"1203595"}}
	{"id":1203595,"type":"sell","buyer":"mary.janikowski","seller":"elricmoonslayer","symbol":"SIM","quantity":"1566.808","price":"0.00106000","timestamp":1625749866,"volume":"1.66081648","buyTxId":"7caa9abc72a2e45b9e320667cd97825088819239","sellTxId":"2159143b5e2db945f7e7099485c1b719223a36d9"}
{"index": {"_index":"sim","_id":"1203596"}}
	{"id":1203596,"type":"buy","buyer":"konvik","seller":"enginemaker","symbol":"SIM","quantity":"22584.449","price":"0.00115479","timestamp":1625749884,"volume":"26.08029586","buyTxId":"894456afd739573d6b0f54db8b487cb7137ba9aa-0","sellTxId":"MM-P-8484616-55463861-3-2-0"}
{"index": {"_index":"sim","_id":"1203601"}}
	{"id":1203601,"type":"sell","buyer":"mary.janikowski","seller":"darmst5339","symbol":"SIM","quantity":"4.227","price":"0.00106000","timestamp":1625750172,"volume":"0.00448062","buyTxId":"7caa9abc72a2e45b9e320667cd97825088819239","sellTxId":"01519351a387e1e3b178595227258cd63f410e4f"}
{"index": {"_index":"sim","_id":"1203604"}}
	{"id":1203604,"type":"sell","buyer":"mary.janikowski","seller":"willsaldeno","symbol":"SIM","quantity":"1907.000","price":"0.00106000","timestamp":1625750304,"volume":"2.02142000","buyTxId":"7caa9abc72a2e45b9e320667cd97825088819239","sellTxId":"f0832d93024750913817b61717f03411146bc351"}
{"index": {"_index":"sim","_id":"1203618"}}
	{"id":1203618,"type":"buy","buyer":"vcelier","seller":"nftmart.fees","symbol":"SIM","quantity":"207.000","price":"0.00116478","timestamp":1625750754,"volume":"0.24110946","buyTxId":"2b801fd79c9d924e246bdb40a346415707de9862","sellTxId":"49d5e6eadd6a6aaac44389d01c899a307c63743a-0"}
{"index": {"_index":"sim","_id":"1203619"}}
	{"id":1203619,"type":"buy","buyer":"vcelier","seller":"freebornsociety","symbol":"SIM","quantity":"479.819","price":"0.00116479","timestamp":1625750754,"volume":"0.55888837","buyTxId":"2b801fd79c9d924e246bdb40a346415707de9862","sellTxId":"MM-P-8484547-55463792-3-4-1"}
{"index": {"_index":"sim","_id":"1203634"}}
	{"id":1203634,"type":"buy","buyer":"thatsweeneyguy","seller":"mango-juice","symbol":"SIM","quantity":"130.000","price":"0.00116490","timestamp":1625751519,"volume":"0.15143700","buyTxId":"0cf342006392c34ab100e32d4af75c7c0f452d88","sellTxId":"5c8dcb0cc364ff86aa21205f960f29e484ced03e"}
{"index": {"_index":"sim","_id":"1203635"}}
	{"id":1203635,"type":"sell","buyer":"mary.janikowski","seller":"justinparke","symbol":"SIM","quantity":"15356.965","price":"0.00106000","timestamp":1625751594,"volume":"16.27838290","buyTxId":"7caa9abc72a2e45b9e320667cd97825088819239","sellTxId":"cbcefa8175ad0894a0974c38e8204343faae321f"}
{"index": {"_index":"sim","_id":"1203636"}}
	{"id":1203636,"type":"sell","buyer":"freebornsociety","seller":"justinparke","symbol":"SIM","quantity":"27601.033","price":"0.00105093","timestamp":1625751594,"volume":"29.00675361","buyTxId":"MM-P-8485145-55464392-3-4-0","sellTxId":"cbcefa8175ad0894a0974c38e8204343faae321f"}
{"index": {"_index":"sim","_id":"1203641"}}
	{"id":1203641,"type":"sell","buyer":"dcityfund","seller":"mobi72","symbol":"SIM","quantity":"19388.098","price":"0.00105100","timestamp":1625751852,"volume":"20.37689100","buyTxId":"cab29ba448e76de53d1491ed05c855d9ba2b6e5e","sellTxId":"3d85710032ff6978c875de2b48e8766d5a261f72"}
{"index": {"_index":"sim","_id":"1203642"}}
	{"id":1203642,"type":"sell","buyer":"enginemaker","seller":"mobi72","symbol":"SIM","quantity":"4364.210","price":"0.00105013","timestamp":1625751852,"volume":"4.58298785","buyTxId":"MM-P-8483823-55463063-3-2-0","sellTxId":"3d85710032ff6978c875de2b48e8766d5a261f72"}
{"index": {"_index":"sim","_id":"1203643"}}
	{"id":1203643,"type":"sell","buyer":"enginemaker","seller":"mobi72","symbol":"SIM","quantity":"19388.098","price":"0.00105013","timestamp":1625751888,"volume":"20.36002335","buyTxId":"MM-P-8483823-55463063-3-2-0","sellTxId":"f60ad02e3cce65e531922fcea65d77b1b174f22b"}
{"index": {"_index":"sim","_id":"1203645"}}
	{"id":1203645,"type":"sell","buyer":"dcityfund","seller":"mobi72","symbol":"SIM","quantity":"17686.901","price":"0.00105100","timestamp":1625752002,"volume":"18.58893295","buyTxId":"51a87663673005930aa7db4ba22069f64345dd68","sellTxId":"087358f44cdf35c6eb9eb29e459f58c366372695"}
{"index": {"_index":"sim","_id":"1203646"}}
	{"id":1203646,"type":"sell","buyer":"enginemaker","seller":"mobi72","symbol":"SIM","quantity":"6119.675","price":"0.00105013","timestamp":1625752002,"volume":"6.42645431","buyTxId":"MM-P-8485313-55464561-3-2-0","sellTxId":"087358f44cdf35c6eb9eb29e459f58c366372695"}
{"index": {"_index":"sim","_id":"1203647"}}
	{"id":1203647,"type":"sell","buyer":"dcityfund","seller":"mobi72","symbol":"SIM","quantity":"7380.576","price":"0.00105100","timestamp":1625752056,"volume":"7.75698538","buyTxId":"458b3106b46a5f0303126e546e18ffbafcd7c7fd","sellTxId":"16702856f4e90edb454065fe81da0cd7a8665890"}
{"index": {"_index":"sim","_id":"1203650"}}
	{"id":1203650,"type":"buy","buyer":"konvik","seller":"enginemaker","symbol":"SIM","quantity":"29871.983","price":"0.00115479","timestamp":1625752278,"volume":"34.49586725","buyTxId":"830a78593cc1234b7c955bc9be878f0916c4de26-0","sellTxId":"MM-P-8485413-55464661-3-2-0"}
{"index": {"_index":"sim","_id":"1203663"}}
	{"id":1203663,"type":"sell","buyer":"dcityfund","seller":"steemstreems","symbol":"SIM","quantity":"0.296","price":"0.00105100","timestamp":1625752908,"volume":"0.00031110","buyTxId":"458b3106b46a5f0303126e546e18ffbafcd7c7fd","sellTxId":"69b2b03e7bca01c01ded27c502b9f0df9440728f"}
{"index": {"_index":"sim","_id":"1203731"}}
	{"id":1203731,"type":"sell","buyer":"mary.janikowski","seller":"xbladex","symbol":"SIM","quantity":"1425.833","price":"0.00106000","timestamp":1625755845,"volume":"1.51138298","buyTxId":"d619f567debee19eda127c4bae6b145b8e6bbf7e","sellTxId":"8ead8abc1442438f772b5440acf6ea77cba68887"}
{"index": {"_index":"sim","_id":"1203768"}}
	{"id":1203768,"type":"sell","buyer":"mary.janikowski","seller":"wearealive","symbol":"SIM","quantity":"0.109","price":"0.00106000","timestamp":1625757663,"volume":"0.00011554","buyTxId":"d619f567debee19eda127c4bae6b145b8e6bbf7e","sellTxId":"a6fa527ff7160728985be7e70dc367a98e335bce"}
{"index": {"_index":"sim","_id":"1203770"}}
	{"id":1203770,"type":"sell","buyer":"mary.janikowski","seller":"yintercept","symbol":"SIM","quantity":"5.269","price":"0.00106000","timestamp":1625757669,"volume":"0.00558514","buyTxId":"d619f567debee19eda127c4bae6b145b8e6bbf7e","sellTxId":"36ab3fe535ba1c2e468bade5f24b4cdc422d6a09"}
{"index": {"_index":"sim","_id":"1204007"}}
	{"id":1204007,"type":"sell","buyer":"gerber","seller":"bearbear613","symbol":"SIM","quantity":"1707.495","price":"0.00108010","timestamp":1625763318,"volume":"1.84426535","buyTxId":"ac1abf495f9171d27f562e1ad3f5e63a9aad80d5","sellTxId":"ed1ded8b4ce0bc0fb09544e2fa63c203d4aadfd5"}
{"index": {"_index":"sim","_id":"1204020"}}
	{"id":1204020,"type":"sell","buyer":"gerber","seller":"thahodler","symbol":"SIM","quantity":"3216.000","price":"0.00108010","timestamp":1625763846,"volume":"3.47360160","buyTxId":"ac1abf495f9171d27f562e1ad3f5e63a9aad80d5","sellTxId":"8d5e816c24e929f2d335a4cd9cef4f12df7d9d6d"}
{"index": {"_index":"sim","_id":"1204076"}}
	{"id":1204076,"type":"sell","buyer":"gerber","seller":"eldudu","symbol":"SIM","quantity":"42","price":"0.00108010","timestamp":1625764392,"volume":"0.04536420","buyTxId":"ac1abf495f9171d27f562e1ad3f5e63a9aad80d5","sellTxId":"fee1c71b272cabdb426992a121970a82f4f68991"}
{"index": {"_index":"sim","_id":"1204081"}}
	{"id":1204081,"type":"sell","buyer":"gerber","seller":"jjb777","symbol":"SIM","quantity":"24405.949","price":"0.00108010","timestamp":1625764413,"volume":"26.36086551","buyTxId":"ac1abf495f9171d27f562e1ad3f5e63a9aad80d5","sellTxId":"0ab4037a690c84ac5761a07e6d1b6a28699ac1e4"}
{"index": {"_index":"sim","_id":"1204171"}}
	{"id":1204171,"type":"buy","buyer":"konvik","seller":"freebornsociety","symbol":"SIM","quantity":"43067.162","price":"0.00114989","timestamp":1625767371,"volume":"49.52249891","buyTxId":"6312c8b00f616ae6f54badb238dc8971fa538cc8-0","sellTxId":"MM-P-8490411-55469677-3-4-1"}
{"index": {"_index":"sim","_id":"1204218"}}
	{"id":1204218,"type":"buy","buyer":"konvik","seller":"elevator09","symbol":"SIM","quantity":"14900.000","price":"0.00114000","timestamp":1625769414,"volume":"16.98600000","buyTxId":"74c5ba7c6407ddda571cd3ab59a1395638194f65-0","sellTxId":"b0cc0de17a35911e4a1e982ef2cd487079c9edb2"}
{"index": {"_index":"sim","_id":"1204248"}}
	{"id":1204248,"type":"sell","buyer":"mary.janikowski","seller":"elevator09","symbol":"SIM","quantity":"2446.000","price":"0.00109000","timestamp":1625770104,"volume":"2.66614000","buyTxId":"f721614b87fab8e01f89ca7ea053cb2f12fa9508","sellTxId":"e166d1bb25135cb2684ab437bc77d15d5387ad62"}
{"index": {"_index":"sim","_id":"1204315"}}
	{"id":1204315,"type":"sell","buyer":"mary.janikowski","seller":"willsaldeno","symbol":"SIM","quantity":"2726.000","price":"0.00109000","timestamp":1625771691,"volume":"2.97134000","buyTxId":"f721614b87fab8e01f89ca7ea053cb2f12fa9508","sellTxId":"30504cb5a8c946f52d8928d98c29d2e3fc588d45"}
{"index": {"_index":"sim","_id":"1204337"}}
	{"id":1204337,"type":"sell","buyer":"mary.janikowski","seller":"thenaex","symbol":"SIM","quantity":"16.635","price":"0.00109000","timestamp":1625772651,"volume":"0.01813215","buyTxId":"f721614b87fab8e01f89ca7ea053cb2f12fa9508","sellTxId":"d636d344c3a87cbeb4986e0bfd601e3be22316b8"}
{"index": {"_index":"sim","_id":"1204343"}}
	{"id":1204343,"type":"sell","buyer":"mary.janikowski","seller":"florian-glechner","symbol":"SIM","quantity":"31.000","price":"0.00109000","timestamp":1625772816,"volume":"0.03379000","buyTxId":"f721614b87fab8e01f89ca7ea053cb2f12fa9508","sellTxId":"3eae06dc593a0eda97df8d2df4ad6f38a3c2875e"}
{"index": {"_index":"sim","_id":"1204358"}}
	{"id":1204358,"type":"sell","buyer":"mary.janikowski","seller":"justinparke","symbol":"SIM","quantity":"2463.365","price":"0.00109000","timestamp":1625773146,"volume":"2.68506785","buyTxId":"f721614b87fab8e01f89ca7ea053cb2f12fa9508","sellTxId":"0d68b8e8658302f21d7e2fcf4a511e4fc5b07eff"}
{"index": {"_index":"sim","_id":"1204359"}}
	{"id":1204359,"type":"sell","buyer":"freebornsociety","seller":"justinparke","symbol":"SIM","quantity":"4813.885","price":"0.00108300","timestamp":1625773146,"volume":"5.21343746","buyTxId":"MM-P-8492303-55471571-3-4-0","sellTxId":"0d68b8e8658302f21d7e2fcf4a511e4fc5b07eff"}
{"index": {"_index":"sim","_id":"1204364"}}
	{"id":1204364,"type":"sell","buyer":"freebornsociety","seller":"bwar-gg","symbol":"SIM","quantity":"876.950","price":"0.00108300","timestamp":1625773299,"volume":"0.94973685","buyTxId":"MM-P-8492303-55471571-3-4-0","sellTxId":"ef319c68b7d49805c38003ee53568867e9fd9105"}
{"index": {"_index":"sim","_id":"1204397"}}
	{"id":1204397,"type":"sell","buyer":"gerber","seller":"steemstreems","symbol":"SIM","quantity":"1957.000","price":"0.00108010","timestamp":1625774118,"volume":"2.11375570","buyTxId":"ac1abf495f9171d27f562e1ad3f5e63a9aad80d5","sellTxId":"df47a5b06ca173488e973874b05a98b3007a6889"}
{"index": {"_index":"sim","_id":"1204489"}}
	{"id":1204489,"type":"sell","buyer":"mmrx","seller":"fantasycrypto","symbol":"SIM","quantity":"1916.703","price":"0.00108201","timestamp":1625776620,"volume":"2.07389181","buyTxId":"MM-P-8493452-55472725-3-14-0","sellTxId":"334dc882b817990554de2528bb525bd26ec540a7"}
{"index": {"_index":"sim","_id":"1204490"}}
	{"id":1204490,"type":"sell","buyer":"dcityfund","seller":"fantasycrypto","symbol":"SIM","quantity":"12423.727","price":"0.00108200","timestamp":1625776620,"volume":"13.44247261","buyTxId":"16560403d284c5db24d9c484201c2b211574c32f","sellTxId":"334dc882b817990554de2528bb525bd26ec540a7"}
{"index": {"_index":"sim","_id":"1204491"}}
	{"id":1204491,"type":"sell","buyer":"freebornsociety","seller":"fantasycrypto","symbol":"SIM","quantity":"11391.870","price":"0.00108111","timestamp":1625776620,"volume":"12.31586458","buyTxId":"MM-P-8493394-55472667-3-4-0","sellTxId":"334dc882b817990554de2528bb525bd26ec540a7"}
{"index": {"_index":"sim","_id":"1204492"}}
	{"id":1204492,"type":"sell","buyer":"dcityfund","seller":"dhedge-drips","symbol":"SIM","quantity":"10.552","price":"0.00108100","timestamp":1625776710,"volume":"0.01140671","buyTxId":"aa4a6dc551ce49ebf86493aafe13fada44c4e80b","sellTxId":"f3c86addfa8e27a2da6424af5c6becaa991babe9"}
{"index": {"_index":"sim","_id":"1204527"}}
	{"id":1204527,"type":"sell","buyer":"dcityfund","seller":"loganhate","symbol":"SIM","quantity":"285.000","price":"0.00108100","timestamp":1625777052,"volume":"0.30808500","buyTxId":"aa4a6dc551ce49ebf86493aafe13fada44c4e80b","sellTxId":"98bde8712e6761445889d0f69a3db758303aa361"}
{"index": {"_index":"sim","_id":"1204537"}}
	{"id":1204537,"type":"sell","buyer":"dcityfund","seller":"deathwing","symbol":"SIM","quantity":"683","price":"0.00108100","timestamp":1625777706,"volume":"0.73832300","buyTxId":"aa4a6dc551ce49ebf86493aafe13fada44c4e80b","sellTxId":"92e924e01fcb7404bdc63ff98edb7da51988f8e5-1"}
{"index": {"_index":"sim","_id":"1204577"}}
	{"id":1204577,"type":"buy","buyer":"konvik","seller":"freebornsociety","symbol":"SIM","quantity":"75000.000","price":"0.00113389","timestamp":1625779071,"volume":"85.04175000","buyTxId":"8fc9ee7234ef3800b4fb7cf2157ae745a08f87f5-0","sellTxId":"MM-P-8494288-55473565-3-4-1"}
{"index": {"_index":"sim","_id":"1204632"}}
	{"id":1204632,"type":"sell","buyer":"dcityfund","seller":"mfblack","symbol":"SIM","quantity":"5792.532","price":"0.00108200","timestamp":1625780772,"volume":"6.26751962","buyTxId":"82923169bac1564bad1ebf44a5cc789306b8144c","sellTxId":"5c7802b8737186dc4d23e8c57e6f1e177a52b4cc"}
{"index": {"_index":"sim","_id":"1204758"}}
	{"id":1204758,"type":"sell","buyer":"dcityfund","seller":"balte","symbol":"SIM","quantity":"11296.647","price":"0.00108300","timestamp":1625783415,"volume":"12.23426870","buyTxId":"01127640729800c878adc7f5a9ad6f56fb7e9fa9","sellTxId":"77f7fad02bb354d4421e24b1267f945d82d8c9b8"}
{"index": {"_index":"sim","_id":"1204759"}}
	{"id":1204759,"type":"sell","buyer":"freebornsociety","seller":"balte","symbol":"SIM","quantity":"14076.353","price":"0.00108230","timestamp":1625783415,"volume":"15.23483685","buyTxId":"MM-P-8495084-55474364-3-4-0","sellTxId":"77f7fad02bb354d4421e24b1267f945d82d8c9b8"}
{"index": {"_index":"sim","_id":"1204820"}}
	{"id":1204820,"type":"sell","buyer":"dcityfund","seller":"bigram13","symbol":"SIM","quantity":"10867.659","price":"0.00108300","timestamp":1625785968,"volume":"11.76967470","buyTxId":"21de97f29ec88f0af8b441b7ac47dc25cd5bf2c2","sellTxId":"0088603465a986c30c53da3203b900764c16182c"}
{"index": {"_index":"sim","_id":"1204821"}}
	{"id":1204821,"type":"sell","buyer":"freebornsociety","seller":"bigram13","symbol":"SIM","quantity":"49132.341","price":"0.00108230","timestamp":1625785968,"volume":"53.17593266","buyTxId":"MM-P-8495084-55474364-3-4-0","sellTxId":"0088603465a986c30c53da3203b900764c16182c"}
{"index": {"_index":"sim","_id":"1204864"}}
	{"id":1204864,"type":"sell","buyer":"dcityfund","seller":"thegoliathv2","symbol":"SIM","quantity":"1525.283","price":"0.00108300","timestamp":1625787897,"volume":"1.65188149","buyTxId":"4e9805383a0026c0c36756da212f09bbdcffd14f","sellTxId":"513326b42e8f1d49d98aa2634a3de5db5470e4bd"}
{"index": {"_index":"sim","_id":"1204867"}}
	{"id":1204867,"type":"buy","buyer":"egistar","seller":"nftmart.fees","symbol":"SIM","quantity":"336.000","price":"0.00113188","timestamp":1625788104,"volume":"0.38031168","buyTxId":"f44cf2c01967209d420e403fa48bbea61a71adcf","sellTxId":"35bb53e523b1195e9b5bb786f7cdc6758883ea0b-0"}
{"index": {"_index":"sim","_id":"1204868"}}
	{"id":1204868,"type":"buy","buyer":"egistar","seller":"mmrx","symbol":"SIM","quantity":"61.568","price":"0.00113189","timestamp":1625788104,"volume":"0.06968832","buyTxId":"f44cf2c01967209d420e403fa48bbea61a71adcf","sellTxId":"MM-P-8496920-55476213-3-14-0"}
{"index": {"_index":"sim","_id":"1204870"}}
	{"id":1204870,"type":"buy","buyer":"egistar","seller":"mmrx","symbol":"SIM","quantity":"139.589","price":"0.00113189","timestamp":1625788158,"volume":"0.158","buyTxId":"fe470fe886e038fef31f0136db5e19fabab8d872","sellTxId":"MM-P-8496920-55476213-3-14-0"}
{"index": {"_index":"sim","_id":"1204875"}}
	{"id":1204875,"type":"sell","buyer":"dcityfund","seller":"thegoliathv2","symbol":"SIM","quantity":"3097.000","price":"0.00108300","timestamp":1625788758,"volume":"3.35405100","buyTxId":"4e9805383a0026c0c36756da212f09bbdcffd14f","sellTxId":"64fb178ec1c4f5d5523942014a489e4dd5f4c880"}
{"index": {"_index":"sim","_id":"1204965"}}
	{"id":1204965,"type":"sell","buyer":"dcityfund","seller":"enforcer48","symbol":"SIM","quantity":"5851.016","price":"0.00108300","timestamp":1625792103,"volume":"6.33665033","buyTxId":"4e9805383a0026c0c36756da212f09bbdcffd14f","sellTxId":"3c1f5d7e350cd42dca80ad265a5e5c30bf72b0e3"}
{"index": {"_index":"sim","_id":"1204966"}}
	{"id":1204966,"type":"sell","buyer":"freebornsociety","seller":"enforcer48","symbol":"SIM","quantity":"783.984","price":"0.00108230","timestamp":1625792103,"volume":"0.84850588","buyTxId":"MM-P-8495084-55474364-3-4-0","sellTxId":"3c1f5d7e350cd42dca80ad265a5e5c30bf72b0e3"}
{"index": {"_index":"sim","_id":"1205034"}}
	{"id":1205034,"type":"sell","buyer":"dcityfund","seller":"brofi-market","symbol":"SIM","quantity":"129.485","price":"0.00108300","timestamp":1625793957,"volume":"0.14023226","buyTxId":"694ba5df3cbdb45d9e9713b1e88ebab10c50dc1a","sellTxId":"1d60ec9cea003174aa2e3a8c100b39a706d12a1c"}
{"index": {"_index":"sim","_id":"1205055"}}
	{"id":1205055,"type":"buy","buyer":"enforcer48","seller":"mmrx","symbol":"SIM","quantity":"1715.546","price":"0.00113180","timestamp":1625794320,"volume":"1.94165496","buyTxId":"fb2996697752b21022949892158186ce39d0649b","sellTxId":"MM-P-8499297-55478609-3-14-0"}
{"index": {"_index":"sim","_id":"1205056"}}
	{"id":1205056,"type":"buy","buyer":"enforcer48","seller":"brofi-market","symbol":"SIM","quantity":"129.485","price":"0.00113181","timestamp":1625794320,"volume":"0.14655242","buyTxId":"fb2996697752b21022949892158186ce39d0649b","sellTxId":"ca3d6fb1a5e7bfbb5f05732cb8647a267b45133d"}
{"index": {"_index":"sim","_id":"1205057"}}
	{"id":1205057,"type":"buy","buyer":"enforcer48","seller":"nftmart.fees","symbol":"SIM","quantity":"293.000","price":"0.00113182","timestamp":1625794320,"volume":"0.33162326","buyTxId":"fb2996697752b21022949892158186ce39d0649b","sellTxId":"c3c16de087aa66a0c96444111298f3b0ac0737d3-0"}
{"index": {"_index":"sim","_id":"1205058"}}
	{"id":1205058,"type":"buy","buyer":"enforcer48","seller":"dcityfund","symbol":"SIM","quantity":"1470.781","price":"0.00113200","timestamp":1625794320,"volume":"1.66492409","buyTxId":"fb2996697752b21022949892158186ce39d0649b","sellTxId":"8737f1c26c73f9f7c83355f7574f525ec182eced"}
{"index": {"_index":"sim","_id":"1205059"}}
	{"id":1205059,"type":"buy","buyer":"enforcer48","seller":"dcityfund","symbol":"SIM","quantity":"1447.912","price":"0.00113200","timestamp":1625794320,"volume":"1.63903638","buyTxId":"fb2996697752b21022949892158186ce39d0649b","sellTxId":"326975d516f57b6ad8c29ee811520f42aee3fe89"}
{"index": {"_index":"sim","_id":"1205060"}}
	{"id":1205060,"type":"buy","buyer":"enforcer48","seller":"dcityfund","symbol":"SIM","quantity":"1425.324","price":"0.00113200","timestamp":1625794320,"volume":"1.61346677","buyTxId":"fb2996697752b21022949892158186ce39d0649b","sellTxId":"8fc181571aaa5d83bf506af0b83bc4842d706cb8"}
{"index": {"_index":"sim","_id":"1205061"}}
	{"id":1205061,"type":"buy","buyer":"enforcer48","seller":"dcityfund","symbol":"SIM","quantity":"1402.981","price":"0.00113200","timestamp":1625794320,"volume":"1.58817449","buyTxId":"fb2996697752b21022949892158186ce39d0649b","sellTxId":"34f6f51805dce043f629ff60dd409f1a3e89f708"}
{"index": {"_index":"sim","_id":"1205062"}}
	{"id":1205062,"type":"buy","buyer":"enforcer48","seller":"dcityfund","symbol":"SIM","quantity":"1114.971","price":"0.00113200","timestamp":1625794320,"volume":"1.26214717","buyTxId":"fb2996697752b21022949892158186ce39d0649b","sellTxId":"8e56c9df76dc2db779039a6dc10db653a6455c9c"}
{"index": {"_index":"sim","_id":"1205073"}}
	{"id":1205073,"type":"sell","buyer":"dcityfund","seller":"bearbear613","symbol":"SIM","quantity":"2549.701","price":"0.00108300","timestamp":1625794671,"volume":"2.76132618","buyTxId":"694ba5df3cbdb45d9e9713b1e88ebab10c50dc1a","sellTxId":"445c14ad044c982b3541abeea0cd487acbbfdf0a"}
{"index": {"_index":"sim","_id":"1205103"}}
	{"id":1205103,"type":"sell","buyer":"dcityfund","seller":"darmst5339","symbol":"SIM","quantity":"2.420","price":"0.00108300","timestamp":1625795739,"volume":"0.00262086","buyTxId":"694ba5df3cbdb45d9e9713b1e88ebab10c50dc1a","sellTxId":"a8a9e26d7f33cf271863345fb52883a796fbddd4"}
{"index": {"_index":"sim","_id":"1205108"}}
	{"id":1205108,"type":"sell","buyer":"dcityfund","seller":"jywahaha","symbol":"SIM","quantity":"7381.416","price":"0.00108300","timestamp":1625795994,"volume":"7.99407353","buyTxId":"694ba5df3cbdb45d9e9713b1e88ebab10c50dc1a","sellTxId":"165caf535df7c498a5a56fb177a817409e634058"}
{"index": {"_index":"sim","_id":"1205109"}}
	{"id":1205109,"type":"sell","buyer":"freebornsociety","seller":"jywahaha","symbol":"SIM","quantity":"37540.584","price":"0.00108240","timestamp":1625795994,"volume":"40.63392812","buyTxId":"MM-P-8499337-55478651-3-4-0","sellTxId":"165caf535df7c498a5a56fb177a817409e634058"}
{"index": {"_index":"sim","_id":"1205138"}}
	{"id":1205138,"type":"sell","buyer":"dcityfund","seller":"hive.miner","symbol":"SIM","quantity":"413.960","price":"0.00108400","timestamp":1625796927,"volume":"0.44873264","buyTxId":"32fb17bbee9063fb83570101b74f98207e533a6b","sellTxId":"fa2bf242b05fa1b00f5c1f3435656c5921ac455f"}
{"index": {"_index":"sim","_id":"1205160"}}
	{"id":1205160,"type":"sell","buyer":"dcityfund","seller":"thesimguru","symbol":"SIM","quantity":"2143.800","price":"0.00108400","timestamp":1625798103,"volume":"2.32387920","buyTxId":"32fb17bbee9063fb83570101b74f98207e533a6b","sellTxId":"55cfee43953461bbaa91eee84156046705deecb7"}
{"index": {"_index":"sim","_id":"1205180"}}
	{"id":1205180,"type":"sell","buyer":"dcityfund","seller":"travelgirl","symbol":"SIM","quantity":"7340.108","price":"0.00108400","timestamp":1625798706,"volume":"7.95667707","buyTxId":"32fb17bbee9063fb83570101b74f98207e533a6b","sellTxId":"a814c84ab625f1e69f86d60e690efde2fbd5b301"}
{"index": {"_index":"sim","_id":"1205181"}}
	{"id":1205181,"type":"sell","buyer":"freebornsociety","seller":"travelgirl","symbol":"SIM","quantity":"10484.902","price":"0.00108240","timestamp":1625798706,"volume":"11.34885792","buyTxId":"MM-P-8499337-55478651-3-4-0","sellTxId":"a814c84ab625f1e69f86d60e690efde2fbd5b301"}
{"index": {"_index":"sim","_id":"1205187"}}
	{"id":1205187,"type":"sell","buyer":"freebornsociety","seller":"theguruasia","symbol":"SIM","quantity":"124.000","price":"0.00108240","timestamp":1625798835,"volume":"0.13421760","buyTxId":"MM-P-8499337-55478651-3-4-0","sellTxId":"edc7ef24d4b8aef0c7749ae8b80ea1c6bff0a8ca"}
