{"index": {"_index":"sim","_id":"2846235"}}
	{"id":2846235,"type":"buy","buyer":"theia7","seller":"adamdabeast","symbol":"SIM","quantity":"1.030","price":"0.00050897","timestamp":1645675005,"volume":"0.00052424","buyTxId":"86d34585a199635bb2ec6db36f55f6d1393e7c83","sellTxId":"d3e7727166b3de1fb0c6eb12c3d3be43b90c11b1"}
{"index": {"_index":"sim","_id":"2846236"}}
	{"id":2846236,"type":"buy","buyer":"konvik","seller":"adamdabeast","symbol":"SIM","quantity":"743.950","price":"0.00050897","timestamp":1645675008,"volume":"0.37864823","buyTxId":"5f93566dbd0d68253f818e2be5e7962d06f17dda-0","sellTxId":"d3e7727166b3de1fb0c6eb12c3d3be43b90c11b1"}
{"index": {"_index":"sim","_id":"2846237"}}
	{"id":2846237,"type":"buy","buyer":"konvik","seller":"brofi-market","symbol":"SIM","quantity":"0.003","price":"0.00050897","timestamp":1645675008,"volume":"0.00000153","buyTxId":"5f93566dbd0d68253f818e2be5e7962d06f17dda-0","sellTxId":"6703251959e0eb27be3a5200d3cb7eeba485d40a"}
{"index": {"_index":"sim","_id":"2846238"}}
	{"id":2846238,"type":"buy","buyer":"konvik","seller":"jelly-cz","symbol":"SIM","quantity":"111450.373","price":"0.00050898","timestamp":1645675008,"volume":"56.72601085","buyTxId":"5f93566dbd0d68253f818e2be5e7962d06f17dda-0","sellTxId":"MM-P-15094670-62082280-3-28-0"}
{"index": {"_index":"sim","_id":"2846277"}}
	{"id":2846277,"type":"buy","buyer":"rexikhan","seller":"jelly-cz","symbol":"SIM","quantity":"2294.114","price":"0.00050898","timestamp":1645675332,"volume":"1.16765814","buyTxId":"4e1a2ca689864cd791b4e57d41c8f2866ead3b46","sellTxId":"MM-P-15094670-62082280-3-28-0"}
{"index": {"_index":"sim","_id":"2846327"}}
	{"id":2846327,"type":"sell","buyer":"pi-trader","seller":"brofi-market","symbol":"SIM","quantity":"0.001","price":"0.00050001","timestamp":1645675857,"volume":"0.00000050","buyTxId":"52e21c5acf980fa6547596fced3c359cdc234f68-5","sellTxId":"26e58206bf1df9085fd5fcb7cfdcdeb269aa70a6"}
{"index": {"_index":"sim","_id":"2846695"}}
	{"id":2846695,"type":"sell","buyer":"pi-trader","seller":"humblebeast","symbol":"SIM","quantity":"8910.581","price":"0.00050501","timestamp":1645681008,"volume":"4.49993251","buyTxId":"9cc7309d98191861e29d76236bb80d42b6ef0963-1","sellTxId":"1ba2d88e3ba6057dbf582dfa7658f31693a8476e"}
{"index": {"_index":"sim","_id":"2846944"}}
	{"id":2846944,"type":"sell","buyer":"pi-trader","seller":"loganhate","symbol":"SIM","quantity":"694.000","price":"0.00050501","timestamp":1645684329,"volume":"0.35047694","buyTxId":"ace87578e49bfef514f7f2fcd441f6f92255ef8a-3","sellTxId":"b044cf1ce089480876009e43d5d55124d2c4bab2"}
{"index": {"_index":"sim","_id":"2847140"}}
	{"id":2847140,"type":"sell","buyer":"pi-trader","seller":"steem82868","symbol":"SIM","quantity":"0.619","price":"0.00050501","timestamp":1645686624,"volume":"0.00031260","buyTxId":"1f88e0e444f3b33044768cad4233dd36d146868f-3","sellTxId":"3c6ee4f192939d5fcc99569c7e8a6e04c7c0a5d0"}
{"index": {"_index":"sim","_id":"2847167"}}
	{"id":2847167,"type":"buy","buyer":"fredfettmeister","seller":"jelly-cz","symbol":"SIM","quantity":"750.000","price":"0.00050898","timestamp":1645687110,"volume":"0.38173500","buyTxId":"b4dc1931de1a4cd77de1ff090209e635aca4dd01","sellTxId":"MM-P-15094670-62082280-3-28-0"}
{"index": {"_index":"sim","_id":"2847556"}}
	{"id":2847556,"type":"sell","buyer":"pi-trader","seller":"abuahmad","symbol":"SIM","quantity":"1864.410","price":"0.00050501","timestamp":1645692666,"volume":"0.94154569","buyTxId":"79f2e2082f7987ab6aa4b8235f34aa1fcc3164c9-1","sellTxId":"47f591be2afb61bad40ff924b9c4775b97a55e61"}
{"index": {"_index":"sim","_id":"2847721"}}
	{"id":2847721,"type":"sell","buyer":"pi-trader","seller":"desyfit","symbol":"SIM","quantity":"100000.000","price":"0.00050501","timestamp":1645694898,"volume":"50.50100000","buyTxId":"03ebb6b421216a27be07d93ac59dcc1918f856cd-3","sellTxId":"44134bad69cc2c54b1b22b47538d9203b6b22dd7"}
{"index": {"_index":"sim","_id":"2847926"}}
	{"id":2847926,"type":"sell","buyer":"chrysanthemum","seller":"theshaki","symbol":"SIM","quantity":"17.899","price":"0.00050500","timestamp":1645696890,"volume":"0.00903900","buyTxId":"770b6fd6d794ea831e5550a8865eafcb1eb15d34","sellTxId":"37ef3ecd752ada98c7e7586a4789f94d02472c21"}
{"index": {"_index":"sim","_id":"2847933"}}
	{"id":2847933,"type":"sell","buyer":"chrysanthemum","seller":"goldcoin","symbol":"SIM","quantity":"9.763","price":"0.00050500","timestamp":1645697007,"volume":"0.00493032","buyTxId":"770b6fd6d794ea831e5550a8865eafcb1eb15d34","sellTxId":"059061fa7f7cfd50996b7466aab24c2477ebe88a"}
{"index": {"_index":"sim","_id":"2847998"}}
	{"id":2847998,"type":"buy","buyer":"sirdemian","seller":"jelly-cz","symbol":"SIM","quantity":"19450.666","price":"0.00050898","timestamp":1645697814,"volume":"9.9","buyTxId":"6c10817d27c16e224fc74c23c00b46cb1fc05af2","sellTxId":"MM-P-15094670-62082280-3-28-0"}
{"index": {"_index":"sim","_id":"2848322"}}
	{"id":2848322,"type":"sell","buyer":"pi-trader","seller":"bilpcoinbpc","symbol":"SIM","quantity":"3.910","price":"0.00050501","timestamp":1645700499,"volume":"0.00197459","buyTxId":"f2a08b8b2cfb157a61bcc6f191828d65c6c76505","sellTxId":"74219638cc9665bb83d7a74eac4a80ecdd32fc84"}
{"index": {"_index":"sim","_id":"2848565"}}
	{"id":2848565,"type":"buy","buyer":"cunctator89","seller":"jelly-cz","symbol":"SIM","quantity":"11895.156","price":"0.00050898","timestamp":1645703778,"volume":"6.05439650","buyTxId":"f7c8543d7e2fd94f2341e8912e8fda6106786dcf","sellTxId":"MM-P-15094670-62082280-3-28-0"}
{"index": {"_index":"sim","_id":"2848566"}}
	{"id":2848566,"type":"buy","buyer":"cunctator89","seller":"brofi-market","symbol":"SIM","quantity":"0.001","price":"0.00050898","timestamp":1645703778,"volume":"0.00000051","buyTxId":"f7c8543d7e2fd94f2341e8912e8fda6106786dcf","sellTxId":"f7618fe2644a4840ad1296891b1eb1eede1eaa87"}
{"index": {"_index":"sim","_id":"2848584"}}
	{"id":2848584,"type":"buy","buyer":"cunctator89","seller":"he-index","symbol":"SIM","quantity":"44.277","price":"0.00050949","timestamp":1645703901,"volume":"0.02255869","buyTxId":"f6a81a513e6f0336bd9c6a55ca0bba05ce67db8b","sellTxId":"eb6da5e8f2676e32e7183777db8b518b9c626906"}
{"index": {"_index":"sim","_id":"2848585"}}
	{"id":2848585,"type":"buy","buyer":"cunctator89","seller":"bala41288","symbol":"SIM","quantity":"10000.000","price":"0.00051000","timestamp":1645703901,"volume":"5.10000000","buyTxId":"f6a81a513e6f0336bd9c6a55ca0bba05ce67db8b","sellTxId":"93650351a9163b1fce62cba7f842fbeb8bf501e8"}
{"index": {"_index":"sim","_id":"2848586"}}
	{"id":2848586,"type":"buy","buyer":"cunctator89","seller":"wizzitywillican","symbol":"SIM","quantity":"5400.507","price":"0.00051000","timestamp":1645703901,"volume":"2.75425857","buyTxId":"f6a81a513e6f0336bd9c6a55ca0bba05ce67db8b","sellTxId":"cf97afd3ed05371f5ce95b6f6d37e02333ef9af0"}
{"index": {"_index":"sim","_id":"2848595"}}
	{"id":2848595,"type":"buy","buyer":"cunctator89","seller":"pi-trader","symbol":"SIM","quantity":"40000.000","price":"0.00051947","timestamp":1645703967,"volume":"20.77880000","buyTxId":"8798876fe275a423a7ba20fdf5ec850a989cc012","sellTxId":"f84aac48e31bcaf17b8dd9ec6e85fc437f5d9972-9"}
{"index": {"_index":"sim","_id":"2848613"}}
	{"id":2848613,"type":"sell","buyer":"pi-trader","seller":"mystfang","symbol":"SIM","quantity":"526.000","price":"0.00050501","timestamp":1645704210,"volume":"0.26563526","buyTxId":"3b1ffa8afc80de0014d5667572665a3456c7e03d-0","sellTxId":"51668c0c9894bfa666c54a5880888b496110ac85"}
{"index": {"_index":"sim","_id":"2848712"}}
	{"id":2848712,"type":"sell","buyer":"pi-trader","seller":"brofi-market","symbol":"SIM","quantity":"0.003","price":"0.00050501","timestamp":1645704945,"volume":"0.00000152","buyTxId":"c3d3de3d1f4ea50327bdfead9e299a00be469b63-3","sellTxId":"27b840858b045828f288b5f8cf7d353284c59c97"}
{"index": {"_index":"sim","_id":"2848762"}}
	{"id":2848762,"type":"sell","buyer":"pi-trader","seller":"lifeskills-tv","symbol":"SIM","quantity":"375.053","price":"0.00050501","timestamp":1645705548,"volume":"0.18940552","buyTxId":"3ed2b8f8fce62382a9d67494ce54521ee8d45043-1","sellTxId":"7f751fecb94ef1c92aa24d625655cbe2e8381ff9"}
{"index": {"_index":"sim","_id":"2848979"}}
	{"id":2848979,"type":"buy","buyer":"dswap","seller":"jelly-cz","symbol":"SIM","quantity":"3274.664","price":"0.00051532","timestamp":1645707555,"volume":"1.68750000","buyTxId":"5f4a506ba6730f85aa13d90c3e0944c2acfe8bbd","sellTxId":"MM-P-15110917-62098541-3-28-0"}
{"index": {"_index":"sim","_id":"2849048"}}
	{"id":2849048,"type":"buy","buyer":"electru","seller":"jelly-cz","symbol":"SIM","quantity":"11229.000","price":"0.00051532","timestamp":1645708413,"volume":"5.78652828","buyTxId":"0e83bdaa4934bb300e37cd75b7076b57211563eb","sellTxId":"MM-P-15110917-62098541-3-28-0"}
{"index": {"_index":"sim","_id":"2849166"}}
	{"id":2849166,"type":"sell","buyer":"pi-trader","seller":"andy4475","symbol":"SIM","quantity":"34.710","price":"0.00050501","timestamp":1645709436,"volume":"0.01752890","buyTxId":"49a8507c89136b95a4853753255104513a83763b-4","sellTxId":"c2032bcddd8da7fa4f2bdfc5ba2405da2671e4cd"}
{"index": {"_index":"sim","_id":"2849396"}}
	{"id":2849396,"type":"sell","buyer":"pi-trader","seller":"heikki1337","symbol":"SIM","quantity":"7748.862","price":"0.00050501","timestamp":1645712310,"volume":"3.91325280","buyTxId":"cfc9038ac15ea410382a2ea3e6032e6261a939c6-3","sellTxId":"d04c5d89d5451bec7f9a948091545ee553368d02"}
{"index": {"_index":"sim","_id":"2849497"}}
	{"id":2849497,"type":"sell","buyer":"pi-trader","seller":"evernoticethat","symbol":"SIM","quantity":"125000.000","price":"0.00050501","timestamp":1645713099,"volume":"63.12625000","buyTxId":"0f4804bde913ec14e163fa5f1318e511ecb8ac39-3","sellTxId":"975f27fe5268c062dcb5ef58850684b8edda93ca"}
{"index": {"_index":"sim","_id":"2849519"}}
	{"id":2849519,"type":"sell","buyer":"chrysanthemum","seller":"evernoticethat","symbol":"SIM","quantity":"9421.000","price":"0.00050500","timestamp":1645713510,"volume":"4.75760500","buyTxId":"770b6fd6d794ea831e5550a8865eafcb1eb15d34","sellTxId":"60a79bcca137ffa25f82a14450506ebc9972b09a"}
{"index": {"_index":"sim","_id":"2849527"}}
	{"id":2849527,"type":"sell","buyer":"chrysanthemum","seller":"evernoticethat","symbol":"SIM","quantity":"0.338","price":"0.00050500","timestamp":1645713561,"volume":"0.00017069","buyTxId":"770b6fd6d794ea831e5550a8865eafcb1eb15d34","sellTxId":"47872a76601e4b9dbe997f747562e5e921b4cb24"}
{"index": {"_index":"sim","_id":"2849528"}}
	{"id":2849528,"type":"buy","buyer":"svirus","seller":"evernoticethat","symbol":"SIM","quantity":"5510.660","price":"0.00050500","timestamp":1645713564,"volume":"2.78288330","buyTxId":"e3177155b633f30e16b67e18eda3a8ac6bc10fa8-0","sellTxId":"47872a76601e4b9dbe997f747562e5e921b4cb24"}
{"index": {"_index":"sim","_id":"2849533"}}
	{"id":2849533,"type":"sell","buyer":"pi-trader","seller":"evernoticethat","symbol":"SIM","quantity":"150000.000","price":"0.00050001","timestamp":1645713606,"volume":"75.00150000","buyTxId":"ad9621f0e355fd3b37fb1e85182be6f06ae8edd7-0","sellTxId":"bf349dffd0149bf89fba896d80400ed6acc136aa"}
{"index": {"_index":"sim","_id":"2849537"}}
	{"id":2849537,"type":"sell","buyer":"pi-trader","seller":"evernoticethat","symbol":"SIM","quantity":"5511.000","price":"0.00050001","timestamp":1645713648,"volume":"2.75555511","buyTxId":"9082e79dab856f1a588b651c5141331bc8495c4c-2","sellTxId":"343f412fea32b7103b4253efdf2586055f95caa2"}
{"index": {"_index":"sim","_id":"2849542"}}
	{"id":2849542,"type":"sell","buyer":"pi-trader","seller":"evernoticethat","symbol":"SIM","quantity":"89988.439","price":"0.00050001","timestamp":1645713735,"volume":"44.99511938","buyTxId":"dc576154cd8786dd6c260b8cba0b7116a20fa6cf-3","sellTxId":"0e838c3c3707526430b24a01fdd5e5f0e4df117d"}
{"index": {"_index":"sim","_id":"2849976"}}
	{"id":2849976,"type":"buy","buyer":"vaporent","seller":"jelly-cz","symbol":"SIM","quantity":"5200.000","price":"0.00051065","timestamp":1645718082,"volume":"2.65538000","buyTxId":"793515d0a82a0654628d406f48e55ed4ba22c6d8","sellTxId":"MM-P-15113909-62101533-3-28-0"}
{"index": {"_index":"sim","_id":"2850060"}}
	{"id":2850060,"type":"buy","buyer":"daigorokoike","seller":"jelly-cz","symbol":"SIM","quantity":"20000.000","price":"0.00051065","timestamp":1645718685,"volume":"10.21300000","buyTxId":"397b911311b37ea1eae782f84eae8bd0fb749259","sellTxId":"MM-P-15113909-62101533-3-28-0"}
{"index": {"_index":"sim","_id":"2850110"}}
	{"id":2850110,"type":"sell","buyer":"pi-trader","seller":"brofi-market","symbol":"SIM","quantity":"0.001","price":"0.00050001","timestamp":1645719108,"volume":"0.00000050","buyTxId":"0446fa81e7d50aa122edbe408e01547e0c97ec8c-3","sellTxId":"1881e02e1cd70d14b53ac36aa787163e5a3af3e9"}
{"index": {"_index":"sim","_id":"2850165"}}
	{"id":2850165,"type":"buy","buyer":"daigorokoike","seller":"jelly-cz","symbol":"SIM","quantity":"27900.000","price":"0.00051014","timestamp":1645719438,"volume":"14.23290600","buyTxId":"77d5ae51097b5a512cd6267f1d0b69e5af0a0124","sellTxId":"MM-P-15115206-62102830-3-28-0"}
{"index": {"_index":"sim","_id":"2850193"}}
	{"id":2850193,"type":"buy","buyer":"vaporent","seller":"jelly-cz","symbol":"SIM","quantity":"10000.000","price":"0.00051014","timestamp":1645719627,"volume":"5.10140000","buyTxId":"8d019e383febe6404478fff690c82d8ecb8ec316","sellTxId":"MM-P-15115206-62102830-3-28-0"}
{"index": {"_index":"sim","_id":"2850301"}}
	{"id":2850301,"type":"buy","buyer":"vaporent","seller":"jelly-cz","symbol":"SIM","quantity":"10000.000","price":"0.00051014","timestamp":1645720731,"volume":"5.10140000","buyTxId":"51b82d70eaa6aabe7cc25f650e11b8aee466c690","sellTxId":"MM-P-15115206-62102830-3-28-0"}
{"index": {"_index":"sim","_id":"2851930"}}
	{"id":2851930,"type":"sell","buyer":"pi-trader","seller":"themarkymark","symbol":"SIM","quantity":"7260.032","price":"0.00050003","timestamp":1645730076,"volume":"3.63023380","buyTxId":"e1e3a289279e0e52d80c41082aa0a7ebd9701659-5","sellTxId":"1a32aa42e7e3fc1f774ab4abbeaa71e8c71ad12e"}
{"index": {"_index":"sim","_id":"2851962"}}
	{"id":2851962,"type":"buy","buyer":"theia7","seller":"brofi-market","symbol":"SIM","quantity":"0.001","price":"0.00051065","timestamp":1645730457,"volume":"0.00000051","buyTxId":"c1e0bf8bd805c5a13a2f211250a2c4424de8d44b","sellTxId":"adb46f842f92c44c75665892ea62df7dd1da2f89"}
{"index": {"_index":"sim","_id":"2851963"}}
	{"id":2851963,"type":"buy","buyer":"theia7","seller":"pi-trader","symbol":"SIM","quantity":"474.999","price":"0.00051427","timestamp":1645730457,"volume":"0.24427774","buyTxId":"c1e0bf8bd805c5a13a2f211250a2c4424de8d44b","sellTxId":"5fe7c1040cf1d6dd0d47f84286056a8cf5e97543-3"}
{"index": {"_index":"sim","_id":"2852362"}}
	{"id":2852362,"type":"buy","buyer":"maryjane.main","seller":"jelly-cz","symbol":"SIM","quantity":"15000.000","price":"0.00051220","timestamp":1645733733,"volume":"7.68300000","buyTxId":"a7574c9bfd887324ae92af2e338241ab47741641","sellTxId":"MM-P-15119294-62106919-3-28-0"}
{"index": {"_index":"sim","_id":"2852465"}}
	{"id":2852465,"type":"buy","buyer":"decentropia","seller":"jelly-cz","symbol":"SIM","quantity":"97.133","price":"0.00051168","timestamp":1645735164,"volume":"0.04970101","buyTxId":"00d1d28e2af6d821e35bffbbd1d5a7b4874dbeb0","sellTxId":"MM-P-15120092-62107717-3-28-0"}
{"index": {"_index":"sim","_id":"2852505"}}
	{"id":2852505,"type":"sell","buyer":"pi-trader","seller":"aiyoras","symbol":"SIM","quantity":"500.000","price":"0.00050001","timestamp":1645735794,"volume":"0.25000500","buyTxId":"3c0a2e4ca509561186219dabffda76ed5e3de7eb-0","sellTxId":"3789a8cdc6d8b736003874cb29b77c02f4fdb1da"}
{"index": {"_index":"sim","_id":"2852539"}}
	{"id":2852539,"type":"sell","buyer":"pi-trader","seller":"monsterjamgold","symbol":"SIM","quantity":"848.595","price":"0.00050001","timestamp":1645736160,"volume":"0.42430599","buyTxId":"02a5f7d6e303e974080f6ffb93cb0a0480c1f422-3","sellTxId":"b6c2700c91c3f1ea460430bab4c05d9620ca5f9d"}
{"index": {"_index":"sim","_id":"2852751"}}
	{"id":2852751,"type":"sell","buyer":"pi-trader","seller":"thatcryptodave","symbol":"SIM","quantity":"799.425","price":"0.00050001","timestamp":1645737996,"volume":"0.39972049","buyTxId":"af7c47f74a713e506595e1f8dfcdf36367fb58bb-3","sellTxId":"064f4ce6cb22f42971754e3b284b3706ea440c19"}
{"index": {"_index":"sim","_id":"2852778"}}
	{"id":2852778,"type":"sell","buyer":"pi-trader","seller":"steem-hodler","symbol":"SIM","quantity":"48300.000","price":"0.00050001","timestamp":1645738467,"volume":"24.15048300","buyTxId":"eaf67b5715e8994541ef95a560d2ffc01b3db527-3","sellTxId":"812dc63d84607e2c734da164fdcd465d6e439c1f"}
{"index": {"_index":"sim","_id":"2852947"}}
	{"id":2852947,"type":"sell","buyer":"pi-trader","seller":"phant.devteam","symbol":"SIM","quantity":"60154.087","price":"0.00050001","timestamp":1645740189,"volume":"30.07764504","buyTxId":"58921b7d2521d43117f37cec2c8ad122699c5008-3","sellTxId":"4eb753fad9abc9105e1c0ef077802c1d0c78a620"}
{"index": {"_index":"sim","_id":"2853166"}}
	{"id":2853166,"type":"buy","buyer":"richar1422","seller":"jelly-cz","symbol":"SIM","quantity":"2.000","price":"0.00051063","timestamp":1645743153,"volume":"0.00102126","buyTxId":"15462d3ccce78ecb4f6b709647d93e126da9fe76","sellTxId":"MM-P-15122289-62109915-3-28-0"}
{"index": {"_index":"sim","_id":"2853199"}}
	{"id":2853199,"type":"sell","buyer":"soteyapanbot","seller":"elevator09","symbol":"SIM","quantity":"3365.816","price":"0.00050000","timestamp":1645743690,"volume":"1.68290800","buyTxId":"061a15a6f1c67ec1c5fd649fb009f4990b5715b3","sellTxId":"994ae458b7b241428791731b94ad04ab174eebf8"}
{"index": {"_index":"sim","_id":"2853201"}}
	{"id":2853201,"type":"sell","buyer":"soteyapanbot","seller":"he-index","symbol":"SIM","quantity":"42.879","price":"0.00050000","timestamp":1645743726,"volume":"0.02143950","buyTxId":"061a15a6f1c67ec1c5fd649fb009f4990b5715b3","sellTxId":"e3e2481fb07c6ac84ebe28c2e5ccdc9d3b393b6b"}
{"index": {"_index":"sim","_id":"2853434"}}
	{"id":2853434,"type":"sell","buyer":"soteyapanbot","seller":"hirohurl","symbol":"SIM","quantity":"43.043","price":"0.00050000","timestamp":1645747071,"volume":"0.02152150","buyTxId":"061a15a6f1c67ec1c5fd649fb009f4990b5715b3","sellTxId":"a008c5675e9cd35c0cc85460e6a96c12df279341"}
{"index": {"_index":"sim","_id":"2853531"}}
	{"id":2853531,"type":"sell","buyer":"soteyapanbot","seller":"brofi-market","symbol":"SIM","quantity":"0.003","price":"0.00050000","timestamp":1645747989,"volume":"0.00000150","buyTxId":"061a15a6f1c67ec1c5fd649fb009f4990b5715b3","sellTxId":"4d5fab6de104f176ee098a8567446ba9ae2c3ba7"}
{"index": {"_index":"sim","_id":"2853909"}}
	{"id":2853909,"type":"sell","buyer":"soteyapanbot","seller":"thatcryptodave","symbol":"SIM","quantity":"750.526","price":"0.00050000","timestamp":1645751397,"volume":"0.37526300","buyTxId":"061a15a6f1c67ec1c5fd649fb009f4990b5715b3","sellTxId":"efd34170bd2de397e8fb89de872d636a557d7716"}
{"index": {"_index":"sim","_id":"2854132"}}
	{"id":2854132,"type":"sell","buyer":"soteyapanbot","seller":"lisamgentile1961","symbol":"SIM","quantity":"23.657","price":"0.00050000","timestamp":1645753635,"volume":"0.01182850","buyTxId":"061a15a6f1c67ec1c5fd649fb009f4990b5715b3","sellTxId":"e9f86a392cc84653e1e94771bb609a097f57292f"}
{"index": {"_index":"sim","_id":"2854133"}}
	{"id":2854133,"type":"sell","buyer":"soteyapanbot","seller":"b3npurple","symbol":"SIM","quantity":"1000.000","price":"0.00050000","timestamp":1645753671,"volume":"0.50000000","buyTxId":"061a15a6f1c67ec1c5fd649fb009f4990b5715b3","sellTxId":"0a290f8aa4f5df1902423fc2d293cfac1a0a6bdd"}
{"index": {"_index":"sim","_id":"2854176"}}
	{"id":2854176,"type":"buy","buyer":"decentropia","seller":"jelly-cz","symbol":"SIM","quantity":"6.051","price":"0.00050908","timestamp":1645754073,"volume":"0.00308044","buyTxId":"17d9dd34058b69bec6b096795618905fbe25d1f8","sellTxId":"MM-P-15124782-62112408-3-28-0"}
{"index": {"_index":"sim","_id":"2854514"}}
	{"id":2854514,"type":"buy","buyer":"theia7","seller":"jelly-cz","symbol":"SIM","quantity":"414.000","price":"0.00050908","timestamp":1645757925,"volume":"0.21075912","buyTxId":"e910e6a301681c6d8f6a4e59af0a682d93393bc5","sellTxId":"MM-P-15124782-62112408-3-28-0"}
{"index": {"_index":"sim","_id":"2854706"}}
	{"id":2854706,"type":"buy","buyer":"theia7","seller":"jelly-cz","symbol":"SIM","quantity":"0.001","price":"0.00050908","timestamp":1645761108,"volume":"0.00000051","buyTxId":"202510afde3b59d0602522a76a307bb8faa1485d","sellTxId":"MM-P-15124782-62112408-3-28-0"}
