{"index": {"_index":"sim","_id":"2895905"}}
	{"id":2895905,"type":"sell","buyer":"pi-trader","seller":"theshaki","symbol":"SIM","quantity":"13.868","price":"0.00050302","timestamp":1646277825,"volume":"0.00697588","buyTxId":"6553fca79b7984065325e265cf533db8cf68593f-3","sellTxId":"8d90d959c3f3bd8ea1f92da10c31f4b07ca2689e"}
{"index": {"_index":"sim","_id":"2896342"}}
	{"id":2896342,"type":"sell","buyer":"pi-trader","seller":"nftmart.fees","symbol":"SIM","quantity":"3908.823","price":"0.00050302","timestamp":1646284440,"volume":"1.96621615","buyTxId":"cdc72a153f9abb7848f415af3c9bff0515b2aeb1-1","sellTxId":"3169173fe56190e9057567981f59a41ea840c36c"}
{"index": {"_index":"sim","_id":"2896401"}}
	{"id":2896401,"type":"sell","buyer":"pi-trader","seller":"theguruasia","symbol":"SIM","quantity":"653.942","price":"0.00050302","timestamp":1646285238,"volume":"0.32894590","buyTxId":"53107897f219b713bfe23cd845e1852fd48311cc-3","sellTxId":"70184d1c05fde9cbcff23f95be01de4b3502f202"}
{"index": {"_index":"sim","_id":"2896419"}}
	{"id":2896419,"type":"sell","buyer":"pi-trader","seller":"gondek","symbol":"SIM","quantity":"1000.000","price":"0.00050302","timestamp":1646285700,"volume":"0.50302000","buyTxId":"d4f5b973487ab8e8136546bdb4042cae83bd09be-4","sellTxId":"6b2852cb79ed4e1a908172d0b6a295e2e64ec4b4"}
{"index": {"_index":"sim","_id":"2896833"}}
	{"id":2896833,"type":"buy","buyer":"dswap","seller":"jelly-cz","symbol":"SIM","quantity":"7958.610","price":"0.00051898","timestamp":1646291310,"volume":"4.13035950","buyTxId":"695467c311922e77ae54be4cce5bcb664704424a","sellTxId":"MM-P-15297052-62284800-3-29-0"}
{"index": {"_index":"sim","_id":"2897023"}}
	{"id":2897023,"type":"sell","buyer":"pi-trader","seller":"juanmiguelsalas","symbol":"SIM","quantity":"3099.000","price":"0.00050351","timestamp":1646294583,"volume":"1.56037749","buyTxId":"5004587af6613977f566b689d69cf13edeafbd9e-1","sellTxId":"b04ca6e0252ba5d28762c0575371fb696bbd909f"}
{"index": {"_index":"sim","_id":"2897333"}}
	{"id":2897333,"type":"sell","buyer":"pi-trader","seller":"acolytesofhelio","symbol":"SIM","quantity":"28.000","price":"0.00050351","timestamp":1646299494,"volume":"0.01409828","buyTxId":"943bdf9d390ba74a5074b3b66378cd182c700e15-3","sellTxId":"325ee0e292366a4aaa93456893f23214b8579782"}
{"index": {"_index":"sim","_id":"2897430"}}
	{"id":2897430,"type":"sell","buyer":"pi-trader","seller":"forsakensushi","symbol":"SIM","quantity":"150000.000","price":"0.00050351","timestamp":1646300988,"volume":"75.52650000","buyTxId":"0c8c958f4c12e008d699f9c559028a649b96aec2-1","sellTxId":"6fe07339a5e32cf06add3954c76f0ccdb842cd9e"}
{"index": {"_index":"sim","_id":"2897431"}}
	{"id":2897431,"type":"sell","buyer":"johnripper","seller":"forsakensushi","symbol":"SIM","quantity":"10000.000","price":"0.00050350","timestamp":1646300988,"volume":"5.03500000","buyTxId":"4866bde3931d42a2eb63ce2115ba0dea82c8c78f","sellTxId":"6fe07339a5e32cf06add3954c76f0ccdb842cd9e"}
{"index": {"_index":"sim","_id":"2897432"}}
	{"id":2897432,"type":"sell","buyer":"atomcollector","seller":"forsakensushi","symbol":"SIM","quantity":"1000.000","price":"0.00050303","timestamp":1646300988,"volume":"0.50303000","buyTxId":"1bd35d7621bd169165f7aea2c2e06fe90112d9b2","sellTxId":"6fe07339a5e32cf06add3954c76f0ccdb842cd9e"}
{"index": {"_index":"sim","_id":"2897433"}}
	{"id":2897433,"type":"sell","buyer":"jrcornel","seller":"forsakensushi","symbol":"SIM","quantity":"5827.000","price":"0.00050301","timestamp":1646300988,"volume":"2.93103927","buyTxId":"89f4b0639a6a1c91693e2ac544ae16c4dda795af","sellTxId":"6fe07339a5e32cf06add3954c76f0ccdb842cd9e"}
{"index": {"_index":"sim","_id":"2897434"}}
	{"id":2897434,"type":"sell","buyer":"atomcollector","seller":"forsakensushi","symbol":"SIM","quantity":"1000.000","price":"0.00050300","timestamp":1646300988,"volume":"0.50300000","buyTxId":"7e62fed506da4579bb7df46a93b72f36cc908ee3","sellTxId":"6fe07339a5e32cf06add3954c76f0ccdb842cd9e"}
{"index": {"_index":"sim","_id":"2897435"}}
	{"id":2897435,"type":"sell","buyer":"atomcollector","seller":"forsakensushi","symbol":"SIM","quantity":"1000.000","price":"0.00050210","timestamp":1646300988,"volume":"0.50210000","buyTxId":"435f3f7f7a979f831c7033c0626c39422951e8e8","sellTxId":"6fe07339a5e32cf06add3954c76f0ccdb842cd9e"}
{"index": {"_index":"sim","_id":"2897436"}}
	{"id":2897436,"type":"sell","buyer":"atomcollector","seller":"forsakensushi","symbol":"SIM","quantity":"1000.000","price":"0.00050200","timestamp":1646300988,"volume":"0.50200000","buyTxId":"a6c4a901c3e92a9f63525a7c3fe2e18ebd6c4480","sellTxId":"6fe07339a5e32cf06add3954c76f0ccdb842cd9e"}
{"index": {"_index":"sim","_id":"2897437"}}
	{"id":2897437,"type":"sell","buyer":"atomcollector","seller":"forsakensushi","symbol":"SIM","quantity":"1000.000","price":"0.00050104","timestamp":1646300988,"volume":"0.50104000","buyTxId":"8d7cc4e79222efa32afa0b6ab6f751f25e1626ab","sellTxId":"6fe07339a5e32cf06add3954c76f0ccdb842cd9e"}
{"index": {"_index":"sim","_id":"2897438"}}
	{"id":2897438,"type":"sell","buyer":"atomcollector","seller":"forsakensushi","symbol":"SIM","quantity":"1000.000","price":"0.00050102","timestamp":1646300988,"volume":"0.50102000","buyTxId":"d02d5537990b579a1729dae8df0598a71a23ad6f","sellTxId":"6fe07339a5e32cf06add3954c76f0ccdb842cd9e"}
{"index": {"_index":"sim","_id":"2897439"}}
	{"id":2897439,"type":"buy","buyer":"konvik","seller":"forsakensushi","symbol":"SIM","quantity":"128173.000","price":"0.00050000","timestamp":1646300991,"volume":"64.08650000","buyTxId":"7cf5214c5a27a35332180ee43c8c5f350642b31c-0","sellTxId":"6fe07339a5e32cf06add3954c76f0ccdb842cd9e"}
{"index": {"_index":"sim","_id":"2897592"}}
	{"id":2897592,"type":"sell","buyer":"pi-trader","seller":"monsterjamgold","symbol":"SIM","quantity":"198.000","price":"0.00049001","timestamp":1646302530,"volume":"0.09702198","buyTxId":"7dbeea4603e16db48a8313cc9e050a62041da3fb-2","sellTxId":"bdb0343fa14208672fec887cdfa0f2ddfa617bb5"}
{"index": {"_index":"sim","_id":"2897914"}}
	{"id":2897914,"type":"sell","buyer":"pi-trader","seller":"evilisme","symbol":"SIM","quantity":"217.423","price":"0.00049001","timestamp":1646307300,"volume":"0.10653944","buyTxId":"78ac04875da2a35a3309520e0c6620441ab5e9b9-5","sellTxId":"2d9993471050a88a34bebd6ec5fa3746e67eac31"}
{"index": {"_index":"sim","_id":"2898100"}}
	{"id":2898100,"type":"sell","buyer":"pi-trader","seller":"brofi-market","symbol":"SIM","quantity":"0.004","price":"0.00049001","timestamp":1646309679,"volume":"0.00000196","buyTxId":"2fe8e951a86a7ad7f2629f6cd2d1879bf68fbd51-3","sellTxId":"c30d62cd8a60536c4cbaaa0a594af08ccc6637af"}
{"index": {"_index":"sim","_id":"2898745"}}
	{"id":2898745,"type":"sell","buyer":"pi-trader","seller":"justinparke","symbol":"SIM","quantity":"1451","price":"0.00049001","timestamp":1646317509,"volume":"0.71100451","buyTxId":"9b700b3ec33c775edcfe3182c0f349a453a01acb-1","sellTxId":"d7289b13cf2a6fcea9585909c24c6bedb73f7976"}
{"index": {"_index":"sim","_id":"2898836"}}
	{"id":2898836,"type":"sell","buyer":"pi-trader","seller":"bearbear613","symbol":"SIM","quantity":"873.948","price":"0.00049001","timestamp":1646318775,"volume":"0.42824326","buyTxId":"c6993b3586258247f8afe5fced3aae8a7176ae77-5","sellTxId":"49b3d92a60a3697fb863b411661136860fa90cf5"}
{"index": {"_index":"sim","_id":"2898893"}}
	{"id":2898893,"type":"sell","buyer":"pi-trader","seller":"miketr","symbol":"SIM","quantity":"478.000","price":"0.00049001","timestamp":1646319606,"volume":"0.23422478","buyTxId":"de6a20078e54d25d49e13b39cc80bd6d637e2437-3","sellTxId":"6e21b4e53e1084465361fa795d7df3819235aca6"}
{"index": {"_index":"sim","_id":"2899036"}}
	{"id":2899036,"type":"buy","buyer":"stickupcash","seller":"jelly-cz","symbol":"SIM","quantity":"1027.000","price":"0.00051847","timestamp":1646321091,"volume":"0.53246869","buyTxId":"30bde08a25e9ae8da84c7d90642c42501b90d96b","sellTxId":"MM-P-15311503-62299262-3-29-0"}
{"index": {"_index":"sim","_id":"2899060"}}
	{"id":2899060,"type":"buy","buyer":"lxsxl","seller":"jelly-cz","symbol":"SIM","quantity":"118864.577","price":"0.00051847","timestamp":1646321457,"volume":"61.62771724","buyTxId":"8c89b4dbd44b2957f8decda5d9be1787f861e63c","sellTxId":"MM-P-15311503-62299262-3-29-0"}
{"index": {"_index":"sim","_id":"2899061"}}
	{"id":2899061,"type":"sell","buyer":"lxsxl","seller":"svirus","symbol":"SIM","quantity":"18727.960","price":"0.00051847","timestamp":1646321460,"volume":"9.70988542","buyTxId":"8c89b4dbd44b2957f8decda5d9be1787f861e63c","sellTxId":"29f1725b9c9b5b52c8c21fa21b38e9cbac2998a4-1"}
{"index": {"_index":"sim","_id":"2899129"}}
	{"id":2899129,"type":"sell","buyer":"pi-trader","seller":"epilatero","symbol":"SIM","quantity":"2738","price":"0.00049001","timestamp":1646322519,"volume":"1.34164738","buyTxId":"334d4a05dc312536ae792e6a3547719b7fed6b3d-4","sellTxId":"e73ecb188a6b13fe746df0c6a9a79cb1363ccdb6"}
{"index": {"_index":"sim","_id":"2899395"}}
	{"id":2899395,"type":"sell","buyer":"pi-trader","seller":"automaton","symbol":"SIM","quantity":"223.556","price":"0.00049001","timestamp":1646325495,"volume":"0.10954468","buyTxId":"a3381a0bab10f927519a909d6b13e851ea9b28f1-3","sellTxId":"58db25108a89b2ead959813453775bc99f4d4488"}
{"index": {"_index":"sim","_id":"2899478"}}
	{"id":2899478,"type":"buy","buyer":"konvik","seller":"steem-hodler","symbol":"SIM","quantity":"50000.000","price":"0.00051000","timestamp":1646326479,"volume":"25.50000000","buyTxId":"c0754bc484768d80b432bcd151cf22ce5a2bf962-0","sellTxId":"46373d3e952180f30863b12225c1902799d47873"}
{"index": {"_index":"sim","_id":"2899487"}}
	{"id":2899487,"type":"buy","buyer":"svirus","seller":"steem-hodler","symbol":"SIM","quantity":"65000.000","price":"0.00051000","timestamp":1646326563,"volume":"33.15000000","buyTxId":"97513efc242eabc5d31552da3991a1f673572b5f-0","sellTxId":"268158cd22349670da3a13540ae0c19cecfe82ab"}
{"index": {"_index":"sim","_id":"2899559"}}
	{"id":2899559,"type":"buy","buyer":"dkid14","seller":"brofi-market","symbol":"SIM","quantity":"0.004","price":"0.00051898","timestamp":1646327271,"volume":"0.00000208","buyTxId":"68869624f8f371e4c49e366b7e32f249c20b2273","sellTxId":"b62c4ddd56e310d6caa55daf26825e79542fcf21"}
{"index": {"_index":"sim","_id":"2899560"}}
	{"id":2899560,"type":"sell","buyer":"dkid14","seller":"konvik","symbol":"SIM","quantity":"51751.495","price":"0.00051898","timestamp":1646327274,"volume":"26.85799088","buyTxId":"68869624f8f371e4c49e366b7e32f249c20b2273","sellTxId":"ee975f474e0fc7a5d16a641962bba755af7efd9a-1"}
{"index": {"_index":"sim","_id":"2899658"}}
	{"id":2899658,"type":"sell","buyer":"dkid14","seller":"dhedge","symbol":"SIM","quantity":"51.361","price":"0.00051898","timestamp":1646328258,"volume":"0.02665533","buyTxId":"68869624f8f371e4c49e366b7e32f249c20b2273","sellTxId":"402360de8cd2a3e353256221acd0be6e48dd746d"}
{"index": {"_index":"sim","_id":"2899674"}}
	{"id":2899674,"type":"sell","buyer":"pi-trader","seller":"dhedge","symbol":"SIM","quantity":"0.002","price":"0.00049001","timestamp":1646328360,"volume":"0.00000098","buyTxId":"8eb493771961281df69f935c8d677153704c6df7","sellTxId":"76ec467c60d1a96608185d7e4017402d6a71b41d"}
{"index": {"_index":"sim","_id":"2899909"}}
	{"id":2899909,"type":"sell","buyer":"pi-trader","seller":"imperij4427","symbol":"SIM","quantity":"95652.000","price":"0.00049001","timestamp":1646330403,"volume":"46.87043652","buyTxId":"9699b07bc1dfb6b92e113b08f5be376acad61ca3-1","sellTxId":"3ec1450fd3319754982d15c2b5cad03eb28a66f3"}
{"index": {"_index":"sim","_id":"2899975"}}
	{"id":2899975,"type":"sell","buyer":"pi-trader","seller":"dwinblood","symbol":"SIM","quantity":"0.577","price":"0.00050001","timestamp":1646330913,"volume":"0.00028851","buyTxId":"50b3aab04f0178930d1ab883507a8f5e7a30d777-1","sellTxId":"445cf8933853c0a7e6ae2d462b517425c4d9d4ce"}
{"index": {"_index":"sim","_id":"2900001"}}
	{"id":2900001,"type":"sell","buyer":"pi-trader","seller":"desro","symbol":"SIM","quantity":"1500.000","price":"0.00050001","timestamp":1646331312,"volume":"0.75001500","buyTxId":"5c087c06fb4d7bcd8706ddd61c562aacfb0e768a-1","sellTxId":"400acb6140dd279a8ac36ebdaeeccea6b07d5b25"}
{"index": {"_index":"sim","_id":"2900359"}}
	{"id":2900359,"type":"sell","buyer":"pi-trader","seller":"steem69","symbol":"SIM","quantity":"145000.000","price":"0.00050501","timestamp":1646336325,"volume":"73.22645000","buyTxId":"4436d4e5630d29268a96d6daae66eeaa4fea2219-1","sellTxId":"69dfde6d90261eb05068789bf49805a278ec1d99"}
{"index": {"_index":"sim","_id":"2900371"}}
	{"id":2900371,"type":"sell","buyer":"pi-trader","seller":"monsterjamgold","symbol":"SIM","quantity":"335.125","price":"0.00050501","timestamp":1646336412,"volume":"0.16924148","buyTxId":"5253871b9a1123346d4ebfd01bdd8af0c490a6cc-3","sellTxId":"0f577bc846f119e0089b8ade0a8be912fc65f81a"}
{"index": {"_index":"sim","_id":"2900374"}}
	{"id":2900374,"type":"sell","buyer":"pi-trader","seller":"steem69","symbol":"SIM","quantity":"59099.190","price":"0.00050501","timestamp":1646336415,"volume":"29.84568194","buyTxId":"5253871b9a1123346d4ebfd01bdd8af0c490a6cc-3","sellTxId":"58f7291eed1172cfbe903db168b48a7c8ecb1ce4"}
{"index": {"_index":"sim","_id":"2900402"}}
	{"id":2900402,"type":"sell","buyer":"pi-trader","seller":"steem69","symbol":"SIM","quantity":"145000.000","price":"0.00050501","timestamp":1646336661,"volume":"73.22645000","buyTxId":"2451dd528607dd64c3b1d6d6439396305d4e2634-3","sellTxId":"14b90824b847086cca5c810255dbbbce45819f8a"}
{"index": {"_index":"sim","_id":"2900407"}}
	{"id":2900407,"type":"buy","buyer":"svirus","seller":"steem69","symbol":"SIM","quantity":"145000.000","price":"0.00050501","timestamp":1646336748,"volume":"73.22645000","buyTxId":"19005369764a6a1a54c1c00e63ee9136dc9e3a5e-0","sellTxId":"fc5d7a4dc4830a1911a6d31f1fd3fad0ff178240"}
{"index": {"_index":"sim","_id":"2900678"}}
	{"id":2900678,"type":"sell","buyer":"crypto-futurist","seller":"balte","symbol":"SIM","quantity":"1091.000","price":"0.00050500","timestamp":1646340417,"volume":"0.55095500","buyTxId":"eb5b0f63c122ed5bba159d0edd53346a84a11680","sellTxId":"a9231790db395fdac49078c2f1b2ba7f7553a462"}
{"index": {"_index":"sim","_id":"2900679"}}
	{"id":2900679,"type":"sell","buyer":"crypto-futurist","seller":"balte","symbol":"SIM","quantity":"258.650","price":"0.00050500","timestamp":1646340417,"volume":"0.13061825","buyTxId":"5634bf6c29db96aeebf38203f40f12be97529624","sellTxId":"a9231790db395fdac49078c2f1b2ba7f7553a462"}
{"index": {"_index":"sim","_id":"2900680"}}
	{"id":2900680,"type":"sell","buyer":"sbi-tokens","seller":"balte","symbol":"SIM","quantity":"2040.000","price":"0.00049000","timestamp":1646340417,"volume":"0.99960000","buyTxId":"89c28bad77d451c83a6569d1b86ad9aca6a627d1","sellTxId":"a9231790db395fdac49078c2f1b2ba7f7553a462"}
{"index": {"_index":"sim","_id":"2900681"}}
	{"id":2900681,"type":"sell","buyer":"wallahrai2","seller":"balte","symbol":"SIM","quantity":"20610.350","price":"0.00048905","timestamp":1646340417,"volume":"10.07949167","buyTxId":"285853a241f1ba63fa294784576036f6e9999cde","sellTxId":"a9231790db395fdac49078c2f1b2ba7f7553a462"}
{"index": {"_index":"sim","_id":"2900689"}}
	{"id":2900689,"type":"sell","buyer":"pi-trader","seller":"tonytrillions","symbol":"SIM","quantity":"0.004","price":"0.00048906","timestamp":1646340549,"volume":"0.00000196","buyTxId":"a5ff41bba93c501828ea9d22adbae47ec4cf20d1-0","sellTxId":"87e8a844a0ab0993fbf51f26f517cda15cd33ff9"}
{"index": {"_index":"sim","_id":"2900794"}}
	{"id":2900794,"type":"sell","buyer":"pi-trader","seller":"maryjane.main","symbol":"SIM","quantity":"8003.261","price":"0.00048906","timestamp":1646341836,"volume":"3.91407482","buyTxId":"ef7beee060056667bb5ca40919061b1ea50c81b2-1","sellTxId":"7c1aae0abe38de56efb20168e0ed9d31d6fea872"}
{"index": {"_index":"sim","_id":"2900923"}}
	{"id":2900923,"type":"sell","buyer":"pi-trader","seller":"bitcoinflood","symbol":"SIM","quantity":"1715.323","price":"0.00048906","timestamp":1646343360,"volume":"0.83889587","buyTxId":"eef31e0c88bc7872bcdaaa367de9b0ded9d4a476-5","sellTxId":"ddddf9d63c29320553eca42eba39a0830693d41b"}
{"index": {"_index":"sim","_id":"2901120"}}
	{"id":2901120,"type":"sell","buyer":"pi-trader","seller":"florian-glechner","symbol":"SIM","quantity":"36.023","price":"0.00048906","timestamp":1646345523,"volume":"0.01761741","buyTxId":"f66473e9e757cc78be95fdd7bcf8a11520d43ff5-3","sellTxId":"3e7e6474a78534649218bc6b3fdee8c176f89583"}
{"index": {"_index":"sim","_id":"2901133"}}
	{"id":2901133,"type":"buy","buyer":"forsakensushi","seller":"steem69","symbol":"SIM","quantity":"10015.000","price":"0.00051000","timestamp":1646345625,"volume":"5.10765000","buyTxId":"ee2b5f5b7ab894634632d30915f3d3901d65d8de","sellTxId":"ffeffc6bb7354226aa172576275c83d7cebc5496"}
{"index": {"_index":"sim","_id":"2901134"}}
	{"id":2901134,"type":"buy","buyer":"forsakensushi","seller":"wallahrai2","symbol":"SIM","quantity":"20610.000","price":"0.00051790","timestamp":1646345625,"volume":"10.67391900","buyTxId":"ee2b5f5b7ab894634632d30915f3d3901d65d8de","sellTxId":"65a72ce5ce934c1eace76898604800817fa77e93"}
{"index": {"_index":"sim","_id":"2901135"}}
	{"id":2901135,"type":"buy","buyer":"forsakensushi","seller":"jelly-cz","symbol":"SIM","quantity":"6375.000","price":"0.00051794","timestamp":1646345625,"volume":"3.30186750","buyTxId":"ee2b5f5b7ab894634632d30915f3d3901d65d8de","sellTxId":"MM-P-15320367-62308133-3-29-0"}
{"index": {"_index":"sim","_id":"2901136"}}
	{"id":2901136,"type":"buy","buyer":"forsakensushi","seller":"dhedge","symbol":"SIM","quantity":"649.454","price":"0.00051898","timestamp":1646345625,"volume":"0.33705364","buyTxId":"ee2b5f5b7ab894634632d30915f3d3901d65d8de","sellTxId":"402360de8cd2a3e353256221acd0be6e48dd746d"}
{"index": {"_index":"sim","_id":"2901137"}}
	{"id":2901137,"type":"buy","buyer":"forsakensushi","seller":"dhedge","symbol":"SIM","quantity":"0.002","price":"0.00051898","timestamp":1646345625,"volume":"0.00000104","buyTxId":"ee2b5f5b7ab894634632d30915f3d3901d65d8de","sellTxId":"7184aee3ef3cf48385afc3b33f48ae007c3ce4fb"}
{"index": {"_index":"sim","_id":"2901138"}}
	{"id":2901138,"type":"buy","buyer":"forsakensushi","seller":"bearmol","symbol":"SIM","quantity":"0.540","price":"0.00051900","timestamp":1646345625,"volume":"0.00028026","buyTxId":"ee2b5f5b7ab894634632d30915f3d3901d65d8de","sellTxId":"eb29fad95e857ac0faaab4aa07d8a071c7b0b2b4"}
{"index": {"_index":"sim","_id":"2901139"}}
	{"id":2901139,"type":"buy","buyer":"forsakensushi","seller":"dhedge","symbol":"SIM","quantity":"700.815","price":"0.00051900","timestamp":1646345625,"volume":"0.36372299","buyTxId":"ee2b5f5b7ab894634632d30915f3d3901d65d8de","sellTxId":"5e76d496bc6b9243eb606858cdf43992b923eb05"}
{"index": {"_index":"sim","_id":"2901140"}}
	{"id":2901140,"type":"buy","buyer":"forsakensushi","seller":"brofi-market","symbol":"SIM","quantity":"0.003","price":"0.00051949","timestamp":1646345625,"volume":"0.00000156","buyTxId":"ee2b5f5b7ab894634632d30915f3d3901d65d8de","sellTxId":"a818a036bd5268894a79a6e59c00c100f6768c65"}
{"index": {"_index":"sim","_id":"2901141"}}
	{"id":2901141,"type":"sell","buyer":"forsakensushi","seller":"konvik","symbol":"SIM","quantity":"161649.186","price":"0.00052000","timestamp":1646345628,"volume":"84.05757672","buyTxId":"ee2b5f5b7ab894634632d30915f3d3901d65d8de","sellTxId":"5673c9f67abbf94c4d91fe14eaf5f19f83732788-1"}
{"index": {"_index":"sim","_id":"2901486"}}
	{"id":2901486,"type":"buy","buyer":"onestrong","seller":"pi-trader","symbol":"SIM","quantity":"1109.029","price":"0.00051775","timestamp":1646349171,"volume":"0.57419976","buyTxId":"43920adc3ff9b86ad218366e23583433632289e6","sellTxId":"f0b82e17e54841b0da9837db1ba46d5aa8557518-8"}
{"index": {"_index":"sim","_id":"2901573"}}
	{"id":2901573,"type":"buy","buyer":"svirus","seller":"steem-hodler","symbol":"SIM","quantity":"39387.000","price":"0.00050000","timestamp":1646350254,"volume":"19.69350000","buyTxId":"c26386072b51757186960d18ace5230918a0ba33-0","sellTxId":"7ddc62850a05e78f17568b08287f5066c0871b50"}
{"index": {"_index":"sim","_id":"2901584"}}
	{"id":2901584,"type":"sell","buyer":"pi-trader","seller":"andy4475","symbol":"SIM","quantity":"19.305","price":"0.00048906","timestamp":1646350410,"volume":"0.00944130","buyTxId":"82197b39860e8d7d04c2d38f55b68d475beac906-1","sellTxId":"da584b70eb2172bab1cf3ef369c78efc92ecda56"}
{"index": {"_index":"sim","_id":"2901684"}}
	{"id":2901684,"type":"buy","buyer":"konvik","seller":"boycharlieplays","symbol":"SIM","quantity":"25228.364","price":"0.00050000","timestamp":1646351859,"volume":"12.61418200","buyTxId":"46dfc93004ae052101a100193a30de446edfb156-0","sellTxId":"13b1fa15c25a396ae6eb78ee2646203cb8b7b876"}
{"index": {"_index":"sim","_id":"2901764"}}
	{"id":2901764,"type":"sell","buyer":"pi-trader","seller":"brofi-market","symbol":"SIM","quantity":"0.003","price":"0.00048906","timestamp":1646352771,"volume":"0.00000147","buyTxId":"9a28febc3f7350474f84f17c2158072573f2e8cb-1","sellTxId":"e701a5f7bb2a7ffa332470d5c1548ba708151e22"}
{"index": {"_index":"sim","_id":"2901872"}}
	{"id":2901872,"type":"sell","buyer":"pi-trader","seller":"bearbear613","symbol":"SIM","quantity":"1007.429","price":"0.00048906","timestamp":1646353827,"volume":"0.49269323","buyTxId":"af58911bea6b8536ceaa8d401b2c48b55d190845-5","sellTxId":"d345e75f1fa0b163dd22b81a436ebe9e572bab71"}
{"index": {"_index":"sim","_id":"2902281"}}
	{"id":2902281,"type":"sell","buyer":"pi-trader","seller":"andy4475","symbol":"SIM","quantity":"92.236","price":"0.00050001","timestamp":1646356662,"volume":"0.04611892","buyTxId":"42b796e1363374375245f2a4d8b5d7fcb4e800d6-1","sellTxId":"26580bf4210351558c25438a446abfaa83ee6321"}
{"index": {"_index":"sim","_id":"2902534"}}
	{"id":2902534,"type":"buy","buyer":"alphamz","seller":"jelly-cz","symbol":"SIM","quantity":"19000.000","price":"0.00051256","timestamp":1646359581,"volume":"9.73864000","buyTxId":"667aca87b11b3c50d6b8b30318b7ced42c3ba711","sellTxId":"MM-P-15325754-62313522-3-29-0"}
{"index": {"_index":"sim","_id":"2902589"}}
	{"id":2902589,"type":"sell","buyer":"pi-trader","seller":"elianaicgomes","symbol":"SIM","quantity":"4131.111","price":"0.00050001","timestamp":1646360484,"volume":"2.06559681","buyTxId":"fab447bd4c98361ad37171ac702409dfa4a26593-1","sellTxId":"0096018c3d3245ca10d58330b97bcbd6b82bbb5c"}
{"index": {"_index":"sim","_id":"2902711"}}
	{"id":2902711,"type":"sell","buyer":"pi-trader","seller":"thatcryptodave","symbol":"SIM","quantity":"535.267","price":"0.00048906","timestamp":1646361690,"volume":"0.26177768","buyTxId":"404b0b7172fe1b210d83bb5823d649a583975339-0","sellTxId":"35e67437f79f6c7893227bc51e06a54952caead3"}
{"index": {"_index":"sim","_id":"2902809"}}
	{"id":2902809,"type":"buy","buyer":"bushwhack","seller":"jelly-cz","symbol":"SIM","quantity":"11500.448","price":"0.00051256","timestamp":1646363004,"volume":"5.89466963","buyTxId":"59e95a3fe7da4ad8533ca9fe3ec22a746a019bae","sellTxId":"MM-P-15325754-62313522-3-29-0"}
{"index": {"_index":"sim","_id":"2902832"}}
	{"id":2902832,"type":"buy","buyer":"maryjane.main","seller":"jelly-cz","symbol":"SIM","quantity":"6000.000","price":"0.00051256","timestamp":1646363448,"volume":"3.07536000","buyTxId":"3afae2aacfd611fb663b38499c8dcdc2822760c6","sellTxId":"MM-P-15325754-62313522-3-29-0"}
{"index": {"_index":"sim","_id":"2902855"}}
	{"id":2902855,"type":"buy","buyer":"sevenoh-fiveoh","seller":"jelly-cz","symbol":"SIM","quantity":"2000.000","price":"0.00051256","timestamp":1646363805,"volume":"1.02512000","buyTxId":"65d58bbe07fed34afb465585170e46fd1d66e6d8","sellTxId":"MM-P-15325754-62313522-3-29-0"}
{"index": {"_index":"sim","_id":"2902866"}}
	{"id":2902866,"type":"sell","buyer":"pi-trader","seller":"dswap","symbol":"SIM","quantity":"140.652","price":"0.00048906","timestamp":1646364093,"volume":"0.06878727","buyTxId":"200188384d5f284f61624c402729694070430ec6","sellTxId":"0927643c29f180a5ec0f2eeb72c387c2e4d5dfed"}
{"index": {"_index":"sim","_id":"2902869"}}
	{"id":2902869,"type":"buy","buyer":"sevenoh-fiveoh","seller":"jelly-cz","symbol":"SIM","quantity":"3801.002","price":"0.00051256","timestamp":1646364168,"volume":"1.94824159","buyTxId":"248c39adc211d47cb84c2c4c3669d45c758087c4","sellTxId":"MM-P-15325754-62313522-3-29-0"}
