{"index": {"_index":"sim","_id":"1210217"}}
	{"id":1210217,"type":"sell","buyer":"freebornsociety","seller":"loganhate","symbol":"SIM","quantity":"618.000","price":"0.00105123","timestamp":1625971698,"volume":"0.64966014","buyTxId":"MM-P-8557908-55537557-3-4-0","sellTxId":"81fd34da2c83d295acafcf140cff1fa3ca8ea986"}
{"index": {"_index":"sim","_id":"1210234"}}
	{"id":1210234,"type":"sell","buyer":"dcityfund","seller":"justinparke","symbol":"SIM","quantity":"1846.439","price":"0.00105200","timestamp":1625973129,"volume":"1.94245383","buyTxId":"4d39224529d15473b19d0fb49ad3abaf28e56686","sellTxId":"4119917acdb0b56ade2d299f294af659125eaa86"}
{"index": {"_index":"sim","_id":"1210338"}}
	{"id":1210338,"type":"buy","buyer":"konvik","seller":"nazam","symbol":"SIM","quantity":"37313.191","price":"0.00105311","timestamp":1625977131,"volume":"39.29489457","buyTxId":"67175ca20ded91aa3a5f2ea95c95f35c95acab26-0","sellTxId":"5c806600fff913c346bd8b376a520a6ed753b033"}
{"index": {"_index":"sim","_id":"1210405"}}
	{"id":1210405,"type":"sell","buyer":"freebornsociety","seller":"jywahaha","symbol":"SIM","quantity":"45910.000","price":"0.00105310","timestamp":1625979969,"volume":"48.34782100","buyTxId":"MM-P-8560379-55540046-3-4-0","sellTxId":"1d6442b831d64e490eefddc65a816630128a01dd"}
{"index": {"_index":"sim","_id":"1210420"}}
	{"id":1210420,"type":"sell","buyer":"freebornsociety","seller":"daveks","symbol":"SIM","quantity":"12832.000","price":"0.00105310","timestamp":1625980794,"volume":"13.51337920","buyTxId":"MM-P-8560379-55540046-3-4-0","sellTxId":"25053555927f4af1e5cd11ba595ebf57ff087bdf"}
{"index": {"_index":"sim","_id":"1210444"}}
	{"id":1210444,"type":"sell","buyer":"freebornsociety","seller":"brofi-market","symbol":"SIM","quantity":"0.001","price":"0.00105310","timestamp":1625981502,"volume":"0.00000105","buyTxId":"MM-P-8560379-55540046-3-4-0","sellTxId":"b7d1940214d31d84047125b0e7f99c35d2c7659c"}
{"index": {"_index":"sim","_id":"1210456"}}
	{"id":1210456,"type":"sell","buyer":"freebornsociety","seller":"mawit07","symbol":"SIM","quantity":"10000.000","price":"0.00105310","timestamp":1625981682,"volume":"10.53100000","buyTxId":"MM-P-8560379-55540046-3-4-0","sellTxId":"8eb85a5b5a18b9be20f3713aaf4567af1cc7e711"}
{"index": {"_index":"sim","_id":"1210481"}}
	{"id":1210481,"type":"buy","buyer":"chunchun123","seller":"nftmart.fees","symbol":"SIM","quantity":"96.000","price":"0.00111988","timestamp":1625982432,"volume":"0.10750848","buyTxId":"de206197200ba9bb30f4b5b56a96230cc56f808f","sellTxId":"96a3feed20338c631a1167f9d3f521d93235bb47-0"}
{"index": {"_index":"sim","_id":"1210482"}}
	{"id":1210482,"type":"buy","buyer":"chunchun123","seller":"brofi-market","symbol":"SIM","quantity":"0.001","price":"0.00111989","timestamp":1625982432,"volume":"0.00000112","buyTxId":"de206197200ba9bb30f4b5b56a96230cc56f808f","sellTxId":"257d462ed63e4d73aba119fe548fe6d5b1ba40b8"}
{"index": {"_index":"sim","_id":"1210483"}}
	{"id":1210483,"type":"buy","buyer":"chunchun123","seller":"freebornsociety","symbol":"SIM","quantity":"15203.999","price":"0.00111990","timestamp":1625982432,"volume":"17.02695848","buyTxId":"de206197200ba9bb30f4b5b56a96230cc56f808f","sellTxId":"MM-P-8561355-55541039-3-4-0"}
{"index": {"_index":"sim","_id":"1210522"}}
	{"id":1210522,"type":"sell","buyer":"dcityfund","seller":"imperij4427","symbol":"SIM","quantity":"1988.398","price":"0.00105300","timestamp":1625983965,"volume":"2.09378309","buyTxId":"4660e51337dbc12626510ffbc90e1278e290ca94","sellTxId":"3c9faad507dae752b081a9a78f0697cabe521027"}
{"index": {"_index":"sim","_id":"1210523"}}
	{"id":1210523,"type":"sell","buyer":"freebornsociety","seller":"imperij4427","symbol":"SIM","quantity":"24280.602","price":"0.00105220","timestamp":1625983965,"volume":"25.54804942","buyTxId":"MM-P-8561847-55541538-3-4-0","sellTxId":"3c9faad507dae752b081a9a78f0697cabe521027"}
{"index": {"_index":"sim","_id":"1210533"}}
	{"id":1210533,"type":"sell","buyer":"dcityfund","seller":"thegoliathv2","symbol":"SIM","quantity":"229.008","price":"0.00105200","timestamp":1625984214,"volume":"0.24091641","buyTxId":"4d39224529d15473b19d0fb49ad3abaf28e56686","sellTxId":"9a9f5ed140f6109c71b9ca350f71501d72bc6d59"}
{"index": {"_index":"sim","_id":"1210534"}}
	{"id":1210534,"type":"sell","buyer":"dcityfund","seller":"thegoliathv2","symbol":"SIM","quantity":"2426.978","price":"0.00105113","timestamp":1625984214,"volume":"2.55106939","buyTxId":"cd0df2d3c3bb4bb475c5b8210465d72d0b4489ad","sellTxId":"9a9f5ed140f6109c71b9ca350f71501d72bc6d59"}
{"index": {"_index":"sim","_id":"1210596"}}
	{"id":1210596,"type":"buy","buyer":"zelensky","seller":"freebornsociety","symbol":"SIM","quantity":"145.961","price":"0.00111957","timestamp":1625985810,"volume":"0.16341356","buyTxId":"73b0c1cca15eaf2080afc6f64a273abfdf365ac8","sellTxId":"MM-P-8562532-55542233-3-4-1"}
{"index": {"_index":"sim","_id":"1210609"}}
	{"id":1210609,"type":"sell","buyer":"dcityfund","seller":"steemstreems","symbol":"SIM","quantity":"2133.423","price":"0.00105113","timestamp":1625986539,"volume":"2.24250492","buyTxId":"cd0df2d3c3bb4bb475c5b8210465d72d0b4489ad","sellTxId":"a606e35a3c4cbf5384f06767fbb6c5ccc8ffb2ed"}
{"index": {"_index":"sim","_id":"1210866"}}
	{"id":1210866,"type":"sell","buyer":"freebornsociety","seller":"thegoliath","symbol":"SIM","quantity":"4430.989","price":"0.00105123","timestamp":1625996409,"volume":"4.65798857","buyTxId":"MM-P-8562925-55542631-3-4-0","sellTxId":"c144e32cc4825875f425c3f675b44665c8207256"}
{"index": {"_index":"sim","_id":"1210880"}}
	{"id":1210880,"type":"sell","buyer":"freebornsociety","seller":"theguruasia","symbol":"SIM","quantity":"204.775","price":"0.00105123","timestamp":1625997234,"volume":"0.21526562","buyTxId":"MM-P-8562925-55542631-3-4-0","sellTxId":"0e27c642ead4934f41f89ce5e00f6c49a8392baa"}
{"index": {"_index":"sim","_id":"1210914"}}
	{"id":1210914,"type":"sell","buyer":"freebornsociety","seller":"andy4475","symbol":"SIM","quantity":"51.208","price":"0.00105123","timestamp":1625999511,"volume":"0.05383139","buyTxId":"MM-P-8562925-55542631-3-4-0","sellTxId":"18c1d77141734cab47c912b5642bacb2a4a0ad14"}
{"index": {"_index":"sim","_id":"1210978"}}
	{"id":1210978,"type":"sell","buyer":"mmrx","seller":"tonytrillions","symbol":"SIM","quantity":"0.002","price":"0.00105124","timestamp":1626003447,"volume":"0.00000210","buyTxId":"MM-P-8567836-55547571-3-14-0","sellTxId":"35f080388f81f0302d09f5c9cf40e42ba0ecf3e1"}
{"index": {"_index":"sim","_id":"1210991"}}
	{"id":1210991,"type":"sell","buyer":"mmrx","seller":"tonytrillions","symbol":"SIM","quantity":"0.002","price":"0.00105124","timestamp":1626003951,"volume":"0.00000210","buyTxId":"MM-P-8567836-55547571-3-14-0","sellTxId":"19c28c246df97f4a75283f94e08b07a0c6f71ea2"}
{"index": {"_index":"sim","_id":"1211008"}}
	{"id":1211008,"type":"buy","buyer":"pinkfloyd878","seller":"nftmart.fees","symbol":"SIM","quantity":"88.000","price":"0.00110122","timestamp":1626004764,"volume":"0.09690736","buyTxId":"63940bbbaa183399ac3c36dfee697fa7506c7dc5","sellTxId":"9340848fdfd43d7d0bc964176a7361310d45e80f-0"}
{"index": {"_index":"sim","_id":"1211009"}}
	{"id":1211009,"type":"buy","buyer":"pinkfloyd878","seller":"medaymane","symbol":"SIM","quantity":"2530.000","price":"0.00110123","timestamp":1626004797,"volume":"2.78611190","buyTxId":"df02f1c5fdd1b9bdf10e63270bf227dce318fb0e","sellTxId":"61e5c653d95ba94e8813750e34d37b827ae8ee6f"}
{"index": {"_index":"sim","_id":"1211012"}}
	{"id":1211012,"type":"buy","buyer":"pinkfloyd878","seller":"freebornsociety","symbol":"SIM","quantity":"100000.000","price":"0.00110926","timestamp":1626004827,"volume":"110.92600000","buyTxId":"70d39eba15de11049a4155acff0865a8d830c10b","sellTxId":"MM-P-8567674-55547409-3-4-0"}
{"index": {"_index":"sim","_id":"1211014"}}
	{"id":1211014,"type":"buy","buyer":"pinkfloyd878","seller":"dera123","symbol":"SIM","quantity":"18090.141","price":"0.00111000","timestamp":1626004866,"volume":"20.08005651","buyTxId":"36000a179cf6e21ea16411ecc6798632fe317326","sellTxId":"bfb84645303cda5cd78b7f699e51379524872197"}
{"index": {"_index":"sim","_id":"1211020"}}
	{"id":1211020,"type":"buy","buyer":"pinkfloyd878","seller":"ecuaminte","symbol":"SIM","quantity":"236.000","price":"0.00111900","timestamp":1626005070,"volume":"0.26408400","buyTxId":"60d4bae82c973f63ede54e21e109131fcc53499e","sellTxId":"07f55b630dfa8160e299a651a4513b379bc68194"}
{"index": {"_index":"sim","_id":"1211021"}}
	{"id":1211021,"type":"sell","buyer":"pinkfloyd878","seller":"konvik","symbol":"SIM","quantity":"39724.632","price":"0.00111900","timestamp":1626005073,"volume":"44.45186321","buyTxId":"60d4bae82c973f63ede54e21e109131fcc53499e","sellTxId":"f4d5de47977af0db5d8541467b367d2efbd0785d-1"}
{"index": {"_index":"sim","_id":"1211022"}}
	{"id":1211022,"type":"sell","buyer":"pinkfloyd878","seller":"toni.curation","symbol":"SIM","quantity":"39.368","price":"0.00111900","timestamp":1626005076,"volume":"0.04405279","buyTxId":"60d4bae82c973f63ede54e21e109131fcc53499e","sellTxId":"7cf0043b975afe91695e81aa57ed41d418176b14-1"}
{"index": {"_index":"sim","_id":"1211023"}}
	{"id":1211023,"type":"buy","buyer":"pinkfloyd878","seller":"toni.curation","symbol":"SIM","quantity":"39000.000","price":"0.00111900","timestamp":1626005118,"volume":"43.64100000","buyTxId":"650f362d77522e7dbffdbd6d1c9143699809fe73","sellTxId":"7cf0043b975afe91695e81aa57ed41d418176b14-1"}
{"index": {"_index":"sim","_id":"1211030"}}
	{"id":1211030,"type":"buy","buyer":"pinkfloyd878","seller":"toni.curation","symbol":"SIM","quantity":"724.631","price":"0.00111900","timestamp":1626005223,"volume":"0.81086209","buyTxId":"627b6d19e193926c4ad0da2f16813ef72eb09d69","sellTxId":"7cf0043b975afe91695e81aa57ed41d418176b14-1"}
{"index": {"_index":"sim","_id":"1211031"}}
	{"id":1211031,"type":"buy","buyer":"pinkfloyd878","seller":"freebornsociety","symbol":"SIM","quantity":"38100.813","price":"0.00111990","timestamp":1626005256,"volume":"42.66910048","buyTxId":"e715ff72aa6396960ad54709749637f8324e1be0","sellTxId":"MM-P-8568869-55548604-3-4-1"}
{"index": {"_index":"sim","_id":"1211034"}}
	{"id":1211034,"type":"buy","buyer":"pinkfloyd878","seller":"atomcollector","symbol":"SIM","quantity":"3939.015","price":"0.00112000","timestamp":1626005295,"volume":"4.41169680","buyTxId":"33111200f2948da213ef76f70d9baae3b035b8a9","sellTxId":"2edba8a77564a6cc270d95d2fa937c565ac4b09a"}
{"index": {"_index":"sim","_id":"1211038"}}
	{"id":1211038,"type":"buy","buyer":"pinkfloyd878","seller":"nftmart.fees","symbol":"SIM","quantity":"77.000","price":"0.00113065","timestamp":1626005403,"volume":"0.08706005","buyTxId":"bc89f364c7b7c25cfa72a37a96f1e86ca29d32d4","sellTxId":"0fb7edb0ed8344ce259177be938b167dd0a52c1f-0"}
{"index": {"_index":"sim","_id":"1211039"}}
	{"id":1211039,"type":"buy","buyer":"pinkfloyd878","seller":"pereu4ivatel","symbol":"SIM","quantity":"0.200","price":"0.00113066","timestamp":1626005403,"volume":"0.00022613","buyTxId":"bc89f364c7b7c25cfa72a37a96f1e86ca29d32d4","sellTxId":"a194c3518f4e9b0b14ac8673147842b60ae834d2"}
{"index": {"_index":"sim","_id":"1211040"}}
	{"id":1211040,"type":"buy","buyer":"pinkfloyd878","seller":"dcityfund","symbol":"SIM","quantity":"247.685","price":"0.00113100","timestamp":1626005403,"volume":"0.28013174","buyTxId":"bc89f364c7b7c25cfa72a37a96f1e86ca29d32d4","sellTxId":"c37041dda2f86b174103003fd2a2b1aecbee769e"}
{"index": {"_index":"sim","_id":"1211041"}}
	{"id":1211041,"type":"buy","buyer":"pinkfloyd878","seller":"dcityfund","symbol":"SIM","quantity":"679.164","price":"0.00113100","timestamp":1626005403,"volume":"0.76813448","buyTxId":"bc89f364c7b7c25cfa72a37a96f1e86ca29d32d4","sellTxId":"b6459e453641b9c9f36f7f86d7608a718a99b6bc"}
{"index": {"_index":"sim","_id":"1211042"}}
	{"id":1211042,"type":"buy","buyer":"pinkfloyd878","seller":"dcityfund","symbol":"SIM","quantity":"176.386","price":"0.00113100","timestamp":1626005403,"volume":"0.19949257","buyTxId":"bc89f364c7b7c25cfa72a37a96f1e86ca29d32d4","sellTxId":"b89b9aa3af14b9bcae109537c3a433ee9d152d50"}
{"index": {"_index":"sim","_id":"1211044"}}
	{"id":1211044,"type":"buy","buyer":"pinkfloyd878","seller":"dcityfund","symbol":"SIM","quantity":"491.176","price":"0.00113100","timestamp":1626005433,"volume":"0.55552006","buyTxId":"bf2de6563767917ef7797154a5ecd3a7637bdffe","sellTxId":"b89b9aa3af14b9bcae109537c3a433ee9d152d50"}
{"index": {"_index":"sim","_id":"1211045"}}
	{"id":1211045,"type":"buy","buyer":"pinkfloyd878","seller":"dcityfund","symbol":"SIM","quantity":"656.128","price":"0.00113100","timestamp":1626005433,"volume":"0.74208077","buyTxId":"bf2de6563767917ef7797154a5ecd3a7637bdffe","sellTxId":"59a90c61d232a3fcf2bdd41383161c59b680d027"}
{"index": {"_index":"sim","_id":"1211046"}}
	{"id":1211046,"type":"buy","buyer":"pinkfloyd878","seller":"dcityfund","symbol":"SIM","quantity":"644.860","price":"0.00113100","timestamp":1626005433,"volume":"0.72933666","buyTxId":"bf2de6563767917ef7797154a5ecd3a7637bdffe","sellTxId":"c067a6198721074160e4a3cca75b53874f2aa656"}
{"index": {"_index":"sim","_id":"1211047"}}
	{"id":1211047,"type":"buy","buyer":"pinkfloyd878","seller":"dcityfund","symbol":"SIM","quantity":"633.743","price":"0.00113100","timestamp":1626005433,"volume":"0.71676333","buyTxId":"bf2de6563767917ef7797154a5ecd3a7637bdffe","sellTxId":"9de0937ae130fb64b3f1c0f3de5c80850772f23f"}
{"index": {"_index":"sim","_id":"1211048"}}
	{"id":1211048,"type":"buy","buyer":"pinkfloyd878","seller":"dcityfund","symbol":"SIM","quantity":"222.033","price":"0.00113100","timestamp":1626005433,"volume":"0.25111932","buyTxId":"bf2de6563767917ef7797154a5ecd3a7637bdffe","sellTxId":"ac928cedbb8804656d2652921e8ffd268d4981e3"}
{"index": {"_index":"sim","_id":"1211050"}}
	{"id":1211050,"type":"buy","buyer":"pinkfloyd878","seller":"dcityfund","symbol":"SIM","quantity":"400.756","price":"0.00113100","timestamp":1626005463,"volume":"0.45325504","buyTxId":"e4d966edd6864b5a9238dde50af2f8b36a71d82d","sellTxId":"ac928cedbb8804656d2652921e8ffd268d4981e3"}
{"index": {"_index":"sim","_id":"1211051"}}
	{"id":1211051,"type":"buy","buyer":"pinkfloyd878","seller":"dcityfund","symbol":"SIM","quantity":"611.986","price":"0.00113100","timestamp":1626005463,"volume":"0.69215617","buyTxId":"e4d966edd6864b5a9238dde50af2f8b36a71d82d","sellTxId":"bfd50655f3a596efab6c88e84497390ab6703a76"}
{"index": {"_index":"sim","_id":"1211052"}}
	{"id":1211052,"type":"buy","buyer":"pinkfloyd878","seller":"dcityfund","symbol":"SIM","quantity":"601.357","price":"0.00113100","timestamp":1626005463,"volume":"0.68013477","buyTxId":"e4d966edd6864b5a9238dde50af2f8b36a71d82d","sellTxId":"c09652d1a905e22c672fa535655b9f3c12f2fcde"}
{"index": {"_index":"sim","_id":"1211053"}}
	{"id":1211053,"type":"buy","buyer":"pinkfloyd878","seller":"dcityfund","symbol":"SIM","quantity":"590.875","price":"0.00113100","timestamp":1626005463,"volume":"0.66827963","buyTxId":"e4d966edd6864b5a9238dde50af2f8b36a71d82d","sellTxId":"e4657df3bf06754b94f8c7f354d980ed3c5aa268"}
{"index": {"_index":"sim","_id":"1211054"}}
	{"id":1211054,"type":"buy","buyer":"pinkfloyd878","seller":"dcityfund","symbol":"SIM","quantity":"328.140","price":"0.00113100","timestamp":1626005463,"volume":"0.37112634","buyTxId":"e4d966edd6864b5a9238dde50af2f8b36a71d82d","sellTxId":"001a590248c6b88eb0f34b76673d3191e4ae601d"}
{"index": {"_index":"sim","_id":"1211057"}}
	{"id":1211057,"type":"buy","buyer":"pinkfloyd878","seller":"dcityfund","symbol":"SIM","quantity":"252.411","price":"0.00113100","timestamp":1626005559,"volume":"0.28547684","buyTxId":"faeddacdc684c068e097e0d8d7dd6e4d8ec2737d","sellTxId":"001a590248c6b88eb0f34b76673d3191e4ae601d"}
{"index": {"_index":"sim","_id":"1211058"}}
	{"id":1211058,"type":"buy","buyer":"pinkfloyd878","seller":"dcityfund","symbol":"SIM","quantity":"570.384","price":"0.00113100","timestamp":1626005559,"volume":"0.64510430","buyTxId":"faeddacdc684c068e097e0d8d7dd6e4d8ec2737d","sellTxId":"81e664ee79c835152f95c96f839004f0c5cfa9bf"}
{"index": {"_index":"sim","_id":"1211059"}}
	{"id":1211059,"type":"buy","buyer":"pinkfloyd878","seller":"dcityfund","symbol":"SIM","quantity":"2647.940","price":"0.00113100","timestamp":1626005559,"volume":"2.99482014","buyTxId":"faeddacdc684c068e097e0d8d7dd6e4d8ec2737d","sellTxId":"4a6bb8fcee62207c80d0aff7818b2ff6a7cb735b"}
{"index": {"_index":"sim","_id":"1211060"}}
	{"id":1211060,"type":"buy","buyer":"pinkfloyd878","seller":"dcityfund","symbol":"SIM","quantity":"2608.719","price":"0.00113100","timestamp":1626005559,"volume":"2.95046119","buyTxId":"faeddacdc684c068e097e0d8d7dd6e4d8ec2737d","sellTxId":"a2082488b5a26ab64bde87bf9054b786164a9138"}
{"index": {"_index":"sim","_id":"1211061"}}
	{"id":1211061,"type":"buy","buyer":"pinkfloyd878","seller":"brofi-market","symbol":"SIM","quantity":"113.070","price":"0.00113100","timestamp":1626005559,"volume":"0.12788217","buyTxId":"faeddacdc684c068e097e0d8d7dd6e4d8ec2737d","sellTxId":"21a960806089e301fd6096c3c84e11abfa33e46d"}
{"index": {"_index":"sim","_id":"1211062"}}
	{"id":1211062,"type":"buy","buyer":"pinkfloyd878","seller":"dcityfund","symbol":"SIM","quantity":"2571.719","price":"0.00113100","timestamp":1626005559,"volume":"2.90861419","buyTxId":"faeddacdc684c068e097e0d8d7dd6e4d8ec2737d","sellTxId":"844b2c24018d9d5db8ba73825e285a2e263f9ce2"}
{"index": {"_index":"sim","_id":"1211063"}}
	{"id":1211063,"type":"buy","buyer":"pinkfloyd878","seller":"dcityfund","symbol":"SIM","quantity":"2533.114","price":"0.00113100","timestamp":1626005559,"volume":"2.86495193","buyTxId":"faeddacdc684c068e097e0d8d7dd6e4d8ec2737d","sellTxId":"aca71e8f6985bf6226e0a60e3a7c8a7a16c36ee1"}
{"index": {"_index":"sim","_id":"1211064"}}
	{"id":1211064,"type":"buy","buyer":"pinkfloyd878","seller":"dcityfund","symbol":"SIM","quantity":"1084.927","price":"0.00113100","timestamp":1626005559,"volume":"1.22705244","buyTxId":"faeddacdc684c068e097e0d8d7dd6e4d8ec2737d","sellTxId":"3a40c9e0dfcb292ecd344705393baa033256e7b1"}
{"index": {"_index":"sim","_id":"1211067"}}
	{"id":1211067,"type":"buy","buyer":"pinkfloyd878","seller":"dcityfund","symbol":"SIM","quantity":"1409.942","price":"0.00113100","timestamp":1626005673,"volume":"1.59464440","buyTxId":"6c3072720c118e74b0c33ef4355e647bdbe032a4","sellTxId":"3a40c9e0dfcb292ecd344705393baa033256e7b1"}
{"index": {"_index":"sim","_id":"1211068"}}
	{"id":1211068,"type":"buy","buyer":"pinkfloyd878","seller":"dcityfund","symbol":"SIM","quantity":"2456.989","price":"0.00113100","timestamp":1626005673,"volume":"2.77885456","buyTxId":"6c3072720c118e74b0c33ef4355e647bdbe032a4","sellTxId":"238387fcd3703e22294bc7f197875c83000dad84"}
{"index": {"_index":"sim","_id":"1211069"}}
	{"id":1211069,"type":"buy","buyer":"pinkfloyd878","seller":"dcityfund","symbol":"SIM","quantity":"2419.422","price":"0.00113100","timestamp":1626005673,"volume":"2.73636628","buyTxId":"6c3072720c118e74b0c33ef4355e647bdbe032a4","sellTxId":"9f1b4d0e71bb3c6028d9279cfbe020b7ebc47174"}
{"index": {"_index":"sim","_id":"1211070"}}
	{"id":1211070,"type":"buy","buyer":"pinkfloyd878","seller":"dcityfund","symbol":"SIM","quantity":"2382.284","price":"0.00113100","timestamp":1626005673,"volume":"2.69436320","buyTxId":"6c3072720c118e74b0c33ef4355e647bdbe032a4","sellTxId":"1d94dba4b90c254918123a1856bcb68378424dd5"}
{"index": {"_index":"sim","_id":"1211071"}}
	{"id":1211071,"type":"buy","buyer":"pinkfloyd878","seller":"dcityfund","symbol":"SIM","quantity":"2345.528","price":"0.00113100","timestamp":1626005673,"volume":"2.65279217","buyTxId":"6c3072720c118e74b0c33ef4355e647bdbe032a4","sellTxId":"405eb0cce6fe10d5f134b75c502946847de43656"}
{"index": {"_index":"sim","_id":"1211072"}}
	{"id":1211072,"type":"buy","buyer":"pinkfloyd878","seller":"dcityfund","symbol":"SIM","quantity":"1118.983","price":"0.00113100","timestamp":1626005673,"volume":"1.26556977","buyTxId":"6c3072720c118e74b0c33ef4355e647bdbe032a4","sellTxId":"5c581b136fbdf8be44d6df997b537e442872518b"}
{"index": {"_index":"sim","_id":"1211075"}}
	{"id":1211075,"type":"sell","buyer":"pinkfloyd878","seller":"konvik","symbol":"SIM","quantity":"24975.249","price":"0.00113000","timestamp":1626005772,"volume":"28.22203137","buyTxId":"5581086e726240a511060b1c267e2103d59f2ba1","sellTxId":"dac62598e0d9e2f7aa42d2c81e06f995a949b5e0-1"}
{"index": {"_index":"sim","_id":"1211076"}}
	{"id":1211076,"type":"sell","buyer":"pinkfloyd878","seller":"toni.curation","symbol":"SIM","quantity":"24.751","price":"0.00113000","timestamp":1626005775,"volume":"0.02796863","buyTxId":"5581086e726240a511060b1c267e2103d59f2ba1","sellTxId":"53ceef498ba9e675fa72cf19a60ea597842bd1cf-1"}
{"index": {"_index":"sim","_id":"1211079"}}
	{"id":1211079,"type":"buy","buyer":"pinkfloyd878","seller":"toni.curation","symbol":"SIM","quantity":"24975.248","price":"0.00113000","timestamp":1626005850,"volume":"28.22203024","buyTxId":"69b701cc3793d8fcd8b5a1f6df9bc2a1ab940e74","sellTxId":"53ceef498ba9e675fa72cf19a60ea597842bd1cf-1"}
{"index": {"_index":"sim","_id":"1211080"}}
	{"id":1211080,"type":"buy","buyer":"pinkfloyd878","seller":"dcityfund","symbol":"SIM","quantity":"1190.160","price":"0.00113100","timestamp":1626005850,"volume":"1.34607096","buyTxId":"69b701cc3793d8fcd8b5a1f6df9bc2a1ab940e74","sellTxId":"5c581b136fbdf8be44d6df997b537e442872518b"}
{"index": {"_index":"sim","_id":"1211081"}}
	{"id":1211081,"type":"buy","buyer":"pinkfloyd878","seller":"dcityfund","symbol":"SIM","quantity":"809.840","price":"0.00113100","timestamp":1626005850,"volume":"0.91592904","buyTxId":"69b701cc3793d8fcd8b5a1f6df9bc2a1ab940e74","sellTxId":"adcb6128f3da2174290473e02fd25fce34251515"}
{"index": {"_index":"sim","_id":"1211085"}}
	{"id":1211085,"type":"buy","buyer":"pinkfloyd878","seller":"dcityfund","symbol":"SIM","quantity":"1463.297","price":"0.00113100","timestamp":1626005934,"volume":"1.65498891","buyTxId":"dc5022bb6cc0edbc8d5a5abf4987af6b909eeb3c","sellTxId":"adcb6128f3da2174290473e02fd25fce34251515"}
{"index": {"_index":"sim","_id":"1211086"}}
	{"id":1211086,"type":"buy","buyer":"pinkfloyd878","seller":"dcityfund","symbol":"SIM","quantity":"2237.565","price":"0.00113100","timestamp":1626005934,"volume":"2.53068602","buyTxId":"dc5022bb6cc0edbc8d5a5abf4987af6b909eeb3c","sellTxId":"9ecfa56b4e07636c90ce3bf7905db23f58444028"}
{"index": {"_index":"sim","_id":"1211087"}}
	{"id":1211087,"type":"buy","buyer":"pinkfloyd878","seller":"dcityfund","symbol":"SIM","quantity":"2202.326","price":"0.00113100","timestamp":1626005934,"volume":"2.49083071","buyTxId":"dc5022bb6cc0edbc8d5a5abf4987af6b909eeb3c","sellTxId":"bd2df26e88a0152289eb1d2f612f1b08aa2a1cd6"}
{"index": {"_index":"sim","_id":"1211088"}}
	{"id":1211088,"type":"buy","buyer":"pinkfloyd878","seller":"dcityfund","symbol":"SIM","quantity":"2167.570","price":"0.00113100","timestamp":1626005934,"volume":"2.45152167","buyTxId":"dc5022bb6cc0edbc8d5a5abf4987af6b909eeb3c","sellTxId":"b9b866c64d924dfa898438623b1e448873a01811"}
{"index": {"_index":"sim","_id":"1211089"}}
	{"id":1211089,"type":"buy","buyer":"pinkfloyd878","seller":"dcityfund","symbol":"SIM","quantity":"2133.148","price":"0.00113100","timestamp":1626005934,"volume":"2.41259039","buyTxId":"dc5022bb6cc0edbc8d5a5abf4987af6b909eeb3c","sellTxId":"389221cc3715b573e8586bee6f7bd4eac28fd852"}
{"index": {"_index":"sim","_id":"1211090"}}
	{"id":1211090,"type":"buy","buyer":"pinkfloyd878","seller":"dcityfund","symbol":"SIM","quantity":"2099.210","price":"0.00113100","timestamp":1626005934,"volume":"2.37420651","buyTxId":"dc5022bb6cc0edbc8d5a5abf4987af6b909eeb3c","sellTxId":"987d81a1d5b6bd6f5400e829ef624ee16b9e6252"}
{"index": {"_index":"sim","_id":"1211091"}}
	{"id":1211091,"type":"buy","buyer":"pinkfloyd878","seller":"dcityfund","symbol":"SIM","quantity":"2065.606","price":"0.00113100","timestamp":1626005934,"volume":"2.33620039","buyTxId":"dc5022bb6cc0edbc8d5a5abf4987af6b909eeb3c","sellTxId":"bc179063671b79c2c6bbaa130e849580d7107a8f"}
{"index": {"_index":"sim","_id":"1211092"}}
	{"id":1211092,"type":"buy","buyer":"pinkfloyd878","seller":"dcityfund","symbol":"SIM","quantity":"2032.480","price":"0.00113100","timestamp":1626005934,"volume":"2.29873488","buyTxId":"dc5022bb6cc0edbc8d5a5abf4987af6b909eeb3c","sellTxId":"94f0f0fb285b991ea80b4c2c6522ebff4a85bfcc"}
{"index": {"_index":"sim","_id":"1211093"}}
	{"id":1211093,"type":"buy","buyer":"pinkfloyd878","seller":"dcityfund","symbol":"SIM","quantity":"1999.738","price":"0.00113100","timestamp":1626005934,"volume":"2.26170368","buyTxId":"dc5022bb6cc0edbc8d5a5abf4987af6b909eeb3c","sellTxId":"a1032b80e73540cf79df89a81e89908d830b3cfa"}
{"index": {"_index":"sim","_id":"1211094"}}
	{"id":1211094,"type":"buy","buyer":"pinkfloyd878","seller":"dcityfund","symbol":"SIM","quantity":"1967.376","price":"0.00113100","timestamp":1626005934,"volume":"2.22510226","buyTxId":"dc5022bb6cc0edbc8d5a5abf4987af6b909eeb3c","sellTxId":"3965b82ff742aa986d9f25aa7f44bc47d0f7a14e"}
{"index": {"_index":"sim","_id":"1211095"}}
	{"id":1211095,"type":"buy","buyer":"pinkfloyd878","seller":"dcityfund","symbol":"SIM","quantity":"1935.487","price":"0.00113100","timestamp":1626005934,"volume":"2.18903580","buyTxId":"dc5022bb6cc0edbc8d5a5abf4987af6b909eeb3c","sellTxId":"09a466be60240c8a10d6297062dd1f344fd1a485"}
{"index": {"_index":"sim","_id":"1211096"}}
	{"id":1211096,"type":"buy","buyer":"pinkfloyd878","seller":"dcityfund","symbol":"SIM","quantity":"1901.299","price":"0.00113100","timestamp":1626005934,"volume":"2.15036917","buyTxId":"dc5022bb6cc0edbc8d5a5abf4987af6b909eeb3c","sellTxId":"42dedd229e8f106ab05e57b1e2e0ee90b72dfd28"}
{"index": {"_index":"sim","_id":"1211097"}}
	{"id":1211097,"type":"buy","buyer":"pinkfloyd878","seller":"dcityfund","symbol":"SIM","quantity":"1890.532","price":"0.00113100","timestamp":1626005934,"volume":"2.13819169","buyTxId":"dc5022bb6cc0edbc8d5a5abf4987af6b909eeb3c","sellTxId":"9a93a5a0c332c7e1eab34cf7d7f098952c43ec52"}
{"index": {"_index":"sim","_id":"1211098"}}
	{"id":1211098,"type":"buy","buyer":"pinkfloyd878","seller":"dcityfund","symbol":"SIM","quantity":"1859.028","price":"0.00113100","timestamp":1626005934,"volume":"2.10256067","buyTxId":"dc5022bb6cc0edbc8d5a5abf4987af6b909eeb3c","sellTxId":"fa9fb03dc79d7f88407efb24d42b120e87d7ee88"}
{"index": {"_index":"sim","_id":"1211099"}}
	{"id":1211099,"type":"buy","buyer":"pinkfloyd878","seller":"dcityfund","symbol":"SIM","quantity":"1828.006","price":"0.00113100","timestamp":1626005934,"volume":"2.06747479","buyTxId":"dc5022bb6cc0edbc8d5a5abf4987af6b909eeb3c","sellTxId":"e3ddf00fa4b53d23440ac835c7aaf56df02fbf62"}
{"index": {"_index":"sim","_id":"1211100"}}
	{"id":1211100,"type":"buy","buyer":"pinkfloyd878","seller":"dcityfund","symbol":"SIM","quantity":"1588.319","price":"0.00113100","timestamp":1626005934,"volume":"1.79638879","buyTxId":"dc5022bb6cc0edbc8d5a5abf4987af6b909eeb3c","sellTxId":"8ee6770b70e613608883ccaa267259b40ff359f4"}
{"index": {"_index":"sim","_id":"1211104"}}
	{"id":1211104,"type":"buy","buyer":"pinkfloyd878","seller":"dcityfund","symbol":"SIM","quantity":"209.059","price":"0.00113100","timestamp":1626005991,"volume":"0.23644573","buyTxId":"5c625dceedc32519532d81eeae0bc3e510addfd0","sellTxId":"8ee6770b70e613608883ccaa267259b40ff359f4"}
{"index": {"_index":"sim","_id":"1211105"}}
	{"id":1211105,"type":"buy","buyer":"pinkfloyd878","seller":"dcityfund","symbol":"SIM","quantity":"1530.941","price":"0.00113100","timestamp":1626005991,"volume":"1.73149427","buyTxId":"5c625dceedc32519532d81eeae0bc3e510addfd0","sellTxId":"08c515716086a25a7a9d22efb25ccebf522b64e7"}
{"index": {"_index":"sim","_id":"1211107"}}
	{"id":1211107,"type":"buy","buyer":"pinkfloyd878","seller":"dcityfund","symbol":"SIM","quantity":"236.286","price":"0.00113100","timestamp":1626006036,"volume":"0.26723947","buyTxId":"323c80c01b99f3cdadfdb2203103ad529e3bad77","sellTxId":"08c515716086a25a7a9d22efb25ccebf522b64e7"}
{"index": {"_index":"sim","_id":"1211108"}}
	{"id":1211108,"type":"buy","buyer":"pinkfloyd878","seller":"dcityfund","symbol":"SIM","quantity":"1737.503","price":"0.00113100","timestamp":1626006036,"volume":"1.96511589","buyTxId":"323c80c01b99f3cdadfdb2203103ad529e3bad77","sellTxId":"db439cbc20ff8485a52531c0b8992071510265d6"}
{"index": {"_index":"sim","_id":"1211109"}}
	{"id":1211109,"type":"buy","buyer":"pinkfloyd878","seller":"dcityfund","symbol":"SIM","quantity":"1708.166","price":"0.00113100","timestamp":1626006036,"volume":"1.93193575","buyTxId":"323c80c01b99f3cdadfdb2203103ad529e3bad77","sellTxId":"5e9de47ebb4a686221badf602768aae5d296d397"}
{"index": {"_index":"sim","_id":"1211110"}}
	{"id":1211110,"type":"buy","buyer":"pinkfloyd878","seller":"dcityfund","symbol":"SIM","quantity":"1679.290","price":"0.00113100","timestamp":1626006036,"volume":"1.89927699","buyTxId":"323c80c01b99f3cdadfdb2203103ad529e3bad77","sellTxId":"82582826741aa5018acdb887ac371c988309bf3a"}
{"index": {"_index":"sim","_id":"1211111"}}
	{"id":1211111,"type":"buy","buyer":"pinkfloyd878","seller":"dcityfund","symbol":"SIM","quantity":"1650.833","price":"0.00113100","timestamp":1626006036,"volume":"1.86709212","buyTxId":"323c80c01b99f3cdadfdb2203103ad529e3bad77","sellTxId":"e1c5e35a98f32e726bc31320a8f924ae6516f09b"}
{"index": {"_index":"sim","_id":"1211112"}}
	{"id":1211112,"type":"buy","buyer":"pinkfloyd878","seller":"dcityfund","symbol":"SIM","quantity":"1622.787","price":"0.00113100","timestamp":1626006036,"volume":"1.83537210","buyTxId":"323c80c01b99f3cdadfdb2203103ad529e3bad77","sellTxId":"8f8fb58183e1e15a6ee51a90c0a1158a35d73622"}
{"index": {"_index":"sim","_id":"1211113"}}
	{"id":1211113,"type":"buy","buyer":"pinkfloyd878","seller":"dcityfund","symbol":"SIM","quantity":"1365.135","price":"0.00113100","timestamp":1626006036,"volume":"1.54396769","buyTxId":"323c80c01b99f3cdadfdb2203103ad529e3bad77","sellTxId":"a9701cb44ac7a0a48b2c0c2f02e3654d56237db1"}
{"index": {"_index":"sim","_id":"1211115"}}
	{"id":1211115,"type":"buy","buyer":"pinkfloyd878","seller":"dcityfund","symbol":"SIM","quantity":"230.017","price":"0.00113100","timestamp":1626006096,"volume":"0.26014923","buyTxId":"85df99c97960d94c875250f01b99556d7a699d5b","sellTxId":"a9701cb44ac7a0a48b2c0c2f02e3654d56237db1"}
{"index": {"_index":"sim","_id":"1211116"}}
	{"id":1211116,"type":"buy","buyer":"pinkfloyd878","seller":"dcityfund","symbol":"SIM","quantity":"1567.955","price":"0.00113100","timestamp":1626006096,"volume":"1.77335711","buyTxId":"85df99c97960d94c875250f01b99556d7a699d5b","sellTxId":"79874643de9311ef6ea275d7503aaf4dee434a04"}
{"index": {"_index":"sim","_id":"1211117"}}
	{"id":1211117,"type":"buy","buyer":"pinkfloyd878","seller":"dcityfund","symbol":"SIM","quantity":"1541.125","price":"0.00113100","timestamp":1626006096,"volume":"1.74301238","buyTxId":"85df99c97960d94c875250f01b99556d7a699d5b","sellTxId":"f6a974bb9a61371419e35040f38bfd254cbb36ea"}
{"index": {"_index":"sim","_id":"1211118"}}
	{"id":1211118,"type":"buy","buyer":"pinkfloyd878","seller":"dcityfund","symbol":"SIM","quantity":"1514.728","price":"0.00113100","timestamp":1626006096,"volume":"1.71315737","buyTxId":"85df99c97960d94c875250f01b99556d7a699d5b","sellTxId":"6f19eb746a65b523225f9e967e0780a41e0cdfea"}
{"index": {"_index":"sim","_id":"1211119"}}
	{"id":1211119,"type":"buy","buyer":"pinkfloyd878","seller":"dcityfund","symbol":"SIM","quantity":"1522.137","price":"0.00113100","timestamp":1626006096,"volume":"1.72153695","buyTxId":"85df99c97960d94c875250f01b99556d7a699d5b","sellTxId":"e11945a583f2bbe559341316da0209ec8abfd648"}
{"index": {"_index":"sim","_id":"1211120"}}
	{"id":1211120,"type":"buy","buyer":"pinkfloyd878","seller":"dcityfund","symbol":"SIM","quantity":"1495.944","price":"0.00113100","timestamp":1626006096,"volume":"1.69191266","buyTxId":"85df99c97960d94c875250f01b99556d7a699d5b","sellTxId":"c993122fe70f84f962b568513bd5ffc551e569c6"}
{"index": {"_index":"sim","_id":"1211121"}}
	{"id":1211121,"type":"buy","buyer":"pinkfloyd878","seller":"dcityfund","symbol":"SIM","quantity":"1470.175","price":"0.00113100","timestamp":1626006096,"volume":"1.66276793","buyTxId":"85df99c97960d94c875250f01b99556d7a699d5b","sellTxId":"f054310b5462313329e09bd8dc19a838eda5a8a2"}
{"index": {"_index":"sim","_id":"1211122"}}
	{"id":1211122,"type":"buy","buyer":"pinkfloyd878","seller":"dcityfund","symbol":"SIM","quantity":"657.919","price":"0.00113100","timestamp":1626006096,"volume":"0.74410639","buyTxId":"85df99c97960d94c875250f01b99556d7a699d5b","sellTxId":"34779fe91049aabdabff43e0f6eae4445db4e3bd"}
{"index": {"_index":"sim","_id":"1211123"}}
	{"id":1211123,"type":"sell","buyer":"dcityfund","seller":"hirohurl","symbol":"SIM","quantity":"989.684","price":"0.00105113","timestamp":1626006180,"volume":"1.04028654","buyTxId":"cd0df2d3c3bb4bb475c5b8210465d72d0b4489ad","sellTxId":"00b91569af601bc907f31f09c28a1e44f4ba8b52"}
{"index": {"_index":"sim","_id":"1211135"}}
	{"id":1211135,"type":"sell","buyer":"dcityfund","seller":"tonytrillions","symbol":"SIM","quantity":"0.025","price":"0.00105113","timestamp":1626006504,"volume":"0.00002628","buyTxId":"cd0df2d3c3bb4bb475c5b8210465d72d0b4489ad","sellTxId":"20162372f0a0eec621b1a0f0c27311068e4e4485"}
{"index": {"_index":"sim","_id":"1211170"}}
	{"id":1211170,"type":"sell","buyer":"pinkfloyd878","seller":"toni.curation","symbol":"SIM","quantity":"499.999","price":"0.00113091","timestamp":1626007338,"volume":"0.56545387","buyTxId":"62e05a06bb10cb758122d367c7c918be68f41d1f","sellTxId":"32c3de892ec507d52ff7f43232d316fa50857464-1"}
{"index": {"_index":"sim","_id":"1211174"}}
	{"id":1211174,"type":"sell","buyer":"pinkfloyd878","seller":"binong","symbol":"SIM","quantity":"0.001","price":"0.00113091","timestamp":1626007659,"volume":"0.00000113","buyTxId":"62e05a06bb10cb758122d367c7c918be68f41d1f","sellTxId":"dd484a6bc26e3587352c08fa1e5b84b776139a36"}
{"index": {"_index":"sim","_id":"1211220"}}
	{"id":1211220,"type":"sell","buyer":"freebornsociety","seller":"ayhamyou","symbol":"SIM","quantity":"14772.000","price":"0.00105123","timestamp":1626010245,"volume":"15.52876956","buyTxId":"MM-P-8570062-55549802-3-4-0","sellTxId":"15f31389ed550d52f4f1482b5d3760ad2c6b3ff8"}
{"index": {"_index":"sim","_id":"1211263"}}
	{"id":1211263,"type":"sell","buyer":"freebornsociety","seller":"thegoliathv2","symbol":"SIM","quantity":"3855.425","price":"0.00105123","timestamp":1626011304,"volume":"4.05293842","buyTxId":"MM-P-8570062-55549802-3-4-0","sellTxId":"2fe959814d148f5b934e72027fa8a02af2ae2016"}
{"index": {"_index":"sim","_id":"1211303"}}
	{"id":1211303,"type":"buy","buyer":"vcelier","seller":"freebornsociety","symbol":"SIM","quantity":"1135.479","price":"0.00113080","timestamp":1626012384,"volume":"1.28399965","buyTxId":"6008b1106f32fb25ced84d296fccb6cc8f4bb5d4","sellTxId":"MM-P-8571152-55550897-3-4-0"}
{"index": {"_index":"sim","_id":"1211317"}}
	{"id":1211317,"type":"sell","buyer":"dcityfund","seller":"darmst5339","symbol":"SIM","quantity":"3.613","price":"0.00105113","timestamp":1626012915,"volume":"0.00379773","buyTxId":"cd0df2d3c3bb4bb475c5b8210465d72d0b4489ad","sellTxId":"b6814a0b3bb06942cd53daa0fcde15f6d72b3dcf"}
{"index": {"_index":"sim","_id":"1211389"}}
	{"id":1211389,"type":"sell","buyer":"pinkfloyd878","seller":"eythorphoto","symbol":"SIM","quantity":"250.000","price":"0.00107000","timestamp":1626015213,"volume":"0.26750000","buyTxId":"9a1b1d4df6c76160351a19a3b49d68c0952ebd25","sellTxId":"fb690ae6720cbedaabc0f6f0dab58379f289b825"}
{"index": {"_index":"sim","_id":"1211390"}}
	{"id":1211390,"type":"buy","buyer":"konvik","seller":"eythorphoto","symbol":"SIM","quantity":"14051.988","price":"0.00107000","timestamp":1626015216,"volume":"15.03562716","buyTxId":"580cb99b2c2b9d39e86d0150161fe4e312c6be3b-0","sellTxId":"fb690ae6720cbedaabc0f6f0dab58379f289b825"}
{"index": {"_index":"sim","_id":"1211424"}}
	{"id":1211424,"type":"sell","buyer":"dcityfund","seller":"eythorphoto","symbol":"SIM","quantity":"4787.210","price":"0.00107100","timestamp":1626015882,"volume":"5.12710191","buyTxId":"815c93191216c96a877b88744da872ba600a1756","sellTxId":"65741e426f7f896c18e15f3eb81da0bdb05e825e"}
{"index": {"_index":"sim","_id":"1211425"}}
	{"id":1211425,"type":"sell","buyer":"toni.curation","seller":"eythorphoto","symbol":"SIM","quantity":"5212.790","price":"0.00107000","timestamp":1626015882,"volume":"5.57768530","buyTxId":"5faebd53b0a893d700a94b156daf946e76ce0e95-0","sellTxId":"65741e426f7f896c18e15f3eb81da0bdb05e825e"}
{"index": {"_index":"sim","_id":"1211478"}}
	{"id":1211478,"type":"sell","buyer":"dcityfund","seller":"flaxz","symbol":"SIM","quantity":"0.566","price":"0.00107400","timestamp":1626016959,"volume":"0.00060788","buyTxId":"b09541946ae02b3dbe46a3042cd73990e9aebb4f","sellTxId":"d3fb82f4c23520fa2e2e5c7ceb3969d34e32f3e5"}
{"index": {"_index":"sim","_id":"1211492"}}
	{"id":1211492,"type":"sell","buyer":"dcityfund","seller":"nathanpieters","symbol":"SIM","quantity":"359.000","price":"0.00107400","timestamp":1626017406,"volume":"0.38556600","buyTxId":"b09541946ae02b3dbe46a3042cd73990e9aebb4f","sellTxId":"46db49372498e72bb0e484580284b48d33d0b236"}
{"index": {"_index":"sim","_id":"1211607"}}
	{"id":1211607,"type":"sell","buyer":"dcityfund","seller":"grandjury","symbol":"SIM","quantity":"127.000","price":"0.00107400","timestamp":1626019533,"volume":"0.13639800","buyTxId":"b09541946ae02b3dbe46a3042cd73990e9aebb4f","sellTxId":"6a86ec781f637ab4a41a77a4030de7c23ccef241"}
{"index": {"_index":"sim","_id":"1211628"}}
	{"id":1211628,"type":"buy","buyer":"worldfinances","seller":"nftmart.fees","symbol":"SIM","quantity":"67.000","price":"0.00110999","timestamp":1626020094,"volume":"0.07436933","buyTxId":"d42250ed1dd123e2e387a204bcca87e8981b7f72","sellTxId":"cf618f4ea066bf8074c477657158d2df2521f500-0"}
{"index": {"_index":"sim","_id":"1211629"}}
	{"id":1211629,"type":"buy","buyer":"worldfinances","seller":"thahodler","symbol":"SIM","quantity":"951.760","price":"0.00111000","timestamp":1626020142,"volume":"1.05645360","buyTxId":"96143e73d25f14c8e61de7030328be047399b113","sellTxId":"ff7ca4e987a60404e9fd6777f8aacef527640b89"}
{"index": {"_index":"sim","_id":"1211692"}}
	{"id":1211692,"type":"buy","buyer":"worldfinances","seller":"nftmart.fees","symbol":"SIM","quantity":"51.000","price":"0.00110998","timestamp":1626022647,"volume":"0.05660898","buyTxId":"78d310649b469efb1713e00e529165a486d0cc9f","sellTxId":"cdf5a2ad4aa4d92e54dda32e4b61281d567acdfe-0"}
{"index": {"_index":"sim","_id":"1211694"}}
	{"id":1211694,"type":"buy","buyer":"worldfinances","seller":"thahodler","symbol":"SIM","quantity":"788.626","price":"0.00111000","timestamp":1626022686,"volume":"0.87537486","buyTxId":"c3bf7eb722993fe18b2996596d5a7b07805f5ace","sellTxId":"ff7ca4e987a60404e9fd6777f8aacef527640b89"}
{"index": {"_index":"sim","_id":"1211696"}}
	{"id":1211696,"type":"buy","buyer":"worldfinances","seller":"freebornsociety","symbol":"SIM","quantity":"3055.830","price":"0.00112278","timestamp":1626022728,"volume":"3.43102481","buyTxId":"4e6988dee1793b6d23de169feda8cea8f943905f","sellTxId":"MM-P-8572740-55552488-3-4-1"}
{"index": {"_index":"sim","_id":"1211713"}}
	{"id":1211713,"type":"buy","buyer":"konvik","seller":"joshh71390","symbol":"SIM","quantity":"6646.200","price":"0.00108000","timestamp":1626023127,"volume":"7.17789600","buyTxId":"15667eff747cca16d2ea04062b303328857978fd-0","sellTxId":"939a2ff947cd2cf5736e607a43109b3297fc12a2"}
{"index": {"_index":"sim","_id":"1211786"}}
	{"id":1211786,"type":"buy","buyer":"worldfinances","seller":"nftmart.fees","symbol":"SIM","quantity":"52.000","price":"0.00112277","timestamp":1626024537,"volume":"0.05838404","buyTxId":"941cd823f89fe255235cc623c64bb4977f27645d","sellTxId":"eb186aefaaa997864137f73e6c05f73f0f52918a-0"}
{"index": {"_index":"sim","_id":"1211790"}}
	{"id":1211790,"type":"buy","buyer":"worldfinances","seller":"freebornsociety","symbol":"SIM","quantity":"466.730","price":"0.00112278","timestamp":1626024591,"volume":"0.52403511","buyTxId":"3d26ebb3d3293cadebb4ef13f4bfcc14a8bb475a","sellTxId":"MM-P-8572740-55552488-3-4-1"}
{"index": {"_index":"sim","_id":"1211806"}}
	{"id":1211806,"type":"sell","buyer":"dcityfund","seller":"phoenixwren","symbol":"SIM","quantity":"0.176","price":"0.00108100","timestamp":1626024996,"volume":"0.00019026","buyTxId":"1b2732c2b35e0e624fe078b05465e71038aaed96","sellTxId":"ea0c7560e6028a283d1a2e565fde34dd987bad91"}
{"index": {"_index":"sim","_id":"1211860"}}
	{"id":1211860,"type":"buy","buyer":"worldfinances","seller":"nftmart.fees","symbol":"SIM","quantity":"68.000","price":"0.00112276","timestamp":1626026694,"volume":"0.07634768","buyTxId":"8a1691b23d8acd191b9afd819e8e7b0d2b04f82f","sellTxId":"bfa19c7cc14912dcafd1fdc219f78305b36c7668-0"}
{"index": {"_index":"sim","_id":"1211861"}}
	{"id":1211861,"type":"buy","buyer":"worldfinances","seller":"freebornsociety","symbol":"SIM","quantity":"250.153","price":"0.00112278","timestamp":1626026721,"volume":"0.28086679","buyTxId":"c5b6444d76e2c9e1229fa0ebbee78200730fc8eb","sellTxId":"MM-P-8572740-55552488-3-4-1"}
{"index": {"_index":"sim","_id":"1211882"}}
	{"id":1211882,"type":"sell","buyer":"dcityfund","seller":"klye","symbol":"SIM","quantity":"578.000","price":"0.00108100","timestamp":1626027792,"volume":"0.62481800","buyTxId":"1b2732c2b35e0e624fe078b05465e71038aaed96","sellTxId":"114395936bc5fa579ac3a5c559512259d1a6fb07"}
{"index": {"_index":"sim","_id":"1211900"}}
	{"id":1211900,"type":"sell","buyer":"dcityfund","seller":"steemstreems","symbol":"SIM","quantity":"1131.001","price":"0.00108100","timestamp":1626028197,"volume":"1.22261208","buyTxId":"1b2732c2b35e0e624fe078b05465e71038aaed96","sellTxId":"735e2dcbbca85b5ba561c241a3e8780983d44882"}
{"index": {"_index":"sim","_id":"1211950"}}
	{"id":1211950,"type":"sell","buyer":"mmrx","seller":"monsterjamgold","symbol":"SIM","quantity":"1726.000","price":"0.00108101","timestamp":1626029271,"volume":"1.86582326","buyTxId":"MM-P-8576570-55556331-3-14-0","sellTxId":"c965daf134845cd3c3eb0e19bc92324dc5aa2453"}
{"index": {"_index":"sim","_id":"1212006"}}
	{"id":1212006,"type":"sell","buyer":"mmrx","seller":"willsaldeno","symbol":"SIM","quantity":"1707.000","price":"0.00108101","timestamp":1626030528,"volume":"1.84528407","buyTxId":"MM-P-8576570-55556331-3-14-0","sellTxId":"1792056615e91621c53f6012af7f9e8f1d87e2d6"}
{"index": {"_index":"sim","_id":"1212009"}}
	{"id":1212009,"type":"sell","buyer":"mmrx","seller":"justinparke","symbol":"SIM","quantity":"1872.980","price":"0.00108101","timestamp":1626030666,"volume":"2.02471011","buyTxId":"MM-P-8576570-55556331-3-14-0","sellTxId":"3d49369deb85a65e55c40a47aeae63076ef5c2aa"}
{"index": {"_index":"sim","_id":"1212010"}}
	{"id":1212010,"type":"sell","buyer":"dcityfund","seller":"justinparke","symbol":"SIM","quantity":"2168.656","price":"0.00108100","timestamp":1626030666,"volume":"2.34431713","buyTxId":"1b2732c2b35e0e624fe078b05465e71038aaed96","sellTxId":"3d49369deb85a65e55c40a47aeae63076ef5c2aa"}
{"index": {"_index":"sim","_id":"1212011"}}
	{"id":1212011,"type":"sell","buyer":"dcityfund","seller":"justinparke","symbol":"SIM","quantity":"4087.280","price":"0.00107600","timestamp":1626030666,"volume":"4.39791328","buyTxId":"08a791447348122588da3313c549770b4025c711","sellTxId":"3d49369deb85a65e55c40a47aeae63076ef5c2aa"}
{"index": {"_index":"sim","_id":"1212012"}}
	{"id":1212012,"type":"sell","buyer":"gerber","seller":"justinparke","symbol":"SIM","quantity":"11714.034","price":"0.00107500","timestamp":1626030666,"volume":"12.59258655","buyTxId":"516fd3f6759acd462254715599ae47421ad91c7f","sellTxId":"3d49369deb85a65e55c40a47aeae63076ef5c2aa"}
{"index": {"_index":"sim","_id":"1212014"}}
	{"id":1212014,"type":"sell","buyer":"gerber","seller":"ironshield","symbol":"SIM","quantity":"10000.000","price":"0.00107500","timestamp":1626030759,"volume":"10.75000000","buyTxId":"516fd3f6759acd462254715599ae47421ad91c7f","sellTxId":"16492f6f2034ea76be756634d645ce6e18200cdb"}
{"index": {"_index":"sim","_id":"1212017"}}
	{"id":1212017,"type":"sell","buyer":"gerber","seller":"altonos","symbol":"SIM","quantity":"1352.270","price":"0.00107500","timestamp":1626030948,"volume":"1.45369025","buyTxId":"516fd3f6759acd462254715599ae47421ad91c7f","sellTxId":"6017aa9a44620f85d6aa9b800ff103768a07ebee"}
{"index": {"_index":"sim","_id":"1212023"}}
	{"id":1212023,"type":"sell","buyer":"gerber","seller":"ironshield","symbol":"SIM","quantity":"4440.557","price":"0.00107600","timestamp":1626031296,"volume":"4.77803933","buyTxId":"4bf7b721fc700b47ed79cd01a4b2274af4b78f5e","sellTxId":"d56ee37104212b309b00afa687ea4c281aeb90f4"}
{"index": {"_index":"sim","_id":"1212052"}}
	{"id":1212052,"type":"sell","buyer":"dcityfund","seller":"silvergoldhunter","symbol":"SIM","quantity":"0.572","price":"0.00107700","timestamp":1626031890,"volume":"0.00061604","buyTxId":"94a1b46ed4bb7eae2382a359220ae0cd50e63d0c","sellTxId":"d3c421ec3a4b74ec2e97218cf9357d34ef3d293c"}
{"index": {"_index":"sim","_id":"1212066"}}
	{"id":1212066,"type":"sell","buyer":"dcityfund","seller":"casilokodesing","symbol":"SIM","quantity":"1326.000","price":"0.00107700","timestamp":1626032697,"volume":"1.42810200","buyTxId":"94a1b46ed4bb7eae2382a359220ae0cd50e63d0c","sellTxId":"bca39e212432f7a0a128a868d343d692bd2019af"}
{"index": {"_index":"sim","_id":"1212072"}}
	{"id":1212072,"type":"sell","buyer":"dcityfund","seller":"fantasycrypto","symbol":"SIM","quantity":"2594.964","price":"0.00107700","timestamp":1626033363,"volume":"2.79477623","buyTxId":"94a1b46ed4bb7eae2382a359220ae0cd50e63d0c","sellTxId":"258649fa39b90753107f783b6d31bf1f04ff36df"}
{"index": {"_index":"sim","_id":"1212073"}}
	{"id":1212073,"type":"sell","buyer":"gerber","seller":"fantasycrypto","symbol":"SIM","quantity":"15950.036","price":"0.00107600","timestamp":1626033363,"volume":"17.16223874","buyTxId":"4bf7b721fc700b47ed79cd01a4b2274af4b78f5e","sellTxId":"258649fa39b90753107f783b6d31bf1f04ff36df"}
{"index": {"_index":"sim","_id":"1212132"}}
	{"id":1212132,"type":"sell","buyer":"mmrx","seller":"ericburgoyne","symbol":"SIM","quantity":"105.068","price":"0.00107601","timestamp":1626034962,"volume":"0.11305422","buyTxId":"MM-P-8578354-55558123-3-14-0","sellTxId":"dd6ad81f4d04f8deebc7446615f575d3763c7fb8"}
{"index": {"_index":"sim","_id":"1212165"}}
	{"id":1212165,"type":"buy","buyer":"bwar-gg","seller":"mmrx","symbol":"SIM","quantity":"207.000","price":"0.00111993","timestamp":1626035970,"volume":"0.23182551","buyTxId":"85ab47eef6b4013006d62cac7c63e4248d38197a","sellTxId":"MM-P-8578948-55558720-3-14-0"}
{"index": {"_index":"sim","_id":"1212166"}}
	{"id":1212166,"type":"buy","buyer":"toni.curation","seller":"mmrx","symbol":"SIM","quantity":"107.199","price":"0.00107999","timestamp":1626036072,"volume":"0.11577385","buyTxId":"45f546d6b6b8f112443735024e8232ba4123e3e3-0","sellTxId":"MM-P-8579144-55558918-3-14-0"}
{"index": {"_index":"sim","_id":"1212167"}}
	{"id":1212167,"type":"buy","buyer":"konvik","seller":"mmrx","symbol":"SIM","quantity":"5096.853","price":"0.00107999","timestamp":1626036081,"volume":"5.50455027","buyTxId":"05c99573cffef384f5bd8947720e6511b99bf396-0","sellTxId":"MM-P-8579144-55558918-3-14-0"}
{"index": {"_index":"sim","_id":"1212168"}}
	{"id":1212168,"type":"buy","buyer":"toni.curation","seller":"bwar-gg","symbol":"SIM","quantity":"107.199","price":"0.00108000","timestamp":1626036138,"volume":"0.11577492","buyTxId":"f536b3bd8b5e458904f25e0dfa07c14f903adbc4-0","sellTxId":"fdf41a726beabe60b7c404e91880dfe8cdc6262f"}
{"index": {"_index":"sim","_id":"1212176"}}
	{"id":1212176,"type":"sell","buyer":"mmrx","seller":"bigram13","symbol":"SIM","quantity":"2067.167","price":"0.00107601","timestamp":1626036579,"volume":"2.22429236","buyTxId":"MM-P-8578354-55558123-3-14-0","sellTxId":"b23b12a9d3521e9642972c246c597ab74b624e49"}
{"index": {"_index":"sim","_id":"1212177"}}
	{"id":1212177,"type":"sell","buyer":"gerber","seller":"bigram13","symbol":"SIM","quantity":"1342.705","price":"0.00107600","timestamp":1626036579,"volume":"1.44475058","buyTxId":"4bf7b721fc700b47ed79cd01a4b2274af4b78f5e","sellTxId":"b23b12a9d3521e9642972c246c597ab74b624e49"}
{"index": {"_index":"sim","_id":"1212178"}}
	{"id":1212178,"type":"sell","buyer":"gerber","seller":"bigram13","symbol":"SIM","quantity":"733.298","price":"0.00107500","timestamp":1626036579,"volume":"0.78829535","buyTxId":"516fd3f6759acd462254715599ae47421ad91c7f","sellTxId":"b23b12a9d3521e9642972c246c597ab74b624e49"}
{"index": {"_index":"sim","_id":"1212179"}}
	{"id":1212179,"type":"sell","buyer":"dcityfund","seller":"bigram13","symbol":"SIM","quantity":"3799.602","price":"0.00107400","timestamp":1626036579,"volume":"4.08077255","buyTxId":"b09541946ae02b3dbe46a3042cd73990e9aebb4f","sellTxId":"b23b12a9d3521e9642972c246c597ab74b624e49"}
{"index": {"_index":"sim","_id":"1212180"}}
	{"id":1212180,"type":"sell","buyer":"dcityfund","seller":"bigram13","symbol":"SIM","quantity":"4445.387","price":"0.00107300","timestamp":1626036579,"volume":"4.76990025","buyTxId":"e12fe33f89d9f5177e40547e9c8fe3f131309d13","sellTxId":"b23b12a9d3521e9642972c246c597ab74b624e49"}
{"index": {"_index":"sim","_id":"1212181"}}
	{"id":1212181,"type":"sell","buyer":"dcityfund","seller":"bigram13","symbol":"SIM","quantity":"4615.819","price":"0.00107200","timestamp":1626036579,"volume":"4.94815797","buyTxId":"cd25df61cb3b7df3bacd7a1e2b7c5532efae4bd0","sellTxId":"b23b12a9d3521e9642972c246c597ab74b624e49"}
{"index": {"_index":"sim","_id":"1212182"}}
	{"id":1212182,"type":"sell","buyer":"gerber","seller":"bigram13","symbol":"SIM","quantity":"22051.987","price":"0.00107100","timestamp":1626036579,"volume":"23.61767808","buyTxId":"f2e76ed4c3632dcf2acbf2df351da9a9871176f4","sellTxId":"b23b12a9d3521e9642972c246c597ab74b624e49"}
{"index": {"_index":"sim","_id":"1212183"}}
	{"id":1212183,"type":"buy","buyer":"konvik","seller":"bigram13","symbol":"SIM","quantity":"6944.035","price":"0.00107000","timestamp":1626036582,"volume":"7.43011745","buyTxId":"45dc0a5f9c0f0cef6d666ff211cdd2af5777071d-0","sellTxId":"b23b12a9d3521e9642972c246c597ab74b624e49"}
{"index": {"_index":"sim","_id":"1212196"}}
	{"id":1212196,"type":"sell","buyer":"dcityfund","seller":"deathwing","symbol":"SIM","quantity":"637","price":"0.00107100","timestamp":1626036906,"volume":"0.68222700","buyTxId":"313869d7d47bf6ee9373358faa00748b372318d1","sellTxId":"7e6275d981050655f749122caebe771e1a164845-0"}
{"index": {"_index":"sim","_id":"1212221"}}
	{"id":1212221,"type":"buy","buyer":"toni.curation","seller":"nftmart.fees","symbol":"SIM","quantity":"190.999","price":"0.00107999","timestamp":1626037707,"volume":"0.20627701","buyTxId":"75a3947ecee931db508215e3d2df6e47cf33d7ff-0","sellTxId":"a49855f20a496140d05eb15f91d43c44a69687b1-0"}
{"index": {"_index":"sim","_id":"1212234"}}
	{"id":1212234,"type":"sell","buyer":"dcityfund","seller":"lrekt01","symbol":"SIM","quantity":"0.010","price":"0.00107100","timestamp":1626038265,"volume":"0.00001071","buyTxId":"313869d7d47bf6ee9373358faa00748b372318d1","sellTxId":"73e9cb8f71acdba79d0df729abfebf71ac52be89"}
{"index": {"_index":"sim","_id":"1212244"}}
	{"id":1212244,"type":"sell","buyer":"dcityfund","seller":"itharagaian","symbol":"SIM","quantity":"82.027","price":"0.00107100","timestamp":1626038658,"volume":"0.08785092","buyTxId":"313869d7d47bf6ee9373358faa00748b372318d1","sellTxId":"52fe198985c48579b1db2aa173efd5c579ed4658"}
{"index": {"_index":"sim","_id":"1212255"}}
	{"id":1212255,"type":"buy","buyer":"toni.curation","seller":"nftmart.fees","symbol":"SIM","quantity":"165.999","price":"0.00107999","timestamp":1626038955,"volume":"0.17927726","buyTxId":"7be1765de15a0478b0fee266ad805775ecb3e352-0","sellTxId":"8c3b62070faea04d39a791cc13643fe28a53f993-0"}
{"index": {"_index":"sim","_id":"1212257"}}
	{"id":1212257,"type":"sell","buyer":"dcityfund","seller":"enforcer48","symbol":"SIM","quantity":"3120.604","price":"0.00107100","timestamp":1626038997,"volume":"3.34216688","buyTxId":"313869d7d47bf6ee9373358faa00748b372318d1","sellTxId":"d33067d954257eac52ff381c08344e58fb25a07c"}
{"index": {"_index":"sim","_id":"1212258"}}
	{"id":1212258,"type":"sell","buyer":"freebornsociety","seller":"enforcer48","symbol":"SIM","quantity":"6879.396","price":"0.00105154","timestamp":1626038997,"volume":"7.23396007","buyTxId":"MM-P-8580070-55559850-3-4-0","sellTxId":"d33067d954257eac52ff381c08344e58fb25a07c"}
{"index": {"_index":"sim","_id":"1212262"}}
	{"id":1212262,"type":"buy","buyer":"morzex","seller":"nftmart.fees","symbol":"SIM","quantity":"0.001","price":"0.00107999","timestamp":1626039216,"volume":"0.00000108","buyTxId":"b099040a7750f7bdced0779fd8f9443cb180f04f","sellTxId":"8c3b62070faea04d39a791cc13643fe28a53f993-0"}
{"index": {"_index":"sim","_id":"1212263"}}
	{"id":1212263,"type":"buy","buyer":"morzex","seller":"bwar-gg","symbol":"SIM","quantity":"0.001","price":"0.00108000","timestamp":1626039216,"volume":"0.00000108","buyTxId":"b099040a7750f7bdced0779fd8f9443cb180f04f","sellTxId":"fdf41a726beabe60b7c404e91880dfe8cdc6262f"}
{"index": {"_index":"sim","_id":"1212264"}}
	{"id":1212264,"type":"buy","buyer":"morzex","seller":"freebornsociety","symbol":"SIM","quantity":"4585.846","price":"0.00111889","timestamp":1626039216,"volume":"5.13105783","buyTxId":"b099040a7750f7bdced0779fd8f9443cb180f04f","sellTxId":"MM-P-8580170-55559950-3-4-1"}
{"index": {"_index":"sim","_id":"1212327"}}
	{"id":1212327,"type":"sell","buyer":"dcityfund","seller":"elevator09","symbol":"SIM","quantity":"140.000","price":"0.00105300","timestamp":1626041265,"volume":"0.14742000","buyTxId":"55c07dbdd767cbc22b76e659512e5448249c37d3","sellTxId":"265fd19fea99b94274dd5a9ab56bac33b1f449c5"}
{"index": {"_index":"sim","_id":"1212336"}}
	{"id":1212336,"type":"sell","buyer":"dcityfund","seller":"steemstreems","symbol":"SIM","quantity":"157.000","price":"0.00105300","timestamp":1626041577,"volume":"0.16532100","buyTxId":"55c07dbdd767cbc22b76e659512e5448249c37d3","sellTxId":"7354885339386d345fcd9f6792fb65f317b26a85"}
{"index": {"_index":"sim","_id":"1212477"}}
	{"id":1212477,"type":"buy","buyer":"morzex","seller":"mmrx","symbol":"SIM","quantity":"2067.167","price":"0.00109995","timestamp":1626045579,"volume":"2.27378034","buyTxId":"487a3a343d04c5b6f9f10797fb76999df9451f66","sellTxId":"MM-P-8582201-55562002-3-14-0"}
{"index": {"_index":"sim","_id":"1212478"}}
	{"id":1212478,"type":"buy","buyer":"morzex","seller":"nftmart.fees","symbol":"SIM","quantity":"23.836","price":"0.00109996","timestamp":1626045579,"volume":"0.02621966","buyTxId":"487a3a343d04c5b6f9f10797fb76999df9451f66","sellTxId":"cba9953dec330fdcfa441e5e0055f7583d7a4d8b-0"}
{"index": {"_index":"sim","_id":"1212486"}}
	{"id":1212486,"type":"sell","buyer":"dcityfund","seller":"thegoliathv2","symbol":"SIM","quantity":"3670.867","price":"0.00105300","timestamp":1626045909,"volume":"3.86542295","buyTxId":"55c07dbdd767cbc22b76e659512e5448249c37d3","sellTxId":"5d8801b05aa2a8c4938351dc85daf048844ca92f"}
{"index": {"_index":"sim","_id":"1212487"}}
	{"id":1212487,"type":"sell","buyer":"freebornsociety","seller":"thegoliathv2","symbol":"SIM","quantity":"5715.393","price":"0.00105264","timestamp":1626045909,"volume":"6.01625129","buyTxId":"MM-P-8581149-55560941-3-4-0","sellTxId":"5d8801b05aa2a8c4938351dc85daf048844ca92f"}
{"index": {"_index":"sim","_id":"1212547"}}
	{"id":1212547,"type":"sell","buyer":"freebornsociety","seller":"darmst5339","symbol":"SIM","quantity":"3.047","price":"0.00105264","timestamp":1626048039,"volume":"0.00320739","buyTxId":"MM-P-8581149-55560941-3-4-0","sellTxId":"6d5e2ebf7d9a4ba744d9645f09d2b0ff6687802e"}
{"index": {"_index":"sim","_id":"1212560"}}
	{"id":1212560,"type":"sell","buyer":"freebornsociety","seller":"epilatero","symbol":"SIM","quantity":"1710","price":"0.00105264","timestamp":1626048741,"volume":"1.80001440","buyTxId":"MM-P-8581149-55560941-3-4-0","sellTxId":"476cf5374dbdb6bd964df8eed46130039730927e"}
{"index": {"_index":"sim","_id":"1212565"}}
	{"id":1212565,"type":"buy","buyer":"morzex","seller":"nftmart.fees","symbol":"SIM","quantity":"235.000","price":"0.00109999","timestamp":1626049263,"volume":"0.25849765","buyTxId":"c97ebff7b5e58231aa766ec5e07ef6cdfb5aa733","sellTxId":"a4ebadea49f729a7775664eb71444c27100c9458-0"}
{"index": {"_index":"sim","_id":"1212566"}}
	{"id":1212566,"type":"buy","buyer":"morzex","seller":"medaymane","symbol":"SIM","quantity":"1613.505","price":"0.00110000","timestamp":1626049263,"volume":"1.77485564","buyTxId":"c97ebff7b5e58231aa766ec5e07ef6cdfb5aa733","sellTxId":"8867333b979f410bc311efd0d96db8089aa5067e"}
{"index": {"_index":"sim","_id":"1212591"}}
	{"id":1212591,"type":"sell","buyer":"freebornsociety","seller":"loganhate","symbol":"SIM","quantity":"241.000","price":"0.00105124","timestamp":1626050925,"volume":"0.25334884","buyTxId":"MM-P-8583620-55563435-3-4-0","sellTxId":"2efca8c167d56007ea091202cf0b8f76cb4694af"}
{"index": {"_index":"sim","_id":"1212595"}}
	{"id":1212595,"type":"sell","buyer":"freebornsociety","seller":"goldcoin","symbol":"SIM","quantity":"78.068","price":"0.00105124","timestamp":1626051249,"volume":"0.08206820","buyTxId":"MM-P-8583620-55563435-3-4-0","sellTxId":"918d4c71b91c27982209d409bec2bd8db4b71af4"}
{"index": {"_index":"sim","_id":"1212606"}}
	{"id":1212606,"type":"sell","buyer":"mary.janikowski","seller":"brofi-market","symbol":"SIM","quantity":"73.595","price":"0.00106000","timestamp":1626051762,"volume":"0.07801070","buyTxId":"de71b98f87b5e381bad971ac135cdcfba3b1b6c8","sellTxId":"5c70a43cc83624de882e7e43969ff868cb20505f"}
{"index": {"_index":"sim","_id":"1212633"}}
	{"id":1212633,"type":"sell","buyer":"mary.janikowski","seller":"morzex","symbol":"SIM","quantity":"1916.454","price":"0.00106000","timestamp":1626052533,"volume":"2.03144124","buyTxId":"de71b98f87b5e381bad971ac135cdcfba3b1b6c8","sellTxId":"d8560132ab59f0a8dad5868bd4327875943ccaf9"}
{"index": {"_index":"sim","_id":"1212641"}}
	{"id":1212641,"type":"sell","buyer":"mary.janikowski","seller":"theoriginal86","symbol":"SIM","quantity":"1577.000","price":"0.00106000","timestamp":1626053307,"volume":"1.67162000","buyTxId":"de71b98f87b5e381bad971ac135cdcfba3b1b6c8","sellTxId":"02fae658f1322efe67fc1de8dc3aabd4f36179eb"}
{"index": {"_index":"sim","_id":"1212709"}}
	{"id":1212709,"type":"sell","buyer":"mary.janikowski","seller":"valor2s","symbol":"SIM","quantity":"275.000","price":"0.00106000","timestamp":1626054876,"volume":"0.29150000","buyTxId":"de71b98f87b5e381bad971ac135cdcfba3b1b6c8","sellTxId":"1b405fd64311f9b0b75ff8a64ed42a368dd65749"}
{"index": {"_index":"sim","_id":"1212726"}}
	{"id":1212726,"type":"buy","buyer":"petertag","seller":"nftmart.fees","symbol":"SIM","quantity":"205.000","price":"0.00109998","timestamp":1626055428,"volume":"0.22549590","buyTxId":"8c84055f9270ff168190983fd4e0c9ee274ae36f","sellTxId":"4a6c4417c3be1b83c304ab0ca3f7a8fdb477e498-0"}
{"index": {"_index":"sim","_id":"1212727"}}
	{"id":1212727,"type":"buy","buyer":"petertag","seller":"brofi-market","symbol":"SIM","quantity":"73.595","price":"0.00109999","timestamp":1626055428,"volume":"0.08095376","buyTxId":"8c84055f9270ff168190983fd4e0c9ee274ae36f","sellTxId":"caa8120b6f977465a576fdaf0b32e2c66fdfaa47"}
{"index": {"_index":"sim","_id":"1212728"}}
	{"id":1212728,"type":"buy","buyer":"petertag","seller":"medaymane","symbol":"SIM","quantity":"122.495","price":"0.00110000","timestamp":1626055428,"volume":"0.13474450","buyTxId":"8c84055f9270ff168190983fd4e0c9ee274ae36f","sellTxId":"8867333b979f410bc311efd0d96db8089aa5067e"}
{"index": {"_index":"sim","_id":"1212729"}}
	{"id":1212729,"type":"sell","buyer":"petertag","seller":"trentonlundy1","symbol":"SIM","quantity":"0.134","price":"0.00110000","timestamp":1626055431,"volume":"0.00014740","buyTxId":"8c84055f9270ff168190983fd4e0c9ee274ae36f","sellTxId":"4842ca8a3f0beec780e279ce0ab78da6db352ad8"}
{"index": {"_index":"sim","_id":"1212773"}}
	{"id":1212773,"type":"sell","buyer":"mary.janikowski","seller":"trumpman","symbol":"SIM","quantity":"1711.193","price":"0.00106000","timestamp":1626056535,"volume":"1.81386458","buyTxId":"de71b98f87b5e381bad971ac135cdcfba3b1b6c8","sellTxId":"8bc45e901edca604fbfae9ad7767096a250e792d"}
{"index": {"_index":"sim","_id":"1212780"}}
	{"id":1212780,"type":"sell","buyer":"mary.janikowski","seller":"theguruasia","symbol":"SIM","quantity":"77.000","price":"0.00106000","timestamp":1626057282,"volume":"0.08162000","buyTxId":"de71b98f87b5e381bad971ac135cdcfba3b1b6c8","sellTxId":"fffafdf670ceda107cf3cc5c4cdeb6254ad17307"}
{"index": {"_index":"sim","_id":"1212782"}}
	{"id":1212782,"type":"sell","buyer":"mary.janikowski","seller":"thesimguru","symbol":"SIM","quantity":"2673.795","price":"0.00106000","timestamp":1626057342,"volume":"2.83422270","buyTxId":"de71b98f87b5e381bad971ac135cdcfba3b1b6c8","sellTxId":"b0b89454065134683724565ecb31418bfb818388"}
{"index": {"_index":"sim","_id":"1212797"}}
	{"id":1212797,"type":"sell","buyer":"mary.janikowski","seller":"winebank","symbol":"SIM","quantity":"790.963","price":"0.00106000","timestamp":1626058011,"volume":"0.83842078","buyTxId":"de71b98f87b5e381bad971ac135cdcfba3b1b6c8","sellTxId":"dadeb7e1d38115ff80040683bf781ed7ba606659"}
{"index": {"_index":"sim","_id":"1212798"}}
	{"id":1212798,"type":"sell","buyer":"petertag","seller":"winebank","symbol":"SIM","quantity":"977.776","price":"0.00106000","timestamp":1626058011,"volume":"1.03644256","buyTxId":"f426f2857bcba2f33d0b0763e97c5937e7f5966e","sellTxId":"dadeb7e1d38115ff80040683bf781ed7ba606659"}
{"index": {"_index":"sim","_id":"1212799"}}
	{"id":1212799,"type":"buy","buyer":"toni.curation","seller":"winebank","symbol":"SIM","quantity":"2504.259","price":"0.00106000","timestamp":1626058041,"volume":"2.65451454","buyTxId":"7db0029249354575c1e6088f9990012cc94def44-0","sellTxId":"dadeb7e1d38115ff80040683bf781ed7ba606659"}
