{"id":1552777,"type":"sell","buyer":"solovey6o2","seller":"chaoabunga","symbol":"SIM","quantity":"4793.424","price":"0.00117101","timestamp":1632106563,"volume":"5.61314743","buyTxId":"b22d362c3c0f8ec1a5c18b37017cb4deb4ec3196","sellTxId":"6dafe7871568fd2b81b707fcb6748fe3f16ef063"
{"id":1552778,"type":"sell","buyer":"steemshiro","seller":"chaoabunga","symbol":"SIM","quantity":"95206.576","price":"0.00117100","timestamp":1632106563,"volume":"111.48690050","buyTxId":"ddc89e91326eb4d4a3165c65f8b126d839b91a61","sellTxId":"6dafe7871568fd2b81b707fcb6748fe3f16ef063"
{"id":1552844,"type":"sell","buyer":"steemshiro","seller":"holovision.list","symbol":"SIM","quantity":"2.000","price":"0.00117100","timestamp":1632107361,"volume":"0.00234200","buyTxId":"ddc89e91326eb4d4a3165c65f8b126d839b91a61","sellTxId":"f29318b80747d7493692e3b28b4cf96dfebe49e7"
{"id":1552880,"type":"sell","buyer":"steemshiro","seller":"justinparke","symbol":"SIM","quantity":"12431.254","price":"0.00117100","timestamp":1632107841,"volume":"14.55699843","buyTxId":"ddc89e91326eb4d4a3165c65f8b126d839b91a61","sellTxId":"88111b811e1d9636a2fcd053ee36ec4324c21139"
{"id":1552928,"type":"buy","buyer":"wizzitywillican","seller":"nftmart.fees","symbol":"SIM","quantity":"4.000","price":"0.00118994","timestamp":1632108975,"volume":"0.00475976","buyTxId":"565dbdf3b3eb18b270829b630778ac9078f184c2","sellTxId":"8b496fa01bebed653cf0d51fd4641005814d39ec-0"
{"id":1552929,"type":"buy","buyer":"wizzitywillican","seller":"somethingfunny","symbol":"SIM","quantity":"478.000","price":"0.00119000","timestamp":1632108975,"volume":"0.56882000","buyTxId":"565dbdf3b3eb18b270829b630778ac9078f184c2","sellTxId":"9a0b9f8e151bb4cbdc96c67ba3f3a99b40199144"
{"id":1553064,"type":"sell","buyer":"steemshiro","seller":"brofi-market","symbol":"SIM","quantity":"0.001","price":"0.00117100","timestamp":1632111123,"volume":"0.00000117","buyTxId":"ddc89e91326eb4d4a3165c65f8b126d839b91a61","sellTxId":"a10a1b84ee795a78eb36548c09873551256f61d7"
{"id":1553162,"type":"buy","buyer":"libert","seller":"nftmart.fees","symbol":"SIM","quantity":"4.000","price":"0.00118997","timestamp":1632112680,"volume":"0.00475988","buyTxId":"a7040e1cf1233484d1a2b39239a69dfdc966e37b","sellTxId":"35040e423be1341f26ac9948cfae01622c62dc14-0"
{"id":1553163,"type":"buy","buyer":"libert","seller":"ganjafarmer","symbol":"SIM","quantity":"139.441","price":"0.00118997","timestamp":1632112680,"volume":"0.16593061","buyTxId":"a7040e1cf1233484d1a2b39239a69dfdc966e37b","sellTxId":"1f09c38d5e6b21d8b6479eeca0e253f3b37e1f3c"
{"id":1553164,"type":"buy","buyer":"libert","seller":"brofi-market","symbol":"SIM","quantity":"0.001","price":"0.00118998","timestamp":1632112680,"volume":"0.00000119","buyTxId":"a7040e1cf1233484d1a2b39239a69dfdc966e37b","sellTxId":"266406c0a52270d9b040f8651fdba86945634ce5"
{"id":1553165,"type":"buy","buyer":"libert","seller":"somethingfunny","symbol":"SIM","quantity":"4730.100","price":"0.00119000","timestamp":1632112680,"volume":"5.62881900","buyTxId":"a7040e1cf1233484d1a2b39239a69dfdc966e37b","sellTxId":"9a0b9f8e151bb4cbdc96c67ba3f3a99b40199144"
{"id":1553166,"type":"buy","buyer":"libert","seller":"dhedge-drips","symbol":"SIM","quantity":"0.001","price":"0.00125998","timestamp":1632112680,"volume":"0.00000126","buyTxId":"a7040e1cf1233484d1a2b39239a69dfdc966e37b","sellTxId":"2097a6ebfbd4a0ee9430589f7489c7012e391dae"
{"id":1553167,"type":"buy","buyer":"libert","seller":"brofi-market","symbol":"SIM","quantity":"0.010","price":"0.00125999","timestamp":1632112680,"volume":"0.00001260","buyTxId":"a7040e1cf1233484d1a2b39239a69dfdc966e37b","sellTxId":"e1f22f7eede5765e934d6d10abc4bc49f6ce5d7f"
{"id":1553168,"type":"buy","buyer":"libert","seller":"steem69","symbol":"SIM","quantity":"127.176","price":"0.00126000","timestamp":1632112680,"volume":"0.16024176","buyTxId":"a7040e1cf1233484d1a2b39239a69dfdc966e37b","sellTxId":"8c7f5e7c94a701068b293cacadcf2dfa825e1a9b"
{"id":1553169,"type":"buy","buyer":"libert","seller":"steem69","symbol":"SIM","quantity":"4000.000","price":"0.00126000","timestamp":1632112680,"volume":"5.04000000","buyTxId":"a7040e1cf1233484d1a2b39239a69dfdc966e37b","sellTxId":"15f459e8810681d94e5a6ba59fe2cd5d75e3c693"
{"id":1553170,"type":"buy","buyer":"libert","seller":"steem69","symbol":"SIM","quantity":"4000.000","price":"0.00126000","timestamp":1632112680,"volume":"5.04000000","buyTxId":"a7040e1cf1233484d1a2b39239a69dfdc966e37b","sellTxId":"ec010ff0a7e03266881df4f9c9be921c9df99eb7"
{"id":1553171,"type":"buy","buyer":"libert","seller":"steem69","symbol":"SIM","quantity":"2738.280","price":"0.00126000","timestamp":1632112680,"volume":"3.45023370","buyTxId":"a7040e1cf1233484d1a2b39239a69dfdc966e37b","sellTxId":"875f5a01934c900a70f26e4ec84747929db1e950"
{"id":1553172,"type":"sell","buyer":"solovey6o2","seller":"razam","symbol":"SIM","quantity":"4.000","price":"0.00117101","timestamp":1632112713,"volume":"0.00468404","buyTxId":"b97e3e8476fe3765d19fe32d3ad6bb92980f8a64","sellTxId":"60a8b466a6a2a450b7e43588bd27f1ef5d197da0"
{"id":1553309,"type":"sell","buyer":"mastergerund","seller":"travelgirl","symbol":"SIM","quantity":"4916.000","price":"0.00118000","timestamp":1632116112,"volume":"5.80088000","buyTxId":"8da7369095b6f130c45d4354274bafd321ffd6a7","sellTxId":"2bccbf41007e231dfe489f56a366e2b2dc47b242"
{"id":1553332,"type":"sell","buyer":"mastergerund","seller":"libert","symbol":"SIM","quantity":"3850","price":"0.00118000","timestamp":1632117111,"volume":"4.54300000","buyTxId":"8da7369095b6f130c45d4354274bafd321ffd6a7","sellTxId":"c461743429dc94b285b05cc8088c02b001db7804"
{"id":1553381,"type":"sell","buyer":"mastergerund","seller":"loganhate","symbol":"SIM","quantity":"133.000","price":"0.00118000","timestamp":1632118290,"volume":"0.15694000","buyTxId":"8da7369095b6f130c45d4354274bafd321ffd6a7","sellTxId":"8db54e63c67747137850f663cbb6b77cf54f05f3"
{"id":1553397,"type":"buy","buyer":"deepsafe","seller":"solovey6o2","symbol":"SIM","quantity":"40000.000","price":"0.00123999","timestamp":1632118830,"volume":"49.59960000","buyTxId":"87d9ec84381bf0e4eb84ffc2ef5f114dcfda430d","sellTxId":"c220f47efd7550945e2cfb1386df7a569990bdaf"
{"id":1553443,"type":"sell","buyer":"solovey6o2","seller":"steem-hodler","symbol":"SIM","quantity":"38400.000","price":"0.00118001","timestamp":1632119823,"volume":"45.31238400","buyTxId":"5c2e66d5064189d7f924e382d90c3ec0a9c3f01f","sellTxId":"86345b6dbf0125d093a699488b05907d75b706ec"
{"id":1553459,"type":"buy","buyer":"deepsafe","seller":"nftmart.fees","symbol":"SIM","quantity":"4.000","price":"0.00123992","timestamp":1632120213,"volume":"0.00495968","buyTxId":"a3cb9dc857c85c12a28bfd2aea1bf19c0e759f53","sellTxId":"ac0af1d673305d2e145e8c29e1af3bfdafa8023a-0"
{"id":1553460,"type":"sell","buyer":"deepsafe","seller":"konvik","symbol":"SIM","quantity":"13024.540","price":"0.00123992","timestamp":1632120216,"volume":"16.14938764","buyTxId":"a3cb9dc857c85c12a28bfd2aea1bf19c0e759f53","sellTxId":"6fb7f6bab61b602d60d808c109b9a8a5ea7fd4ba-1"
{"id":1553524,"type":"sell","buyer":"deepsafe","seller":"nftmart.fees","symbol":"SIM","quantity":"3.000","price":"0.00123992","timestamp":1632121266,"volume":"0.00371976","buyTxId":"a3cb9dc857c85c12a28bfd2aea1bf19c0e759f53","sellTxId":"dd7227f30af89868f3affcec445ea36ff42a1acd-0"
{"id":1553529,"type":"sell","buyer":"deepsafe","seller":"spiceboyz","symbol":"SIM","quantity":"9.908","price":"0.00123992","timestamp":1632121443,"volume":"0.01228512","buyTxId":"a3cb9dc857c85c12a28bfd2aea1bf19c0e759f53","sellTxId":"e7c8bd768e51b8a3032784ce5d76950f408aa3cf"
{"id":1553560,"type":"sell","buyer":"solovey6o2","seller":"spiceboyz","symbol":"SIM","quantity":"14714.172","price":"0.00118001","timestamp":1632122067,"volume":"17.36287010","buyTxId":"5c2e66d5064189d7f924e382d90c3ec0a9c3f01f","sellTxId":"5f4458c678c8549d16ffa1c9fa8f96bed31f7320"
{"id":1553641,"type":"buy","buyer":"juanmiguelsalas","seller":"nftmart.fees","symbol":"SIM","quantity":"3.000","price":"0.00123992","timestamp":1632123960,"volume":"0.00371976","buyTxId":"c1dedf139bce3024c1536d30d2243b9d5ceb9ccf","sellTxId":"fefac49f7fb01fe63ba9ea6cc1c84d2c4cd92ab9-0"
{"id":1553642,"type":"buy","buyer":"juanmiguelsalas","seller":"jelly-cz","symbol":"SIM","quantity":"1.000","price":"0.00123993","timestamp":1632123960,"volume":"0.00123993","buyTxId":"c1dedf139bce3024c1536d30d2243b9d5ceb9ccf","sellTxId":"MM-P-10597187-57581630-3-34-0"
{"id":1553643,"type":"buy","buyer":"juanmiguelsalas","seller":"atomcollector","symbol":"SIM","quantity":"996.000","price":"0.00124400","timestamp":1632123960,"volume":"1.23902400","buyTxId":"c1dedf139bce3024c1536d30d2243b9d5ceb9ccf","sellTxId":"1d3b17fbee1a20f464ea8a93717b764284fba0c3"
{"id":1553648,"type":"buy","buyer":"juanmiguelsalas","seller":"atomcollector","symbol":"SIM","quantity":"4.000","price":"0.00124400","timestamp":1632124011,"volume":"0.00497600","buyTxId":"5c80978b4319ccf49d796145215bf68242c8064e","sellTxId":"1d3b17fbee1a20f464ea8a93717b764284fba0c3"
{"id":1553649,"type":"buy","buyer":"juanmiguelsalas","seller":"mastergerund","symbol":"SIM","quantity":"66.373","price":"0.00125000","timestamp":1632124011,"volume":"0.08296625","buyTxId":"5c80978b4319ccf49d796145215bf68242c8064e","sellTxId":"6e990d6a7037243d2708b362253771dbc99bd9a8"
{"id":1553650,"type":"buy","buyer":"juanmiguelsalas","seller":"steem69","symbol":"SIM","quantity":"1261.720","price":"0.00126000","timestamp":1632124011,"volume":"1.58976720","buyTxId":"5c80978b4319ccf49d796145215bf68242c8064e","sellTxId":"875f5a01934c900a70f26e4ec84747929db1e950"
{"id":1553651,"type":"buy","buyer":"juanmiguelsalas","seller":"steem69","symbol":"SIM","quantity":"3934.907","price":"0.00126000","timestamp":1632124011,"volume":"4.95798282","buyTxId":"5c80978b4319ccf49d796145215bf68242c8064e","sellTxId":"b8487b09ee2e79fe4e42458e46672fd20b1fed7d"
{"id":1553675,"type":"sell","buyer":"solovey6o2","seller":"lifeskills-tv","symbol":"SIM","quantity":"901.000","price":"0.00118001","timestamp":1632124548,"volume":"1.06318901","buyTxId":"5c2e66d5064189d7f924e382d90c3ec0a9c3f01f","sellTxId":"e6c71ed400e03503582e610e391ecefe92914e07"
{"id":1553780,"type":"sell","buyer":"solovey6o2","seller":"lightcaptured","symbol":"SIM","quantity":"663.215","price":"0.00118001","timestamp":1632126039,"volume":"0.78260033","buyTxId":"5c2e66d5064189d7f924e382d90c3ec0a9c3f01f","sellTxId":"0973b8d4c333bba86530890d1ef58dc4c8b5f473"
{"id":1553846,"type":"buy","buyer":"juanmiguelsalas","seller":"nftmart.fees","symbol":"SIM","quantity":"3.000","price":"0.00125997","timestamp":1632127725,"volume":"0.00377991","buyTxId":"d145496e4a9ecf97d38c15fee8d2c5423d771431","sellTxId":"1ef6aa0f662acbbd05c9efc1dff9dfca54cec745-0"
{"id":1553847,"type":"buy","buyer":"juanmiguelsalas","seller":"steem69","symbol":"SIM","quantity":"65.093","price":"0.00126000","timestamp":1632127725,"volume":"0.08201718","buyTxId":"d145496e4a9ecf97d38c15fee8d2c5423d771431","sellTxId":"b8487b09ee2e79fe4e42458e46672fd20b1fed7d"
{"id":1553848,"type":"buy","buyer":"juanmiguelsalas","seller":"steem69","symbol":"SIM","quantity":"2002.907","price":"0.00126000","timestamp":1632127725,"volume":"2.52366282","buyTxId":"d145496e4a9ecf97d38c15fee8d2c5423d771431","sellTxId":"3a71d39262ce14a8ae7c7354c6581af1f9f32023"
{"id":1553851,"type":"buy","buyer":"juanmiguelsalas","seller":"steem69","symbol":"SIM","quantity":"68.093","price":"0.00126000","timestamp":1632127773,"volume":"0.08579718","buyTxId":"9668629757fd50e56788d342a814af7da319e8a0","sellTxId":"3a71d39262ce14a8ae7c7354c6581af1f9f32023"
{"id":1553852,"type":"buy","buyer":"juanmiguelsalas","seller":"mapac","symbol":"SIM","quantity":"345.000","price":"0.00128000","timestamp":1632127773,"volume":"0.44160000","buyTxId":"9668629757fd50e56788d342a814af7da319e8a0","sellTxId":"dd9340496df0a9850a55496e624598387ad5a16d"
{"id":1553853,"type":"buy","buyer":"juanmiguelsalas","seller":"brofi-market","symbol":"SIM","quantity":"0.012","price":"0.00128000","timestamp":1632127773,"volume":"0.00001536","buyTxId":"9668629757fd50e56788d342a814af7da319e8a0","sellTxId":"7f0615b603740ebd98dada64ca8d81c3faf36a32"
{"id":1553854,"type":"buy","buyer":"juanmiguelsalas","seller":"mapac","symbol":"SIM","quantity":"1931.895","price":"0.00128900","timestamp":1632127773,"volume":"2.49021266","buyTxId":"9668629757fd50e56788d342a814af7da319e8a0","sellTxId":"8671cf10ff1c3c11170e00ee2bde8af48acc001a"
{"id":1553856,"type":"buy","buyer":"juanmiguelsalas","seller":"mapac","symbol":"SIM","quantity":"413.000","price":"0.00128900","timestamp":1632127797,"volume":"0.53235700","buyTxId":"1c14629bff320a983b5da87bbaa5625976113cf0","sellTxId":"8671cf10ff1c3c11170e00ee2bde8af48acc001a"
{"id":1553858,"type":"buy","buyer":"juanmiguelsalas","seller":"mapac","symbol":"SIM","quantity":"0.105","price":"0.00128900","timestamp":1632127821,"volume":"0.00013535","buyTxId":"c4e70723f93540b2a0015dd11c58d02d62750aa2","sellTxId":"8671cf10ff1c3c11170e00ee2bde8af48acc001a"
{"id":1553859,"type":"buy","buyer":"juanmiguelsalas","seller":"beco132","symbol":"SIM","quantity":"917.895","price":"0.00130000","timestamp":1632127821,"volume":"1.19326350","buyTxId":"c4e70723f93540b2a0015dd11c58d02d62750aa2","sellTxId":"5d3c0d0444985a17b8e557c75baca4da036f9845"
{"id":1553885,"type":"sell","buyer":"newsposter","seller":"konvik","symbol":"SIM","quantity":"9990.099","price":"0.00120000","timestamp":1632128250,"volume":"11.98811880","buyTxId":"83c55002c5ab60641e0f567e4a9dfa54f6e8735a","sellTxId":"aaae886e081bf4478acc71684609e8803bb335a5-1"
{"id":1553900,"type":"sell","buyer":"newsposter","seller":"eythorphoto","symbol":"SIM","quantity":"9.901","price":"0.00120000","timestamp":1632128697,"volume":"0.01188120","buyTxId":"83c55002c5ab60641e0f567e4a9dfa54f6e8735a","sellTxId":"547ec51c80b712f7a19a657309b25567ebed33e7"
{"id":1553906,"type":"sell","buyer":"solovey6o2","seller":"anosys","symbol":"SIM","quantity":"67.570","price":"0.00118001","timestamp":1632128805,"volume":"0.07973328","buyTxId":"5c2e66d5064189d7f924e382d90c3ec0a9c3f01f","sellTxId":"9818abd4f522e2aab065710c09e669fbe88d29fa"
{"id":1553920,"type":"buy","buyer":"juanmiguelsalas","seller":"nftmart.fees","symbol":"SIM","quantity":"2.000","price":"0.00129999","timestamp":1632129312,"volume":"0.00259998","buyTxId":"6047813f02d6609d24a4e2a9f5b11a0fa6d00bf0","sellTxId":"2e305c1d8240f83626d8dac0dd75e45c51f20cac-0"
{"id":1553921,"type":"buy","buyer":"juanmiguelsalas","seller":"beco132","symbol":"SIM","quantity":"0.105","price":"0.00130000","timestamp":1632129312,"volume":"0.00013650","buyTxId":"6047813f02d6609d24a4e2a9f5b11a0fa6d00bf0","sellTxId":"5d3c0d0444985a17b8e557c75baca4da036f9845"
{"id":1553922,"type":"buy","buyer":"juanmiguelsalas","seller":"mapac","symbol":"SIM","quantity":"885.895","price":"0.00132300","timestamp":1632129312,"volume":"1.17203909","buyTxId":"6047813f02d6609d24a4e2a9f5b11a0fa6d00bf0","sellTxId":"cd5ca43946f0cbdb2552dd4d419cc247314a7adf"
{"id":1553924,"type":"buy","buyer":"juanmiguelsalas","seller":"mapac","symbol":"SIM","quantity":"2.105","price":"0.00132300","timestamp":1632129351,"volume":"0.00278492","buyTxId":"529e90959f0806ff2fc4f0a9a1b90053cd19e2fe","sellTxId":"cd5ca43946f0cbdb2552dd4d419cc247314a7adf"
{"id":1553925,"type":"buy","buyer":"juanmiguelsalas","seller":"ironshield","symbol":"SIM","quantity":"1738.895","price":"0.00133400","timestamp":1632129351,"volume":"2.31968593","buyTxId":"529e90959f0806ff2fc4f0a9a1b90053cd19e2fe","sellTxId":"d277b3960f144ad64d4c4ad3c45120584ee0fa47"
{"id":1553942,"type":"sell","buyer":"solovey6o2","seller":"thegoliath","symbol":"SIM","quantity":"25412.500","price":"0.00118001","timestamp":1632129936,"volume":"29.98700413","buyTxId":"5c2e66d5064189d7f924e382d90c3ec0a9c3f01f","sellTxId":"f6ad57c9023f88ea5d8cc0abb7b78d892b520724"
{"id":1553948,"type":"sell","buyer":"solovey6o2","seller":"gwilberiol","symbol":"SIM","quantity":"250.908","price":"0.00118001","timestamp":1632129981,"volume":"0.29607395","buyTxId":"5c2e66d5064189d7f924e382d90c3ec0a9c3f01f","sellTxId":"3ae4cf04c5f71e8484b6f7bb4560df6f4ec51862"
{"id":1554004,"type":"sell","buyer":"solovey6o2","seller":"inri","symbol":"SIM","quantity":"39870.150","price":"0.00118001","timestamp":1632131214,"volume":"47.04717570","buyTxId":"5c2e66d5064189d7f924e382d90c3ec0a9c3f01f","sellTxId":"1edf538e7f3b9e7368962090149a5d4028ffa493"
{"id":1554005,"type":"sell","buyer":"solovey6o2","seller":"inri","symbol":"SIM","quantity":"32176.732","price":"0.00118001","timestamp":1632131214,"volume":"37.96886553","buyTxId":"71bff6d0bc6b5b3fe960eab2d2da3894bf8f89b9","sellTxId":"1edf538e7f3b9e7368962090149a5d4028ffa493"
{"id":1554054,"type":"buy","buyer":"squidtooth","seller":"nftmart.fees","symbol":"SIM","quantity":"2.000","price":"0.00128999","timestamp":1632133104,"volume":"0.00257998","buyTxId":"3d66eed02e5f0dc0f9ebd0bbba4564f1ba2fc1d4","sellTxId":"3c6da0efab5e739902c678715aed7d5d9fa2e57f-0"
{"id":1554055,"type":"buy","buyer":"squidtooth","seller":"steem69","symbol":"SIM","quantity":"4000.000","price":"0.00129000","timestamp":1632133104,"volume":"5.16000000","buyTxId":"3d66eed02e5f0dc0f9ebd0bbba4564f1ba2fc1d4","sellTxId":"b6cb4420f1830c9fc56e5462e9653a4dc1601440"
{"id":1554056,"type":"buy","buyer":"squidtooth","seller":"steem69","symbol":"SIM","quantity":"2841.891","price":"0.00129000","timestamp":1632133104,"volume":"3.66604012","buyTxId":"3d66eed02e5f0dc0f9ebd0bbba4564f1ba2fc1d4","sellTxId":"03188065998298122373d4c336751900e4dc3a5c"
{"id":1554096,"type":"sell","buyer":"solovey6o2","seller":"andy4475","symbol":"SIM","quantity":"296.137","price":"0.00118001","timestamp":1632134229,"volume":"0.34944462","buyTxId":"71bff6d0bc6b5b3fe960eab2d2da3894bf8f89b9","sellTxId":"95dc1074189853f5c657ceeaa642b2bbdd70e22f"
{"id":1554136,"type":"buy","buyer":"cdrbushmills","seller":"nftmart.fees","symbol":"SIM","quantity":"1.000","price":"0.00128999","timestamp":1632135216,"volume":"0.00128999","buyTxId":"4197e2d3d2b4f358d9f15bd8fc4f968d41f01214","sellTxId":"0e6805ea210f67ff120660f3ec7d934e3d49dc05-0"
{"id":1554137,"type":"sell","buyer":"cdrbushmills","seller":"konvik","symbol":"SIM","quantity":"7991.080","price":"0.00128999","timestamp":1632135219,"volume":"10.30841329","buyTxId":"4197e2d3d2b4f358d9f15bd8fc4f968d41f01214","sellTxId":"e381c1050de6e87c1a1e2320dd66f338a3a3ba5d-1"
{"id":1554152,"type":"sell","buyer":"cdrbushmills","seller":"nftmart.fees","symbol":"SIM","quantity":"1.000","price":"0.00128999","timestamp":1632135666,"volume":"0.00128999","buyTxId":"4197e2d3d2b4f358d9f15bd8fc4f968d41f01214","sellTxId":"a790bda9ceba26446e4fe57cb3775d0c512c1f59-0"
{"id":1554175,"type":"sell","buyer":"cdrbushmills","seller":"elricmoonslayer","symbol":"SIM","quantity":"6.920","price":"0.00128999","timestamp":1632136053,"volume":"0.00892673","buyTxId":"4197e2d3d2b4f358d9f15bd8fc4f968d41f01214","sellTxId":"56cdf2e45ebaede8ef8d2d8d34cc3b35072c074e"
{"id":1554254,"type":"sell","buyer":"solovey6o2","seller":"adhammer","symbol":"SIM","quantity":"17.315","price":"0.00118001","timestamp":1632137127,"volume":"0.02043187","buyTxId":"71bff6d0bc6b5b3fe960eab2d2da3894bf8f89b9","sellTxId":"e2d5a10e9c329fb0c5e71f960c8f28c8ad3372c6"
{"id":1554276,"type":"buy","buyer":"senstless","seller":"nftmart.fees","symbol":"SIM","quantity":"1.000","price":"0.00128998","timestamp":1632137304,"volume":"0.00128998","buyTxId":"8f36535c0363454b3290072f3b813751afd7993d","sellTxId":"c6211c2310aa5840577441d4dafbe1ddb99de705-0"
{"id":1554277,"type":"sell","buyer":"senstless","seller":"konvik","symbol":"SIM","quantity":"33895.409","price":"0.00128998","timestamp":1632137307,"volume":"43.72439970","buyTxId":"8f36535c0363454b3290072f3b813751afd7993d","sellTxId":"c0e7ccd851045f82ab27355caa68aacf6a885857-1"
{"id":1554287,"type":"sell","buyer":"senstless","seller":"chesatochi","symbol":"SIM","quantity":"33.591","price":"0.00128998","timestamp":1632137454,"volume":"0.04333172","buyTxId":"8f36535c0363454b3290072f3b813751afd7993d","sellTxId":"54429c8dae17921cdef4ba242c4c2e9394e37845"
{"id":1554293,"type":"buy","buyer":"sirdemian","seller":"chesatochi","symbol":"SIM","quantity":"21.930","price":"0.00128998","timestamp":1632137688,"volume":"0.02828926","buyTxId":"4f3e2553f0ebf4851844f188d1801b029960b271","sellTxId":"54429c8dae17921cdef4ba242c4c2e9394e37845"
{"id":1554294,"type":"buy","buyer":"sirdemian","seller":"elricmoonslayer","symbol":"SIM","quantity":"426.096","price":"0.00128999","timestamp":1632137688,"volume":"0.54965958","buyTxId":"4f3e2553f0ebf4851844f188d1801b029960b271","sellTxId":"56cdf2e45ebaede8ef8d2d8d34cc3b35072c074e"
{"id":1554295,"type":"buy","buyer":"sirdemian","seller":"steem69","symbol":"SIM","quantity":"1158.109","price":"0.00129000","timestamp":1632137688,"volume":"1.49396061","buyTxId":"4f3e2553f0ebf4851844f188d1801b029960b271","sellTxId":"03188065998298122373d4c336751900e4dc3a5c"
{"id":1554296,"type":"buy","buyer":"sirdemian","seller":"steem69","symbol":"SIM","quantity":"3820.225","price":"0.00129000","timestamp":1632137688,"volume":"4.92809055","buyTxId":"4f3e2553f0ebf4851844f188d1801b029960b271","sellTxId":"b928a57d27076ba2cc3025386ef709ce370ccd31"
{"id":1554312,"type":"sell","buyer":"solovey6o2","seller":"esmeesmith","symbol":"SIM","quantity":"26.792","price":"0.00118001","timestamp":1632137835,"volume":"0.03161483","buyTxId":"71bff6d0bc6b5b3fe960eab2d2da3894bf8f89b9","sellTxId":"54840d6fb406d00a9bba5edf152803609ed7a08d"
{"id":1554357,"type":"buy","buyer":"kevinnag58","seller":"nftmart.fees","symbol":"SIM","quantity":"1.000","price":"0.00128999","timestamp":1632138234,"volume":"0.00128999","buyTxId":"667186e3b76445ec295451a832f32c3e9097c2d8","sellTxId":"9b743ddeec67aa6f3d15977fa9765fd417ce9635-0"
{"id":1554358,"type":"buy","buyer":"kevinnag58","seller":"steem69","symbol":"SIM","quantity":"179.775","price":"0.00129000","timestamp":1632138234,"volume":"0.23190975","buyTxId":"667186e3b76445ec295451a832f32c3e9097c2d8","sellTxId":"b928a57d27076ba2cc3025386ef709ce370ccd31"
{"id":1554359,"type":"buy","buyer":"kevinnag58","seller":"steem69","symbol":"SIM","quantity":"592.352","price":"0.00129450","timestamp":1632138234,"volume":"0.76680026","buyTxId":"667186e3b76445ec295451a832f32c3e9097c2d8","sellTxId":"4ccb27f51c0c704acb1426a00311631f693e8fd8"
{"id":1554458,"type":"sell","buyer":"solovey6o2","seller":"brofi-market","symbol":"SIM","quantity":"0.009","price":"0.00118001","timestamp":1632139710,"volume":"0.00001062","buyTxId":"71bff6d0bc6b5b3fe960eab2d2da3894bf8f89b9","sellTxId":"e4a172026cc32c819dc956a44861dc08f792f066"
{"id":1554558,"type":"sell","buyer":"solovey6o2","seller":"thegoliath","symbol":"SIM","quantity":"9518.787","price":"0.00118001","timestamp":1632141654,"volume":"11.23226385","buyTxId":"71bff6d0bc6b5b3fe960eab2d2da3894bf8f89b9","sellTxId":"d4c7f6d29f1af2839a1acee78947afb2d1714e22"
{"id":1554559,"type":"sell","buyer":"mastergerund","seller":"thegoliath","symbol":"SIM","quantity":"25214.163","price":"0.00118000","timestamp":1632141654,"volume":"29.75271234","buyTxId":"8da7369095b6f130c45d4354274bafd321ffd6a7","sellTxId":"d4c7f6d29f1af2839a1acee78947afb2d1714e22"
{"id":1554592,"type":"sell","buyer":"mastergerund","seller":"dhedge-drips","symbol":"SIM","quantity":"5.326","price":"0.00118000","timestamp":1632141918,"volume":"0.00628468","buyTxId":"8da7369095b6f130c45d4354274bafd321ffd6a7","sellTxId":"29f3c6e8b5781a2da980ddf79745cd9997b48e00"
{"id":1554766,"type":"sell","buyer":"mastergerund","seller":"eythorphoto","symbol":"SIM","quantity":"11405.300","price":"0.00118000","timestamp":1632143691,"volume":"13.45825400","buyTxId":"8da7369095b6f130c45d4354274bafd321ffd6a7","sellTxId":"56a0174fea84bc9c82f06a43d23adafbd5fa19e3"
{"id":1554775,"type":"sell","buyer":"mastergerund","seller":"eythorphoto","symbol":"SIM","quantity":"14099.900","price":"0.00118000","timestamp":1632143829,"volume":"16.63788200","buyTxId":"8da7369095b6f130c45d4354274bafd321ffd6a7","sellTxId":"02cc2225f95e0b50432091d31e461ac15af53d1c"
{"id":1554809,"type":"buy","buyer":"senstless","seller":"nftmart.fees","symbol":"SIM","quantity":"1.000","price":"0.00129447","timestamp":1632144261,"volume":"0.00129447","buyTxId":"e203237ddabdb0d8ccfd56383d2602516554237e","sellTxId":"0224d264f096818213bbce59229817ee79946f12-0"
{"id":1554810,"type":"sell","buyer":"senstless","seller":"konvik","symbol":"SIM","quantity":"22740.909","price":"0.00129447","timestamp":1632144264,"volume":"29.43742447","buyTxId":"e203237ddabdb0d8ccfd56383d2602516554237e","sellTxId":"6efcafa46afca9c354d925ba87c470b21d7b3a82-1"
{"id":1554892,"type":"sell","buyer":"senstless","seller":"nftmart.fees","symbol":"SIM","quantity":"1.000","price":"0.00129447","timestamp":1632145266,"volume":"0.00129447","buyTxId":"e203237ddabdb0d8ccfd56383d2602516554237e","sellTxId":"a0022437cf85a55557a22feee468a2fbcd9b46d0-0"
{"id":1554936,"type":"sell","buyer":"senstless","seller":"atongis","symbol":"SIM","quantity":"8.042","price":"0.00129447","timestamp":1632146214,"volume":"0.01041013","buyTxId":"e203237ddabdb0d8ccfd56383d2602516554237e","sellTxId":"14a0172d3f7c9e7cfbe2235cad34860ee1f721a8"
{"id":1554949,"type":"sell","buyer":"senstless","seller":"nftmart.fees","symbol":"SIM","quantity":"1.000","price":"0.00129447","timestamp":1632146466,"volume":"0.00129447","buyTxId":"e203237ddabdb0d8ccfd56383d2602516554237e","sellTxId":"03230964977cb27594784588d66dc9f4aa5f9e46-0"
{"id":1554976,"type":"sell","buyer":"senstless","seller":"konvik","symbol":"SIM","quantity":"12.495","price":"0.00129447","timestamp":1632146883,"volume":"0.01617440","buyTxId":"e203237ddabdb0d8ccfd56383d2602516554237e","sellTxId":"88aead01ba180d7cf49898675df3273d86830908-1"
{"id":1554977,"type":"sell","buyer":"mastergerund","seller":"konvik","symbol":"SIM","quantity":"109746.044","price":"0.00118000","timestamp":1632146883,"volume":"129.50033192","buyTxId":"8da7369095b6f130c45d4354274bafd321ffd6a7","sellTxId":"88aead01ba180d7cf49898675df3273d86830908-1"
{"id":1554979,"type":"sell","buyer":"mastergerund","seller":"ecoinstant","symbol":"SIM","quantity":"121.267","price":"0.00118000","timestamp":1632146913,"volume":"0.14309506","buyTxId":"8da7369095b6f130c45d4354274bafd321ffd6a7","sellTxId":"77ee72c09dbad02e01caad8d512e0ce373884707"
{"id":1554987,"type":"sell","buyer":"steemshiro","seller":"konvik","symbol":"SIM","quantity":"104114.048","price":"0.00117100","timestamp":1632147072,"volume":"121.91755021","buyTxId":"ddc89e91326eb4d4a3165c65f8b126d839b91a61","sellTxId":"6de310b85286384933292ca786f0832bce124dc3-1"
{"id":1554989,"type":"sell","buyer":"steemshiro","seller":"konvik","symbol":"SIM","quantity":"172438.009","price":"0.00117100","timestamp":1632147132,"volume":"201.92490854","buyTxId":"ddc89e91326eb4d4a3165c65f8b126d839b91a61","sellTxId":"6e4040b8930e8b383846f4dd1efd5a678e2fa6b6-1"
{"id":1554990,"type":"sell","buyer":"steemshiro","seller":"konvik","symbol":"SIM","quantity":"170.890","price":"0.00117100","timestamp":1632147138,"volume":"0.20011219","buyTxId":"ddc89e91326eb4d4a3165c65f8b126d839b91a61","sellTxId":"83c2c121d1972a5b05b0e6e6004b65366e3200d8-1"
{"id":1554991,"type":"sell","buyer":"d-pend","seller":"konvik","symbol":"SIM","quantity":"49779.609","price":"0.00117000","timestamp":1632147138,"volume":"58.24214253","buyTxId":"92ef525aab670fb4dbbf1fb639fd53c0dea93331","sellTxId":"83c2c121d1972a5b05b0e6e6004b65366e3200d8-1"
{"id":1555033,"type":"sell","buyer":"d-pend","seller":"fantasycrypto","symbol":"SIM","quantity":"220.391","price":"0.00117000","timestamp":1632148551,"volume":"0.25785747","buyTxId":"92ef525aab670fb4dbbf1fb639fd53c0dea93331","sellTxId":"450ff0f67a691dab88eb2edf1b641243d712f355"
{"id":1555034,"type":"sell","buyer":"steemshiro","seller":"fantasycrypto","symbol":"SIM","quantity":"50000.000","price":"0.00115510","timestamp":1632148551,"volume":"57.75500000","buyTxId":"ca4ba7500e22fd1c9e465552fc37ea4b9bf5f7fa","sellTxId":"450ff0f67a691dab88eb2edf1b641243d712f355"
{"id":1555035,"type":"sell","buyer":"d-pend","seller":"fantasycrypto","symbol":"SIM","quantity":"41560.715","price":"0.00115000","timestamp":1632148551,"volume":"47.79482225","buyTxId":"2ee64d20b79a081e1718ae749e3b525270503470","sellTxId":"450ff0f67a691dab88eb2edf1b641243d712f355"
{"id":1555058,"type":"sell","buyer":"d-pend","seller":"sandymeyer","symbol":"SIM","quantity":"8439.285","price":"0.00115000","timestamp":1632149013,"volume":"9.70517775","buyTxId":"2ee64d20b79a081e1718ae749e3b525270503470","sellTxId":"cded364d122290afb30a05f1813cf2fa13757921"
{"id":1555059,"type":"buy","buyer":"konvik","seller":"sandymeyer","symbol":"SIM","quantity":"44006.507","price":"0.00115000","timestamp":1632149016,"volume":"50.60748305","buyTxId":"296ca501c912727a2c1d5a4eccd483c7af2df9c0-0","sellTxId":"cded364d122290afb30a05f1813cf2fa13757921"
{"id":1555126,"type":"sell","buyer":"steemshiro","seller":"pele23","symbol":"SIM","quantity":"0.072","price":"0.00114800","timestamp":1632149736,"volume":"0.00008266","buyTxId":"af4d358631cc1fd5a5b211bb0cc0a65536d8b056","sellTxId":"272e71dcb6f833e489bcf17d6e40b30056ad5f83"
{"id":1555299,"type":"buy","buyer":"nyxlabs","seller":"nftmart.fees","symbol":"SIM","quantity":"1.000","price":"0.00128999","timestamp":1632151794,"volume":"0.00128999","buyTxId":"c1bc663dd4b2d940be73231ac5c288f55f997c40","sellTxId":"56a34f5638e3e6b9c9664f9a60388f945e1f03d8-0"
{"id":1555300,"type":"buy","buyer":"nyxlabs","seller":"xabi","symbol":"SIM","quantity":"1794.000","price":"0.00129000","timestamp":1632151794,"volume":"2.31426000","buyTxId":"c1bc663dd4b2d940be73231ac5c288f55f997c40","sellTxId":"9ee63dc45f4ec29931cc09a26de8a7ebd8962bbb"
{"id":1555324,"type":"buy","buyer":"stickupboys","seller":"xabi","symbol":"SIM","quantity":"2000.000","price":"0.00129000","timestamp":1632152121,"volume":"2.58000000","buyTxId":"2f3734788621fbea755853598d8d3d76e3b2f608","sellTxId":"9ee63dc45f4ec29931cc09a26de8a7ebd8962bbb"
{"id":1555333,"type":"sell","buyer":"steemshiro","seller":"votebetting","symbol":"SIM","quantity":"326.637","price":"0.00114800","timestamp":1632152235,"volume":"0.37497927","buyTxId":"af4d358631cc1fd5a5b211bb0cc0a65536d8b056","sellTxId":"f13286795cdbf374bb31414e570343f83f3d1bc1"
{"id":1555354,"type":"sell","buyer":"jelly13","seller":"demokrator","symbol":"SIM","quantity":"282.150","price":"0.00113201","timestamp":1632152538,"volume":"0.31939662","buyTxId":"beaa30924bd25da93d02e5ae9796b34e75075536","sellTxId":"53fcc1ac04861a4e5f4c8532aed59ded9ca76636"
{"id":1555367,"type":"buy","buyer":"konvik","seller":"kaeserotor","symbol":"SIM","quantity":"40000.000","price":"0.00114000","timestamp":1632152730,"volume":"45.60000000","buyTxId":"183407dc83099cecfe4ab08a17d88b60ed4f8db3-0","sellTxId":"3631b123074c499f9199cc67d74dcc24079a161b"
{"id":1555370,"type":"sell","buyer":"pi-trader","seller":"heikki1337","symbol":"SIM","quantity":"2842.380","price":"0.00113202","timestamp":1632152757,"volume":"3.21763101","buyTxId":"9330308f4c2463f71eedb2361c7730e1ec174d7e-32","sellTxId":"39642428381866c9d8c3996dd97b3eee6c357d6e"
{"id":1555401,"type":"buy","buyer":"konvik","seller":"kaeserotor","symbol":"SIM","quantity":"6422.293","price":"0.00114000","timestamp":1632153162,"volume":"7.32141402","buyTxId":"5214a2ed02bfa5f476f141c8fc4bea4b77fe9055-0","sellTxId":"062efce0ade0024b14a4a53b502d00f36263b36b"
{"id":1555444,"type":"sell","buyer":"pi-trader","seller":"ministickupboy","symbol":"SIM","quantity":"13.459","price":"0.00113202","timestamp":1632153690,"volume":"0.01523586","buyTxId":"cfde9dcaf8e53d9dfbf82e2c3fcf87c1f7c9787a-23","sellTxId":"83ca39e0a1a925e9268806ce7c5150d2f120d16d"
{"id":1555489,"type":"sell","buyer":"pi-trader","seller":"brofi-market","symbol":"SIM","quantity":"0.001","price":"0.00113202","timestamp":1632154317,"volume":"0.00000113","buyTxId":"e06a8709370eca0cb0050cf2d6ef95c4619132fe-19","sellTxId":"28748c119c956cf5fca9ce1e2753914d6b6dcbb0"
{"id":1555519,"type":"sell","buyer":"pi-trader","seller":"resiliencia","symbol":"SIM","quantity":"837.754","price":"0.00113202","timestamp":1632154557,"volume":"0.94835428","buyTxId":"e06a8709370eca0cb0050cf2d6ef95c4619132fe-19","sellTxId":"5d42a29f5b4415cd7a11e05e0bec5bb07efb18c5"
{"id":1555640,"type":"sell","buyer":"pi-trader","seller":"amanda.yrr","symbol":"SIM","quantity":"292.000","price":"0.00113202","timestamp":1632155718,"volume":"0.33054984","buyTxId":"a8ddf56a2e168f8aa83dcc4f8e058670ce88588b-26","sellTxId":"26bf2a657b6fb63161f87f3399db144d693242c1"
{"id":1555658,"type":"sell","buyer":"pi-trader","seller":"huginn","symbol":"SIM","quantity":"231.000","price":"0.00113202","timestamp":1632155925,"volume":"0.26149662","buyTxId":"5c4ea437c0c38a4b9c7dd1c894166c526ff98e7e-20","sellTxId":"bf6a72a4517d637241ca8e56dd2696913bf2bcdd"
{"id":1555692,"type":"buy","buyer":"kevinnag58","seller":"votebetting","symbol":"SIM","quantity":"725.158","price":"0.00114800","timestamp":1632156393,"volume":"0.83248138","buyTxId":"3648983331d2a2da2ab6bbd36207619f0123e839","sellTxId":"f13286795cdbf374bb31414e570343f83f3d1bc1"
{"id":1555693,"type":"buy","buyer":"kevinnag58","seller":"brofi-market","symbol":"SIM","quantity":"0.001","price":"0.00114800","timestamp":1632156393,"volume":"0.00000115","buyTxId":"3648983331d2a2da2ab6bbd36207619f0123e839","sellTxId":"d9776f1d2dd7777f5925b1cebe602b98f94fa066"
{"id":1555694,"type":"buy","buyer":"kevinnag58","seller":"kiwibloke","symbol":"SIM","quantity":"335.104","price":"0.00128000","timestamp":1632156393,"volume":"0.42893417","buyTxId":"3648983331d2a2da2ab6bbd36207619f0123e839","sellTxId":"b6599cb5ddaef4afac67b638353c309df2402cea"
{"id":1555708,"type":"sell","buyer":"pi-trader","seller":"zinkel","symbol":"SIM","quantity":"618.229","price":"0.00113202","timestamp":1632156546,"volume":"0.69984759","buyTxId":"52c89a799750f898c9b707c8f2a5003beb2bed16-27","sellTxId":"40a0d19898ad1660bee349f46d09a467eafb89d2"
{"id":1555733,"type":"sell","buyer":"newsposter","seller":"konvik","symbol":"SIM","quantity":"9990.099","price":"0.00120000","timestamp":1632156762,"volume":"11.98811880","buyTxId":"09a6ae206dbbbe0a5017f1250c708c0b4c787138","sellTxId":"59a8b00b2643899212794ea105ab1b5f1933665c-1"
{"id":1555803,"type":"sell","buyer":"newsposter","seller":"bitcoinflood","symbol":"SIM","quantity":"9.901","price":"0.00120000","timestamp":1632157743,"volume":"0.01188120","buyTxId":"09a6ae206dbbbe0a5017f1250c708c0b4c787138","sellTxId":"a2e68f3a82418f23ba43fbb6dca0f7895f71edd5"
{"id":1555918,"type":"buy","buyer":"juanmiguelsalas","seller":"nftmart.fees","symbol":"SIM","quantity":"1.000","price":"0.00119999","timestamp":1632158967,"volume":"0.00119999","buyTxId":"e444e13357af39dbf320e1987326a5a30a629e5c","sellTxId":"b11b13cbf5e5d9448ac15bf4ac89063f2b6972d6-0"
{"id":1555919,"type":"buy","buyer":"juanmiguelsalas","seller":"bitcoinflood","symbol":"SIM","quantity":"20.361","price":"0.00120000","timestamp":1632158967,"volume":"0.02443320","buyTxId":"e444e13357af39dbf320e1987326a5a30a629e5c","sellTxId":"a2e68f3a82418f23ba43fbb6dca0f7895f71edd5"
{"id":1555920,"type":"buy","buyer":"juanmiguelsalas","seller":"kiwibloke","symbol":"SIM","quantity":"155.896","price":"0.00128000","timestamp":1632158967,"volume":"0.19954688","buyTxId":"e444e13357af39dbf320e1987326a5a30a629e5c","sellTxId":"b6599cb5ddaef4afac67b638353c309df2402cea"
{"id":1555921,"type":"buy","buyer":"juanmiguelsalas","seller":"tussar11","symbol":"SIM","quantity":"8822.743","price":"0.00128000","timestamp":1632158967,"volume":"11.29311104","buyTxId":"e444e13357af39dbf320e1987326a5a30a629e5c","sellTxId":"b5d37258dcde3a2b8d039f4f46fc9de4bf43b2e7"
{"id":1555924,"type":"buy","buyer":"juanmiguelsalas","seller":"tussar11","symbol":"SIM","quantity":"240.257","price":"0.00128000","timestamp":1632159012,"volume":"0.30752896","buyTxId":"57a0c562923a59e5aca08af61a16295dac1d6fc0","sellTxId":"b5d37258dcde3a2b8d039f4f46fc9de4bf43b2e7"
{"id":1555925,"type":"buy","buyer":"juanmiguelsalas","seller":"jelly-cz","symbol":"SIM","quantity":"1.000","price":"0.00128998","timestamp":1632159012,"volume":"0.00128998","buyTxId":"57a0c562923a59e5aca08af61a16295dac1d6fc0","sellTxId":"MM-P-10607960-57592411-3-34-0"
{"id":1555926,"type":"buy","buyer":"juanmiguelsalas","seller":"xabi","symbol":"SIM","quantity":"122.328","price":"0.00129000","timestamp":1632159012,"volume":"0.15780312","buyTxId":"57a0c562923a59e5aca08af61a16295dac1d6fc0","sellTxId":"9ee63dc45f4ec29931cc09a26de8a7ebd8962bbb"
{"id":1555927,"type":"buy","buyer":"juanmiguelsalas","seller":"linco","symbol":"SIM","quantity":"8975.415","price":"0.00129000","timestamp":1632159012,"volume":"11.57828535","buyTxId":"57a0c562923a59e5aca08af61a16295dac1d6fc0","sellTxId":"da4458b019246769996a83a24de4bbda196fe13e"
{"id":1555982,"type":"sell","buyer":"pi-trader","seller":"theguruasia","symbol":"SIM","quantity":"3722.991","price":"0.00113202","timestamp":1632159906,"volume":"4.21450027","buyTxId":"bc9ac063f5f3d690037a0e30f4a4f9df0a8f8e49-40","sellTxId":"c05284b203f7f5334b12c388ecd8640c93d1d5db"
{"id":1556051,"type":"sell","buyer":"pi-trader","seller":"peerfinance","symbol":"SIM","quantity":"343.944","price":"0.00113202","timestamp":1632161082,"volume":"0.38935149","buyTxId":"9f1816ba1bbe3dfeed44cbca795defdaddc78941-1","sellTxId":"bc9e813232f5370d538bd5f523ae2c5fa8ef119e"
{"id":1556073,"type":"sell","buyer":"pi-trader","seller":"threesteps","symbol":"SIM","quantity":"166.350","price":"0.00113202","timestamp":1632161238,"volume":"0.18831153","buyTxId":"fec69f1360546beb9016c79360c7e428bd03473c-5","sellTxId":"16846bbc82c83e02c573bf5237a1983ed9fd0b48"
{"id":1556074,"type":"buy","buyer":"senstless","seller":"mapac","symbol":"SIM","quantity":"8700.000","price":"0.00125000","timestamp":1632161241,"volume":"10.87500000","buyTxId":"3654ff1d5ce6eb65df865e68165efe0fa1e8e05e","sellTxId":"806350bf723d5b113ed1fa300d87a4ff2fac0cd8"
{"id":1556075,"type":"sell","buyer":"senstless","seller":"konvik","symbol":"SIM","quantity":"31269.012","price":"0.00125000","timestamp":1632161244,"volume":"39.08626500","buyTxId":"3654ff1d5ce6eb65df865e68165efe0fa1e8e05e","sellTxId":"89ad269119d777bddf45d43ecc33433bb8862e6e-1"
{"id":1556096,"type":"sell","buyer":"senstless","seller":"mapac","symbol":"SIM","quantity":"30.988","price":"0.00125000","timestamp":1632161475,"volume":"0.03873500","buyTxId":"3654ff1d5ce6eb65df865e68165efe0fa1e8e05e","sellTxId":"b245f09ece781cf0fac1f137099ebdb8fe31e13c"
{"id":1556115,"type":"sell","buyer":"pi-trader","seller":"megalithic","symbol":"SIM","quantity":"13421.000","price":"0.00113202","timestamp":1632161757,"volume":"15.19284042","buyTxId":"56dd53a49f5142b9a2cb0362ceae57301a5c81a1-3","sellTxId":"2ab1706eb928ccfc4373f1d6acfea1b3ee1eb9a0"
{"id":1556135,"type":"sell","buyer":"pi-trader","seller":"okean123","symbol":"SIM","quantity":"3000.000","price":"0.00113202","timestamp":1632161985,"volume":"3.39606000","buyTxId":"cf68e5adccd9ff2cdeb99200b2ab6e7ab6480741-7","sellTxId":"239b0f89b8311dcd99d3a0bc125efbf6ed9f085d"
{"id":1556159,"type":"sell","buyer":"pi-trader","seller":"willsaldeno","symbol":"SIM","quantity":"3011.000","price":"0.00113202","timestamp":1632162366,"volume":"3.40851222","buyTxId":"3b89b45fef128ffe2ec9fc6435e1bac4e0be42dc-7","sellTxId":"fb0643b59f68aff0eebd29d21a9f876267166ebc"
{"id":1556170,"type":"sell","buyer":"pi-trader","seller":"curatorcat","symbol":"SIM","quantity":"124.522","price":"0.00113202","timestamp":1632162603,"volume":"0.14096139","buyTxId":"a8e7d7f224af0a39d5d88d3bba18fa04f3fec531-7","sellTxId":"11c593b5747be87f6f1fedc51e7f87b2e87353bb"
{"id":1556177,"type":"sell","buyer":"pi-trader","seller":"jrcornel","symbol":"SIM","quantity":"50000.000","price":"0.00113202","timestamp":1632162768,"volume":"56.60100000","buyTxId":"5947f2a184ba0a2928ca852ba51e8e7351c9ffe1-3","sellTxId":"b0fc559489746a7310c9349e7f0f2a21fc78f434"
{"id":1556178,"type":"sell","buyer":"jelly13","seller":"jrcornel","symbol":"SIM","quantity":"24717.850","price":"0.00113201","timestamp":1632162768,"volume":"27.98085338","buyTxId":"beaa30924bd25da93d02e5ae9796b34e75075536","sellTxId":"b0fc559489746a7310c9349e7f0f2a21fc78f434"
{"id":1556179,"type":"buy","buyer":"konvik","seller":"jrcornel","symbol":"SIM","quantity":"24585.150","price":"0.00113000","timestamp":1632162771,"volume":"27.78121950","buyTxId":"b3ef48ab70db7974ee574a05e0d9df51d688a0ae-0","sellTxId":"b0fc559489746a7310c9349e7f0f2a21fc78f434"
{"id":1556194,"type":"buy","buyer":"nyxlabs","seller":"mapac","symbol":"SIM","quantity":"1300.000","price":"0.00124000","timestamp":1632162918,"volume":"1.61200000","buyTxId":"549cef7f6eb301e06e4a9f26899c48cfa34d2564","sellTxId":"2bfbed8c233cb0ac91797a82776e0ad7d7320207"
{"id":1556207,"type":"sell","buyer":"steemshiro","seller":"heikki1337","symbol":"SIM","quantity":"99.003","price":"0.00112800","timestamp":1632163101,"volume":"0.11167538","buyTxId":"922a36e9903ed0cdc2c7bc93f9fae90a72be5d43","sellTxId":"9ed2a83348ab24880e5292a29fe9fc5542e02d24"
{"id":1556208,"type":"buy","buyer":"konvik","seller":"heikki1337","symbol":"SIM","quantity":"3133.997","price":"0.00112800","timestamp":1632163104,"volume":"3.53514862","buyTxId":"ed58d62da65c11c6d4cfb122d306cb0fe99a5bdc-0","sellTxId":"9ed2a83348ab24880e5292a29fe9fc5542e02d24"
{"id":1556220,"type":"sell","buyer":"pi-trader","seller":"heruvim1978","symbol":"SIM","quantity":"4753.390","price":"0.00110001","timestamp":1632163281,"volume":"5.22877653","buyTxId":"7a592972996c95948900f3f6f56920f77a9c9648-0","sellTxId":"6ab678a34f82a5095d0908cd6c1afef6a7e27bad"
{"id":1556230,"type":"sell","buyer":"pi-trader","seller":"dhedge-drips","symbol":"SIM","quantity":"0.005","price":"0.00110001","timestamp":1632163518,"volume":"0.00000550","buyTxId":"c3ee09351211311c1efd0cc8258e9128ed0a8db5-7","sellTxId":"83aa03cc0065f517936a06ede4f863a7b7211e79"
{"id":1556246,"type":"sell","buyer":"pi-trader","seller":"manoldonchev","symbol":"SIM","quantity":"3902.000","price":"0.00110001","timestamp":1632163596,"volume":"4.29223902","buyTxId":"c3ee09351211311c1efd0cc8258e9128ed0a8db5-7","sellTxId":"7c031cda7b524dec596825c3db2402a8a32f5027"
{"id":1556308,"type":"sell","buyer":"pi-trader","seller":"elevator09","symbol":"SIM","quantity":"3347.000","price":"0.00110001","timestamp":1632164448,"volume":"3.68173347","buyTxId":"0963242d9df2161699ed3686c794480f3427c0d9-9","sellTxId":"c97f4b82a9e746120126c4067da4b37fd44719c0"
{"id":1556320,"type":"buy","buyer":"konvik","seller":"steem69","symbol":"SIM","quantity":"10000.000","price":"0.00114000","timestamp":1632164580,"volume":"11.40000000","buyTxId":"59e1bca1fd247e1dd2ebdb86828dc09963e1f26f-0","sellTxId":"e6fcbadbf891e9ff7cda69caa64c9d32d119fa6c"
{"id":1556330,"type":"buy","buyer":"konvik","seller":"steem69","symbol":"SIM","quantity":"10000.000","price":"0.00114000","timestamp":1632164742,"volume":"11.40000000","buyTxId":"5118f839727bfbb42bdc1c6904604627f3c3c1b0-0","sellTxId":"dfe6235b9c8cfafe9fa5d8341caa87417d3e2f53"
{"id":1556332,"type":"buy","buyer":"konvik","seller":"steem69","symbol":"SIM","quantity":"10000.000","price":"0.00114000","timestamp":1632164775,"volume":"11.40000000","buyTxId":"b803c19653c03012bf43aa3997c2e83fd93080f0-0","sellTxId":"18487114cb99edf7a9fb5f32078f25855139b3fd"
{"id":1556334,"type":"buy","buyer":"konvik","seller":"steem69","symbol":"SIM","quantity":"30000.000","price":"0.00114000","timestamp":1632164808,"volume":"34.20000000","buyTxId":"7aa634ee5151768f4b7c10648241a7c9717d5804-0","sellTxId":"558f72e02a3aed1ae433f95546f4f4d2dc39d41d"
{"id":1556339,"type":"buy","buyer":"konvik","seller":"steem69","symbol":"SIM","quantity":"50000.000","price":"0.00114000","timestamp":1632164844,"volume":"57.00000000","buyTxId":"895a114647aaa4bc6b1946152917672f786017b2-0","sellTxId":"69ae628d4f5dc064495a2b5885da9fdd2b1befc2"
{"id":1556341,"type":"buy","buyer":"konvik","seller":"steem69","symbol":"SIM","quantity":"50000.000","price":"0.00114000","timestamp":1632164877,"volume":"57.00000000","buyTxId":"3868cb3a9224f3f3fb061b8da63a2f3245210cdb-0","sellTxId":"14cc33f48ab20c6ded2e695d4dc583f952e8e5a0"
{"id":1556363,"type":"buy","buyer":"konvik","seller":"steem69","symbol":"SIM","quantity":"8000.000","price":"0.00113000","timestamp":1632165354,"volume":"9.04000000","buyTxId":"fc4d44cab9625652fdd21748f93a72e68844180b-0","sellTxId":"7f1e4b48c04629a26b39de45e4c9622de074d66c"
{"id":1556366,"type":"buy","buyer":"konvik","seller":"steem69","symbol":"SIM","quantity":"30000.000","price":"0.00113000","timestamp":1632165393,"volume":"33.90000000","buyTxId":"adae4c68fc15fea7a84cd4f6de2725b461951dc2-0","sellTxId":"417bf67f83f214baf0c13ff57c7d63c52f2ff0d7"
{"id":1556371,"type":"sell","buyer":"pi-trader","seller":"dera123","symbol":"SIM","quantity":"16097.994","price":"0.00112001","timestamp":1632165543,"volume":"18.02991426","buyTxId":"9603ff596a9b20ad02790f4cbbc6a527e77e6150-1","sellTxId":"4f484e6de398a6a7df93fb90dc49b105e1967df8"
{"id":1556372,"type":"buy","buyer":"konvik","seller":"steem69","symbol":"SIM","quantity":"20000.000","price":"0.00113000","timestamp":1632165564,"volume":"22.60000000","buyTxId":"74eaa5a05401282f332df850a5590d5886b330cc-0","sellTxId":"1a04511089540917f65571022c01113103469f1a"
{"id":1556378,"type":"sell","buyer":"atomcollector","seller":"steem69","symbol":"SIM","quantity":"1000.000","price":"0.00113000","timestamp":1632165645,"volume":"1.13000000","buyTxId":"c158728ff2362f7fe9c3b76e101bbb5e7bd13ade","sellTxId":"fcbc1f7c1ce91ade9fde112abcce8928edead597"
{"id":1556380,"type":"buy","buyer":"konvik","seller":"steem69","symbol":"SIM","quantity":"9000.000","price":"0.00113000","timestamp":1632165648,"volume":"10.17000000","buyTxId":"075578d878772697cdf5589802401f6ec66df229-0","sellTxId":"fcbc1f7c1ce91ade9fde112abcce8928edead597"
{"id":1556394,"type":"buy","buyer":"konvik","seller":"steem69","symbol":"SIM","quantity":"5000.000","price":"0.00112400","timestamp":1632165924,"volume":"5.62000000","buyTxId":"c4254223d97b36772af4e14ea128e1a87a4df626-0","sellTxId":"de25d1533e9807f6c626625fb367c5f25b076c8e"
{"id":1556405,"type":"buy","buyer":"konvik","seller":"steem69","symbol":"SIM","quantity":"20000.000","price":"0.00112400","timestamp":1632166116,"volume":"22.48000000","buyTxId":"827eb0dd905a53bf6de06fa560e8d8672d1254d4-0","sellTxId":"e9ab4c68c6a3de1f4f24440b77cad928b1fa1269"
{"id":1556414,"type":"buy","buyer":"konvik","seller":"steem69","symbol":"SIM","quantity":"10000.000","price":"0.00112400","timestamp":1632166218,"volume":"11.24000000","buyTxId":"2d6579221f830b7a3b0cb95abe287ca047a75be7-0","sellTxId":"60ca6f3eb1e10458f46d639454f03182a952421e"
{"id":1556417,"type":"sell","buyer":"pi-trader","seller":"gamsam","symbol":"SIM","quantity":"15938","price":"0.00111001","timestamp":1632166251,"volume":"17.69133938","buyTxId":"198456f5f6c90d1d41b576285b1482f4038daf2e-1","sellTxId":"59b40619aeb642337819020d474e24a9e42887c1"
{"id":1556430,"type":"sell","buyer":"pi-trader","seller":"mary.janikowski","symbol":"SIM","quantity":"25785.905","price":"0.00111003","timestamp":1632166473,"volume":"28.62312813","buyTxId":"66dcc609b242815afdccabaa476a593c75a571d3-3","sellTxId":"8ad65b8c39f906c0b63a140c325c9dcd477e3a2b"
{"id":1556432,"type":"buy","buyer":"konvik","seller":"steem69","symbol":"SIM","quantity":"22065.316","price":"0.00112400","timestamp":1632166506,"volume":"24.80141518","buyTxId":"134a87f95d8ce5ebd9f4b8790a60452425a38c67-0","sellTxId":"114556e2cb84d503acd24df3a31c0e5576a1989c"
{"id":1556438,"type":"buy","buyer":"konvik","seller":"steem69","symbol":"SIM","quantity":"30000.000","price":"0.00112400","timestamp":1632166560,"volume":"33.72000000","buyTxId":"30380787c1e059fff3c7bcbd65e59daa8544c39c-0","sellTxId":"18e683573546d54ffefe23e70ae893524b01cc5a"
{"id":1556442,"type":"sell","buyer":"pi-trader","seller":"megalithic","symbol":"SIM","quantity":"13838.000","price":"0.00111001","timestamp":1632166590,"volume":"15.36031838","buyTxId":"b85c065d08a5319b44dfc0f567a1e3e36cbb9b7b-1","sellTxId":"a617737a21c1359d264937253207a3a7bfee0f1e"
{"id":1556443,"type":"buy","buyer":"konvik","seller":"steem69","symbol":"SIM","quantity":"50000.000","price":"0.00112400","timestamp":1632166605,"volume":"56.20000000","buyTxId":"5a8069059ae12850c38b1175f43a1533e0976518-0","sellTxId":"71250642ae9b9a0d5f3525a6fc8c400231b329df"
{"id":1556456,"type":"buy","buyer":"konvik","seller":"steem69","symbol":"SIM","quantity":"30000.000","price":"0.00112400","timestamp":1632166731,"volume":"33.72000000","buyTxId":"a274d71ade4bfc2f11f37d86c4c1e7f42ec3eb88-0","sellTxId":"8c3a63d9367d9adf9c27b7f07a12902838165808"
{"id":1556458,"type":"buy","buyer":"konvik","seller":"steem69","symbol":"SIM","quantity":"40000.000","price":"0.00112400","timestamp":1632166782,"volume":"44.96000000","buyTxId":"d87bab68205cde60b662152d386664bec711b8bc-0","sellTxId":"b51793b53eb41b3b31760dcb4165a1efcac4f832"
{"id":1556462,"type":"buy","buyer":"konvik","seller":"steem69","symbol":"SIM","quantity":"30000.000","price":"0.00112400","timestamp":1632166824,"volume":"33.72000000","buyTxId":"eaeaace8975c14d5c64fd20cdf253b0870936cab-0","sellTxId":"fd7c3441c5ae068523e819cfa0e704c4e357e65b"
{"id":1556467,"type":"buy","buyer":"konvik","seller":"steem69","symbol":"SIM","quantity":"50000.000","price":"0.00112400","timestamp":1632166863,"volume":"56.20000000","buyTxId":"e9c1b068309098d6683c01cc2441f94b742181bf-0","sellTxId":"8d2c15441b98bd68d9b6b95f81a8e91f9e3d5b2e"
{"id":1556477,"type":"buy","buyer":"konvik","seller":"steem69","symbol":"SIM","quantity":"10000.000","price":"0.00111900","timestamp":1632166986,"volume":"11.19000000","buyTxId":"d1a9b59eda95016dc3454216a5fe77551aced8dc-0","sellTxId":"d79ab34d5bdd6810b099d9417687dc2afc6635fe"
{"id":1556484,"type":"buy","buyer":"konvik","seller":"steem69","symbol":"SIM","quantity":"80000.000","price":"0.00111900","timestamp":1632167073,"volume":"89.52000000","buyTxId":"8bc2ffcc5c67f1f9ce4c73fd0a25a63c0a624616-0","sellTxId":"a70fdb3ecb50ee581b6e139e581d0c317a74903d"
{"id":1556486,"type":"buy","buyer":"konvik","seller":"steem69","symbol":"SIM","quantity":"50000.000","price":"0.00111900","timestamp":1632167124,"volume":"55.95000000","buyTxId":"2cb4d95a9c1f32f006486d93100daafeef8a019a-0","sellTxId":"7ea44be374d2341c888a2a17c74ede9ee324bdfc"
{"id":1556510,"type":"sell","buyer":"steem69","seller":"steem-hodler","symbol":"SIM","quantity":"8000.000","price":"0.00112000","timestamp":1632167514,"volume":"8.96000000","buyTxId":"e0aabc4d28d62bad81d1e89dd96c32914f4ca940","sellTxId":"b901c9f2beb636464391430e0c476baa3bd9ca85"
{"id":1556511,"type":"sell","buyer":"linco","seller":"steem-hodler","symbol":"SIM","quantity":"10156.480","price":"0.00111000","timestamp":1632167604,"volume":"11.27369280","buyTxId":"ffad08d3dcbc1fbcd989834df93b0310aa216df5","sellTxId":"9031c65634965313414f55104fbce8ccf59f3230"
{"id":1556512,"type":"sell","buyer":"steemshiro","seller":"steem-hodler","symbol":"SIM","quantity":"740.876","price":"0.00110000","timestamp":1632167604,"volume":"0.81496360","buyTxId":"d1ca0e884f26100e0975777eaae4311d7137cad6","sellTxId":"9031c65634965313414f55104fbce8ccf59f3230"
{"id":1556513,"type":"sell","buyer":"atomcollector","seller":"steem-hodler","symbol":"SIM","quantity":"1000.000","price":"0.00110000","timestamp":1632167604,"volume":"1.10000000","buyTxId":"c3826c29b13e1e05c240dcd5ed94126520729a45","sellTxId":"9031c65634965313414f55104fbce8ccf59f3230"
{"id":1556520,"type":"buy","buyer":"konvik","seller":"steem-hodler","symbol":"SIM","quantity":"1702.644","price":"0.00110000","timestamp":1632167781,"volume":"1.87290840","buyTxId":"0a199cffb11299d2220b94ae7c16c4347ac47deb-0","sellTxId":"9031c65634965313414f55104fbce8ccf59f3230"
{"id":1556521,"type":"buy","buyer":"konvik","seller":"steem69","symbol":"SIM","quantity":"48297.855","price":"0.00110000","timestamp":1632167781,"volume":"53.12764050","buyTxId":"0a199cffb11299d2220b94ae7c16c4347ac47deb-0","sellTxId":"7e1011f4fca1ab6b7ad5b47d32bb5d305a657463"
{"id":1556530,"type":"sell","buyer":"pi-trader","seller":"steem69","symbol":"SIM","quantity":"50000.000","price":"0.00109501","timestamp":1632167952,"volume":"54.75050000","buyTxId":"864d619ea73f3804f98bdefdb66ec9615335f18a-2","sellTxId":"308eddf96c50c2ae0e7f11279fd424bccfc927f7"
{"id":1556532,"type":"sell","buyer":"pi-trader","seller":"steem69","symbol":"SIM","quantity":"50000.000","price":"0.00109501","timestamp":1632168066,"volume":"54.75050000","buyTxId":"564effcb6e9856e256db1994e342fa832f2aae4b-2","sellTxId":"2cc479823bee0564f3957883f5a37e788d210aba"
{"id":1556534,"type":"sell","buyer":"pi-trader","seller":"steem69","symbol":"SIM","quantity":"50000.000","price":"0.00109501","timestamp":1632168135,"volume":"54.75050000","buyTxId":"11f170570a8f474f0674799daaa5ad035db63553-2","sellTxId":"baa43302ec8f2ec355aa6460ffd8942e5a455326"
{"id":1556542,"type":"sell","buyer":"pi-trader","seller":"steem69","symbol":"SIM","quantity":"50000.000","price":"0.00109501","timestamp":1632168234,"volume":"54.75050000","buyTxId":"695fc10098761aad926113ce60426a70c90fa7f4-2","sellTxId":"980a53b74944abd09635df06885f33c8891c3a5e"
{"id":1556545,"type":"sell","buyer":"pi-trader","seller":"steem69","symbol":"SIM","quantity":"50000.000","price":"0.00109501","timestamp":1632168330,"volume":"54.75050000","buyTxId":"782d9162be3d6ecce6c54d41220b29d8440d2c5f-2","sellTxId":"c4c28e773dd63d04c81936340a36ac19bc82cc80"
{"id":1556550,"type":"sell","buyer":"pi-trader","seller":"steem69","symbol":"SIM","quantity":"50000.000","price":"0.00109501","timestamp":1632168411,"volume":"54.75050000","buyTxId":"66517b065409fddff663ec7e74657e50d1e61bcd-2","sellTxId":"dce072fc401f1015f10eebddfc3ff78ef92fb2f8"
{"id":1556558,"type":"sell","buyer":"pi-trader","seller":"steem69","symbol":"SIM","quantity":"50000.000","price":"0.00109501","timestamp":1632168492,"volume":"54.75050000","buyTxId":"3b3d2c059fdbfac5bc7914f9334fe794c4ccf405-2","sellTxId":"2081d38478e2c8eb78a5988ca50718b8b34e1234"
{"id":1556565,"type":"buy","buyer":"konvik","seller":"steem69","symbol":"SIM","quantity":"50000.000","price":"0.00109501","timestamp":1632168555,"volume":"54.75050000","buyTxId":"d92ef2bd21fd307248829dd0ffb434f9a2311a90-0","sellTxId":"e16506521377c62b860620629b5161d3349bf823"
{"id":1556588,"type":"buy","buyer":"konvik","seller":"steem69","symbol":"SIM","quantity":"50000.000","price":"0.00109501","timestamp":1632168687,"volume":"54.75050000","buyTxId":"f8ab41dc87088a63ede3a125deb836acd1c2c31a-0","sellTxId":"71af80986b4e2089a00a5c542ea27004c31c5431"
{"id":1556597,"type":"buy","buyer":"konvik","seller":"steem69","symbol":"SIM","quantity":"50000.000","price":"0.00109501","timestamp":1632168738,"volume":"54.75050000","buyTxId":"f114f28ae70542e07f5688153ae4e31a4dffede6-0","sellTxId":"785512b75aee15672f2bd6bdd9ee7625d324fb8c"
{"id":1556600,"type":"buy","buyer":"konvik","seller":"steem69","symbol":"SIM","quantity":"50000.000","price":"0.00109501","timestamp":1632168819,"volume":"54.75050000","buyTxId":"40394daf2b9a960db80c3fe44c40fbb1d57ebb31-0","sellTxId":"930c3d34a71a404cdecca310090bf912bedf5591"
{"id":1556615,"type":"sell","buyer":"jelly-cz","seller":"thahodler","symbol":"SIM","quantity":"1483.003","price":"0.00109500","timestamp":1632168969,"volume":"1.62388829","buyTxId":"MM-P-10572363-57556777-3-34-0","sellTxId":"bddbced97d317d1c06ae1dafac4d7092a0b3d964"
{"id":1556619,"type":"buy","buyer":"konvik","seller":"steem69","symbol":"SIM","quantity":"50000.000","price":"0.00109501","timestamp":1632168996,"volume":"54.75050000","buyTxId":"98130d4a1dbc7023b89d87cfbee041ba98ed7ab6-0","sellTxId":"16666168c304ac536fa3ddb34b7113762400559f"
{"id":1556632,"type":"sell","buyer":"jelly-cz","seller":"steem69","symbol":"SIM","quantity":"73402.842","price":"0.00109500","timestamp":1632169161,"volume":"80.37611199","buyTxId":"MM-P-10572363-57556777-3-34-0","sellTxId":"45dfda56000731dffc15769fc7e808dad3d475fc"
{"id":1556672,"type":"sell","buyer":"d-pend","seller":"artistparthoroy","symbol":"SIM","quantity":"1149.000","price":"0.00109000","timestamp":1632169341,"volume":"1.25241000","buyTxId":"d3d0aa44513a01a974bc18b43c7b635965607f76","sellTxId":"592873d2c1bed1c8069acc82bf813dc21a74438b"
{"id":1556696,"type":"buy","buyer":"nyxlabs","seller":"steem69","symbol":"SIM","quantity":"2500.000","price":"0.00109300","timestamp":1632169488,"volume":"2.73250000","buyTxId":"cd27905ab680ce22a2eebe45d5dcd6920f1c6fbc","sellTxId":"e2012cfb708aadfd666d86b759ae54e3263ec2f3"
{"id":1556707,"type":"sell","buyer":"d-pend","seller":"steem69","symbol":"SIM","quantity":"3851.000","price":"0.00109000","timestamp":1632169533,"volume":"4.19759000","buyTxId":"d3d0aa44513a01a974bc18b43c7b635965607f76","sellTxId":"cfa0da7a43bacfb2403e02392a3bd26e3933e16b"
{"id":1556714,"type":"sell","buyer":"pi-trader","seller":"fantasycrypto","symbol":"SIM","quantity":"23168.000","price":"0.00104501","timestamp":1632169701,"volume":"24.21079168","buyTxId":"f130934cbc06e8dad4ceb4d79acdf97c4e1bce38-1","sellTxId":"e02a7a7ec2e09e3ba5497c369a2d00462185eca4"
{"id":1556716,"type":"buy","buyer":"dustindivitto","seller":"steem69","symbol":"SIM","quantity":"2000.000","price":"0.00108800","timestamp":1632169731,"volume":"2.17600000","buyTxId":"c47e458b9376de46cca7f85688325ff71ceef604","sellTxId":"56bda919a5b6ef0dbaf36b59987d99445bc75fbb"
{"id":1556717,"type":"buy","buyer":"dustindivitto","seller":"steem69","symbol":"SIM","quantity":"149.000","price":"0.00109000","timestamp":1632169731,"volume":"0.16241000","buyTxId":"c47e458b9376de46cca7f85688325ff71ceef604","sellTxId":"cfa0da7a43bacfb2403e02392a3bd26e3933e16b"
{"id":1556718,"type":"buy","buyer":"dustindivitto","seller":"steem69","symbol":"SIM","quantity":"1000.000","price":"0.00109000","timestamp":1632169731,"volume":"1.09000000","buyTxId":"c47e458b9376de46cca7f85688325ff71ceef604","sellTxId":"36941d57eabfb25eb14bfb74c8342522ac7c125a"
{"id":1556719,"type":"buy","buyer":"dustindivitto","seller":"steem69","symbol":"SIM","quantity":"7500.000","price":"0.00109300","timestamp":1632169731,"volume":"8.19750000","buyTxId":"c47e458b9376de46cca7f85688325ff71ceef604","sellTxId":"e2012cfb708aadfd666d86b759ae54e3263ec2f3"
{"id":1556720,"type":"buy","buyer":"dustindivitto","seller":"nftmart.fees","symbol":"SIM","quantity":"3.000","price":"0.00109499","timestamp":1632169731,"volume":"0.00328497","buyTxId":"c47e458b9376de46cca7f85688325ff71ceef604","sellTxId":"f299b9cbf8595448b82789f6b338de35e02ea8fd-0"
{"id":1556721,"type":"buy","buyer":"dustindivitto","seller":"steem69","symbol":"SIM","quantity":"597.158","price":"0.00109500","timestamp":1632169731,"volume":"0.65388801","buyTxId":"c47e458b9376de46cca7f85688325ff71ceef604","sellTxId":"45dfda56000731dffc15769fc7e808dad3d475fc"
{"id":1556722,"type":"buy","buyer":"dustindivitto","seller":"steem69","symbol":"SIM","quantity":"1702.145","price":"0.00110000","timestamp":1632169731,"volume":"1.87235950","buyTxId":"c47e458b9376de46cca7f85688325ff71ceef604","sellTxId":"7e1011f4fca1ab6b7ad5b47d32bb5d305a657463"
{"id":1556723,"type":"sell","buyer":"dustindivitto","seller":"konvik","symbol":"SIM","quantity":"66982.317","price":"0.00110000","timestamp":1632169734,"volume":"73.68054870","buyTxId":"c47e458b9376de46cca7f85688325ff71ceef604","sellTxId":"12c222a696ca5872c19ce16aafa3530f7268bbbf-1"
{"id":1556738,"type":"sell","buyer":"dustindivitto","seller":"steem69","symbol":"SIM","quantity":"66.380","price":"0.00110000","timestamp":1632169986,"volume":"0.07301800","buyTxId":"c47e458b9376de46cca7f85688325ff71ceef604","sellTxId":"c4576c3a22b824a5e994a0e911e1a59d01be4650"
{"id":1556743,"type":"sell","buyer":"pi-trader","seller":"steem69","symbol":"SIM","quantity":"50000.000","price":"0.00108504","timestamp":1632170043,"volume":"54.25200000","buyTxId":"4d2e3ce231fb3fddc38f490a61588feea4cd9e37-5","sellTxId":"b10b578b977dbaca7edaa67a99a8dd3a2946f90a"
{"id":1556753,"type":"buy","buyer":"konvik","seller":"steem69","symbol":"SIM","quantity":"50000.000","price":"0.00108504","timestamp":1632170130,"volume":"54.25200000","buyTxId":"902abcf30221101e38f31ae069933e05c2b32a02-0","sellTxId":"2a4e11172de4a2ec6341b5668c9c2a098a9d3d22"
{"id":1556756,"type":"sell","buyer":"jelly-cz","seller":"steem69","symbol":"SIM","quantity":"75573.947","price":"0.00108503","timestamp":1632170253,"volume":"81.99999971","buyTxId":"MM-P-10613852-57598303-3-34-0","sellTxId":"5b5e2498400ebb33a95ea90a6cfe4cc4d14295de"
{"id":1556772,"type":"sell","buyer":"jelly-cz","seller":"nftmart.fees","symbol":"SIM","quantity":"2.000","price":"0.00108502","timestamp":1632170466,"volume":"0.00217004","buyTxId":"MM-P-10614051-57598503-3-34-0","sellTxId":"abdb696f8e9bc6f1d2ee24f9695aaa57e4139053-0"
{"id":1556779,"type":"sell","buyer":"jelly-cz","seller":"droida","symbol":"SIM","quantity":"0.212","price":"0.00108502","timestamp":1632170499,"volume":"0.00023002","buyTxId":"MM-P-10614051-57598503-3-34-0","sellTxId":"6b901b47c2030cf7e312866d24899fea7e91e0c7"
{"id":1556799,"type":"sell","buyer":"jelly-cz","seller":"steem69","symbol":"SIM","quantity":"75572.432","price":"0.00108502","timestamp":1632170673,"volume":"81.99760017","buyTxId":"MM-P-10614051-57598503-3-34-0","sellTxId":"feaf2bf317a22ae75b2785f2ade548971655e1b4"
{"id":1556801,"type":"buy","buyer":"jelly-cz","seller":"steem69","symbol":"SIM","quantity":"0.568","price":"0.00108502","timestamp":1632170751,"volume":"0.00061629","buyTxId":"MM-P-10614151-57598603-3-34-0","sellTxId":"feaf2bf317a22ae75b2785f2ade548971655e1b4"
{"id":1556805,"type":"sell","buyer":"jelly-cz","seller":"solovey6o2","symbol":"SIM","quantity":"75574.076","price":"0.00108502","timestamp":1632170781,"volume":"81.99938394","buyTxId":"MM-P-10614151-57598603-3-34-0","sellTxId":"e052d603b2284bd87cc0e2dccb52461cb2dd6833"
{"id":1556806,"type":"buy","buyer":"konvik","seller":"solovey6o2","symbol":"SIM","quantity":"236106.579","price":"0.00108501","timestamp":1632170784,"volume":"256.17799928","buyTxId":"ffb10266be389b977a485519cff5a961f99b73e1-0","sellTxId":"e052d603b2284bd87cc0e2dccb52461cb2dd6833"
{"id":1556824,"type":"buy","buyer":"jelly-cz","seller":"solovey6o2","symbol":"SIM","quantity":"75574.644","price":"0.00108502","timestamp":1632171051,"volume":"82.00000023","buyTxId":"MM-P-10614251-57598703-3-34-0","sellTxId":"1eadc2c2cd4ee0854c2389a22124044db2f570b8"
{"id":1556833,"type":"sell","buyer":"steemshiro","seller":"deathwing","symbol":"SIM","quantity":"0.01","price":"0.00104500","timestamp":1632171306,"volume":"0.00001045","buyTxId":"32a9abfee9dcc07792ed15da19723d11c3939a6b","sellTxId":"fe11daf5c9e1df210b6268364cfd99c10e5d48cd-0"
{"id":1556861,"type":"buy","buyer":"dustindivitto","seller":"seckorama","symbol":"SIM","quantity":"10.095","price":"0.00104600","timestamp":1632171990,"volume":"0.01055937","buyTxId":"0969e96346ad6bdaafdbb71ec68722ca6610d1bc","sellTxId":"576bc889c932ce0fb8e463b0a657db471552bdc6"
{"id":1556883,"type":"buy","buyer":"dustindivitto","seller":"nftmart.fees","symbol":"SIM","quantity":"2.000","price":"0.00107999","timestamp":1632172341,"volume":"0.00215998","buyTxId":"ed95c0f496012821a18931db26e21150858ef9d1","sellTxId":"9c44f612fb10f57bc4350ea9f0b8bab9d433bb6c-0"
{"id":1556884,"type":"buy","buyer":"dustindivitto","seller":"blue.rabbit","symbol":"SIM","quantity":"8000.000","price":"0.00108000","timestamp":1632172341,"volume":"8.64000000","buyTxId":"ed95c0f496012821a18931db26e21150858ef9d1","sellTxId":"71f29bbcf8a7ebc64c7dc505eb6ade85cb01c2dd"
{"id":1556885,"type":"buy","buyer":"dustindivitto","seller":"steem69","symbol":"SIM","quantity":"0.053","price":"0.00108503","timestamp":1632172341,"volume":"0.00005751","buyTxId":"ed95c0f496012821a18931db26e21150858ef9d1","sellTxId":"5b5e2498400ebb33a95ea90a6cfe4cc4d14295de"
{"id":1556886,"type":"buy","buyer":"dustindivitto","seller":"steem69","symbol":"SIM","quantity":"0.620","price":"0.00110000","timestamp":1632172341,"volume":"0.00068200","buyTxId":"ed95c0f496012821a18931db26e21150858ef9d1","sellTxId":"c4576c3a22b824a5e994a0e911e1a59d01be4650"
{"id":1556887,"type":"buy","buyer":"dustindivitto","seller":"steem69","symbol":"SIM","quantity":"16997.327","price":"0.00111900","timestamp":1632172341,"volume":"19.02000891","buyTxId":"ed95c0f496012821a18931db26e21150858ef9d1","sellTxId":"90eef66cf1cbe6ef8a53fc52fd8f7a3496113cee"
{"id":1556888,"type":"sell","buyer":"dustindivitto","seller":"epilatero","symbol":"SIM","quantity":"758","price":"0.00109000","timestamp":1632172431,"volume":"0.82622000","buyTxId":"f6da8233a3b32b36b39a5f7c190a6e11748bd851","sellTxId":"9b474ceac28e0e01dc5e15927700586093f4e90d"
{"id":1556893,"type":"sell","buyer":"dustindivitto","seller":"romiferns","symbol":"SIM","quantity":"61.975","price":"0.00109000","timestamp":1632172512,"volume":"0.06755275","buyTxId":"f6da8233a3b32b36b39a5f7c190a6e11748bd851","sellTxId":"eec88bc30e091f58aafb3074d34d33b9b211a692"
{"id":1556911,"type":"sell","buyer":"dustindivitto","seller":"holoferncro","symbol":"SIM","quantity":"4179.025","price":"0.00109000","timestamp":1632173055,"volume":"4.55513725","buyTxId":"f6da8233a3b32b36b39a5f7c190a6e11748bd851","sellTxId":"1e855b42e2b5a36ae26b2054a596eb7930926d0a"
{"id":1556912,"type":"sell","buyer":"dustindivitto","seller":"holoferncro","symbol":"SIM","quantity":"117.000","price":"0.00107000","timestamp":1632173055,"volume":"0.12519000","buyTxId":"920123dc82c6618175f88deed976fdf515d2f085","sellTxId":"1e855b42e2b5a36ae26b2054a596eb7930926d0a"
{"id":1556913,"type":"sell","buyer":"solovey6o2","seller":"holoferncro","symbol":"SIM","quantity":"107703.975","price":"0.00105014","timestamp":1632173055,"volume":"113.10425231","buyTxId":"ed6aca383e6065efa3dcc2fd702276b81d8c04b1","sellTxId":"1e855b42e2b5a36ae26b2054a596eb7930926d0a"
{"id":1556946,"type":"sell","buyer":"pi-trader","seller":"steemstreems","symbol":"SIM","quantity":"9000","price":"0.00105032","timestamp":1632173679,"volume":"9.45288000","buyTxId":"7d65bf0dd3be2bd894cdc95864ff25ab88f9f84d-1","sellTxId":"b6c916433959240c1806d0fe3a3a1e98a52eb4e9"
{"id":1556964,"type":"sell","buyer":"pi-trader","seller":"thisisawesome","symbol":"SIM","quantity":"8.686","price":"0.00105041","timestamp":1632173982,"volume":"0.00912386","buyTxId":"3b688deb1bebe61c1cc3c14d3294a5e446fa4a02-1","sellTxId":"6128de5fc1f71f4a3ac9c0f80e9a856fced162bf"
{"id":1556983,"type":"sell","buyer":"solovey6o2","seller":"solarpowers","symbol":"SIM","quantity":"4983.000","price":"0.00105047","timestamp":1632174168,"volume":"5.23449201","buyTxId":"f7f08fcd2b51ffbfa3bd26f3c2dd9c228dd6f9b6","sellTxId":"3312efb4edcdd24548428e790faf273843dfb228"
{"id":1557014,"type":"buy","buyer":"nyxlabs","seller":"nftmart.fees","symbol":"SIM","quantity":"2.000","price":"0.00111899","timestamp":1632174729,"volume":"0.00223798","buyTxId":"061d61bf570ab40fe67414406b174c616cc44eba","sellTxId":"a7ad315864649c66d91fee4a494411e76e1cce5b-0"
{"id":1557015,"type":"buy","buyer":"nyxlabs","seller":"steem69","symbol":"SIM","quantity":"1002.673","price":"0.00111900","timestamp":1632174729,"volume":"1.12199109","buyTxId":"061d61bf570ab40fe67414406b174c616cc44eba","sellTxId":"90eef66cf1cbe6ef8a53fc52fd8f7a3496113cee"
{"id":1557016,"type":"buy","buyer":"nyxlabs","seller":"steem69","symbol":"SIM","quantity":"1995.327","price":"0.00115000","timestamp":1632174729,"volume":"2.29462605","buyTxId":"061d61bf570ab40fe67414406b174c616cc44eba","sellTxId":"47cfaab592d4dfd6118de8411c4d853487ad9311"
{"id":1557029,"type":"buy","buyer":"thegoliath","seller":"solovey6o2","symbol":"SIM","quantity":"3100.000","price":"0.00114999","timestamp":1632175179,"volume":"3.56496900","buyTxId":"e3f61247d602df9973fbde03cebc63a549a71e6f","sellTxId":"7ff28c3f80320512ad0d6d8c8bcb6fcfc55f12d1"
{"id":1557037,"type":"sell","buyer":"solovey6o2","seller":"ericburgoyne","symbol":"SIM","quantity":"85.896","price":"0.00105083","timestamp":1632175344,"volume":"0.09026209","buyTxId":"0ebdb44648f14bc1f8499247ff02f27b949a9f84","sellTxId":"1cc206a0cf648ccb0ede7fa49ecd3c38c2dea1b2"
{"id":1557121,"type":"sell","buyer":"pi-trader","seller":"bearbear613","symbol":"SIM","quantity":"3995.460","price":"0.00105135","timestamp":1632177219,"volume":"4.20062687","buyTxId":"99ab9f9dd99d6c97c0c011caf460a3cbf91124dd-3","sellTxId":"e4e7eefb5e816acd8f010d8c8252167cd943dad5"
{"id":1557183,"type":"buy","buyer":"emergehealthier","seller":"nftmart.fees","symbol":"SIM","quantity":"2.000","price":"0.00114998","timestamp":1632178593,"volume":"0.00229996","buyTxId":"f02473a458e8beb9133693841895b8ad0a05b680","sellTxId":"70c2e10be6e30cc409fe9709d1229480bbedb2c4-0"
{"id":1557192,"type":"buy","buyer":"emergehealthier","seller":"solovey6o2","symbol":"SIM","quantity":"300.000","price":"0.00114999","timestamp":1632178695,"volume":"0.34499700","buyTxId":"6815f7a3c0d0330f54e9c0e1bcb90bf83ea13a62","sellTxId":"2104bfd18901464657ce87111b1f32d5226b8dc0"
{"id":1557358,"type":"sell","buyer":"pi-trader","seller":"brofi-market","symbol":"SIM","quantity":"0.012","price":"0.00105283","timestamp":1632182916,"volume":"0.00001263","buyTxId":"f08595bdb388501e89c3c7203c91918c8fae51e5-7","sellTxId":"c624345a098615984f74e20576d02d5941ddd0d4"
{"id":1557378,"type":"sell","buyer":"pi-trader","seller":"chroniccoin","symbol":"SIM","quantity":"831.000","price":"0.00105290","timestamp":1632183114,"volume":"0.87495990","buyTxId":"cc0b27af30a835af870fc96ee9f31242ce908212-7","sellTxId":"199b32a8c48fe92871439a9f0e96019cea6e0fe4"
{"id":1557399,"type":"sell","buyer":"pi-trader","seller":"shainemata","symbol":"SIM","quantity":"0.006","price":"0.00105301","timestamp":1632183603,"volume":"0.00000632","buyTxId":"2829f69bdff9226a908405bf82ae1de92cf2b56d-3","sellTxId":"d9a0de4b8367408c6f1cdf3b1698fbb7f0fed755"
{"id":1557465,"type":"sell","buyer":"pi-trader","seller":"vcelier","symbol":"SIM","quantity":"20000.000","price":"0.00105313","timestamp":1632184044,"volume":"21.06260000","buyTxId":"9bf38df6849ee0609e5f696fc3b89022ad6e8728-7","sellTxId":"a7b198fda0417940dc3ade9e0b38ebe659a52fa4"
{"id":1557491,"type":"sell","buyer":"pi-trader","seller":"hirohurl","symbol":"SIM","quantity":"55.330","price":"0.00105324","timestamp":1632184623,"volume":"0.05827577","buyTxId":"715ab63de0e6c5fe9d4c20fcc9f01efeac3d1a55-9","sellTxId":"073eecfd7964c450968569bccf233bc324282425"
{"id":1557492,"type":"sell","buyer":"pi-trader","seller":"elianaicgomes","symbol":"SIM","quantity":"2100.618","price":"0.00105325","timestamp":1632184644,"volume":"2.21247591","buyTxId":"2d109b76bbd192ade8157155158545e382fa0ef9-3","sellTxId":"953be04cfae5d89267e517db4e7582be69c60851"
{"id":1557521,"type":"sell","buyer":"pi-trader","seller":"dhedge-drips","symbol":"SIM","quantity":"0.001","price":"0.00105337","timestamp":1632185121,"volume":"0.00000105","buyTxId":"97d77fa97956263fd465c193c6569ce9231eaf84-1","sellTxId":"4cd84337b2fb89ab6c69349458f5b1b85ae84171"
{"id":1557725,"type":"sell","buyer":"wizzitywillican","seller":"konvik","symbol":"SIM","quantity":"65369.218","price":"0.00114000","timestamp":1632189210,"volume":"74.52090852","buyTxId":"711a310770cd849aef36fc6cbae869a0b5bf67c3","sellTxId":"266d691fb31d05362fb44b0218cdaad0f5644e03-1"
{"id":1557818,"type":"buy","buyer":"numpypython","seller":"nftmart.fees","symbol":"SIM","quantity":"1.000","price":"0.00114290","timestamp":1632190998,"volume":"0.00114290","buyTxId":"1f056d33a87d77f404ae302b50c5ba735f173d4e","sellTxId":"8e1e06f7fb6f27977bc4309bbc109fd0029cb018-0"
{"id":1557846,"type":"sell","buyer":"numpypython","seller":"theoddone","symbol":"SIM","quantity":"1668.601","price":"0.00114290","timestamp":1632191634,"volume":"1.90704408","buyTxId":"1f056d33a87d77f404ae302b50c5ba735f173d4e","sellTxId":"a2495b3ac295dc2dfde1d592c9acae2a201e8933"
{"id":1557847,"type":"sell","buyer":"solovey6o2","seller":"theoddone","symbol":"SIM","quantity":"28707.599","price":"0.00106494","timestamp":1632191634,"volume":"30.57187048","buyTxId":"99306e1e6e3ed36566a90f5905287d5b40b223dc","sellTxId":"a2495b3ac295dc2dfde1d592c9acae2a201e8933"
{"id":1557854,"type":"buy","buyer":"wizzitywillican","seller":"dhedge-drips","symbol":"SIM","quantity":"0.001","price":"0.00114295","timestamp":1632191667,"volume":"0.00000114","buyTxId":"448c026c0ca6d462eec872560d8f1a0b12f4cd8d","sellTxId":"1948cc29e4f2aea8afb4051b92fda23620277a02"
{"id":1557855,"type":"buy","buyer":"wizzitywillican","seller":"brofi-market","symbol":"SIM","quantity":"0.012","price":"0.00114297","timestamp":1632191667,"volume":"0.00001372","buyTxId":"448c026c0ca6d462eec872560d8f1a0b12f4cd8d","sellTxId":"f5b1719eadba86277a6cc2f1d85255f0c7090490"
{"id":1557856,"type":"buy","buyer":"wizzitywillican","seller":"mapac","symbol":"SIM","quantity":"679.987","price":"0.00114300","timestamp":1632191667,"volume":"0.77722514","buyTxId":"448c026c0ca6d462eec872560d8f1a0b12f4cd8d","sellTxId":"9923fef9764aac20aa613ee68e22bb8394379a5a"
{"id":1557877,"type":"sell","buyer":"pi-trader","seller":"theguruasia","symbol":"SIM","quantity":"10884.603","price":"0.00106503","timestamp":1632192036,"volume":"11.59242873","buyTxId":"90c43312bdfebd7ae42b03e683fc6c44540a0ac9-7","sellTxId":"e2f29686ef446c76640569256e69051fd23fcd3c"
{"id":1557916,"type":"buy","buyer":"theoddone","seller":"nftmart.fees","symbol":"SIM","quantity":"1.000","price":"0.00114299","timestamp":1632192783,"volume":"0.00114299","buyTxId":"c67d5f96f503363ddc95dc7254ee9a1d8180addf","sellTxId":"34598d5af02dd4f405b3a0757be51b1b069a2015-0"
{"id":1557917,"type":"buy","buyer":"theoddone","seller":"mapac","symbol":"SIM","quantity":"8620.013","price":"0.00114300","timestamp":1632192783,"volume":"9.85267486","buyTxId":"c67d5f96f503363ddc95dc7254ee9a1d8180addf","sellTxId":"9923fef9764aac20aa613ee68e22bb8394379a5a"
{"id":1557918,"type":"buy","buyer":"theoddone","seller":"steem69","symbol":"SIM","quantity":"6004.673","price":"0.00115000","timestamp":1632192783,"volume":"6.90537395","buyTxId":"c67d5f96f503363ddc95dc7254ee9a1d8180addf","sellTxId":"47cfaab592d4dfd6118de8411c4d853487ad9311"
{"id":1557919,"type":"buy","buyer":"theoddone","seller":"steem69","symbol":"SIM","quantity":"6374.314","price":"0.00117000","timestamp":1632192783,"volume":"7.45794738","buyTxId":"c67d5f96f503363ddc95dc7254ee9a1d8180addf","sellTxId":"e974da02d5fc0a3072267297d836f48b53f3fa03"