{"index": {"_index":"sim","_id":"1270389"}}
	{"id":1270389,"type":"sell","buyer":"solovey6o2","seller":"epilatero","symbol":"SIM","quantity":"3780","price":"0.00087003","timestamp":1627526475,"volume":"3.28871340","buyTxId":"3917f459c3c9b5267a0cc9a80ca253d75ed0a1e4","sellTxId":"d363e7fa14d171e2c523d448d43d48101aa26422"}
{"index": {"_index":"sim","_id":"1270395"}}
	{"id":1270395,"type":"sell","buyer":"solovey6o2","seller":"thesimguru","symbol":"SIM","quantity":"1826.400","price":"0.00087003","timestamp":1627526619,"volume":"1.58902279","buyTxId":"3917f459c3c9b5267a0cc9a80ca253d75ed0a1e4","sellTxId":"eb777e1de4fb8e51cd9c186ec0568d7fd17a848a"}
{"index": {"_index":"sim","_id":"1270455"}}
	{"id":1270455,"type":"buy","buyer":"enforcer48","seller":"mmrx","symbol":"SIM","quantity":"1716.413","price":"0.00089992","timestamp":1627527291,"volume":"1.54463439","buyTxId":"9b6daeb40dac268c517aae9720d7105dcf8a53fa","sellTxId":"MM-P-9072960-56054094-3-40-0"}
{"index": {"_index":"sim","_id":"1270456"}}
	{"id":1270456,"type":"buy","buyer":"enforcer48","seller":"nftmart.fees","symbol":"SIM","quantity":"13.000","price":"0.00089993","timestamp":1627527291,"volume":"0.01169909","buyTxId":"9b6daeb40dac268c517aae9720d7105dcf8a53fa","sellTxId":"dc982c0ba4c4df8e43a72ab8972100d500cc2fda-0"}
{"index": {"_index":"sim","_id":"1270457"}}
	{"id":1270457,"type":"buy","buyer":"enforcer48","seller":"solovey6o2","symbol":"SIM","quantity":"10270.587","price":"0.00089999","timestamp":1627527291,"volume":"9.24342559","buyTxId":"9b6daeb40dac268c517aae9720d7105dcf8a53fa","sellTxId":"370adc3b10ba68566276b12308529c7f33df63e0"}
{"index": {"_index":"sim","_id":"1270464"}}
	{"id":1270464,"type":"sell","buyer":"solovey6o2","seller":"theguruasia","symbol":"SIM","quantity":"118.141","price":"0.00087003","timestamp":1627527363,"volume":"0.10278621","buyTxId":"3917f459c3c9b5267a0cc9a80ca253d75ed0a1e4","sellTxId":"8d7c0e51b29891045ddc81be3c504eddbcdd5e2f"}
{"index": {"_index":"sim","_id":"1270563"}}
	{"id":1270563,"type":"sell","buyer":"solovey6o2","seller":"konvik","symbol":"SIM","quantity":"48065.610","price":"0.00087003","timestamp":1627528446,"volume":"41.81852267","buyTxId":"3917f459c3c9b5267a0cc9a80ca253d75ed0a1e4","sellTxId":"5c3105cebbcb0c1fc84a86fb4933d0d2a9cf372c-1"}
{"index": {"_index":"sim","_id":"1270571"}}
	{"id":1270571,"type":"sell","buyer":"solovey6o2","seller":"konvik","symbol":"SIM","quantity":"35477.097","price":"0.00087003","timestamp":1627528503,"volume":"30.86613870","buyTxId":"3917f459c3c9b5267a0cc9a80ca253d75ed0a1e4","sellTxId":"d82a685a8eb49a7d33c840851ec5081f86a31b01-1"}
{"index": {"_index":"sim","_id":"1270591"}}
	{"id":1270591,"type":"sell","buyer":"solovey6o2","seller":"jywahaha","symbol":"SIM","quantity":"35.159","price":"0.00087003","timestamp":1627528638,"volume":"0.03058938","buyTxId":"3917f459c3c9b5267a0cc9a80ca253d75ed0a1e4","sellTxId":"fa99a4f52a4dc0dc87c1e7ffb639257c0696a759"}
{"index": {"_index":"sim","_id":"1270592"}}
	{"id":1270592,"type":"sell","buyer":"solovey6o2","seller":"jywahaha","symbol":"SIM","quantity":"9791.575","price":"0.00087003","timestamp":1627528638,"volume":"8.51896400","buyTxId":"fbc0d253e689f716e66de8bd0a10791e0b15b610","sellTxId":"fa99a4f52a4dc0dc87c1e7ffb639257c0696a759"}
{"index": {"_index":"sim","_id":"1270593"}}
	{"id":1270593,"type":"sell","buyer":"he-index","seller":"jywahaha","symbol":"SIM","quantity":"250.566","price":"0.00087003","timestamp":1627528638,"volume":"0.21799994","buyTxId":"5b57a8bc61dbe6809440a09c693868818054bfa8","sellTxId":"fa99a4f52a4dc0dc87c1e7ffb639257c0696a759"}
{"index": {"_index":"sim","_id":"1270594"}}
	{"id":1270594,"type":"sell","buyer":"he-index","seller":"jywahaha","symbol":"SIM","quantity":"1414.894","price":"0.00087003","timestamp":1627528638,"volume":"1.23100023","buyTxId":"87a096515137c63d48b5eb6790eec89d946489a8","sellTxId":"fa99a4f52a4dc0dc87c1e7ffb639257c0696a759"}
{"index": {"_index":"sim","_id":"1270595"}}
	{"id":1270595,"type":"sell","buyer":"solovey6o2","seller":"jywahaha","symbol":"SIM","quantity":"15571.806","price":"0.00087003","timestamp":1627528638,"volume":"13.54793837","buyTxId":"bca959d2c964fb8d6a2ef0ec7b5e2c7c7f539a3a","sellTxId":"fa99a4f52a4dc0dc87c1e7ffb639257c0696a759"}
{"index": {"_index":"sim","_id":"1270634"}}
	{"id":1270634,"type":"sell","buyer":"solovey6o2","seller":"konvik","symbol":"SIM","quantity":"1355.289","price":"0.00087003","timestamp":1627529019,"volume":"1.17914209","buyTxId":"bca959d2c964fb8d6a2ef0ec7b5e2c7c7f539a3a","sellTxId":"541b580a521d2575bb3ecc533a7b367b65be827d-1"}
{"index": {"_index":"sim","_id":"1270635"}}
	{"id":1270635,"type":"sell","buyer":"solovey6o2","seller":"konvik","symbol":"SIM","quantity":"11813.781","price":"0.00087003","timestamp":1627529019,"volume":"10.27834388","buyTxId":"37c9664a8be93a3b63d77b49690b9a40cef0da2b","sellTxId":"541b580a521d2575bb3ecc533a7b367b65be827d-1"}
{"index": {"_index":"sim","_id":"1270673"}}
	{"id":1270673,"type":"sell","buyer":"solovey6o2","seller":"medaymane","symbol":"SIM","quantity":"1368.340","price":"0.00087003","timestamp":1627529379,"volume":"1.19049685","buyTxId":"37c9664a8be93a3b63d77b49690b9a40cef0da2b","sellTxId":"c9997cb0709580af7f5f758ad965ad239dfe2985"}
{"index": {"_index":"sim","_id":"1270674"}}
	{"id":1270674,"type":"sell","buyer":"he-index","seller":"medaymane","symbol":"SIM","quantity":"5651.529","price":"0.00087003","timestamp":1627529379,"volume":"4.91699978","buyTxId":"a6850ecdb8dc6aa96a9b8eefac62306b20dd0ee2","sellTxId":"c9997cb0709580af7f5f758ad965ad239dfe2985"}
{"index": {"_index":"sim","_id":"1270675"}}
	{"id":1270675,"type":"sell","buyer":"solovey6o2","seller":"medaymane","symbol":"SIM","quantity":"4279.131","price":"0.00087003","timestamp":1627529379,"volume":"3.72297234","buyTxId":"84461bbf06dffa137cdd258dcbd2a05b91f181a0","sellTxId":"c9997cb0709580af7f5f758ad965ad239dfe2985"}
{"index": {"_index":"sim","_id":"1270676"}}
	{"id":1270676,"type":"sell","buyer":"solovey6o2","seller":"konvik","symbol":"SIM","quantity":"37740.693","price":"0.00087003","timestamp":1627529382,"volume":"32.83553513","buyTxId":"84461bbf06dffa137cdd258dcbd2a05b91f181a0","sellTxId":"e3b7740e790c41bd23ca85f341ad03f8de969838-1"}
{"index": {"_index":"sim","_id":"1270728"}}
	{"id":1270728,"type":"sell","buyer":"solovey6o2","seller":"konvik","symbol":"SIM","quantity":"37.402","price":"0.00087003","timestamp":1627530126,"volume":"0.03254086","buyTxId":"84461bbf06dffa137cdd258dcbd2a05b91f181a0","sellTxId":"1fe8dd113ed9c1ad0246c9889326ede7bad79279-1"}
{"index": {"_index":"sim","_id":"1270729"}}
	{"id":1270729,"type":"sell","buyer":"solovey6o2","seller":"konvik","symbol":"SIM","quantity":"6735.553","price":"0.00087003","timestamp":1627530126,"volume":"5.86013318","buyTxId":"442bf2f2b783cea29bcd8632af7d8ecbf0b645e8","sellTxId":"1fe8dd113ed9c1ad0246c9889326ede7bad79279-1"}
{"index": {"_index":"sim","_id":"1270730"}}
	{"id":1270730,"type":"sell","buyer":"solovey6o2","seller":"konvik","symbol":"SIM","quantity":"44.114","price":"0.00087003","timestamp":1627530129,"volume":"0.03838050","buyTxId":"442bf2f2b783cea29bcd8632af7d8ecbf0b645e8","sellTxId":"5bf9d0576a601abcf85faa5ac69267d26117503c-1"}
{"index": {"_index":"sim","_id":"1270731"}}
	{"id":1270731,"type":"sell","buyer":"he-index","seller":"konvik","symbol":"SIM","quantity":"939.048","price":"0.00087003","timestamp":1627530129,"volume":"0.81699993","buyTxId":"439985b510d7159587328c2ec5580991cec95896","sellTxId":"5bf9d0576a601abcf85faa5ac69267d26117503c-1"}
{"index": {"_index":"sim","_id":"1270732"}}
	{"id":1270732,"type":"sell","buyer":"solovey6o2","seller":"konvik","symbol":"SIM","quantity":"11930.158","price":"0.00087003","timestamp":1627530129,"volume":"10.37959536","buyTxId":"5d0f9ac24ae53176b97bba93ba99f1fd90008bce","sellTxId":"5bf9d0576a601abcf85faa5ac69267d26117503c-1"}
{"index": {"_index":"sim","_id":"1270733"}}
	{"id":1270733,"type":"sell","buyer":"solovey6o2","seller":"konvik","symbol":"SIM","quantity":"995.960","price":"0.00087003","timestamp":1627530132,"volume":"0.86651508","buyTxId":"5d0f9ac24ae53176b97bba93ba99f1fd90008bce","sellTxId":"f38652534d2734bc79d82f2d81004a7bccc8ffdb-1"}
{"index": {"_index":"sim","_id":"1270734"}}
	{"id":1270734,"type":"sell","buyer":"methus-alt","seller":"konvik","symbol":"SIM","quantity":"26274.701","price":"0.00087002","timestamp":1627530132,"volume":"22.85951536","buyTxId":"0e9e6b138dbe85204c9fda2eecca4dff5f8b7284","sellTxId":"f38652534d2734bc79d82f2d81004a7bccc8ffdb-1"}
{"index": {"_index":"sim","_id":"1270735"}}
	{"id":1270735,"type":"sell","buyer":"methus-alt","seller":"konvik","symbol":"SIM","quantity":"1022.986","price":"0.00087002","timestamp":1627530135,"volume":"0.89001828","buyTxId":"0e9e6b138dbe85204c9fda2eecca4dff5f8b7284","sellTxId":"b2254a6c83975203c84ca402fefcd9747be4a9e1-1"}
{"index": {"_index":"sim","_id":"1270736"}}
	{"id":1270736,"type":"sell","buyer":"he-index","seller":"konvik","symbol":"SIM","quantity":"201.147","price":"0.00087001","timestamp":1627530135,"volume":"0.17499990","buyTxId":"eff635a79eff360ad608dfc20bcdc1c08c14a137","sellTxId":"b2254a6c83975203c84ca402fefcd9747be4a9e1-1"}
{"index": {"_index":"sim","_id":"1270737"}}
	{"id":1270737,"type":"sell","buyer":"d-pend","seller":"konvik","symbol":"SIM","quantity":"50432.840","price":"0.00087000","timestamp":1627530135,"volume":"43.87657080","buyTxId":"13d0b02d941fbb49b6aae8b8dba10424ba0caf84","sellTxId":"b2254a6c83975203c84ca402fefcd9747be4a9e1-1"}
{"index": {"_index":"sim","_id":"1270763"}}
	{"id":1270763,"type":"sell","buyer":"d-pend","seller":"konvik","symbol":"SIM","quantity":"5519.209","price":"0.00087000","timestamp":1627530276,"volume":"4.80171183","buyTxId":"13d0b02d941fbb49b6aae8b8dba10424ba0caf84","sellTxId":"e265731bfb51592adec2985b4b498e44a85a5177-1"}
{"index": {"_index":"sim","_id":"1270825"}}
	{"id":1270825,"type":"sell","buyer":"d-pend","seller":"konvik","symbol":"SIM","quantity":"5.470","price":"0.00087000","timestamp":1627530681,"volume":"0.00475890","buyTxId":"13d0b02d941fbb49b6aae8b8dba10424ba0caf84","sellTxId":"2eff2572a470bc2b741ec4bc0f197556c13c7833-1"}
{"index": {"_index":"sim","_id":"1270826"}}
	{"id":1270826,"type":"sell","buyer":"d-pend","seller":"konvik","symbol":"SIM","quantity":"16557.181","price":"0.00086000","timestamp":1627530681,"volume":"14.23917566","buyTxId":"a2a3ec88827f800105f2e0b8e5aa7674199038ae","sellTxId":"2eff2572a470bc2b741ec4bc0f197556c13c7833-1"}
{"index": {"_index":"sim","_id":"1270860"}}
	{"id":1270860,"type":"sell","buyer":"d-pend","seller":"manoldonchev","symbol":"SIM","quantity":"21.884","price":"0.00086000","timestamp":1627531071,"volume":"0.01882024","buyTxId":"a2a3ec88827f800105f2e0b8e5aa7674199038ae","sellTxId":"8f5807acbe800ce38d7861dffd496b1b35652a89"}
{"index": {"_index":"sim","_id":"1270861"}}
	{"id":1270861,"type":"sell","buyer":"d-pend","seller":"manoldonchev","symbol":"SIM","quantity":"9678.116","price":"0.00085000","timestamp":1627531071,"volume":"8.22639860","buyTxId":"44f4da62fc8878f47d6857d0e66ba4083d3a09c8","sellTxId":"8f5807acbe800ce38d7861dffd496b1b35652a89"}
{"index": {"_index":"sim","_id":"1270993"}}
	{"id":1270993,"type":"sell","buyer":"d-pend","seller":"juanvegetarian","symbol":"SIM","quantity":"7838.300","price":"0.00085000","timestamp":1627532133,"volume":"6.66255500","buyTxId":"44f4da62fc8878f47d6857d0e66ba4083d3a09c8","sellTxId":"3a7b39d33fe24bcf58406a2501e5d7ae4fdcdeba"}
{"index": {"_index":"sim","_id":"1271002"}}
	{"id":1271002,"type":"sell","buyer":"d-pend","seller":"brofi-market","symbol":"SIM","quantity":"68.497","price":"0.00085000","timestamp":1627532181,"volume":"0.05822245","buyTxId":"44f4da62fc8878f47d6857d0e66ba4083d3a09c8","sellTxId":"e535d8ebb0a4c885b1d232c23a9932360cea88fd"}
{"index": {"_index":"sim","_id":"1271044"}}
	{"id":1271044,"type":"sell","buyer":"solovey6o2","seller":"juanvegetarian","symbol":"SIM","quantity":"12350.950","price":"0.00085001","timestamp":1627532640,"volume":"10.49843101","buyTxId":"67fce1b13b06383b589d9523c6d51929267b52e9","sellTxId":"2e965c85eb7b1ddcb30666bccbbeaee19b338250"}
{"index": {"_index":"sim","_id":"1271056"}}
	{"id":1271056,"type":"sell","buyer":"solovey6o2","seller":"nrg","symbol":"SIM","quantity":"75805.000","price":"0.00085001","timestamp":1627532841,"volume":"64.43500805","buyTxId":"67fce1b13b06383b589d9523c6d51929267b52e9","sellTxId":"0ca213a9130a97838862a01a5833b31dd9e541a6"}
{"index": {"_index":"sim","_id":"1271057"}}
	{"id":1271057,"type":"sell","buyer":"solovey6o2","seller":"pinkfloyd878","symbol":"SIM","quantity":"20000.000","price":"0.00085001","timestamp":1627532856,"volume":"17.00020000","buyTxId":"67fce1b13b06383b589d9523c6d51929267b52e9","sellTxId":"4a5b6a78ecbefebac418d9312be52d93d364c186"}
{"index": {"_index":"sim","_id":"1271083"}}
	{"id":1271083,"type":"buy","buyer":"eythorphoto","seller":"nftmart.fees","symbol":"SIM","quantity":"69.000","price":"0.00089997","timestamp":1627533249,"volume":"0.06209793","buyTxId":"31ebf72bb4f530229c7aa59ebfb55dd1f058f163","sellTxId":"0fcf9211870e2b85e83e2ffdfa4f4e80387e1b64-0"}
{"index": {"_index":"sim","_id":"1271086"}}
	{"id":1271086,"type":"buy","buyer":"eythorphoto","seller":"brofi-market","symbol":"SIM","quantity":"68.497","price":"0.00089998","timestamp":1627533309,"volume":"0.06164593","buyTxId":"82b01b96c05d2c7b7ad5d90714143b7cd45ca1c3","sellTxId":"c07c0e255d468305a21644002a5bf0235ee4aea2"}
{"index": {"_index":"sim","_id":"1271087"}}
	{"id":1271087,"type":"buy","buyer":"eythorphoto","seller":"solovey6o2","symbol":"SIM","quantity":"1016.503","price":"0.00089999","timestamp":1627533309,"volume":"0.91484253","buyTxId":"82b01b96c05d2c7b7ad5d90714143b7cd45ca1c3","sellTxId":"5a823a759e819d4b190574b0b76205a555d16f79"}
{"index": {"_index":"sim","_id":"1271125"}}
	{"id":1271125,"type":"buy","buyer":"gerber","seller":"dcityfund","symbol":"SIM","quantity":"2747.547","price":"0.00090000","timestamp":1627534071,"volume":"2.47279230","buyTxId":"51fcec0e3c94c79ea9d0ae66be1caa9f4593f6c1","sellTxId":"757af712e274a931a7ddde5e976860c159a6543b"}
{"index": {"_index":"sim","_id":"1271126"}}
	{"id":1271126,"type":"buy","buyer":"gerber","seller":"dcityfund","symbol":"SIM","quantity":"3786.313","price":"0.00090000","timestamp":1627534071,"volume":"3.40768170","buyTxId":"51fcec0e3c94c79ea9d0ae66be1caa9f4593f6c1","sellTxId":"0974939b851d50420819515eb812fe1b1b653381"}
{"index": {"_index":"sim","_id":"1271127"}}
	{"id":1271127,"type":"buy","buyer":"gerber","seller":"dcityfund","symbol":"SIM","quantity":"3721.320","price":"0.00090000","timestamp":1627534071,"volume":"3.34918800","buyTxId":"51fcec0e3c94c79ea9d0ae66be1caa9f4593f6c1","sellTxId":"506a4cfd8551265379f495265249244d7f73b3b2"}
{"index": {"_index":"sim","_id":"1271128"}}
	{"id":1271128,"type":"buy","buyer":"gerber","seller":"dcityfund","symbol":"SIM","quantity":"3657.400","price":"0.00090000","timestamp":1627534071,"volume":"3.29166000","buyTxId":"51fcec0e3c94c79ea9d0ae66be1caa9f4593f6c1","sellTxId":"faf5ce07ab69bae6b66cb8e742a39d30a714aba7"}
{"index": {"_index":"sim","_id":"1271129"}}
	{"id":1271129,"type":"buy","buyer":"gerber","seller":"dcityfund","symbol":"SIM","quantity":"3594.456","price":"0.00090000","timestamp":1627534071,"volume":"3.23501040","buyTxId":"51fcec0e3c94c79ea9d0ae66be1caa9f4593f6c1","sellTxId":"196faa858d450c902b05f5e5f56ff23858afb3d3"}
{"index": {"_index":"sim","_id":"1271130"}}
	{"id":1271130,"type":"buy","buyer":"gerber","seller":"dcityfund","symbol":"SIM","quantity":"3532.554","price":"0.00090000","timestamp":1627534071,"volume":"3.17929860","buyTxId":"51fcec0e3c94c79ea9d0ae66be1caa9f4593f6c1","sellTxId":"e0aa2438f85b381f8e7651b49c21299ef850b0c5"}
{"index": {"_index":"sim","_id":"1271131"}}
	{"id":1271131,"type":"buy","buyer":"gerber","seller":"dcityfund","symbol":"SIM","quantity":"3471.679","price":"0.00090000","timestamp":1627534071,"volume":"3.12451110","buyTxId":"51fcec0e3c94c79ea9d0ae66be1caa9f4593f6c1","sellTxId":"553b9e1aa5ebd1a5412f796dcb0f47308b78a47d"}
{"index": {"_index":"sim","_id":"1271132"}}
	{"id":1271132,"type":"buy","buyer":"gerber","seller":"dcityfund","symbol":"SIM","quantity":"3411.815","price":"0.00090000","timestamp":1627534071,"volume":"3.07063350","buyTxId":"51fcec0e3c94c79ea9d0ae66be1caa9f4593f6c1","sellTxId":"e14895b9a956eb549eaca27267b0ebfd2f844fbb"}
{"index": {"_index":"sim","_id":"1271133"}}
	{"id":1271133,"type":"buy","buyer":"gerber","seller":"dcityfund","symbol":"SIM","quantity":"3352.943","price":"0.00090000","timestamp":1627534071,"volume":"3.01764870","buyTxId":"51fcec0e3c94c79ea9d0ae66be1caa9f4593f6c1","sellTxId":"851be8aef7187b1a5ad94472c4b9d0998a6dd41f"}
{"index": {"_index":"sim","_id":"1271134"}}
	{"id":1271134,"type":"buy","buyer":"gerber","seller":"dcityfund","symbol":"SIM","quantity":"3294.978","price":"0.00090000","timestamp":1627534071,"volume":"2.96548020","buyTxId":"51fcec0e3c94c79ea9d0ae66be1caa9f4593f6c1","sellTxId":"d14ac3e8320bd4953d53ba62372c004ee65c7e76"}
{"index": {"_index":"sim","_id":"1271135"}}
	{"id":1271135,"type":"buy","buyer":"gerber","seller":"dcityfund","symbol":"SIM","quantity":"3237.978","price":"0.00090000","timestamp":1627534071,"volume":"2.91418020","buyTxId":"51fcec0e3c94c79ea9d0ae66be1caa9f4593f6c1","sellTxId":"7af7197b24a2821b79d4f3e9a020dbc3807a7a97"}
{"index": {"_index":"sim","_id":"1271136"}}
	{"id":1271136,"type":"buy","buyer":"gerber","seller":"dcityfund","symbol":"SIM","quantity":"3181.931","price":"0.00090000","timestamp":1627534071,"volume":"2.86373790","buyTxId":"51fcec0e3c94c79ea9d0ae66be1caa9f4593f6c1","sellTxId":"5af0294fdb5cbfdbffd80716354e15f6038fc004"}
{"index": {"_index":"sim","_id":"1271137"}}
	{"id":1271137,"type":"buy","buyer":"gerber","seller":"dcityfund","symbol":"SIM","quantity":"3126.748","price":"0.00090000","timestamp":1627534071,"volume":"2.81407320","buyTxId":"51fcec0e3c94c79ea9d0ae66be1caa9f4593f6c1","sellTxId":"eb991d5375c7fd85ef8bd1455094ebba57d72b05"}
{"index": {"_index":"sim","_id":"1271138"}}
	{"id":1271138,"type":"buy","buyer":"gerber","seller":"dcityfund","symbol":"SIM","quantity":"3072.492","price":"0.00090000","timestamp":1627534071,"volume":"2.76524280","buyTxId":"51fcec0e3c94c79ea9d0ae66be1caa9f4593f6c1","sellTxId":"6595a2484289da043db63275d1a6a39c82f38d03"}
{"index": {"_index":"sim","_id":"1271139"}}
	{"id":1271139,"type":"buy","buyer":"gerber","seller":"dcityfund","symbol":"SIM","quantity":"3019.144","price":"0.00090000","timestamp":1627534071,"volume":"2.71722960","buyTxId":"51fcec0e3c94c79ea9d0ae66be1caa9f4593f6c1","sellTxId":"d3953eac0f74269c2aed42f8f7d0e3360fe24fe2"}
{"index": {"_index":"sim","_id":"1271140"}}
	{"id":1271140,"type":"buy","buyer":"gerber","seller":"dcityfund","symbol":"SIM","quantity":"2966.693","price":"0.00090000","timestamp":1627534071,"volume":"2.67002370","buyTxId":"51fcec0e3c94c79ea9d0ae66be1caa9f4593f6c1","sellTxId":"cfdb25a49576023c4adf456501952e406770e357"}
{"index": {"_index":"sim","_id":"1271141"}}
	{"id":1271141,"type":"buy","buyer":"gerber","seller":"dcityfund","symbol":"SIM","quantity":"2915.056","price":"0.00090000","timestamp":1627534071,"volume":"2.62355040","buyTxId":"51fcec0e3c94c79ea9d0ae66be1caa9f4593f6c1","sellTxId":"0564f6ce93150349b9b27a7a0830cbeca126f01a"}
{"index": {"_index":"sim","_id":"1271142"}}
	{"id":1271142,"type":"buy","buyer":"gerber","seller":"dcityfund","symbol":"SIM","quantity":"2864.353","price":"0.00090000","timestamp":1627534071,"volume":"2.57791770","buyTxId":"51fcec0e3c94c79ea9d0ae66be1caa9f4593f6c1","sellTxId":"a7758488b9b114e9ed07089bef04f5bcc2d54082"}
{"index": {"_index":"sim","_id":"1271143"}}
	{"id":1271143,"type":"buy","buyer":"gerber","seller":"dcityfund","symbol":"SIM","quantity":"2486.168","price":"0.00090000","timestamp":1627534071,"volume":"2.23755120","buyTxId":"51fcec0e3c94c79ea9d0ae66be1caa9f4593f6c1","sellTxId":"349300721bd46a8d7d91477042bc97191cc4613e"}
{"index": {"_index":"sim","_id":"1271144"}}
	{"id":1271144,"type":"buy","buyer":"gerber","seller":"dcityfund","symbol":"SIM","quantity":"2508.123","price":"0.00090000","timestamp":1627534071,"volume":"2.25731070","buyTxId":"51fcec0e3c94c79ea9d0ae66be1caa9f4593f6c1","sellTxId":"427ed0da9d24d69ec23109690acd60d4dc1561d6"}
{"index": {"_index":"sim","_id":"1271145"}}
	{"id":1271145,"type":"buy","buyer":"gerber","seller":"dcityfund","symbol":"SIM","quantity":"2648.719","price":"0.00090000","timestamp":1627534071,"volume":"2.38384710","buyTxId":"51fcec0e3c94c79ea9d0ae66be1caa9f4593f6c1","sellTxId":"154d778263dc87281d28a8a8be422315914f65d8"}
{"index": {"_index":"sim","_id":"1271146"}}
	{"id":1271146,"type":"buy","buyer":"gerber","seller":"dcityfund","symbol":"SIM","quantity":"2611.771","price":"0.00090000","timestamp":1627534071,"volume":"2.35059390","buyTxId":"51fcec0e3c94c79ea9d0ae66be1caa9f4593f6c1","sellTxId":"4d7e3ae84d3db36be11026efbcece330a6893044"}
{"index": {"_index":"sim","_id":"1271147"}}
	{"id":1271147,"type":"buy","buyer":"gerber","seller":"dcityfund","symbol":"SIM","quantity":"2580.621","price":"0.00090000","timestamp":1627534071,"volume":"2.32255890","buyTxId":"51fcec0e3c94c79ea9d0ae66be1caa9f4593f6c1","sellTxId":"cc54f385b567d3e82e8207478eccfdd46a5e2ed9"}
{"index": {"_index":"sim","_id":"1271148"}}
	{"id":1271148,"type":"buy","buyer":"gerber","seller":"dcityfund","symbol":"SIM","quantity":"2582.753","price":"0.00090000","timestamp":1627534071,"volume":"2.32447770","buyTxId":"51fcec0e3c94c79ea9d0ae66be1caa9f4593f6c1","sellTxId":"208ab0ce21f0a27ca0243fcbb09f769dcff78d67"}
{"index": {"_index":"sim","_id":"1271149"}}
	{"id":1271149,"type":"buy","buyer":"gerber","seller":"dcityfund","symbol":"SIM","quantity":"2544.844","price":"0.00090000","timestamp":1627534071,"volume":"2.29035960","buyTxId":"51fcec0e3c94c79ea9d0ae66be1caa9f4593f6c1","sellTxId":"e35f9e54fd4981e0267931d681c0a58d8594c2ff"}
{"index": {"_index":"sim","_id":"1271150"}}
	{"id":1271150,"type":"buy","buyer":"gerber","seller":"dcityfund","symbol":"SIM","quantity":"2558.163","price":"0.00090000","timestamp":1627534071,"volume":"2.30234670","buyTxId":"51fcec0e3c94c79ea9d0ae66be1caa9f4593f6c1","sellTxId":"532b33b823ac4189b9b23a201ba6df015f7c70a0"}
{"index": {"_index":"sim","_id":"1271151"}}
	{"id":1271151,"type":"buy","buyer":"gerber","seller":"dcityfund","symbol":"SIM","quantity":"2518.708","price":"0.00090000","timestamp":1627534071,"volume":"2.26683720","buyTxId":"51fcec0e3c94c79ea9d0ae66be1caa9f4593f6c1","sellTxId":"a1bb9c68680f4623fc11520252de990ad609aa51"}
{"index": {"_index":"sim","_id":"1271152"}}
	{"id":1271152,"type":"buy","buyer":"gerber","seller":"dcityfund","symbol":"SIM","quantity":"2483.463","price":"0.00090000","timestamp":1627534071,"volume":"2.23511670","buyTxId":"51fcec0e3c94c79ea9d0ae66be1caa9f4593f6c1","sellTxId":"38dfc7229acaefc8ae621b059163e4ac537525f4"}
{"index": {"_index":"sim","_id":"1271153"}}
	{"id":1271153,"type":"buy","buyer":"gerber","seller":"dcityfund","symbol":"SIM","quantity":"2444.777","price":"0.00090000","timestamp":1627534071,"volume":"2.20029930","buyTxId":"51fcec0e3c94c79ea9d0ae66be1caa9f4593f6c1","sellTxId":"2463377eafff5e7528095d178cc4c9caf4255e8e"}
{"index": {"_index":"sim","_id":"1271154"}}
	{"id":1271154,"type":"buy","buyer":"gerber","seller":"dcityfund","symbol":"SIM","quantity":"2444.552","price":"0.00090000","timestamp":1627534071,"volume":"2.20009680","buyTxId":"51fcec0e3c94c79ea9d0ae66be1caa9f4593f6c1","sellTxId":"5dc795f6d32a45a3d193c32e82d090fa0b142248"}
{"index": {"_index":"sim","_id":"1271155"}}
	{"id":1271155,"type":"buy","buyer":"gerber","seller":"dcityfund","symbol":"SIM","quantity":"2408.170","price":"0.00090000","timestamp":1627534071,"volume":"2.16735300","buyTxId":"51fcec0e3c94c79ea9d0ae66be1caa9f4593f6c1","sellTxId":"0115701080abd38c66715aa918aa6351ecdf9591"}
{"index": {"_index":"sim","_id":"1271156"}}
	{"id":1271156,"type":"buy","buyer":"gerber","seller":"dcityfund","symbol":"SIM","quantity":"2408.068","price":"0.00090000","timestamp":1627534071,"volume":"2.16726120","buyTxId":"51fcec0e3c94c79ea9d0ae66be1caa9f4593f6c1","sellTxId":"c18522e933633b52015b44cd72752e73c06b1169"}
{"index": {"_index":"sim","_id":"1271157"}}
	{"id":1271157,"type":"buy","buyer":"gerber","seller":"dcityfund","symbol":"SIM","quantity":"2367.898","price":"0.00090000","timestamp":1627534071,"volume":"2.13110820","buyTxId":"51fcec0e3c94c79ea9d0ae66be1caa9f4593f6c1","sellTxId":"c0f68625098393f67b6a40a0b506ae1ba46e83c4"}
{"index": {"_index":"sim","_id":"1271158"}}
	{"id":1271158,"type":"buy","buyer":"gerber","seller":"dcityfund","symbol":"SIM","quantity":"2328.300","price":"0.00090000","timestamp":1627534071,"volume":"2.09547000","buyTxId":"51fcec0e3c94c79ea9d0ae66be1caa9f4593f6c1","sellTxId":"79505f09cc16cdb6a5b2b7fb1c61a72e62b6462c"}
{"index": {"_index":"sim","_id":"1271159"}}
	{"id":1271159,"type":"buy","buyer":"gerber","seller":"dcityfund","symbol":"SIM","quantity":"2331.143","price":"0.00090000","timestamp":1627534071,"volume":"2.09802870","buyTxId":"51fcec0e3c94c79ea9d0ae66be1caa9f4593f6c1","sellTxId":"34d5ab73bd46587ca04163a0c2fafb92e60da87b"}
{"index": {"_index":"sim","_id":"1271160"}}
	{"id":1271160,"type":"buy","buyer":"gerber","seller":"dcityfund","symbol":"SIM","quantity":"2356.240","price":"0.00090000","timestamp":1627534071,"volume":"2.12061600","buyTxId":"51fcec0e3c94c79ea9d0ae66be1caa9f4593f6c1","sellTxId":"7dc365b06ccd3f526cfa375ca6c20e68f1779219"}
{"index": {"_index":"sim","_id":"1271161"}}
	{"id":1271161,"type":"buy","buyer":"gerber","seller":"dcityfund","symbol":"SIM","quantity":"3281.896","price":"0.00090000","timestamp":1627534071,"volume":"2.95370640","buyTxId":"51fcec0e3c94c79ea9d0ae66be1caa9f4593f6c1","sellTxId":"514051bbfefcc3013fc570fb72f04ffc877e1256"}
{"index": {"_index":"sim","_id":"1271162"}}
	{"id":1271162,"type":"buy","buyer":"gerber","seller":"eirik","symbol":"SIM","quantity":"1400.000","price":"0.00090000","timestamp":1627534071,"volume":"1.26000000","buyTxId":"51fcec0e3c94c79ea9d0ae66be1caa9f4593f6c1","sellTxId":"563b346d53ccd9f141418616da0151695cdc7b82"}
{"index": {"_index":"sim","_id":"1271163"}}
	{"id":1271163,"type":"buy","buyer":"gerber","seller":"eshr92","symbol":"SIM","quantity":"1000.000","price":"0.00090000","timestamp":1627534071,"volume":"0.90000000","buyTxId":"51fcec0e3c94c79ea9d0ae66be1caa9f4593f6c1","sellTxId":"a6a7306c490e634004fd1a12af7712933805cd60"}
{"index": {"_index":"sim","_id":"1271164"}}
	{"id":1271164,"type":"buy","buyer":"gerber","seller":"solovey6o2","symbol":"SIM","quantity":"123820.262","price":"0.00090999","timestamp":1627534071,"volume":"112.67520070","buyTxId":"51fcec0e3c94c79ea9d0ae66be1caa9f4593f6c1","sellTxId":"1364a6b0f586cffebae971aac030c23b6626ed9b"}
{"index": {"_index":"sim","_id":"1271165"}}
	{"id":1271165,"type":"sell","buyer":"solovey6o2","seller":"fenrir78","symbol":"SIM","quantity":"161.728","price":"0.00085001","timestamp":1627534089,"volume":"0.13747042","buyTxId":"67fce1b13b06383b589d9523c6d51929267b52e9","sellTxId":"aa27508b236feddcc5dc2360c046a2fb2a6513d2"}
{"index": {"_index":"sim","_id":"1271171"}}
	{"id":1271171,"type":"sell","buyer":"d-pend","seller":"konvik","symbol":"SIM","quantity":"11621.106","price":"0.00090000","timestamp":1627534200,"volume":"10.45899540","buyTxId":"73db9bede7dd36e1524bb4b72cc512b050c3a6a2","sellTxId":"fa6a0bf3936a9a9ac111f309be1fb1de80def612-1"}
{"index": {"_index":"sim","_id":"1271247"}}
	{"id":1271247,"type":"sell","buyer":"d-pend","seller":"konvik","symbol":"SIM","quantity":"11.517","price":"0.00090000","timestamp":1627535355,"volume":"0.01036530","buyTxId":"73db9bede7dd36e1524bb4b72cc512b050c3a6a2","sellTxId":"a3ecfd9b57f081dfec8bdb8632f2ae01d0bd1be9-1"}
{"index": {"_index":"sim","_id":"1271248"}}
	{"id":1271248,"type":"sell","buyer":"solovey6o2","seller":"konvik","symbol":"SIM","quantity":"27160.221","price":"0.00085001","timestamp":1627535355,"volume":"23.08645945","buyTxId":"67fce1b13b06383b589d9523c6d51929267b52e9","sellTxId":"a3ecfd9b57f081dfec8bdb8632f2ae01d0bd1be9-1"}
{"index": {"_index":"sim","_id":"1271259"}}
	{"id":1271259,"type":"sell","buyer":"solovey6o2","seller":"linco","symbol":"SIM","quantity":"38.445","price":"0.00085001","timestamp":1627535475,"volume":"0.03267863","buyTxId":"67fce1b13b06383b589d9523c6d51929267b52e9","sellTxId":"f55e25d80d3e4224b0fc09b08049fc8e35033e6f"}
{"index": {"_index":"sim","_id":"1271281"}}
	{"id":1271281,"type":"sell","buyer":"d-pend","seller":"nftmart.fees","symbol":"SIM","quantity":"60.000","price":"0.00085000","timestamp":1627535649,"volume":"0.05100000","buyTxId":"44f4da62fc8878f47d6857d0e66ba4083d3a09c8","sellTxId":"27d75a753058995ae5e214f0d7169c930f99978b-0"}
{"index": {"_index":"sim","_id":"1271310"}}
	{"id":1271310,"type":"sell","buyer":"d-pend","seller":"thatcryptodave","symbol":"SIM","quantity":"139.817","price":"0.00085000","timestamp":1627536141,"volume":"0.11884445","buyTxId":"44f4da62fc8878f47d6857d0e66ba4083d3a09c8","sellTxId":"6b55b801cc479ed6c0f2f58e35162f1df6aeae0b"}
{"index": {"_index":"sim","_id":"1271354"}}
	{"id":1271354,"type":"sell","buyer":"d-pend","seller":"ascienceguy","symbol":"SIM","quantity":"57215.270","price":"0.00085000","timestamp":1627536723,"volume":"48.63297950","buyTxId":"44f4da62fc8878f47d6857d0e66ba4083d3a09c8","sellTxId":"f2225283c5e7990708fbded412db361c092c15e3"}
{"index": {"_index":"sim","_id":"1271355"}}
	{"id":1271355,"type":"sell","buyer":"d-pend","seller":"ascienceguy","symbol":"SIM","quantity":"3298.730","price":"0.00084000","timestamp":1627536723,"volume":"2.77093320","buyTxId":"d75997aed2a86443c98d47e4b201f58f66290a46","sellTxId":"f2225283c5e7990708fbded412db361c092c15e3"}
{"index": {"_index":"sim","_id":"1271361"}}
	{"id":1271361,"type":"sell","buyer":"d-pend","seller":"dera123","symbol":"SIM","quantity":"12825.520","price":"0.00084000","timestamp":1627536768,"volume":"10.77343680","buyTxId":"d75997aed2a86443c98d47e4b201f58f66290a46","sellTxId":"9741868682da9b274a9556f1f44f22bb0092217a"}
{"index": {"_index":"sim","_id":"1271557"}}
	{"id":1271557,"type":"sell","buyer":"d-pend","seller":"farm1","symbol":"SIM","quantity":"83875.750","price":"0.00084000","timestamp":1627539213,"volume":"70.45563000","buyTxId":"d75997aed2a86443c98d47e4b201f58f66290a46","sellTxId":"a48db6d0aab15d470c0041c34c6b11f464642457"}
{"index": {"_index":"sim","_id":"1271558"}}
	{"id":1271558,"type":"sell","buyer":"d-pend","seller":"farm1","symbol":"SIM","quantity":"16124.250","price":"0.00083000","timestamp":1627539213,"volume":"13.38312750","buyTxId":"609452dd10d3437712fc83ef3b6d971308effe59","sellTxId":"a48db6d0aab15d470c0041c34c6b11f464642457"}
{"index": {"_index":"sim","_id":"1271629"}}
	{"id":1271629,"type":"sell","buyer":"d-pend","seller":"minnowspower","symbol":"SIM","quantity":"114.190","price":"0.00083000","timestamp":1627539693,"volume":"0.09477770","buyTxId":"609452dd10d3437712fc83ef3b6d971308effe59","sellTxId":"38fefd3c5c2ea6bfc877173b452256f0657de2a4"}
{"index": {"_index":"sim","_id":"1271706"}}
	{"id":1271706,"type":"sell","buyer":"d-pend","seller":"lxsxl","symbol":"SIM","quantity":"2.682","price":"0.00083000","timestamp":1627540590,"volume":"0.00222606","buyTxId":"609452dd10d3437712fc83ef3b6d971308effe59","sellTxId":"70af88eb574d98dc9a5f06d8192bb49c0168f102"}
{"index": {"_index":"sim","_id":"1271727"}}
	{"id":1271727,"type":"sell","buyer":"d-pend","seller":"theguruasia","symbol":"SIM","quantity":"57.216","price":"0.00083000","timestamp":1627540884,"volume":"0.04748928","buyTxId":"609452dd10d3437712fc83ef3b6d971308effe59","sellTxId":"553828c8d30f6521ff1c4716bfc63cda4d192db2"}
{"index": {"_index":"sim","_id":"1271747"}}
	{"id":1271747,"type":"sell","buyer":"d-pend","seller":"dhedge-drips","symbol":"SIM","quantity":"6.422","price":"0.00083000","timestamp":1627541121,"volume":"0.00533026","buyTxId":"609452dd10d3437712fc83ef3b6d971308effe59","sellTxId":"6a1d19fdd1d14aa1ffa867a5ad17fbac8adf9d6b"}
{"index": {"_index":"sim","_id":"1271782"}}
	{"id":1271782,"type":"sell","buyer":"d-pend","seller":"manoldonchev","symbol":"SIM","quantity":"36690.000","price":"0.00083000","timestamp":1627541412,"volume":"30.45270000","buyTxId":"609452dd10d3437712fc83ef3b6d971308effe59","sellTxId":"7a3eba43659201683ccbdeb55fadb5b60793f008"}
{"index": {"_index":"sim","_id":"1271801"}}
	{"id":1271801,"type":"sell","buyer":"d-pend","seller":"fantasycrypto","symbol":"SIM","quantity":"520.121","price":"0.00083000","timestamp":1627541658,"volume":"0.43170043","buyTxId":"609452dd10d3437712fc83ef3b6d971308effe59","sellTxId":"6b5ee695a39abe596543cae4d0a6ec743829acf9"}
{"index": {"_index":"sim","_id":"1271811"}}
	{"id":1271811,"type":"sell","buyer":"d-pend","seller":"manoldonchev","symbol":"SIM","quantity":"12000.000","price":"0.00083000","timestamp":1627541730,"volume":"9.96000000","buyTxId":"609452dd10d3437712fc83ef3b6d971308effe59","sellTxId":"f38573006c01ca5b4cde3977c1c3519c89348920"}
{"index": {"_index":"sim","_id":"1271815"}}
	{"id":1271815,"type":"sell","buyer":"d-pend","seller":"sugandhaseth","symbol":"SIM","quantity":"43.859","price":"0.00083000","timestamp":1627541751,"volume":"0.03640297","buyTxId":"609452dd10d3437712fc83ef3b6d971308effe59","sellTxId":"41069191f460cc9c91581ad2ff8a2b6429ef868d"}
{"index": {"_index":"sim","_id":"1271874"}}
	{"id":1271874,"type":"sell","buyer":"d-pend","seller":"trumpman","symbol":"SIM","quantity":"1030.570","price":"0.00083000","timestamp":1627542180,"volume":"0.85537310","buyTxId":"609452dd10d3437712fc83ef3b6d971308effe59","sellTxId":"53f87d8fe0f164e4cf4ba165fbc5ad0238f4d85f"}
{"index": {"_index":"sim","_id":"1271880"}}
	{"id":1271880,"type":"sell","buyer":"d-pend","seller":"muenchen","symbol":"SIM","quantity":"36982.000","price":"0.00083000","timestamp":1627542261,"volume":"30.69506000","buyTxId":"609452dd10d3437712fc83ef3b6d971308effe59","sellTxId":"87c7b3ae1e4828c602b2571237e6ef6b90d31e90"}
{"index": {"_index":"sim","_id":"1271891"}}
	{"id":1271891,"type":"sell","buyer":"d-pend","seller":"lightcaptured","symbol":"SIM","quantity":"616.377","price":"0.00083000","timestamp":1627542441,"volume":"0.51159291","buyTxId":"609452dd10d3437712fc83ef3b6d971308effe59","sellTxId":"a2f21df5b612e2ec359c4a6b8ba7a676b0e57609"}
{"index": {"_index":"sim","_id":"1271893"}}
	{"id":1271893,"type":"sell","buyer":"d-pend","seller":"imperij4427","symbol":"SIM","quantity":"42141.000","price":"0.00083000","timestamp":1627542450,"volume":"34.97703000","buyTxId":"609452dd10d3437712fc83ef3b6d971308effe59","sellTxId":"c8d32b34a505b778f5f1911381b34abdde4ba165"}
{"index": {"_index":"sim","_id":"1271919"}}
	{"id":1271919,"type":"sell","buyer":"d-pend","seller":"pandygirl","symbol":"SIM","quantity":"3671.313","price":"0.00083000","timestamp":1627542801,"volume":"3.04718979","buyTxId":"609452dd10d3437712fc83ef3b6d971308effe59","sellTxId":"8c25145072a68fa387f3c816d4a37d075ffcb35c"}
{"index": {"_index":"sim","_id":"1271920"}}
	{"id":1271920,"type":"sell","buyer":"he-index","seller":"pandygirl","symbol":"SIM","quantity":"508.434","price":"0.00083000","timestamp":1627542801,"volume":"0.42200022","buyTxId":"fae12cacffefe1ddf3927d81f0490d5862913d5c","sellTxId":"8c25145072a68fa387f3c816d4a37d075ffcb35c"}
{"index": {"_index":"sim","_id":"1271921"}}
	{"id":1271921,"type":"sell","buyer":"d-pend","seller":"pandygirl","symbol":"SIM","quantity":"20897.525","price":"0.00082000","timestamp":1627542801,"volume":"17.13597050","buyTxId":"e9fd0857e6584d1732f27399e1f3834688846160","sellTxId":"8c25145072a68fa387f3c816d4a37d075ffcb35c"}
{"index": {"_index":"sim","_id":"1271964"}}
	{"id":1271964,"type":"sell","buyer":"d-pend","seller":"scriptioner","symbol":"SIM","quantity":"179102.475","price":"0.00082000","timestamp":1627543701,"volume":"146.86402950","buyTxId":"e9fd0857e6584d1732f27399e1f3834688846160","sellTxId":"6cc77e57682dbb489dbdd08e98002bfaa2b26ea8"}
{"index": {"_index":"sim","_id":"1271965"}}
	{"id":1271965,"type":"sell","buyer":"enginemaker","seller":"scriptioner","symbol":"SIM","quantity":"18156.441","price":"0.00081000","timestamp":1627543701,"volume":"14.70671721","buyTxId":"MM-P-9056847-56037936-3-2-0","sellTxId":"6cc77e57682dbb489dbdd08e98002bfaa2b26ea8"}
{"index": {"_index":"sim","_id":"1271966"}}
	{"id":1271966,"type":"sell","buyer":"d-pend","seller":"scriptioner","symbol":"SIM","quantity":"818041.608","price":"0.00080000","timestamp":1627543701,"volume":"654.43328640","buyTxId":"87a27f57495af205c4496d9d29fe8041f57b046f","sellTxId":"6cc77e57682dbb489dbdd08e98002bfaa2b26ea8"}
{"index": {"_index":"sim","_id":"1272115"}}
	{"id":1272115,"type":"sell","buyer":"enginemaker","seller":"anosys","symbol":"SIM","quantity":"39.022","price":"0.00081000","timestamp":1627546293,"volume":"0.03160782","buyTxId":"MM-P-9078734-56059872-3-2-0","sellTxId":"0dbfa47e76f8a799db053478f454cc8b0bf2f44b"}
{"index": {"_index":"sim","_id":"1272118"}}
	{"id":1272118,"type":"sell","buyer":"enginemaker","seller":"ayhamyou","symbol":"SIM","quantity":"4598.000","price":"0.00081000","timestamp":1627546323,"volume":"3.72438000","buyTxId":"MM-P-9078734-56059872-3-2-0","sellTxId":"f2cc9220f3392fd58c373dbb1d86cd16a606f99e"}
{"index": {"_index":"sim","_id":"1272164"}}
	{"id":1272164,"type":"sell","buyer":"enginemaker","seller":"forykw","symbol":"SIM","quantity":"26227.176","price":"0.00081000","timestamp":1627546911,"volume":"21.24401256","buyTxId":"MM-P-9078734-56059872-3-2-0","sellTxId":"3b74500ced57372c086e6d0085d29e0bd19a91d9"}
{"index": {"_index":"sim","_id":"1272165"}}
	{"id":1272165,"type":"sell","buyer":"d-pend","seller":"forykw","symbol":"SIM","quantity":"35913.607","price":"0.00080000","timestamp":1627546911,"volume":"28.73088560","buyTxId":"87a27f57495af205c4496d9d29fe8041f57b046f","sellTxId":"3b74500ced57372c086e6d0085d29e0bd19a91d9"}
{"index": {"_index":"sim","_id":"1272203"}}
	{"id":1272203,"type":"sell","buyer":"enginemaker","seller":"brofi-market","symbol":"SIM","quantity":"0.001","price":"0.00081000","timestamp":1627547412,"volume":"0.00000081","buyTxId":"MM-P-9079728-56060869-3-2-0","sellTxId":"6fa7124b4d64d3d2ce0d558f974157ae1375e450"}
{"index": {"_index":"sim","_id":"1272348"}}
	{"id":1272348,"type":"sell","buyer":"dalz","seller":"elbrava","symbol":"SIM","quantity":"1366.000","price":"0.00082000","timestamp":1627550052,"volume":"1.12012000","buyTxId":"772429d3e62fda915e50b3e4a3348c3dbbf12cc9","sellTxId":"74a1b19c90ec3570381f5f51f1fd85e4f604907b"}
{"index": {"_index":"sim","_id":"1272357"}}
	{"id":1272357,"type":"sell","buyer":"dalz","seller":"mpath","symbol":"SIM","quantity":"1234.000","price":"0.00082000","timestamp":1627550148,"volume":"1.01188000","buyTxId":"772429d3e62fda915e50b3e4a3348c3dbbf12cc9","sellTxId":"5742231d29186818c11cbd6bcb27e60c10e928f5"}
{"index": {"_index":"sim","_id":"1272572"}}
	{"id":1272572,"type":"sell","buyer":"dalz","seller":"nickyhavey","symbol":"SIM","quantity":"0.421","price":"0.00082000","timestamp":1627553967,"volume":"0.00034522","buyTxId":"772429d3e62fda915e50b3e4a3348c3dbbf12cc9","sellTxId":"0c876b7023f1c6ddb67e56e757093c53f74b406e"}
{"index": {"_index":"sim","_id":"1272752"}}
	{"id":1272752,"type":"sell","buyer":"dalz","seller":"frugal-fun","symbol":"SIM","quantity":"17399.579","price":"0.00082000","timestamp":1627556484,"volume":"14.26765478","buyTxId":"772429d3e62fda915e50b3e4a3348c3dbbf12cc9","sellTxId":"98eb03ffb637e3b08913df0012f846d08c1a3a20"}
{"index": {"_index":"sim","_id":"1272753"}}
	{"id":1272753,"type":"sell","buyer":"enginemaker","seller":"frugal-fun","symbol":"SIM","quantity":"30864.197","price":"0.00081000","timestamp":1627556484,"volume":"24.99999957","buyTxId":"MM-P-9079728-56060869-3-2-0","sellTxId":"98eb03ffb637e3b08913df0012f846d08c1a3a20"}
{"index": {"_index":"sim","_id":"1272754"}}
	{"id":1272754,"type":"sell","buyer":"d-pend","seller":"frugal-fun","symbol":"SIM","quantity":"41346.484","price":"0.00080000","timestamp":1627556484,"volume":"33.07718720","buyTxId":"87a27f57495af205c4496d9d29fe8041f57b046f","sellTxId":"98eb03ffb637e3b08913df0012f846d08c1a3a20"}
{"index": {"_index":"sim","_id":"1272781"}}
	{"id":1272781,"type":"sell","buyer":"d-pend","seller":"thesimguru","symbol":"SIM","quantity":"5998.800","price":"0.00080000","timestamp":1627557012,"volume":"4.79904000","buyTxId":"87a27f57495af205c4496d9d29fe8041f57b046f","sellTxId":"79a0b63eb36b1620a1c9907ce85df5c166fc8bed"}
{"index": {"_index":"sim","_id":"1272784"}}
	{"id":1272784,"type":"sell","buyer":"d-pend","seller":"winebank","symbol":"SIM","quantity":"2256.000","price":"0.00080000","timestamp":1627557129,"volume":"1.80480000","buyTxId":"87a27f57495af205c4496d9d29fe8041f57b046f","sellTxId":"4595c192f7d6d2f1d386e009c63865263183da7d"}
{"index": {"_index":"sim","_id":"1272826"}}
	{"id":1272826,"type":"sell","buyer":"d-pend","seller":"bhoa","symbol":"SIM","quantity":"56548.148","price":"0.00080000","timestamp":1627558137,"volume":"45.23851840","buyTxId":"87a27f57495af205c4496d9d29fe8041f57b046f","sellTxId":"abbbb3875f07b676c2b48ee4dd6cdfb0e0f303d4"}
{"index": {"_index":"sim","_id":"1272867"}}
	{"id":1272867,"type":"sell","buyer":"d-pend","seller":"onealfa.leo","symbol":"SIM","quantity":"95.03","price":"0.00080000","timestamp":1627558962,"volume":"0.07602400","buyTxId":"87a27f57495af205c4496d9d29fe8041f57b046f","sellTxId":"6155e3b6bcb9b468a16854f57200edb5b6021d51"}
{"index": {"_index":"sim","_id":"1273000"}}
	{"id":1273000,"type":"buy","buyer":"gerber","seller":"atomcollector","symbol":"SIM","quantity":"2198.013","price":"0.00084000","timestamp":1627561830,"volume":"1.84633092","buyTxId":"0d4733380d32b060d4040d7b409c24f0e4f3cb24","sellTxId":"458c3b6a65fc1e30c42ff52e246f3d4483741b16"}
{"index": {"_index":"sim","_id":"1273001"}}
	{"id":1273001,"type":"buy","buyer":"gerber","seller":"dhedge-drips","symbol":"SIM","quantity":"6.422","price":"0.00084999","timestamp":1627561830,"volume":"0.00545864","buyTxId":"0d4733380d32b060d4040d7b409c24f0e4f3cb24","sellTxId":"45bf963d81b03bd1ecadfdae7440763eaf6f6b3d"}
{"index": {"_index":"sim","_id":"1273002"}}
	{"id":1273002,"type":"buy","buyer":"gerber","seller":"brofi-market","symbol":"SIM","quantity":"0.001","price":"0.00084999","timestamp":1627561830,"volume":"0.00000085","buyTxId":"0d4733380d32b060d4040d7b409c24f0e4f3cb24","sellTxId":"067977c26989e902a12a71e608c09e404ff3d16c"}
{"index": {"_index":"sim","_id":"1273003"}}
	{"id":1273003,"type":"buy","buyer":"gerber","seller":"tiffin","symbol":"SIM","quantity":"1.754","price":"0.00085000","timestamp":1627561830,"volume":"0.00149090","buyTxId":"0d4733380d32b060d4040d7b409c24f0e4f3cb24","sellTxId":"06f1f062ce248a5845d445c7a983ded3cfd2b392"}
{"index": {"_index":"sim","_id":"1273004"}}
	{"id":1273004,"type":"buy","buyer":"gerber","seller":"mpath","symbol":"SIM","quantity":"333.000","price":"0.00085000","timestamp":1627561830,"volume":"0.28305000","buyTxId":"0d4733380d32b060d4040d7b409c24f0e4f3cb24","sellTxId":"057061906fb183d9e6c06d80db62bd227dcf79e5"}
{"index": {"_index":"sim","_id":"1273005"}}
	{"id":1273005,"type":"buy","buyer":"gerber","seller":"linco","symbol":"SIM","quantity":"570.555","price":"0.00085001","timestamp":1627561830,"volume":"0.48497746","buyTxId":"0d4733380d32b060d4040d7b409c24f0e4f3cb24","sellTxId":"f55e25d80d3e4224b0fc09b08049fc8e35033e6f"}
{"index": {"_index":"sim","_id":"1273006"}}
	{"id":1273006,"type":"buy","buyer":"gerber","seller":"enginemaker","symbol":"SIM","quantity":"18156.441","price":"0.00086001","timestamp":1627561830,"volume":"15.61472082","buyTxId":"0d4733380d32b060d4040d7b409c24f0e4f3cb24","sellTxId":"MM-P-9078734-56059872-3-2-1"}
{"index": {"_index":"sim","_id":"1273007"}}
	{"id":1273007,"type":"buy","buyer":"gerber","seller":"kishan006","symbol":"SIM","quantity":"23132.000","price":"0.00087001","timestamp":1627561830,"volume":"20.12507132","buyTxId":"0d4733380d32b060d4040d7b409c24f0e4f3cb24","sellTxId":"d9b120230fbf4d05b5447b234f3675cd02805bd1"}
{"index": {"_index":"sim","_id":"1273008"}}
	{"id":1273008,"type":"buy","buyer":"gerber","seller":"jelly-cz","symbol":"SIM","quantity":"72442.000","price":"0.00087700","timestamp":1627561830,"volume":"63.53163400","buyTxId":"0d4733380d32b060d4040d7b409c24f0e4f3cb24","sellTxId":"MM-P-9080028-56061169-3-34-0"}
{"index": {"_index":"sim","_id":"1273009"}}
	{"id":1273009,"type":"buy","buyer":"gerber","seller":"mpath","symbol":"SIM","quantity":"555.000","price":"0.00088000","timestamp":1627561830,"volume":"0.48840000","buyTxId":"0d4733380d32b060d4040d7b409c24f0e4f3cb24","sellTxId":"ae7fe3638accbc3e446b7c77b76d4359c60a5732"}
{"index": {"_index":"sim","_id":"1273010"}}
	{"id":1273010,"type":"buy","buyer":"gerber","seller":"bitt.nerd","symbol":"SIM","quantity":"100.000","price":"0.00090000","timestamp":1627561830,"volume":"0.09000000","buyTxId":"0d4733380d32b060d4040d7b409c24f0e4f3cb24","sellTxId":"1bf1080b16a084e7b89dde81237a6952c9708165"}
{"index": {"_index":"sim","_id":"1273011"}}
	{"id":1273011,"type":"buy","buyer":"gerber","seller":"desyfit","symbol":"SIM","quantity":"100000.000","price":"0.00090998","timestamp":1627561830,"volume":"90.99800000","buyTxId":"0d4733380d32b060d4040d7b409c24f0e4f3cb24","sellTxId":"967529025e092cf074fcd138252a8a350ce479ba"}
{"index": {"_index":"sim","_id":"1273012"}}
	{"id":1273012,"type":"buy","buyer":"gerber","seller":"solovey6o2","symbol":"SIM","quantity":"451632.623","price":"0.00090999","timestamp":1627561830,"volume":"410.98117060","buyTxId":"0d4733380d32b060d4040d7b409c24f0e4f3cb24","sellTxId":"fed975b37ebbde0865ce6e8b0f965212e7b3453d"}
{"index": {"_index":"sim","_id":"1273013"}}
	{"id":1273013,"type":"buy","buyer":"gerber","seller":"solovey6o2","symbol":"SIM","quantity":"27160.221","price":"0.00090999","timestamp":1627561830,"volume":"24.71552951","buyTxId":"0d4733380d32b060d4040d7b409c24f0e4f3cb24","sellTxId":"8c0ad9138185477a6d6ee8b0c62d14428b42b5d4"}
{"index": {"_index":"sim","_id":"1273014"}}
	{"id":1273014,"type":"buy","buyer":"gerber","seller":"imandurey","symbol":"SIM","quantity":"13154.257","price":"0.00091000","timestamp":1627561830,"volume":"11.97037387","buyTxId":"0d4733380d32b060d4040d7b409c24f0e4f3cb24","sellTxId":"c5ebca215660de9f7c83535dd8161854c2c49d09"}
{"index": {"_index":"sim","_id":"1273015"}}
	{"id":1273015,"type":"buy","buyer":"gerber","seller":"qwerrie","symbol":"SIM","quantity":"89.760","price":"0.00091668","timestamp":1627561830,"volume":"0.08228120","buyTxId":"0d4733380d32b060d4040d7b409c24f0e4f3cb24","sellTxId":"46239ee0a871f83dd197b9d08bb972c98ea7ac03"}
{"index": {"_index":"sim","_id":"1273016"}}
	{"id":1273016,"type":"buy","buyer":"gerber","seller":"dhedge-drips","symbol":"SIM","quantity":"7.307","price":"0.00091999","timestamp":1627561830,"volume":"0.00672237","buyTxId":"0d4733380d32b060d4040d7b409c24f0e4f3cb24","sellTxId":"44d380f264345840aade5de5c28a3a9fe8c38759"}
{"index": {"_index":"sim","_id":"1273017"}}
	{"id":1273017,"type":"buy","buyer":"gerber","seller":"bhoa","symbol":"SIM","quantity":"6445.454","price":"0.00092000","timestamp":1627561830,"volume":"5.92981768","buyTxId":"0d4733380d32b060d4040d7b409c24f0e4f3cb24","sellTxId":"0f965bee9834d2f0cca942bb178e7c6899ac052e"}
{"index": {"_index":"sim","_id":"1273018"}}
	{"id":1273018,"type":"buy","buyer":"gerber","seller":"dhedge-drips","symbol":"SIM","quantity":"2.676","price":"0.00093948","timestamp":1627561830,"volume":"0.00251405","buyTxId":"0d4733380d32b060d4040d7b409c24f0e4f3cb24","sellTxId":"54aed3fbaffc1c010035438904594c2fe5faa43f"}
{"index": {"_index":"sim","_id":"1273019"}}
	{"id":1273019,"type":"buy","buyer":"gerber","seller":"eirik","symbol":"SIM","quantity":"1600.000","price":"0.00095000","timestamp":1627561830,"volume":"1.52000000","buyTxId":"0d4733380d32b060d4040d7b409c24f0e4f3cb24","sellTxId":"4de74d69a8e4de2d207eef25f768786859e35008"}
{"index": {"_index":"sim","_id":"1273020"}}
	{"id":1273020,"type":"buy","buyer":"gerber","seller":"bhoa","symbol":"SIM","quantity":"9374.008","price":"0.00096000","timestamp":1627561830,"volume":"8.99904768","buyTxId":"0d4733380d32b060d4040d7b409c24f0e4f3cb24","sellTxId":"0ff3f66d112f3acde3efc1af8dbbabee24294d6b"}
{"index": {"_index":"sim","_id":"1273021"}}
	{"id":1273021,"type":"buy","buyer":"gerber","seller":"lestrange","symbol":"SIM","quantity":"2910.444","price":"0.00096548","timestamp":1627561830,"volume":"2.80997547","buyTxId":"0d4733380d32b060d4040d7b409c24f0e4f3cb24","sellTxId":"4b6289fa2c4d61220b33eb749232324ea4a2187f"}
{"index": {"_index":"sim","_id":"1273022"}}
	{"id":1273022,"type":"buy","buyer":"gerber","seller":"dhedge-drips","symbol":"SIM","quantity":"0.004","price":"0.00096583","timestamp":1627561830,"volume":"0.00000386","buyTxId":"0d4733380d32b060d4040d7b409c24f0e4f3cb24","sellTxId":"d088ea7e3c6dbefa999ce36621e43a2bddeda324"}
{"index": {"_index":"sim","_id":"1273023"}}
	{"id":1273023,"type":"buy","buyer":"gerber","seller":"dhedge-drips","symbol":"SIM","quantity":"3.042","price":"0.00097841","timestamp":1627561830,"volume":"0.00297632","buyTxId":"0d4733380d32b060d4040d7b409c24f0e4f3cb24","sellTxId":"9fec0809b9089fb4b67a155cd5eb4e78e6f11d7f"}
{"index": {"_index":"sim","_id":"1273024"}}
	{"id":1273024,"type":"buy","buyer":"gerber","seller":"he-index","symbol":"SIM","quantity":"574.915","price":"0.00097850","timestamp":1627561830,"volume":"0.56255433","buyTxId":"0d4733380d32b060d4040d7b409c24f0e4f3cb24","sellTxId":"7fa6c949dd5384496df4eead69bd8fbf6b2959c3"}
{"index": {"_index":"sim","_id":"1273025"}}
	{"id":1273025,"type":"buy","buyer":"gerber","seller":"chekohler","symbol":"SIM","quantity":"0.984","price":"0.00098000","timestamp":1627561830,"volume":"0.00096432","buyTxId":"0d4733380d32b060d4040d7b409c24f0e4f3cb24","sellTxId":"4d8f61dd43ed9f743c99dadb4295e5d16e815ec5"}
{"index": {"_index":"sim","_id":"1273026"}}
	{"id":1273026,"type":"buy","buyer":"gerber","seller":"mapac","symbol":"SIM","quantity":"555.000","price":"0.00098000","timestamp":1627561830,"volume":"0.54390000","buyTxId":"0d4733380d32b060d4040d7b409c24f0e4f3cb24","sellTxId":"d0aa643122d786909271e7b431bda2d7e47602ea"}
{"index": {"_index":"sim","_id":"1273027"}}
	{"id":1273027,"type":"buy","buyer":"gerber","seller":"mpath","symbol":"SIM","quantity":"345.000","price":"0.00098000","timestamp":1627561830,"volume":"0.33810000","buyTxId":"0d4733380d32b060d4040d7b409c24f0e4f3cb24","sellTxId":"a03cb841ccc1cae5c66f63898012ef3445268543"}
{"index": {"_index":"sim","_id":"1273028"}}
	{"id":1273028,"type":"buy","buyer":"gerber","seller":"cryptofiloz","symbol":"SIM","quantity":"5226.000","price":"0.00099501","timestamp":1627561830,"volume":"5.19992226","buyTxId":"0d4733380d32b060d4040d7b409c24f0e4f3cb24","sellTxId":"11dea2ce4cc8cf1fea50e42370bf586e9c07cce0"}
{"index": {"_index":"sim","_id":"1273029"}}
	{"id":1273029,"type":"buy","buyer":"gerber","seller":"dhedge-drips","symbol":"SIM","quantity":"0.005","price":"0.00099559","timestamp":1627561830,"volume":"0.00000498","buyTxId":"0d4733380d32b060d4040d7b409c24f0e4f3cb24","sellTxId":"d892245204efd60b6beb0dc60e438395beab7aa3"}
{"index": {"_index":"sim","_id":"1273030"}}
	{"id":1273030,"type":"buy","buyer":"gerber","seller":"mpath","symbol":"SIM","quantity":"333.000","price":"0.00099560","timestamp":1627561830,"volume":"0.33153480","buyTxId":"0d4733380d32b060d4040d7b409c24f0e4f3cb24","sellTxId":"c86c7f765d7aa42f46ddb1515bd34dca97f2cfa0"}
{"index": {"_index":"sim","_id":"1273031"}}
	{"id":1273031,"type":"buy","buyer":"gerber","seller":"onecent","symbol":"SIM","quantity":"345.000","price":"0.00099600","timestamp":1627561830,"volume":"0.34362000","buyTxId":"0d4733380d32b060d4040d7b409c24f0e4f3cb24","sellTxId":"9acfb5d3bc54bc6a9b1187f72d0701d0964d5077"}
{"index": {"_index":"sim","_id":"1273032"}}
	{"id":1273032,"type":"buy","buyer":"gerber","seller":"heikki1337","symbol":"SIM","quantity":"1794.572","price":"0.00099895","timestamp":1627561830,"volume":"1.79268770","buyTxId":"0d4733380d32b060d4040d7b409c24f0e4f3cb24","sellTxId":"b7f13e6eae55ae96f3d84ece0c923cbd8e508b90"}
{"index": {"_index":"sim","_id":"1273033"}}
	{"id":1273033,"type":"buy","buyer":"gerber","seller":"dcityfund","symbol":"SIM","quantity":"4850.371","price":"0.00100000","timestamp":1627561830,"volume":"4.85037100","buyTxId":"0d4733380d32b060d4040d7b409c24f0e4f3cb24","sellTxId":"be4c209e0f5d72c7aeb0eda64c4a2a6e90e63878"}
{"index": {"_index":"sim","_id":"1273034"}}
	{"id":1273034,"type":"buy","buyer":"gerber","seller":"dcityfund","symbol":"SIM","quantity":"4904.480","price":"0.00100000","timestamp":1627561830,"volume":"4.90448000","buyTxId":"0d4733380d32b060d4040d7b409c24f0e4f3cb24","sellTxId":"d1d9a9f67d7f01d31d6b8b38c79fcbc9030eeef8"}
{"index": {"_index":"sim","_id":"1273035"}}
	{"id":1273035,"type":"buy","buyer":"gerber","seller":"dcityfund","symbol":"SIM","quantity":"4953.329","price":"0.00100000","timestamp":1627561830,"volume":"4.95332900","buyTxId":"0d4733380d32b060d4040d7b409c24f0e4f3cb24","sellTxId":"6daeae29dd6084022c86a59c71ded465e93e8cf6"}
{"index": {"_index":"sim","_id":"1273036"}}
	{"id":1273036,"type":"buy","buyer":"gerber","seller":"dcityfund","symbol":"SIM","quantity":"4996.854","price":"0.00100000","timestamp":1627561830,"volume":"4.99685400","buyTxId":"0d4733380d32b060d4040d7b409c24f0e4f3cb24","sellTxId":"8c41f13ae3a2cf37065e11077c5e8c8af6c25bf8"}
{"index": {"_index":"sim","_id":"1273037"}}
	{"id":1273037,"type":"buy","buyer":"gerber","seller":"dcityfund","symbol":"SIM","quantity":"4956.966","price":"0.00100000","timestamp":1627561830,"volume":"4.95696600","buyTxId":"0d4733380d32b060d4040d7b409c24f0e4f3cb24","sellTxId":"46e0091f0b4eb1895319e9c23b0a94fbf30ee1da"}
{"index": {"_index":"sim","_id":"1273038"}}
	{"id":1273038,"type":"buy","buyer":"gerber","seller":"dcityfund","symbol":"SIM","quantity":"4916.164","price":"0.00100000","timestamp":1627561830,"volume":"4.91616400","buyTxId":"0d4733380d32b060d4040d7b409c24f0e4f3cb24","sellTxId":"e20018297f1ab669c8b409ffbf88d655cadf95cf"}
{"index": {"_index":"sim","_id":"1273039"}}
	{"id":1273039,"type":"buy","buyer":"gerber","seller":"dcityfund","symbol":"SIM","quantity":"5027.288","price":"0.00100000","timestamp":1627561830,"volume":"5.02728800","buyTxId":"0d4733380d32b060d4040d7b409c24f0e4f3cb24","sellTxId":"28d21ad9fe466486576f310eac63d6734d8fe103"}
{"index": {"_index":"sim","_id":"1273040"}}
	{"id":1273040,"type":"buy","buyer":"gerber","seller":"dcityfund","symbol":"SIM","quantity":"5054.510","price":"0.00100000","timestamp":1627561830,"volume":"5.05451000","buyTxId":"0d4733380d32b060d4040d7b409c24f0e4f3cb24","sellTxId":"de40016dfdbfb0568853fd141c2a0f9894d66bc6"}
{"index": {"_index":"sim","_id":"1273041"}}
	{"id":1273041,"type":"buy","buyer":"gerber","seller":"dcityfund","symbol":"SIM","quantity":"5003.484","price":"0.00100000","timestamp":1627561830,"volume":"5.00348400","buyTxId":"0d4733380d32b060d4040d7b409c24f0e4f3cb24","sellTxId":"c6346154c9fdc6c9a401782f0890c70fa9fdcb20"}
{"index": {"_index":"sim","_id":"1273042"}}
	{"id":1273042,"type":"buy","buyer":"gerber","seller":"dhedge-drips","symbol":"SIM","quantity":"3.170","price":"0.00100000","timestamp":1627561830,"volume":"0.00317000","buyTxId":"0d4733380d32b060d4040d7b409c24f0e4f3cb24","sellTxId":"4d9ad4635ab8aa4e4aca2006129dcbd0897fd7f7"}
{"index": {"_index":"sim","_id":"1273043"}}
	{"id":1273043,"type":"buy","buyer":"gerber","seller":"dcityfund","symbol":"SIM","quantity":"4952.219","price":"0.00100000","timestamp":1627561830,"volume":"4.95221900","buyTxId":"0d4733380d32b060d4040d7b409c24f0e4f3cb24","sellTxId":"74250fbda27d95687e9cf38dcdaf778ad2a1cc77"}
{"index": {"_index":"sim","_id":"1273044"}}
	{"id":1273044,"type":"buy","buyer":"gerber","seller":"mapac","symbol":"SIM","quantity":"333.000","price":"0.00100000","timestamp":1627561830,"volume":"0.33300000","buyTxId":"0d4733380d32b060d4040d7b409c24f0e4f3cb24","sellTxId":"380ce23b25a51cf033a85502d5d0fac4f42d2c09"}
{"index": {"_index":"sim","_id":"1273045"}}
	{"id":1273045,"type":"buy","buyer":"gerber","seller":"onecent","symbol":"SIM","quantity":"444.000","price":"0.00100000","timestamp":1627561830,"volume":"0.44400000","buyTxId":"0d4733380d32b060d4040d7b409c24f0e4f3cb24","sellTxId":"85a669aa8e9b74a1bccf27349519ef0c2b6bbc2c"}
{"index": {"_index":"sim","_id":"1273046"}}
	{"id":1273046,"type":"buy","buyer":"gerber","seller":"chekohler","symbol":"SIM","quantity":"3.986","price":"0.00100000","timestamp":1627561830,"volume":"0.00398600","buyTxId":"0d4733380d32b060d4040d7b409c24f0e4f3cb24","sellTxId":"e7ee06ed0a55d6b5ec54b84e9a7f0e002c89aab8"}
{"index": {"_index":"sim","_id":"1273047"}}
	{"id":1273047,"type":"buy","buyer":"gerber","seller":"fiberfrau","symbol":"SIM","quantity":"30.000","price":"0.00100000","timestamp":1627561830,"volume":"0.03000000","buyTxId":"0d4733380d32b060d4040d7b409c24f0e4f3cb24","sellTxId":"d29937f588b05300cf8797812f9caa4fd60a123d"}
{"index": {"_index":"sim","_id":"1273048"}}
	{"id":1273048,"type":"buy","buyer":"gerber","seller":"mapac","symbol":"SIM","quantity":"345.000","price":"0.00100000","timestamp":1627561830,"volume":"0.34500000","buyTxId":"0d4733380d32b060d4040d7b409c24f0e4f3cb24","sellTxId":"ee9c518b2583d027fafa662aa3e63af8fbd2fd93"}
{"index": {"_index":"sim","_id":"1273049"}}
	{"id":1273049,"type":"buy","buyer":"gerber","seller":"accelerator","symbol":"SIM","quantity":"456.000","price":"0.00100000","timestamp":1627561830,"volume":"0.45600000","buyTxId":"0d4733380d32b060d4040d7b409c24f0e4f3cb24","sellTxId":"3ba445e3541081ba328e4cafcb29734510498a07"}
{"index": {"_index":"sim","_id":"1273050"}}
	{"id":1273050,"type":"buy","buyer":"gerber","seller":"mpath","symbol":"SIM","quantity":"567.000","price":"0.00100000","timestamp":1627561830,"volume":"0.56700000","buyTxId":"0d4733380d32b060d4040d7b409c24f0e4f3cb24","sellTxId":"99994ef0b56d79e3ff5102245ea93a493c1e42e3"}
{"index": {"_index":"sim","_id":"1273051"}}
	{"id":1273051,"type":"buy","buyer":"gerber","seller":"eirik","symbol":"SIM","quantity":"950.000","price":"0.00100000","timestamp":1627561830,"volume":"0.95000000","buyTxId":"0d4733380d32b060d4040d7b409c24f0e4f3cb24","sellTxId":"fa6b5e12595c07680df4a8281fbe7099453f6a53"}
{"index": {"_index":"sim","_id":"1273052"}}
	{"id":1273052,"type":"buy","buyer":"gerber","seller":"brofi-market","symbol":"SIM","quantity":"0.001","price":"0.00100898","timestamp":1627561830,"volume":"0.00000101","buyTxId":"0d4733380d32b060d4040d7b409c24f0e4f3cb24","sellTxId":"97236016149081a2c0ebdd576f2be44cc659f65b"}
{"index": {"_index":"sim","_id":"1273053"}}
	{"id":1273053,"type":"buy","buyer":"gerber","seller":"dhedge-drips","symbol":"SIM","quantity":"0.005","price":"0.00102401","timestamp":1627561830,"volume":"0.00000512","buyTxId":"0d4733380d32b060d4040d7b409c24f0e4f3cb24","sellTxId":"69aad9c6df79d5360f052f9a7fb012d87992c1b2"}
{"index": {"_index":"sim","_id":"1273054"}}
	{"id":1273054,"type":"buy","buyer":"gerber","seller":"dhedge-drips","symbol":"SIM","quantity":"7.762","price":"0.00102648","timestamp":1627561830,"volume":"0.00796754","buyTxId":"0d4733380d32b060d4040d7b409c24f0e4f3cb24","sellTxId":"b0f9aa5e1ed63824011257b5a3ecf558543b8ccd"}
{"index": {"_index":"sim","_id":"1273055"}}
	{"id":1273055,"type":"buy","buyer":"gerber","seller":"mpath","symbol":"SIM","quantity":"334.000","price":"0.00102770","timestamp":1627561830,"volume":"0.34325180","buyTxId":"0d4733380d32b060d4040d7b409c24f0e4f3cb24","sellTxId":"47ce9992a88d4d813e8d2ace3ed58beb2c4df307"}
{"index": {"_index":"sim","_id":"1273056"}}
	{"id":1273056,"type":"buy","buyer":"gerber","seller":"accelerator","symbol":"SIM","quantity":"333.000","price":"0.00102930","timestamp":1627561830,"volume":"0.34275690","buyTxId":"0d4733380d32b060d4040d7b409c24f0e4f3cb24","sellTxId":"99c16d893b8aa1f2161f03d9b39c114e75d9a703"}
{"index": {"_index":"sim","_id":"1273057"}}
	{"id":1273057,"type":"buy","buyer":"gerber","seller":"accelerator","symbol":"SIM","quantity":"333.000","price":"0.00102930","timestamp":1627561830,"volume":"0.34275690","buyTxId":"0d4733380d32b060d4040d7b409c24f0e4f3cb24","sellTxId":"aefce8e65912d7eb5f6369db4b274d2a30ae0002"}
{"index": {"_index":"sim","_id":"1273058"}}
	{"id":1273058,"type":"buy","buyer":"gerber","seller":"mapac","symbol":"SIM","quantity":"555.000","price":"0.00103000","timestamp":1627561830,"volume":"0.57165000","buyTxId":"0d4733380d32b060d4040d7b409c24f0e4f3cb24","sellTxId":"c8fb450e9a3b236c140151a4ddf625c7f30840c2"}
{"index": {"_index":"sim","_id":"1273059"}}
	{"id":1273059,"type":"buy","buyer":"gerber","seller":"onecent","symbol":"SIM","quantity":"333.000","price":"0.00103400","timestamp":1627561830,"volume":"0.34432200","buyTxId":"0d4733380d32b060d4040d7b409c24f0e4f3cb24","sellTxId":"3ca0ef1eabeeca6d172e2d07a3b0d081df8d9940"}
{"index": {"_index":"sim","_id":"1273060"}}
	{"id":1273060,"type":"buy","buyer":"gerber","seller":"cryptofiloz","symbol":"SIM","quantity":"13903.000","price":"0.00103501","timestamp":1627561830,"volume":"14.38974403","buyTxId":"0d4733380d32b060d4040d7b409c24f0e4f3cb24","sellTxId":"ffe9635c50f8b652526dded4c1405f3eee8229d8"}
{"index": {"_index":"sim","_id":"1273061"}}
	{"id":1273061,"type":"buy","buyer":"gerber","seller":"dhedge-drips","symbol":"SIM","quantity":"2.946","price":"0.00103525","timestamp":1627561830,"volume":"0.00304985","buyTxId":"0d4733380d32b060d4040d7b409c24f0e4f3cb24","sellTxId":"38b92556c33b2319418e0be1e3f18713adf137ff"}
{"index": {"_index":"sim","_id":"1273062"}}
	{"id":1273062,"type":"buy","buyer":"gerber","seller":"dhedge-drips","symbol":"SIM","quantity":"0.004","price":"0.00103955","timestamp":1627561830,"volume":"0.00000416","buyTxId":"0d4733380d32b060d4040d7b409c24f0e4f3cb24","sellTxId":"2c6cbc3afbb165f25eba5149017aab945e6d8bbb"}
{"index": {"_index":"sim","_id":"1273063"}}
	{"id":1273063,"type":"buy","buyer":"gerber","seller":"brofi-market","symbol":"SIM","quantity":"76.467","price":"0.00104000","timestamp":1627561830,"volume":"0.07952568","buyTxId":"0d4733380d32b060d4040d7b409c24f0e4f3cb24","sellTxId":"8602a69355e443657c7c6afde1f14572d44a3e5b"}
{"index": {"_index":"sim","_id":"1273064"}}
	{"id":1273064,"type":"buy","buyer":"gerber","seller":"freebornsociety","symbol":"SIM","quantity":"74176.639","price":"0.00104000","timestamp":1627561830,"volume":"77.14370456","buyTxId":"0d4733380d32b060d4040d7b409c24f0e4f3cb24","sellTxId":"ee1212293ae63248f51cdcce357bf6b3808b8bcd"}
{"index": {"_index":"sim","_id":"1273065"}}
	{"id":1273065,"type":"buy","buyer":"gerber","seller":"dhedge-drips","symbol":"SIM","quantity":"2.654","price":"0.00104999","timestamp":1627561830,"volume":"0.00278667","buyTxId":"0d4733380d32b060d4040d7b409c24f0e4f3cb24","sellTxId":"78bc2c18719c8b2a5f38015eacec1291bd1e5eae"}
{"index": {"_index":"sim","_id":"1273066"}}
	{"id":1273066,"type":"buy","buyer":"gerber","seller":"bhoa","symbol":"SIM","quantity":"314.864","price":"0.00105000","timestamp":1627561830,"volume":"0.33060720","buyTxId":"0d4733380d32b060d4040d7b409c24f0e4f3cb24","sellTxId":"826fa61d71f273c7dfcd043d6f193b8c81bf42dc"}
{"index": {"_index":"sim","_id":"1273067"}}
	{"id":1273067,"type":"buy","buyer":"gerber","seller":"onecent","symbol":"SIM","quantity":"333.000","price":"0.00105000","timestamp":1627561830,"volume":"0.34965000","buyTxId":"0d4733380d32b060d4040d7b409c24f0e4f3cb24","sellTxId":"d0dfc1cada2ddb0f1668001282234e138f9f3a94"}
{"index": {"_index":"sim","_id":"1273068"}}
	{"id":1273068,"type":"buy","buyer":"gerber","seller":"eirik","symbol":"SIM","quantity":"900.000","price":"0.00105000","timestamp":1627561830,"volume":"0.94500000","buyTxId":"0d4733380d32b060d4040d7b409c24f0e4f3cb24","sellTxId":"2494bc8739b9178f28e1f808513773efd2cdb6df"}
{"index": {"_index":"sim","_id":"1273069"}}
	{"id":1273069,"type":"buy","buyer":"gerber","seller":"mpath","symbol":"SIM","quantity":"321.000","price":"0.00105490","timestamp":1627561830,"volume":"0.33862290","buyTxId":"0d4733380d32b060d4040d7b409c24f0e4f3cb24","sellTxId":"d180db0cb453301c803ada196dceddad42a1373e"}
{"index": {"_index":"sim","_id":"1273070"}}
	{"id":1273070,"type":"buy","buyer":"gerber","seller":"accelerator","symbol":"SIM","quantity":"234.000","price":"0.00105600","timestamp":1627561830,"volume":"0.24710400","buyTxId":"0d4733380d32b060d4040d7b409c24f0e4f3cb24","sellTxId":"14111f28a8f17057d6de52703ba3378e0f041293"}
{"index": {"_index":"sim","_id":"1273071"}}
	{"id":1273071,"type":"buy","buyer":"gerber","seller":"onecent","symbol":"SIM","quantity":"333.000","price":"0.00106000","timestamp":1627561830,"volume":"0.35298000","buyTxId":"0d4733380d32b060d4040d7b409c24f0e4f3cb24","sellTxId":"2e4fc807a23675521570430ef25b4424556e9b4d"}
{"index": {"_index":"sim","_id":"1273072"}}
	{"id":1273072,"type":"buy","buyer":"gerber","seller":"mpath","symbol":"SIM","quantity":"326.000","price":"0.00106000","timestamp":1627561830,"volume":"0.34556000","buyTxId":"0d4733380d32b060d4040d7b409c24f0e4f3cb24","sellTxId":"2bbb3f157dea94337a8da88616f6b67249b21e04"}
{"index": {"_index":"sim","_id":"1273073"}}
	{"id":1273073,"type":"buy","buyer":"gerber","seller":"mapac","symbol":"SIM","quantity":"355.000","price":"0.00106450","timestamp":1627561830,"volume":"0.37789750","buyTxId":"0d4733380d32b060d4040d7b409c24f0e4f3cb24","sellTxId":"e173262c76b651c6b0c41f74951b3d9b2caa073f"}
{"index": {"_index":"sim","_id":"1273074"}}
	{"id":1273074,"type":"buy","buyer":"gerber","seller":"dhedge-drips","symbol":"SIM","quantity":"0.005","price":"0.00106799","timestamp":1627561830,"volume":"0.00000534","buyTxId":"0d4733380d32b060d4040d7b409c24f0e4f3cb24","sellTxId":"19754289ad9daec1b338b6eea9d53aec933c1170"}
{"index": {"_index":"sim","_id":"1273075"}}
	{"id":1273075,"type":"buy","buyer":"gerber","seller":"dcityfund","symbol":"SIM","quantity":"521.392","price":"0.00106800","timestamp":1627561830,"volume":"0.55684666","buyTxId":"0d4733380d32b060d4040d7b409c24f0e4f3cb24","sellTxId":"867e26b555dcc3140ae9437c78fcbebaa51b5909"}
{"index": {"_index":"sim","_id":"1273076"}}
	{"id":1273076,"type":"buy","buyer":"gerber","seller":"dcityfund","symbol":"SIM","quantity":"1252.201","price":"0.00106800","timestamp":1627561830,"volume":"1.33735067","buyTxId":"0d4733380d32b060d4040d7b409c24f0e4f3cb24","sellTxId":"38eaaa6ad63cc86df08ae1a5f3c581144d9abcb2"}
{"index": {"_index":"sim","_id":"1273077"}}
	{"id":1273077,"type":"buy","buyer":"gerber","seller":"dcityfund","symbol":"SIM","quantity":"1382.034","price":"0.00106800","timestamp":1627561830,"volume":"1.47601231","buyTxId":"0d4733380d32b060d4040d7b409c24f0e4f3cb24","sellTxId":"4923b5e8ae5d72e5190595353e08c50df725e50a"}
{"index": {"_index":"sim","_id":"1273078"}}
	{"id":1273078,"type":"buy","buyer":"gerber","seller":"dcityfund","symbol":"SIM","quantity":"1377.124","price":"0.00106800","timestamp":1627561830,"volume":"1.47076843","buyTxId":"0d4733380d32b060d4040d7b409c24f0e4f3cb24","sellTxId":"9b6635710cd1c237d7bc2c25a41168c88badfb17"}
{"index": {"_index":"sim","_id":"1273079"}}
	{"id":1273079,"type":"buy","buyer":"gerber","seller":"dcityfund","symbol":"SIM","quantity":"1356.248","price":"0.00106800","timestamp":1627561830,"volume":"1.44847286","buyTxId":"0d4733380d32b060d4040d7b409c24f0e4f3cb24","sellTxId":"1f5ddea454fc26fd14f233841881ca81eef016c3"}
{"index": {"_index":"sim","_id":"1273080"}}
	{"id":1273080,"type":"buy","buyer":"gerber","seller":"dcityfund","symbol":"SIM","quantity":"1335.602","price":"0.00106800","timestamp":1627561830,"volume":"1.42642294","buyTxId":"0d4733380d32b060d4040d7b409c24f0e4f3cb24","sellTxId":"bc39c76a39055ad3b3a43538ba09b00ac08ed5c4"}
{"index": {"_index":"sim","_id":"1273081"}}
	{"id":1273081,"type":"buy","buyer":"gerber","seller":"dcityfund","symbol":"SIM","quantity":"1328.189","price":"0.00106800","timestamp":1627561830,"volume":"1.41850585","buyTxId":"0d4733380d32b060d4040d7b409c24f0e4f3cb24","sellTxId":"00593a1c9a13a7a4bd3e939081894dadf8b2d4aa"}
{"index": {"_index":"sim","_id":"1273082"}}
	{"id":1273082,"type":"buy","buyer":"gerber","seller":"dcityfund","symbol":"SIM","quantity":"1438.605","price":"0.00106800","timestamp":1627561830,"volume":"1.53643014","buyTxId":"0d4733380d32b060d4040d7b409c24f0e4f3cb24","sellTxId":"f50011dbb79390f4eb265ba7c631e5b10f6262ab"}
{"index": {"_index":"sim","_id":"1273083"}}
	{"id":1273083,"type":"buy","buyer":"gerber","seller":"dcityfund","symbol":"SIM","quantity":"1432.670","price":"0.00106800","timestamp":1627561830,"volume":"1.53009156","buyTxId":"0d4733380d32b060d4040d7b409c24f0e4f3cb24","sellTxId":"6c4e97673073b767d068e0d631d425b4a8e1e9e8"}
{"index": {"_index":"sim","_id":"1273084"}}
	{"id":1273084,"type":"buy","buyer":"gerber","seller":"dcityfund","symbol":"SIM","quantity":"4169.197","price":"0.00106800","timestamp":1627561830,"volume":"4.45270240","buyTxId":"0d4733380d32b060d4040d7b409c24f0e4f3cb24","sellTxId":"277e2482472a03972faaa1b124278db807f1807d"}
{"index": {"_index":"sim","_id":"1273085"}}
	{"id":1273085,"type":"buy","buyer":"gerber","seller":"dcityfund","symbol":"SIM","quantity":"4168.444","price":"0.00106800","timestamp":1627561830,"volume":"4.45189819","buyTxId":"0d4733380d32b060d4040d7b409c24f0e4f3cb24","sellTxId":"8b8fcdfe77df9e5e53f91333372a16573d33b012"}
{"index": {"_index":"sim","_id":"1273086"}}
	{"id":1273086,"type":"buy","buyer":"gerber","seller":"dcityfund","symbol":"SIM","quantity":"4164.256","price":"0.00106800","timestamp":1627561830,"volume":"4.44742541","buyTxId":"0d4733380d32b060d4040d7b409c24f0e4f3cb24","sellTxId":"da3e99aa44a9bbb38dc6ff059237e524e2b80717"}
{"index": {"_index":"sim","_id":"1273087"}}
	{"id":1273087,"type":"buy","buyer":"gerber","seller":"dcityfund","symbol":"SIM","quantity":"4108.175","price":"0.00106800","timestamp":1627561830,"volume":"4.38753090","buyTxId":"0d4733380d32b060d4040d7b409c24f0e4f3cb24","sellTxId":"c190286e1b9a4ccd8914c008318f1bc52fa9b8fc"}
{"index": {"_index":"sim","_id":"1273088"}}
	{"id":1273088,"type":"buy","buyer":"gerber","seller":"dcityfund","symbol":"SIM","quantity":"4208.814","price":"0.00106800","timestamp":1627561830,"volume":"4.49501335","buyTxId":"0d4733380d32b060d4040d7b409c24f0e4f3cb24","sellTxId":"b077d91303617b1bf8ab35e8af410ff14d58a7a7"}
{"index": {"_index":"sim","_id":"1273089"}}
	{"id":1273089,"type":"buy","buyer":"gerber","seller":"dcityfund","symbol":"SIM","quantity":"4149.384","price":"0.00106800","timestamp":1627561830,"volume":"4.43154211","buyTxId":"0d4733380d32b060d4040d7b409c24f0e4f3cb24","sellTxId":"4867c0181c7d9a8e3723f637b0016218b37ddeb3"}
{"index": {"_index":"sim","_id":"1273090"}}
	{"id":1273090,"type":"buy","buyer":"gerber","seller":"dcityfund","symbol":"SIM","quantity":"4077.652","price":"0.00106800","timestamp":1627561830,"volume":"4.35493234","buyTxId":"0d4733380d32b060d4040d7b409c24f0e4f3cb24","sellTxId":"a7b0696194389547974d9e1ad5343b0f739b7972"}
{"index": {"_index":"sim","_id":"1273091"}}
	{"id":1273091,"type":"buy","buyer":"gerber","seller":"dcityfund","symbol":"SIM","quantity":"4067.807","price":"0.00106800","timestamp":1627561830,"volume":"4.34441788","buyTxId":"0d4733380d32b060d4040d7b409c24f0e4f3cb24","sellTxId":"eb625c5f4ac558c873d272f52b6a1145a2c3c973"}
{"index": {"_index":"sim","_id":"1273092"}}
	{"id":1273092,"type":"buy","buyer":"gerber","seller":"dcityfund","symbol":"SIM","quantity":"4026.452","price":"0.00106800","timestamp":1627561830,"volume":"4.30025074","buyTxId":"0d4733380d32b060d4040d7b409c24f0e4f3cb24","sellTxId":"e668d9ad04ac51346aee282fcf5533b233bcd83f"}
{"index": {"_index":"sim","_id":"1273093"}}
	{"id":1273093,"type":"buy","buyer":"gerber","seller":"dcityfund","symbol":"SIM","quantity":"3967.663","price":"0.00106800","timestamp":1627561830,"volume":"4.23746408","buyTxId":"0d4733380d32b060d4040d7b409c24f0e4f3cb24","sellTxId":"03ff5cc4e7fe723e45a718ada90dfa8143a47ba7"}
{"index": {"_index":"sim","_id":"1273094"}}
	{"id":1273094,"type":"buy","buyer":"gerber","seller":"dcityfund","symbol":"SIM","quantity":"3909.277","price":"0.00106800","timestamp":1627561830,"volume":"4.17510784","buyTxId":"0d4733380d32b060d4040d7b409c24f0e4f3cb24","sellTxId":"c961165dc2be6df180fc9570084830f31e082e9d"}
{"index": {"_index":"sim","_id":"1273095"}}
	{"id":1273095,"type":"buy","buyer":"gerber","seller":"dcityfund","symbol":"SIM","quantity":"3942.210","price":"0.00106800","timestamp":1627561830,"volume":"4.21028028","buyTxId":"0d4733380d32b060d4040d7b409c24f0e4f3cb24","sellTxId":"8b24c7a789bb7b69e1265aa7ff14d714dbf37a52"}
{"index": {"_index":"sim","_id":"1273096"}}
	{"id":1273096,"type":"buy","buyer":"gerber","seller":"dcityfund","symbol":"SIM","quantity":"3883.492","price":"0.00106800","timestamp":1627561830,"volume":"4.14756946","buyTxId":"0d4733380d32b060d4040d7b409c24f0e4f3cb24","sellTxId":"45465a0ac764afcb5fcbf932a4e2d6452d61b70d"}
{"index": {"_index":"sim","_id":"1273097"}}
	{"id":1273097,"type":"buy","buyer":"gerber","seller":"dcityfund","symbol":"SIM","quantity":"3825.215","price":"0.00106800","timestamp":1627561830,"volume":"4.08532962","buyTxId":"0d4733380d32b060d4040d7b409c24f0e4f3cb24","sellTxId":"428fd709bdd6dc897169cc6f24e52f71233cc112"}
{"index": {"_index":"sim","_id":"1273098"}}
	{"id":1273098,"type":"buy","buyer":"gerber","seller":"dcityfund","symbol":"SIM","quantity":"3767.485","price":"0.00106800","timestamp":1627561830,"volume":"4.02367398","buyTxId":"0d4733380d32b060d4040d7b409c24f0e4f3cb24","sellTxId":"8ff263dae371c75009ad24c633fd5c2888aa68e3"}
{"index": {"_index":"sim","_id":"1273099"}}
	{"id":1273099,"type":"buy","buyer":"gerber","seller":"dcityfund","symbol":"SIM","quantity":"3710.302","price":"0.00106800","timestamp":1627561830,"volume":"3.96260254","buyTxId":"0d4733380d32b060d4040d7b409c24f0e4f3cb24","sellTxId":"9be6d472e1839ab883135317ea72557d73cfb5d3"}
{"index": {"_index":"sim","_id":"1273100"}}
	{"id":1273100,"type":"buy","buyer":"gerber","seller":"dcityfund","symbol":"SIM","quantity":"3653.677","price":"0.00106800","timestamp":1627561830,"volume":"3.90212704","buyTxId":"0d4733380d32b060d4040d7b409c24f0e4f3cb24","sellTxId":"35d0d2e34ac8b4163ee8fe2a6d7c572adcfa6b82"}
{"index": {"_index":"sim","_id":"1273101"}}
	{"id":1273101,"type":"buy","buyer":"gerber","seller":"brofi-market","symbol":"SIM","quantity":"173.676","price":"0.00106986","timestamp":1627561830,"volume":"0.18580901","buyTxId":"0d4733380d32b060d4040d7b409c24f0e4f3cb24","sellTxId":"b1835626405410ad43d26b114ff11d631c2f7d9e"}
{"index": {"_index":"sim","_id":"1273102"}}
	{"id":1273102,"type":"buy","buyer":"gerber","seller":"mapac","symbol":"SIM","quantity":"555.000","price":"0.00107000","timestamp":1627561830,"volume":"0.59385000","buyTxId":"0d4733380d32b060d4040d7b409c24f0e4f3cb24","sellTxId":"d13a5bc02aa2c0df1b24a57d34295bba29b0bb25"}
{"index": {"_index":"sim","_id":"1273103"}}
	{"id":1273103,"type":"buy","buyer":"gerber","seller":"dcityfund","symbol":"SIM","quantity":"1317.968","price":"0.00107000","timestamp":1627561830,"volume":"1.41022576","buyTxId":"0d4733380d32b060d4040d7b409c24f0e4f3cb24","sellTxId":"4f1b0004b0d2e3102eae68940a402b64d60446d8"}
{"index": {"_index":"sim","_id":"1273104"}}
	{"id":1273104,"type":"buy","buyer":"gerber","seller":"dcityfund","symbol":"SIM","quantity":"1316.734","price":"0.00107000","timestamp":1627561830,"volume":"1.40890538","buyTxId":"0d4733380d32b060d4040d7b409c24f0e4f3cb24","sellTxId":"1bb7d4e331750468a462498c69dd88edb7597246"}
{"index": {"_index":"sim","_id":"1273105"}}
	{"id":1273105,"type":"buy","buyer":"gerber","seller":"dcityfund","symbol":"SIM","quantity":"1299.366","price":"0.00107000","timestamp":1627561830,"volume":"1.39032162","buyTxId":"0d4733380d32b060d4040d7b409c24f0e4f3cb24","sellTxId":"2041d9449d2033b0b3a28aa78e1d0e6b6bb0c711"}
{"index": {"_index":"sim","_id":"1273106"}}
	{"id":1273106,"type":"buy","buyer":"gerber","seller":"onecent","symbol":"SIM","quantity":"456.000","price":"0.00107000","timestamp":1627561830,"volume":"0.48792000","buyTxId":"0d4733380d32b060d4040d7b409c24f0e4f3cb24","sellTxId":"8eb73409a6fd2e6c340bd731d170e354b5af8688"}
{"index": {"_index":"sim","_id":"1273107"}}
	{"id":1273107,"type":"buy","buyer":"gerber","seller":"dcityfund","symbol":"SIM","quantity":"1282.017","price":"0.00107000","timestamp":1627561830,"volume":"1.37175819","buyTxId":"0d4733380d32b060d4040d7b409c24f0e4f3cb24","sellTxId":"83be268c41914ddd1cf2d6f752e283c482df00f6"}
{"index": {"_index":"sim","_id":"1273108"}}
	{"id":1273108,"type":"buy","buyer":"gerber","seller":"dcityfund","symbol":"SIM","quantity":"1264.663","price":"0.00107000","timestamp":1627561830,"volume":"1.35318941","buyTxId":"0d4733380d32b060d4040d7b409c24f0e4f3cb24","sellTxId":"49437d6eb0956ab9a310d95eaefdab10730d13d4"}
{"index": {"_index":"sim","_id":"1273109"}}
	{"id":1273109,"type":"buy","buyer":"gerber","seller":"dcityfund","symbol":"SIM","quantity":"1247.377","price":"0.00107000","timestamp":1627561830,"volume":"1.33469339","buyTxId":"0d4733380d32b060d4040d7b409c24f0e4f3cb24","sellTxId":"a118c04702b6218b4c79e8e99ba382331de71ced"}
{"index": {"_index":"sim","_id":"1273110"}}
	{"id":1273110,"type":"buy","buyer":"gerber","seller":"dcityfund","symbol":"SIM","quantity":"1230.105","price":"0.00107000","timestamp":1627561830,"volume":"1.31621235","buyTxId":"0d4733380d32b060d4040d7b409c24f0e4f3cb24","sellTxId":"c759925b7ebaf0be4cf541799f4cec489d145ff1"}
{"index": {"_index":"sim","_id":"1273111"}}
	{"id":1273111,"type":"buy","buyer":"gerber","seller":"dcityfund","symbol":"SIM","quantity":"1212.914","price":"0.00107000","timestamp":1627561830,"volume":"1.29781798","buyTxId":"0d4733380d32b060d4040d7b409c24f0e4f3cb24","sellTxId":"3f48aaf320eb3371f1fa88f8d6de25d61c768d1b"}
{"index": {"_index":"sim","_id":"1273112"}}
	{"id":1273112,"type":"buy","buyer":"gerber","seller":"dcityfund","symbol":"SIM","quantity":"1195.810","price":"0.00107000","timestamp":1627561830,"volume":"1.27951670","buyTxId":"0d4733380d32b060d4040d7b409c24f0e4f3cb24","sellTxId":"eaa80da3936ac9297321cc504ce45bdcbf7b594e"}
{"index": {"_index":"sim","_id":"1273113"}}
	{"id":1273113,"type":"buy","buyer":"gerber","seller":"dcityfund","symbol":"SIM","quantity":"1332.019","price":"0.00107000","timestamp":1627561830,"volume":"1.42526033","buyTxId":"0d4733380d32b060d4040d7b409c24f0e4f3cb24","sellTxId":"293af3df27f6d4ea99b8ef9efe82f751a6de5622"}
{"index": {"_index":"sim","_id":"1273114"}}
	{"id":1273114,"type":"buy","buyer":"gerber","seller":"dcityfund","symbol":"SIM","quantity":"1312.945","price":"0.00107000","timestamp":1627561830,"volume":"1.40485115","buyTxId":"0d4733380d32b060d4040d7b409c24f0e4f3cb24","sellTxId":"fcf6801d714b1456747263156998fa52fae38da9"}
{"index": {"_index":"sim","_id":"1273115"}}
	{"id":1273115,"type":"buy","buyer":"gerber","seller":"dcityfund","symbol":"SIM","quantity":"1309.230","price":"0.00107000","timestamp":1627561830,"volume":"1.40087610","buyTxId":"0d4733380d32b060d4040d7b409c24f0e4f3cb24","sellTxId":"364e6afb0ab9d29087fbfe7c8651eb524def7292"}
{"index": {"_index":"sim","_id":"1273116"}}
	{"id":1273116,"type":"buy","buyer":"gerber","seller":"dcityfund","symbol":"SIM","quantity":"1290.068","price":"0.00107000","timestamp":1627561830,"volume":"1.38037276","buyTxId":"0d4733380d32b060d4040d7b409c24f0e4f3cb24","sellTxId":"18883ab6359205599751e30061308512352f92f4"}
{"index": {"_index":"sim","_id":"1273117"}}
	{"id":1273117,"type":"buy","buyer":"gerber","seller":"chekohler","symbol":"SIM","quantity":"5.290","price":"0.00107000","timestamp":1627561830,"volume":"0.00566030","buyTxId":"0d4733380d32b060d4040d7b409c24f0e4f3cb24","sellTxId":"0c5d91ab5470d4c6b9602b8559aaa3b4c5bb0263"}
{"index": {"_index":"sim","_id":"1273118"}}
	{"id":1273118,"type":"buy","buyer":"gerber","seller":"accelerator","symbol":"SIM","quantity":"333.000","price":"0.00107300","timestamp":1627561830,"volume":"0.35730900","buyTxId":"0d4733380d32b060d4040d7b409c24f0e4f3cb24","sellTxId":"9189255030189b596f988c06447e1df10376ab79"}
{"index": {"_index":"sim","_id":"1273119"}}
	{"id":1273119,"type":"buy","buyer":"gerber","seller":"onecent","symbol":"SIM","quantity":"333.000","price":"0.00107800","timestamp":1627561830,"volume":"0.35897400","buyTxId":"0d4733380d32b060d4040d7b409c24f0e4f3cb24","sellTxId":"2fddd471520be3576d0c4a3fd290b36cdae3f56c"}
{"index": {"_index":"sim","_id":"1273120"}}
	{"id":1273120,"type":"buy","buyer":"gerber","seller":"atomcollector","symbol":"SIM","quantity":"6216.028","price":"0.00108000","timestamp":1627561830,"volume":"6.71331024","buyTxId":"0d4733380d32b060d4040d7b409c24f0e4f3cb24","sellTxId":"a02aa1620b068a9441558a3d3ed4576903149003"}
{"index": {"_index":"sim","_id":"1273121"}}
	{"id":1273121,"type":"buy","buyer":"gerber","seller":"dhedge-drips","symbol":"SIM","quantity":"6.364","price":"0.00108588","timestamp":1627561830,"volume":"0.00691054","buyTxId":"0d4733380d32b060d4040d7b409c24f0e4f3cb24","sellTxId":"ca17dc3b849ff4332ae91d1eb81dddf1ac94f57b"}
{"index": {"_index":"sim","_id":"1273122"}}
	{"id":1273122,"type":"buy","buyer":"gerber","seller":"dhedge-drips","symbol":"SIM","quantity":"2.395","price":"0.00108688","timestamp":1627561830,"volume":"0.00260308","buyTxId":"0d4733380d32b060d4040d7b409c24f0e4f3cb24","sellTxId":"dc80f14a9e491bef1860b92596df132cd3ea1029"}
{"index": {"_index":"sim","_id":"1273123"}}
	{"id":1273123,"type":"buy","buyer":"gerber","seller":"bhoa","symbol":"SIM","quantity":"14283.206","price":"0.00108700","timestamp":1627561830,"volume":"15.52584492","buyTxId":"0d4733380d32b060d4040d7b409c24f0e4f3cb24","sellTxId":"5c16f41dec83bf3c10a04653d22c2edecd7becbe"}
{"index": {"_index":"sim","_id":"1273124"}}
	{"id":1273124,"type":"buy","buyer":"gerber","seller":"dcityfund","symbol":"SIM","quantity":"1183.048","price":"0.00108900","timestamp":1627561830,"volume":"1.28833927","buyTxId":"0d4733380d32b060d4040d7b409c24f0e4f3cb24","sellTxId":"34282a4ff60430ba69ef9cb197b9688dfc2445e9"}
{"index": {"_index":"sim","_id":"1273125"}}
	{"id":1273125,"type":"buy","buyer":"gerber","seller":"dcityfund","symbol":"SIM","quantity":"1159.047","price":"0.00108900","timestamp":1627561830,"volume":"1.26220218","buyTxId":"0d4733380d32b060d4040d7b409c24f0e4f3cb24","sellTxId":"0db322d5f9ad30ed09129ec8af43c9896ad410ca"}
{"index": {"_index":"sim","_id":"1273126"}}
	{"id":1273126,"type":"buy","buyer":"gerber","seller":"dcityfund","symbol":"SIM","quantity":"1135.536","price":"0.00108900","timestamp":1627561830,"volume":"1.23659870","buyTxId":"0d4733380d32b060d4040d7b409c24f0e4f3cb24","sellTxId":"d5d42dfd385bb1b6d2d11d5195bd7ee6203c2613"}
{"index": {"_index":"sim","_id":"1273127"}}
	{"id":1273127,"type":"buy","buyer":"gerber","seller":"dcityfund","symbol":"SIM","quantity":"1112.505","price":"0.00108900","timestamp":1627561830,"volume":"1.21151795","buyTxId":"0d4733380d32b060d4040d7b409c24f0e4f3cb24","sellTxId":"e322c59ac2328393055ef6f548f75f8b2afae9da"}
{"index": {"_index":"sim","_id":"1273128"}}
	{"id":1273128,"type":"buy","buyer":"gerber","seller":"dcityfund","symbol":"SIM","quantity":"1089.942","price":"0.00108900","timestamp":1627561830,"volume":"1.18694684","buyTxId":"0d4733380d32b060d4040d7b409c24f0e4f3cb24","sellTxId":"391c24ddc4401c0ec1e2802cb80373b88bf2f755"}
{"index": {"_index":"sim","_id":"1273129"}}
	{"id":1273129,"type":"buy","buyer":"gerber","seller":"dcityfund","symbol":"SIM","quantity":"1067.840","price":"0.00108900","timestamp":1627561830,"volume":"1.16287776","buyTxId":"0d4733380d32b060d4040d7b409c24f0e4f3cb24","sellTxId":"7099e8540525ebe608feb9c1359af32622556991"}
{"index": {"_index":"sim","_id":"1273130"}}
	{"id":1273130,"type":"buy","buyer":"gerber","seller":"dcityfund","symbol":"SIM","quantity":"1046.211","price":"0.00108900","timestamp":1627561830,"volume":"1.13932378","buyTxId":"0d4733380d32b060d4040d7b409c24f0e4f3cb24","sellTxId":"eb000fc87e905a5c155a8273a11fb75c973699e6"}
{"index": {"_index":"sim","_id":"1273131"}}
	{"id":1273131,"type":"buy","buyer":"gerber","seller":"dcityfund","symbol":"SIM","quantity":"1025.020","price":"0.00108900","timestamp":1627561830,"volume":"1.11624678","buyTxId":"0d4733380d32b060d4040d7b409c24f0e4f3cb24","sellTxId":"bd87a76ad235612a7578fb4ac35529d47362fd07"}
{"index": {"_index":"sim","_id":"1273132"}}
	{"id":1273132,"type":"buy","buyer":"gerber","seller":"dcityfund","symbol":"SIM","quantity":"1618.342","price":"0.00108900","timestamp":1627561830,"volume":"1.76237444","buyTxId":"0d4733380d32b060d4040d7b409c24f0e4f3cb24","sellTxId":"9bb148ef52785893caf7af7887e11de38fb66b1d"}
{"index": {"_index":"sim","_id":"1273133"}}
	{"id":1273133,"type":"buy","buyer":"gerber","seller":"dcityfund","symbol":"SIM","quantity":"1576.310","price":"0.00108900","timestamp":1627561830,"volume":"1.71660159","buyTxId":"0d4733380d32b060d4040d7b409c24f0e4f3cb24","sellTxId":"451bb1f6ca054a188c32445fa6613db2789d8a07"}
{"index": {"_index":"sim","_id":"1273134"}}
	{"id":1273134,"type":"buy","buyer":"gerber","seller":"onecent","symbol":"SIM","quantity":"456.000","price":"0.00109000","timestamp":1627561830,"volume":"0.49704000","buyTxId":"0d4733380d32b060d4040d7b409c24f0e4f3cb24","sellTxId":"d70efe6e578ade9953a2b29896f51ea241b15c81"}
{"index": {"_index":"sim","_id":"1273135"}}
	{"id":1273135,"type":"buy","buyer":"gerber","seller":"accelerator","symbol":"SIM","quantity":"234.000","price":"0.00109600","timestamp":1627561830,"volume":"0.25646400","buyTxId":"0d4733380d32b060d4040d7b409c24f0e4f3cb24","sellTxId":"6ed6b3ada2c84dc919b34b43faab164180218231"}
{"index": {"_index":"sim","_id":"1273136"}}
	{"id":1273136,"type":"buy","buyer":"gerber","seller":"dcityfund","symbol":"SIM","quantity":"1173.085","price":"0.00109900","timestamp":1627561830,"volume":"1.28922042","buyTxId":"0d4733380d32b060d4040d7b409c24f0e4f3cb24","sellTxId":"61e25a3019ef1e1c7af01edb3d1dbec0d810fdae"}
{"index": {"_index":"sim","_id":"1273137"}}
	{"id":1273137,"type":"buy","buyer":"gerber","seller":"dcityfund","symbol":"SIM","quantity":"1196.017","price":"0.00109900","timestamp":1627561830,"volume":"1.31442268","buyTxId":"0d4733380d32b060d4040d7b409c24f0e4f3cb24","sellTxId":"9e4ea641982864786a673fad271807daccea88f1"}
{"index": {"_index":"sim","_id":"1273138"}}
	{"id":1273138,"type":"buy","buyer":"gerber","seller":"eirik","symbol":"SIM","quantity":"1300.000","price":"0.00110000","timestamp":1627561830,"volume":"1.43000000","buyTxId":"0d4733380d32b060d4040d7b409c24f0e4f3cb24","sellTxId":"c056686717d792749bd1c8230ef66b4204cacb0b"}
{"index": {"_index":"sim","_id":"1273139"}}
	{"id":1273139,"type":"buy","buyer":"gerber","seller":"kaeptn-iglo","symbol":"SIM","quantity":"32997.501","price":"0.00110000","timestamp":1627561830,"volume":"36.29725175","buyTxId":"0d4733380d32b060d4040d7b409c24f0e4f3cb24","sellTxId":"b2483d008411df510f614effb1946c755a0c89e1"}
{"index": {"_index":"sim","_id":"1273265"}}
	{"id":1273265,"type":"buy","buyer":"juanmiguelsalas","seller":"taitux","symbol":"SIM","quantity":"30039.000","price":"0.00100000","timestamp":1627563768,"volume":"30.03900000","buyTxId":"859688410848f14b0931c3e745a1e935ea74e8b0","sellTxId":"f0bf7299c77e662a1a7c5bbbe7d3e5af60e657dd"}
{"index": {"_index":"sim","_id":"1273267"}}
	{"id":1273267,"type":"buy","buyer":"juanmiguelsalas","seller":"jelly-cz","symbol":"SIM","quantity":"29000.000","price":"0.00100992","timestamp":1627563816,"volume":"29.28768000","buyTxId":"91a0214fdbba20c88eb2b465a13bf3530811ec8e","sellTxId":"MM-P-9085311-56066458-3-34-0"}
{"index": {"_index":"sim","_id":"1273305"}}
	{"id":1273305,"type":"sell","buyer":"dcityfund","seller":"chireerocks","symbol":"SIM","quantity":"250.577","price":"0.00081400","timestamp":1627564329,"volume":"0.20396968","buyTxId":"a730fff9e4b15adf3ea2b249b9f62fe3c38377cf","sellTxId":"fe9c9e92d21bd4ebae7d21cd79a516a31ec4da92"}
{"index": {"_index":"sim","_id":"1273476"}}
	{"id":1273476,"type":"sell","buyer":"dcityfund","seller":"whatamidoing","symbol":"SIM","quantity":"29196.357","price":"0.00081400","timestamp":1627567281,"volume":"23.76583460","buyTxId":"a730fff9e4b15adf3ea2b249b9f62fe3c38377cf","sellTxId":"09fac2c5935ff402ad91f5bf7c86760a289deebb"}
{"index": {"_index":"sim","_id":"1273491"}}
	{"id":1273491,"type":"sell","buyer":"dcityfund","seller":"andy4475","symbol":"SIM","quantity":"40.032","price":"0.00081400","timestamp":1627567590,"volume":"0.03258605","buyTxId":"a730fff9e4b15adf3ea2b249b9f62fe3c38377cf","sellTxId":"8453f5decd2a11478f6c280b67a4ea6c46924967"}
{"index": {"_index":"sim","_id":"1273537"}}
	{"id":1273537,"type":"sell","buyer":"dcityfund","seller":"fitcoin","symbol":"SIM","quantity":"3061.350","price":"0.00081400","timestamp":1627568328,"volume":"2.49193890","buyTxId":"a730fff9e4b15adf3ea2b249b9f62fe3c38377cf","sellTxId":"600b28640e187d6bc0db75706e5bb0543134bc13"}
{"index": {"_index":"sim","_id":"1273561"}}
	{"id":1273561,"type":"sell","buyer":"dcityfund","seller":"bitcoinflood","symbol":"SIM","quantity":"2828.000","price":"0.00081400","timestamp":1627568793,"volume":"2.30199200","buyTxId":"a730fff9e4b15adf3ea2b249b9f62fe3c38377cf","sellTxId":"1fd247e37d7d4835683eb1f79087689ad616454d"}
{"index": {"_index":"sim","_id":"1273614"}}
	{"id":1273614,"type":"buy","buyer":"egistar","seller":"nftmart.fees","symbol":"SIM","quantity":"69.000","price":"0.00086965","timestamp":1627570164,"volume":"0.06000585","buyTxId":"e9b4ec80df48a27399e1259e69dfc652e198ae95","sellTxId":"56dcd0a046de92265a786836c69225114bebce3f-0"}
{"index": {"_index":"sim","_id":"1273615"}}
	{"id":1273615,"type":"buy","buyer":"egistar","seller":"enginemaker","symbol":"SIM","quantity":"4185.537","price":"0.00086966","timestamp":1627570164,"volume":"3.63999415","buyTxId":"e9b4ec80df48a27399e1259e69dfc652e198ae95","sellTxId":"MM-P-9086708-56067855-3-2-0"}
{"index": {"_index":"sim","_id":"1273627"}}
	{"id":1273627,"type":"sell","buyer":"dcityfund","seller":"schlees","symbol":"SIM","quantity":"476.030","price":"0.00081400","timestamp":1627570269,"volume":"0.38748842","buyTxId":"a730fff9e4b15adf3ea2b249b9f62fe3c38377cf","sellTxId":"edf02d4f5eb50f160024c129d0fa8dc712e20880"}
{"index": {"_index":"sim","_id":"1273711"}}
	{"id":1273711,"type":"sell","buyer":"dcityfund","seller":"ironshield","symbol":"SIM","quantity":"10000.000","price":"0.00081400","timestamp":1627571565,"volume":"8.14000000","buyTxId":"a730fff9e4b15adf3ea2b249b9f62fe3c38377cf","sellTxId":"5c103376146c9ecefb647404de208393245c160a"}
{"index": {"_index":"sim","_id":"1273759"}}
	{"id":1273759,"type":"sell","buyer":"dcityfund","seller":"wearealive","symbol":"SIM","quantity":"21.125","price":"0.00081400","timestamp":1627572042,"volume":"0.01719575","buyTxId":"a730fff9e4b15adf3ea2b249b9f62fe3c38377cf","sellTxId":"484b89c4f5f75fb1b03564e120d1bc6550262e92"}
{"index": {"_index":"sim","_id":"1273779"}}
	{"id":1273779,"type":"buy","buyer":"d-pend","seller":"nftmart.fees","symbol":"SIM","quantity":"60.000","price":"0.00086965","timestamp":1627572243,"volume":"0.05217900","buyTxId":"2625abd109254241071c26905a9c71f31f2aa400","sellTxId":"1aee40b9ff798d783e77bff06741ea3465eb767d-0"}
{"index": {"_index":"sim","_id":"1273780"}}
	{"id":1273780,"type":"buy","buyer":"d-pend","seller":"enginemaker","symbol":"SIM","quantity":"57542.859","price":"0.00086966","timestamp":1627572243,"volume":"50.04272276","buyTxId":"2625abd109254241071c26905a9c71f31f2aa400","sellTxId":"MM-P-9086708-56067855-3-2-0"}
{"index": {"_index":"sim","_id":"1273781"}}
	{"id":1273781,"type":"buy","buyer":"d-pend","seller":"jelly-cz","symbol":"SIM","quantity":"72442.000","price":"0.00087966","timestamp":1627572243,"volume":"63.72432972","buyTxId":"2625abd109254241071c26905a9c71f31f2aa400","sellTxId":"MM-P-9086608-56067755-3-34-0"}
{"index": {"_index":"sim","_id":"1273782"}}
	{"id":1273782,"type":"buy","buyer":"d-pend","seller":"mawit07","symbol":"SIM","quantity":"10044.955","price":"0.00102000","timestamp":1627572243,"volume":"10.24585410","buyTxId":"2625abd109254241071c26905a9c71f31f2aa400","sellTxId":"97b5e40af9b9405a19010573175333be2f936d3d"}
{"index": {"_index":"sim","_id":"1273783"}}
	{"id":1273783,"type":"buy","buyer":"d-pend","seller":"dcityfund","symbol":"SIM","quantity":"3721.487","price":"0.00102000","timestamp":1627572243,"volume":"3.79591674","buyTxId":"2625abd109254241071c26905a9c71f31f2aa400","sellTxId":"db0743698a6e74a5756d1432c18a5fdfcb417201"}
{"index": {"_index":"sim","_id":"1273784"}}
	{"id":1273784,"type":"sell","buyer":"d-pend","seller":"konvik","symbol":"SIM","quantity":"56133.070","price":"0.00102000","timestamp":1627572246,"volume":"57.25573140","buyTxId":"2625abd109254241071c26905a9c71f31f2aa400","sellTxId":"de0c862f18137e5f6fa54ee0bbb4dc066be463f3-1"}
{"index": {"_index":"sim","_id":"1273801"}}
	{"id":1273801,"type":"sell","buyer":"dcityfund","seller":"themightyvolcano","symbol":"SIM","quantity":"8321.950","price":"0.00081400","timestamp":1627572552,"volume":"6.77406730","buyTxId":"a730fff9e4b15adf3ea2b249b9f62fe3c38377cf","sellTxId":"8f0391eb16899a957d36caeb11a8378bdcb99f39"}
{"index": {"_index":"sim","_id":"1273802"}}
	{"id":1273802,"type":"sell","buyer":"gerber","seller":"themightyvolcano","symbol":"SIM","quantity":"19659.050","price":"0.00081300","timestamp":1627572552,"volume":"15.98280765","buyTxId":"50312d427f65b72e837b5120b4f28a3a6837fc1c","sellTxId":"8f0391eb16899a957d36caeb11a8378bdcb99f39"}
{"index": {"_index":"sim","_id":"1273815"}}
	{"id":1273815,"type":"buy","buyer":"morzex","seller":"jelly-cz","symbol":"SIM","quantity":"3400.000","price":"0.00103988","timestamp":1627572732,"volume":"3.53559200","buyTxId":"c7d768774a60ac0fc3f9a18b4d7d960f0e791998","sellTxId":"MM-P-9088202-56069349-3-34-0"}
{"index": {"_index":"sim","_id":"1273830"}}
	{"id":1273830,"type":"sell","buyer":"gerber","seller":"solarpowers","symbol":"SIM","quantity":"1754.000","price":"0.00081300","timestamp":1627573101,"volume":"1.42600200","buyTxId":"50312d427f65b72e837b5120b4f28a3a6837fc1c","sellTxId":"f55d79e8ce33624a69f39a6b324b6387418bbc21"}
{"index": {"_index":"sim","_id":"1273833"}}
	{"id":1273833,"type":"sell","buyer":"gerber","seller":"taskmaster4450","symbol":"SIM","quantity":"29649.130","price":"0.00081300","timestamp":1627573209,"volume":"24.10474269","buyTxId":"50312d427f65b72e837b5120b4f28a3a6837fc1c","sellTxId":"215272849435a0a2dc93a2b0f778d59f2bf3c4fc"}
{"index": {"_index":"sim","_id":"1273858"}}
	{"id":1273858,"type":"buy","buyer":"morzex","seller":"nftmart.fees","symbol":"SIM","quantity":"59.000","price":"0.00100299","timestamp":1627573668,"volume":"0.05917641","buyTxId":"b1db9ec6313e5133b83c8977e3ac6dcf5a0e263b","sellTxId":"a8249002b4057711048b2edda5eb6e9c707c2966-0"}
{"index": {"_index":"sim","_id":"1273872"}}
	{"id":1273872,"type":"buy","buyer":"desro","seller":"accelerator","symbol":"SIM","quantity":"876.000","price":"0.00100300","timestamp":1627573731,"volume":"0.87862800","buyTxId":"280a1c5ec0625d000d4274da3ba11511ba0f9bf9","sellTxId":"ebcd82c70e7499f81f45cb0853d3938f38803376"}
{"index": {"_index":"sim","_id":"1273876"}}
	{"id":1273876,"type":"buy","buyer":"desro","seller":"accelerator","symbol":"SIM","quantity":"888.000","price":"0.00103400","timestamp":1627573785,"volume":"0.91819200","buyTxId":"e7312109c7daf56d4c24f7bd79087661a41caa23","sellTxId":"ec76182667d93b09337c64a2e8dd80375846d408"}
{"index": {"_index":"sim","_id":"1273886"}}
	{"id":1273886,"type":"buy","buyer":"morzex","seller":"jelly-cz","symbol":"SIM","quantity":"2400.000","price":"0.00103988","timestamp":1627573815,"volume":"2.49571200","buyTxId":"e13dc2a7511383a5d9c4cb674d7041de50d7cdb7","sellTxId":"MM-P-9088202-56069349-3-34-0"}
{"index": {"_index":"sim","_id":"1273910"}}
	{"id":1273910,"type":"buy","buyer":"morzex","seller":"jelly-cz","symbol":"SIM","quantity":"6259.741","price":"0.00103988","timestamp":1627574205,"volume":"6.50937947","buyTxId":"b07eb575e0059a67c3c87cd6a04a0ecf4f027f1b","sellTxId":"MM-P-9088202-56069349-3-34-0"}
{"index": {"_index":"sim","_id":"1273916"}}
	{"id":1273916,"type":"buy","buyer":"desro","seller":"jelly-cz","symbol":"SIM","quantity":"8000.000","price":"0.00103988","timestamp":1627574490,"volume":"8.31904000","buyTxId":"f25edd7301cc16dacf4b68d3efb1da21ef619410","sellTxId":"MM-P-9088202-56069349-3-34-0"}
{"index": {"_index":"sim","_id":"1273919"}}
	{"id":1273919,"type":"buy","buyer":"desro","seller":"jelly-cz","symbol":"SIM","quantity":"2000.000","price":"0.00103988","timestamp":1627574553,"volume":"2.07976000","buyTxId":"f823c8a176fa2f1a5f69311972d99a9cb8bb3bd9","sellTxId":"MM-P-9088202-56069349-3-34-0"}
{"index": {"_index":"sim","_id":"1273937"}}
	{"id":1273937,"type":"sell","buyer":"desro","seller":"whitelightxpress","symbol":"SIM","quantity":"1126.145","price":"0.00090000","timestamp":1627574910,"volume":"1.01353050","buyTxId":"8fcabe9179c0912e22fa18a793afc96c10e6c35c","sellTxId":"265c5ceedb7af30b81b1a9c0ef86243390595a93"}
{"index": {"_index":"sim","_id":"1274335"}}
	{"id":1274335,"type":"sell","buyer":"desro","seller":"konvik","symbol":"SIM","quantity":"1873.855","price":"0.00090000","timestamp":1627577367,"volume":"1.68646950","buyTxId":"8fcabe9179c0912e22fa18a793afc96c10e6c35c","sellTxId":"9f4083fad281144d717d098430b06eb51fe3b8c2-1"}
{"index": {"_index":"sim","_id":"1274336"}}
	{"id":1274336,"type":"sell","buyer":"cryptoninjaz","seller":"konvik","symbol":"SIM","quantity":"124.164","price":"0.00090000","timestamp":1627577367,"volume":"0.11174760","buyTxId":"c176ba5c31e124b00ee3cc8c520ffd2af19239a3","sellTxId":"9f4083fad281144d717d098430b06eb51fe3b8c2-1"}
{"index": {"_index":"sim","_id":"1274368"}}
	{"id":1274368,"type":"buy","buyer":"cryptoaeneas","seller":"nftmart.fees","symbol":"SIM","quantity":"124.000","price":"0.00094999","timestamp":1627577676,"volume":"0.11779876","buyTxId":"de401dac5540d0808a654178f8e1aca59a45500a","sellTxId":"d4b9fc0161d05534b1eb377813242bde26135c13-0"}
{"index": {"_index":"sim","_id":"1274369"}}
	{"id":1274369,"type":"buy","buyer":"cryptoaeneas","seller":"looftee","symbol":"SIM","quantity":"997.500","price":"0.00095000","timestamp":1627577676,"volume":"0.94762500","buyTxId":"de401dac5540d0808a654178f8e1aca59a45500a","sellTxId":"d1950244657195e6cdd5622f09eb84eaac5bdaf7"}
{"index": {"_index":"sim","_id":"1274370"}}
	{"id":1274370,"type":"buy","buyer":"cryptoaeneas","seller":"jelly-cz","symbol":"SIM","quantity":"5958.952","price":"0.00103988","timestamp":1627577676,"volume":"6.19659501","buyTxId":"de401dac5540d0808a654178f8e1aca59a45500a","sellTxId":"MM-P-9088202-56069349-3-34-0"}
{"index": {"_index":"sim","_id":"1274588"}}
	{"id":1274588,"type":"buy","buyer":"petertag","seller":"nftmart.fees","symbol":"SIM","quantity":"107.000","price":"0.00103987","timestamp":1627579686,"volume":"0.11126609","buyTxId":"4accc621d6bc1c2823e4a62c29c12dea564fed07","sellTxId":"f924345fb5f94c30bf7291e39d4039c76664e946-0"}
{"index": {"_index":"sim","_id":"1274589"}}
	{"id":1274589,"type":"buy","buyer":"petertag","seller":"jelly-cz","symbol":"SIM","quantity":"1099.300","price":"0.00103988","timestamp":1627579686,"volume":"1.14314008","buyTxId":"4accc621d6bc1c2823e4a62c29c12dea564fed07","sellTxId":"MM-P-9088202-56069349-3-34-0"}
{"index": {"_index":"sim","_id":"1274691"}}
	{"id":1274691,"type":"sell","buyer":"cryptoninjaz","seller":"lionsuit","symbol":"SIM","quantity":"4.554","price":"0.00090000","timestamp":1627580379,"volume":"0.00409860","buyTxId":"c176ba5c31e124b00ee3cc8c520ffd2af19239a3","sellTxId":"ba0336cf4b4583b6fd1fc00a33a78d877dad43e3"}
{"index": {"_index":"sim","_id":"1274915"}}
	{"id":1274915,"type":"sell","buyer":"cryptoninjaz","seller":"bearbear613","symbol":"SIM","quantity":"1871.282","price":"0.00090000","timestamp":1627583793,"volume":"1.68415380","buyTxId":"c176ba5c31e124b00ee3cc8c520ffd2af19239a3","sellTxId":"b166e65ecc3115b9a3e25e8f12678afa318e6db7"}
{"index": {"_index":"sim","_id":"1274958"}}
	{"id":1274958,"type":"buy","buyer":"d-pend","seller":"bearbear613","symbol":"SIM","quantity":"183.267","price":"0.00090000","timestamp":1627584312,"volume":"0.16494030","buyTxId":"496c12e540006f2bba147ad40a3604b3d3b6ad5f","sellTxId":"b166e65ecc3115b9a3e25e8f12678afa318e6db7"}
{"index": {"_index":"sim","_id":"1274959"}}
	{"id":1274959,"type":"buy","buyer":"d-pend","seller":"nftmart.fees","symbol":"SIM","quantity":"93.000","price":"0.00100997","timestamp":1627584312,"volume":"0.09392721","buyTxId":"496c12e540006f2bba147ad40a3604b3d3b6ad5f","sellTxId":"7d9164f0e899da6c5c01754c337364d13e21678e-0"}
{"index": {"_index":"sim","_id":"1274960"}}
	{"id":1274960,"type":"buy","buyer":"d-pend","seller":"jelly-cz","symbol":"SIM","quantity":"9723.733","price":"0.00100998","timestamp":1627584312,"volume":"9.82077586","buyTxId":"496c12e540006f2bba147ad40a3604b3d3b6ad5f","sellTxId":"MM-P-9091789-56072940-3-34-0"}
{"index": {"_index":"sim","_id":"1274961"}}
	{"id":1274961,"type":"sell","buyer":"d-pend","seller":"dhedge-drips","symbol":"SIM","quantity":"0.005","price":"0.00082000","timestamp":1627584330,"volume":"0.00000410","buyTxId":"5fe7fde1b07a337a5cb3af89d6114c16abba1cee","sellTxId":"42424cb7201b3b56289418e981d2cb8782af385c"}
{"index": {"_index":"sim","_id":"1274966"}}
