{"index": {"_index":"sim","_id":"1715842"}}
	{"id":1715842,"type":"sell","buyer":"d-pend","seller":"gamsam","symbol":"SIM","quantity":"30656","price":"0.00095000","timestamp":1634439321,"volume":"29.12320000","buyTxId":"33b841d5e484e3d41a93d453aa8ae842b66e3b79","sellTxId":"a7cb9327b53d3247e737e4ddb8e2230e5fa862a1"}
{"index": {"_index":"sim","_id":"1715848"}}
	{"id":1715848,"type":"buy","buyer":"dkid14","seller":"pi-trader","symbol":"SIM","quantity":"9500.817","price":"0.00098998","timestamp":1634439357,"volume":"9.40561881","buyTxId":"102c25f4998b7edc4fa5b341de71f0f435529548","sellTxId":"8b668a0e661fde6958e04852c6adc0445bfe501c-6"}
{"index": {"_index":"sim","_id":"1715994"}}
	{"id":1715994,"type":"buy","buyer":"kevinnag58","seller":"brofi-market","symbol":"SIM","quantity":"0.003","price":"0.00098999","timestamp":1634442069,"volume":"0.00000297","buyTxId":"dc63609e27eedee3cee9d64847b6832dc7ac720e","sellTxId":"04c93ff071b5a7e3b02ef5a489d212fb637842e1"}
{"index": {"_index":"sim","_id":"1715995"}}
	{"id":1715995,"type":"buy","buyer":"kevinnag58","seller":"pi-trader","symbol":"SIM","quantity":"9040.492","price":"0.00098999","timestamp":1634442069,"volume":"8.94999703","buyTxId":"dc63609e27eedee3cee9d64847b6832dc7ac720e","sellTxId":"750cd8cc3ed744cb6a05a6fff8ccc234aeb856bf-5"}
{"index": {"_index":"sim","_id":"1715998"}}
	{"id":1715998,"type":"buy","buyer":"eythorphoto","seller":"pi-trader","symbol":"SIM","quantity":"8903.000","price":"0.00098999","timestamp":1634442135,"volume":"8.81388097","buyTxId":"2206f149c50d76527a84b27f09088a5623778ef7","sellTxId":"611b6c6b27f3015a4603323d37a2d7adb2be10bc-2"}
{"index": {"_index":"sim","_id":"1716138"}}
	{"id":1716138,"type":"sell","buyer":"d-pend","seller":"theguruasia","symbol":"SIM","quantity":"1416.669","price":"0.00095000","timestamp":1634444040,"volume":"1.34583555","buyTxId":"33b841d5e484e3d41a93d453aa8ae842b66e3b79","sellTxId":"a643036095add490d0de235d59c9b7b64a54b0af"}
{"index": {"_index":"sim","_id":"1716145"}}
	{"id":1716145,"type":"sell","buyer":"d-pend","seller":"thatcryptodave","symbol":"SIM","quantity":"1008.927","price":"0.00095000","timestamp":1634444130,"volume":"0.95848065","buyTxId":"33b841d5e484e3d41a93d453aa8ae842b66e3b79","sellTxId":"75b8ebe33a7f148ff645252e31f3cfaa9d2536f5"}
{"index": {"_index":"sim","_id":"1716301"}}
	{"id":1716301,"type":"sell","buyer":"d-pend","seller":"outlinez","symbol":"SIM","quantity":"2945.030","price":"0.00095000","timestamp":1634447421,"volume":"2.79777850","buyTxId":"33b841d5e484e3d41a93d453aa8ae842b66e3b79","sellTxId":"c43173ced57511fc80fd45d1d914ab85ddc30a71"}
{"index": {"_index":"sim","_id":"1716335"}}
	{"id":1716335,"type":"buy","buyer":"numpypython","seller":"pi-trader","symbol":"SIM","quantity":"3437.290","price":"0.00098999","timestamp":1634447919,"volume":"3.40288273","buyTxId":"482803764d636502386247ec9e34087bb10858cf","sellTxId":"5d80cd0016f2cd2ed14ef4805639a726290df4ab-6"}
{"index": {"_index":"sim","_id":"1716439"}}
	{"id":1716439,"type":"sell","buyer":"d-pend","seller":"tussar11","symbol":"SIM","quantity":"1870.000","price":"0.00095000","timestamp":1634450019,"volume":"1.77650000","buyTxId":"33b841d5e484e3d41a93d453aa8ae842b66e3b79","sellTxId":"11499d4adfa45e5d276542bdaea645a7c9fd3183"}
{"index": {"_index":"sim","_id":"1716442"}}
	{"id":1716442,"type":"sell","buyer":"d-pend","seller":"fantasycrypto","symbol":"SIM","quantity":"15740.705","price":"0.00095000","timestamp":1634450058,"volume":"14.95366975","buyTxId":"33b841d5e484e3d41a93d453aa8ae842b66e3b79","sellTxId":"1c840ad43645231d4a9609ba84a894e7bd560115"}
{"index": {"_index":"sim","_id":"1716443"}}
	{"id":1716443,"type":"sell","buyer":"d-pend","seller":"fantasycrypto","symbol":"SIM","quantity":"4722.357","price":"0.00094000","timestamp":1634450058,"volume":"4.43901558","buyTxId":"daa3d1b6fd42f4e8497da6b214d041ddc9a6cc1a","sellTxId":"1c840ad43645231d4a9609ba84a894e7bd560115"}
{"index": {"_index":"sim","_id":"1716529"}}
	{"id":1716529,"type":"sell","buyer":"pi-trader","seller":"pimpstudio","symbol":"SIM","quantity":"1617.000","price":"0.00094001","timestamp":1634451498,"volume":"1.51999617","buyTxId":"8bcf9699daae22635d5d7270d18af214fdf188de-0","sellTxId":"10c71d239ed22a9291d6e0c9a7879aba53449717"}
{"index": {"_index":"sim","_id":"1716548"}}
	{"id":1716548,"type":"sell","buyer":"pi-trader","seller":"he-index","symbol":"SIM","quantity":"340.325","price":"0.00094001","timestamp":1634451972,"volume":"0.31990890","buyTxId":"8278acd682800d4a3fef0abcdfa13fc2e54638f8-3","sellTxId":"e8ef92193ce660a4f333bf31a8fe0c4da7196f58"}
{"index": {"_index":"sim","_id":"1716813"}}
	{"id":1716813,"type":"sell","buyer":"pi-trader","seller":"muenchen","symbol":"SIM","quantity":"8731.700","price":"0.00094001","timestamp":1634455401,"volume":"8.20788532","buyTxId":"0f0f498b207aa5a4bc02ed9bad47a39d2334e6e7-6","sellTxId":"9ecbc19a24594e9179fc981a81235c3d1541430f"}
{"index": {"_index":"sim","_id":"1716915"}}
	{"id":1716915,"type":"buy","buyer":"stickupboys","seller":"pi-trader","symbol":"SIM","quantity":"6078.000","price":"0.00098999","timestamp":1634457231,"volume":"6.01715922","buyTxId":"6030cf564bed19dce4c6b2f3cc07191e3623fcff","sellTxId":"e50e49ea720e5cdda60fe29825020b2a36cccd4e-10"}
{"index": {"_index":"sim","_id":"1716973"}}
	{"id":1716973,"type":"buy","buyer":"stickupmusic","seller":"pi-trader","symbol":"SIM","quantity":"2904.000","price":"0.00098999","timestamp":1634457684,"volume":"2.87493096","buyTxId":"8183f3bbd6d88abe9ee7469dc42fe310962865c6","sellTxId":"8b5a27b62e9b46a83e5626ffcc993582c5d57b18-7"}
{"index": {"_index":"sim","_id":"1716994"}}
	{"id":1716994,"type":"sell","buyer":"intellihandling","seller":"svirus","symbol":"SIM","quantity":"70000.000","price":"0.00096000","timestamp":1634458020,"volume":"67.20000000","buyTxId":"5ca077576ded8dc98539e4f1b676f46f40c31372","sellTxId":"dbb98916dac09dc1f0227cd53c612ffc513f0019-1"}
{"index": {"_index":"sim","_id":"1717261"}}
	{"id":1717261,"type":"sell","buyer":"pi-trader","seller":"travelgirl","symbol":"SIM","quantity":"4050.000","price":"0.00094001","timestamp":1634463309,"volume":"3.80704050","buyTxId":"2e658022115c2c7e7281e2929defeab04918c9ed-3","sellTxId":"5526bf34b3e5a729c3945ccd8e018605a22efba0"}
{"index": {"_index":"sim","_id":"1717269"}}
	{"id":1717269,"type":"sell","buyer":"pi-trader","seller":"themarkymark","symbol":"SIM","quantity":"8966.537","price":"0.00094001","timestamp":1634463528,"volume":"8.42863445","buyTxId":"36e229dbf7a15e2b5a7d6eca62cb2c467b7b198a-2","sellTxId":"d689be84bafebeb4ac1fb89af48969af9772dd2e"}
{"index": {"_index":"sim","_id":"1717443"}}
	{"id":1717443,"type":"sell","buyer":"pi-trader","seller":"eythorphoto","symbol":"SIM","quantity":"6906.300","price":"0.00094001","timestamp":1634467221,"volume":"6.49199106","buyTxId":"f8fe91ae61cc2a064406ec8f019971d8a7b69bd3-5","sellTxId":"b32046065ffc4e915df47fff13452e240919aecc"}
{"index": {"_index":"sim","_id":"1717574"}}
	{"id":1717574,"type":"buy","buyer":"iamraincrystal","seller":"pi-trader","symbol":"SIM","quantity":"1800.000","price":"0.00098999","timestamp":1634469900,"volume":"1.78198200","buyTxId":"aa440d6a329a61c55d88ff7c62247a7dc649066b","sellTxId":"5adbfb67cc1387f712a0c137c7546e7e75d9fc99-4"}
{"index": {"_index":"sim","_id":"1717746"}}
	{"id":1717746,"type":"sell","buyer":"d-pend","seller":"andy4475","symbol":"SIM","quantity":"22.576","price":"0.00094000","timestamp":1634472882,"volume":"0.02122144","buyTxId":"daa3d1b6fd42f4e8497da6b214d041ddc9a6cc1a","sellTxId":"fd5fa09ff667837d90069e1dac1cc6866ab7f62a"}
{"index": {"_index":"sim","_id":"1717943"}}
	{"id":1717943,"type":"sell","buyer":"d-pend","seller":"desyfit","symbol":"SIM","quantity":"77224.910","price":"0.00094000","timestamp":1634475096,"volume":"72.59141540","buyTxId":"daa3d1b6fd42f4e8497da6b214d041ddc9a6cc1a","sellTxId":"ba207a4a025b1ee95adc933b3c3a40e0b8f046c4"}
{"index": {"_index":"sim","_id":"1717944"}}
	{"id":1717944,"type":"sell","buyer":"lcity","seller":"desyfit","symbol":"SIM","quantity":"32865.978","price":"0.00094000","timestamp":1634475096,"volume":"30.89401932","buyTxId":"e721a5eedfac5d259bcbaf8c7fb7e6484b561b4d","sellTxId":"ba207a4a025b1ee95adc933b3c3a40e0b8f046c4"}
{"index": {"_index":"sim","_id":"1717945"}}
	{"id":1717945,"type":"sell","buyer":"mchero","seller":"desyfit","symbol":"SIM","quantity":"4290.574","price":"0.00094000","timestamp":1634475096,"volume":"4.03313956","buyTxId":"ce84aa96444b953b46ed1330d7983da3e4309b25","sellTxId":"ba207a4a025b1ee95adc933b3c3a40e0b8f046c4"}
{"index": {"_index":"sim","_id":"1717946"}}
	{"id":1717946,"type":"sell","buyer":"mchero","seller":"desyfit","symbol":"SIM","quantity":"297.327","price":"0.00093000","timestamp":1634475096,"volume":"0.27651411","buyTxId":"8eef4d6284b0378bcbfc15fae5e5cb220e86cc70","sellTxId":"ba207a4a025b1ee95adc933b3c3a40e0b8f046c4"}
{"index": {"_index":"sim","_id":"1717947"}}
	{"id":1717947,"type":"sell","buyer":"pokerarema","seller":"desyfit","symbol":"SIM","quantity":"85321.211","price":"0.00092750","timestamp":1634475096,"volume":"79.13542320","buyTxId":"8ccae73f0e35bc0271d4c5d79e252ba71580a0f2","sellTxId":"ba207a4a025b1ee95adc933b3c3a40e0b8f046c4"}
{"index": {"_index":"sim","_id":"1718208"}}
	{"id":1718208,"type":"sell","buyer":"pi-trader","seller":"yintercept","symbol":"SIM","quantity":"8.735","price":"0.00092757","timestamp":1634478810,"volume":"0.00810232","buyTxId":"1ed22be00d32ba72de0455b778470ce9f9f95a81-1","sellTxId":"a3a397ec26c52b1dda528ff28e713595dfe9bbf6"}
{"index": {"_index":"sim","_id":"1718361"}}
	{"id":1718361,"type":"buy","buyer":"loro68","seller":"ganjafarmer","symbol":"SIM","quantity":"3.576","price":"0.00098999","timestamp":1634481426,"volume":"0.00354020","buyTxId":"485c8f83c9685244e28009eb8b9138327efcdb5d","sellTxId":"65d5b47efc94abac499e01f92e0fea15c24eeab1"}
{"index": {"_index":"sim","_id":"1718362"}}
	{"id":1718362,"type":"buy","buyer":"loro68","seller":"pi-trader","symbol":"SIM","quantity":"996.424","price":"0.00098999","timestamp":1634481426,"volume":"0.98644980","buyTxId":"485c8f83c9685244e28009eb8b9138327efcdb5d","sellTxId":"649f8599cb45e9e09170b7739b7bb3a5ea90707a-9"}
{"index": {"_index":"sim","_id":"1718488"}}
	{"id":1718488,"type":"sell","buyer":"pi-trader","seller":"sra1992","symbol":"SIM","quantity":"1206.271","price":"0.00092751","timestamp":1634483472,"volume":"1.11882842","buyTxId":"e29292133fa0c69b94282499677afa33ca2c559e-2","sellTxId":"0c2b9df4f8b5a9d7b726380d70fcd14b9390f1f8"}
{"index": {"_index":"sim","_id":"1718797"}}
	{"id":1718797,"type":"sell","buyer":"pi-trader","seller":"brofi-market","symbol":"SIM","quantity":"0.008","price":"0.00092751","timestamp":1634486979,"volume":"0.00000742","buyTxId":"9911350c0ba7b2d289fb935ae84e12690f1ead44-3","sellTxId":"97b378f7a49ed4352f1092bca51e9b8246d99f60"}
{"index": {"_index":"sim","_id":"1718828"}}
	{"id":1718828,"type":"buy","buyer":"jwjqu.wam","seller":"pi-trader","symbol":"SIM","quantity":"1388.000","price":"0.00098999","timestamp":1634487093,"volume":"1.37410612","buyTxId":"25e62904408d5a61e2311b582b5b2923dd9881ac","sellTxId":"f1d940e6276752a79678c0bc52b9db553eae74bb-2"}
{"index": {"_index":"sim","_id":"1718985"}}
	{"id":1718985,"type":"sell","buyer":"pi-trader","seller":"flaxz","symbol":"SIM","quantity":"5.538","price":"0.00092751","timestamp":1634487906,"volume":"0.00513655","buyTxId":"e467a8a51a377ef74546150d0281ba2f765f2ae1-3","sellTxId":"aab271ee25858c2bc4447a2316ee2d17e00badbf"}
{"index": {"_index":"sim","_id":"1719100"}}
	{"id":1719100,"type":"sell","buyer":"pi-trader","seller":"madmanmusic","symbol":"SIM","quantity":"1491.500","price":"0.00092753","timestamp":1634488872,"volume":"1.38341100","buyTxId":"7a580b9bb10f64faec736eb5f3d0780cabbe5136-3","sellTxId":"85cf35a9e6c8ab649b96b4084229267f02ed088c"}
{"index": {"_index":"sim","_id":"1719205"}}
	{"id":1719205,"type":"sell","buyer":"pi-trader","seller":"discohedge","symbol":"SIM","quantity":"8864.037","price":"0.00092753","timestamp":1634489928,"volume":"8.22166024","buyTxId":"7a580b9bb10f64faec736eb5f3d0780cabbe5136-3","sellTxId":"1c183400548184f2d6be4fa910110573fa0581bd"}
{"index": {"_index":"sim","_id":"1719328"}}
	{"id":1719328,"type":"sell","buyer":"pi-trader","seller":"dlmmqb","symbol":"SIM","quantity":"291.61","price":"0.00092751","timestamp":1634491101,"volume":"0.27047119","buyTxId":"999b9eca7d28d00368a771e4b2f46791fd99beee-19","sellTxId":"3d38b6d360d4d61893e195c0c13a724233861228"}
{"index": {"_index":"sim","_id":"1719493"}}
	{"id":1719493,"type":"sell","buyer":"pi-trader","seller":"justinparke","symbol":"SIM","quantity":"1501.002","price":"0.00092751","timestamp":1634492673,"volume":"1.39219437","buyTxId":"ad255181596560930f3f6eec7b9f6b9179eb1df5-3","sellTxId":"a09640b3835c74d44077ab29a39e334bbd7cb3c7"}
{"index": {"_index":"sim","_id":"1719594"}}
	{"id":1719594,"type":"sell","buyer":"pi-trader","seller":"jrcornel","symbol":"SIM","quantity":"21294.000","price":"0.00092751","timestamp":1634493891,"volume":"19.75039794","buyTxId":"eb464a3905b03211421b4cbb533900d0a2b6ed8b-7","sellTxId":"fce50537953f38f357a3c1b71324dfbc662df4e4"}
{"index": {"_index":"sim","_id":"1719776"}}
	{"id":1719776,"type":"buy","buyer":"stickupboys","seller":"pi-trader","symbol":"SIM","quantity":"3433.000","price":"0.00098998","timestamp":1634495709,"volume":"3.39860134","buyTxId":"585a712ea03c6498ccd2842b0ae628099597d449","sellTxId":"9160ec5a6dcd3fd475411e9a498ef08f57d1675e-4"}
{"index": {"_index":"sim","_id":"1719796"}}
	{"id":1719796,"type":"sell","buyer":"berien","seller":"gribbles","symbol":"SIM","quantity":"171.180","price":"0.00095000","timestamp":1634496057,"volume":"0.16262100","buyTxId":"814e1e84123e46288ddb5656139a648bd0e5813e","sellTxId":"46ea809d1c22e4fa2931f141e39e936f3c628579"}
{"index": {"_index":"sim","_id":"1719822"}}
	{"id":1719822,"type":"sell","buyer":"pi-trader","seller":"dhedge-drips","symbol":"SIM","quantity":"0.005","price":"0.00092751","timestamp":1634496324,"volume":"0.00000464","buyTxId":"e1274b344c39fb03b0d4a543a11b6789d42861c7-0","sellTxId":"ecb5ba6f312e3e201579b2041223d9d944fd3051"}
{"index": {"_index":"sim","_id":"1719916"}}
	{"id":1719916,"type":"sell","buyer":"pi-trader","seller":"ctrlyse","symbol":"SIM","quantity":"0.021","price":"0.00092751","timestamp":1634497119,"volume":"0.00001948","buyTxId":"e901acd3caf97c4c71d83d657a572c5aac65b7f4-1","sellTxId":"f6457917847792beb7782771b218ca7efb2b0384"}
{"index": {"_index":"sim","_id":"1720017"}}
	{"id":1720017,"type":"buy","buyer":"cardi0","seller":"gribbles","symbol":"SIM","quantity":"5000.000","price":"0.00095000","timestamp":1634498580,"volume":"4.75000000","buyTxId":"9c58d67d62f2052ccf961e2fdeb5c33c9943a01e","sellTxId":"46ea809d1c22e4fa2931f141e39e936f3c628579"}
{"index": {"_index":"sim","_id":"1720048"}}
	{"id":1720048,"type":"buy","buyer":"kevinnag58","seller":"gribbles","symbol":"SIM","quantity":"6315.789","price":"0.00095000","timestamp":1634499216,"volume":"6","buyTxId":"2b71505241049c0ce0ab0c56354873c04c95fed3","sellTxId":"46ea809d1c22e4fa2931f141e39e936f3c628579"}
{"index": {"_index":"sim","_id":"1720097"}}
	{"id":1720097,"type":"buy","buyer":"cardi0","seller":"peerfinance","symbol":"SIM","quantity":"261.556","price":"0.00093000","timestamp":1634499660,"volume":"0.24324708","buyTxId":"c63535ea8c0007e9e8a5fe6da98a0cd35f494b34","sellTxId":"03939e49a32cd6229d77fbb046b8662d4e3ed507"}
{"index": {"_index":"sim","_id":"1720141"}}
	{"id":1720141,"type":"sell","buyer":"pi-trader","seller":"taitux","symbol":"SIM","quantity":"5631.620","price":"0.00093001","timestamp":1634500371,"volume":"5.23746292","buyTxId":"f4cc69d29db050d86ca6f1dc32829f2ce8b8dc36-3","sellTxId":"47c556f8b915067aab209e07c39b3bd51d5bd353"}
{"index": {"_index":"sim","_id":"1720260"}}
	{"id":1720260,"type":"sell","buyer":"pi-trader","seller":"bigram13","symbol":"SIM","quantity":"12476.000","price":"0.00093001","timestamp":1634500995,"volume":"11.60280476","buyTxId":"220dba4650096392bbb31b54c2fa52a98c2b3f1c-3","sellTxId":"efe90bd2ae28c7878fc4febc60e66814bf44f098"}
{"index": {"_index":"sim","_id":"1720287"}}
	{"id":1720287,"type":"sell","buyer":"pi-trader","seller":"brofi-market","symbol":"SIM","quantity":"0.001","price":"0.00093001","timestamp":1634501304,"volume":"0.00000093","buyTxId":"b95501dfe1fa7ba7d6f09511c44ec05ec9dba69b-5","sellTxId":"db8b3e1e25a4305c1b450d5859b66019b8b0d4e6"}
{"index": {"_index":"sim","_id":"1720330"}}
	{"id":1720330,"type":"sell","buyer":"pi-trader","seller":"captaincryptic","symbol":"SIM","quantity":"1222.034","price":"0.00093001","timestamp":1634501688,"volume":"1.13650384","buyTxId":"dd4f3508966cc88f9dda570cf8197415d2353f0f-3","sellTxId":"107fcfbc64456211d13e096ec2b8da19ae49a6e6"}
{"index": {"_index":"sim","_id":"1720624"}}
	{"id":1720624,"type":"sell","buyer":"pi-trader","seller":"sallhiddles","symbol":"SIM","quantity":"50000.000","price":"0.00093001","timestamp":1634503032,"volume":"46.50050000","buyTxId":"9441f2b7a548ea3db9683ff8241117a6fa549e03-5","sellTxId":"16d0fc9bf1fad0f41029586c658484c720beb959"}
{"index": {"_index":"sim","_id":"1720639"}}
	{"id":1720639,"type":"sell","buyer":"pi-trader","seller":"nathanpieters","symbol":"SIM","quantity":"120.010","price":"0.00093002","timestamp":1634503179,"volume":"0.11161170","buyTxId":"2eea84d5feeeb48f932ccc5da1f4de77534c0ed4-6","sellTxId":"3d72295fead1c93df1a9afa8bafd4a622d9d1882"}
{"index": {"_index":"sim","_id":"1720661"}}
	{"id":1720661,"type":"sell","buyer":"pi-trader","seller":"cliffagreen","symbol":"SIM","quantity":"8.083","price":"0.00093002","timestamp":1634503416,"volume":"0.00751735","buyTxId":"5ff729c8b87e36593ede3790b4b67e9d4ee8c8e9-6","sellTxId":"c62e78856ac4941f7103c0b329247412d2f2b2a1"}
{"index": {"_index":"sim","_id":"1720688"}}
	{"id":1720688,"type":"sell","buyer":"pi-trader","seller":"sallhiddles","symbol":"SIM","quantity":"50000.000","price":"0.00093001","timestamp":1634503731,"volume":"46.50050000","buyTxId":"1cae5153cb5cfb673bb9255288f4ba0d34295987-4","sellTxId":"d797d8d69384d34e163924263c6768ae9e3a1af1"}
{"index": {"_index":"sim","_id":"1720694"}}
	{"id":1720694,"type":"buy","buyer":"svirus","seller":"sallhiddles","symbol":"SIM","quantity":"50000.000","price":"0.00093001","timestamp":1634503791,"volume":"46.50050000","buyTxId":"aca3b5a434f00b9732b0c32b99e8f3006e8dc652-0","sellTxId":"b7d7cf74008c0b8acfcffedff709e9f5b7560947"}
{"index": {"_index":"sim","_id":"1720703"}}
	{"id":1720703,"type":"sell","buyer":"cardi0","seller":"nonsowrites","symbol":"SIM","quantity":"1965.773","price":"0.00093000","timestamp":1634503839,"volume":"1.82816889","buyTxId":"c63535ea8c0007e9e8a5fe6da98a0cd35f494b34","sellTxId":"a9cc0636b09ddc31609762c783d67551a0d1a6cd"}
{"index": {"_index":"sim","_id":"1720715"}}
	{"id":1720715,"type":"sell","buyer":"cardi0","seller":"quicktrades","symbol":"SIM","quantity":"0.054","price":"0.00093000","timestamp":1634504085,"volume":"0.00005022","buyTxId":"c63535ea8c0007e9e8a5fe6da98a0cd35f494b34","sellTxId":"607970053227776218be025b04b911285643dcbf"}
{"index": {"_index":"sim","_id":"1720717"}}
	{"id":1720717,"type":"sell","buyer":"cardi0","seller":"deathwing","symbol":"SIM","quantity":"0.01","price":"0.00093000","timestamp":1634504106,"volume":"0.00000930","buyTxId":"c63535ea8c0007e9e8a5fe6da98a0cd35f494b34","sellTxId":"b649bf1cd2963acccfc15630d5a59bdbb202981a-0"}
{"index": {"_index":"sim","_id":"1720734"}}
	{"id":1720734,"type":"sell","buyer":"cardi0","seller":"haitch","symbol":"SIM","quantity":"7272.607","price":"0.00093000","timestamp":1634504226,"volume":"6.76352451","buyTxId":"c63535ea8c0007e9e8a5fe6da98a0cd35f494b34","sellTxId":"11edb77bd29fad374f571daabc60d76afb376e38"}
{"index": {"_index":"sim","_id":"1720735"}}
	{"id":1720735,"type":"buy","buyer":"svirus","seller":"haitch","symbol":"SIM","quantity":"52727.390","price":"0.00093000","timestamp":1634504229,"volume":"49.03647270","buyTxId":"5649b184fd3b7c883ccfc2f211384b26ed8dc16a-0","sellTxId":"11edb77bd29fad374f571daabc60d76afb376e38"}
{"index": {"_index":"sim","_id":"1720736"}}
	{"id":1720736,"type":"buy","buyer":"konvik","seller":"haitch","symbol":"SIM","quantity":"0.003","price":"0.00093000","timestamp":1634504229,"volume":"0.00000279","buyTxId":"5ef2014fd6f3ebf956495ef99e908580f4a6273b-0","sellTxId":"11edb77bd29fad374f571daabc60d76afb376e38"}
{"index": {"_index":"sim","_id":"1720778"}}
	{"id":1720778,"type":"sell","buyer":"pokerarema","seller":"sallhiddles","symbol":"SIM","quantity":"31562.789","price":"0.00092750","timestamp":1634504871,"volume":"29.27448680","buyTxId":"8ccae73f0e35bc0271d4c5d79e252ba71580a0f2","sellTxId":"ff347e1011b3aa7eba5fa00374ff37c948f39173"}
{"index": {"_index":"sim","_id":"1720794"}}
	{"id":1720794,"type":"sell","buyer":"pi-trader","seller":"sallhiddles","symbol":"SIM","quantity":"50000.000","price":"0.00092001","timestamp":1634505138,"volume":"46.00050000","buyTxId":"6d65d8e6c275fbefda99be9b94d5a95cb629c610-4","sellTxId":"572116fabbdda2b13628b6ebaaa5fce212bebe0a"}
{"index": {"_index":"sim","_id":"1720796"}}
	{"id":1720796,"type":"sell","buyer":"pi-trader","seller":"sallhiddles","symbol":"SIM","quantity":"27173.913","price":"0.00092001","timestamp":1634505171,"volume":"25.00027170","buyTxId":"ec5bde0037d58946927defbae2098b19e1410915-6","sellTxId":"e9de162b19031af5cce56fb8f0fef595cd1f9a7c"}
{"index": {"_index":"sim","_id":"1720798"}}
	{"id":1720798,"type":"sell","buyer":"pi-trader","seller":"sallhiddles","symbol":"SIM","quantity":"49000.000","price":"0.00092001","timestamp":1634505207,"volume":"45.08049000","buyTxId":"0e40d74475130cc6712d3da97bcfa7c2dc424ac7-5","sellTxId":"3741f5f2f92926d34afa9b200f39a1c2cfb69971"}
{"index": {"_index":"sim","_id":"1720805"}}
	{"id":1720805,"type":"sell","buyer":"pi-trader","seller":"sallhiddles","symbol":"SIM","quantity":"50000.000","price":"0.00092001","timestamp":1634505324,"volume":"46.00050000","buyTxId":"2b55b0aa5eb2c8f43665a501bf15c96b8473af69-5","sellTxId":"6aaa5725f463b6921749370af916e6afd83dd965"}
{"index": {"_index":"sim","_id":"1720806"}}
	{"id":1720806,"type":"sell","buyer":"enginemaker","seller":"sallhiddles","symbol":"SIM","quantity":"27173.913","price":"0.00092000","timestamp":1634505324,"volume":"24.99999996","buyTxId":"MM-P-11082312-58067378-3-2-0","sellTxId":"6aaa5725f463b6921749370af916e6afd83dd965"}
{"index": {"_index":"sim","_id":"1720822"}}
	{"id":1720822,"type":"buy","buyer":"kevinnag58","seller":"enginemaker","symbol":"SIM","quantity":"2127.704","price":"0.00093998","timestamp":1634505600,"volume":"2","buyTxId":"71d48cfeca11e2c7f1386a93a2ec629b73cd1d8a","sellTxId":"MM-P-11389462-58374749-3-2-1"}
{"index": {"_index":"sim","_id":"1720861"}}
	{"id":1720861,"type":"sell","buyer":"pi-trader","seller":"lightcaptured","symbol":"SIM","quantity":"707.053","price":"0.00091803","timestamp":1634506461,"volume":"0.64909587","buyTxId":"da4848a54d8314a1bb453a7eeb2f6d32d2c693f4-4","sellTxId":"130b2f1d89bde8d12a56d9aaf897ef065cb3ebdd"}
{"index": {"_index":"sim","_id":"1720904"}}
	{"id":1720904,"type":"sell","buyer":"pi-trader","seller":"sallhiddles","symbol":"SIM","quantity":"50000.000","price":"0.00091803","timestamp":1634507028,"volume":"45.90150000","buyTxId":"83e113fd20f0ecce6d9cee0891c78c8d10c6accd-3","sellTxId":"652c469268a1ad8407149b4c98af2e7fe14047d4"}
{"index": {"_index":"sim","_id":"1720905"}}
	{"id":1720905,"type":"sell","buyer":"jelly13","seller":"sallhiddles","symbol":"SIM","quantity":"48099.730","price":"0.00091802","timestamp":1634507028,"volume":"44.15651413","buyTxId":"e08b2996de533e5f0deacaf92f3ffaa9945fdad3","sellTxId":"652c469268a1ad8407149b4c98af2e7fe14047d4"}
{"index": {"_index":"sim","_id":"1720911"}}
	{"id":1720911,"type":"sell","buyer":"pi-trader","seller":"stayten","symbol":"SIM","quantity":"190.000","price":"0.00091803","timestamp":1634507118,"volume":"0.17442570","buyTxId":"ab22d8460e99d4e3ecce71fc8bf4d50ef0045669","sellTxId":"9854d722de85fe6ed7cbcbb18c8105537eb8dd1a"}
{"index": {"_index":"sim","_id":"1720953"}}
	{"id":1720953,"type":"buy","buyer":"kevinnag58","seller":"enginemaker","symbol":"SIM","quantity":"5376.517","price":"0.00092997","timestamp":1634507820,"volume":"5","buyTxId":"10cd60f9f4970962c522b3d513e6d29dafed1ffc","sellTxId":"MM-P-11390061-58375349-3-2-0"}
{"index": {"_index":"sim","_id":"1720987"}}
	{"id":1720987,"type":"sell","buyer":"pi-trader","seller":"bearbear613","symbol":"SIM","quantity":"1010.019","price":"0.00091803","timestamp":1634508090,"volume":"0.92722774","buyTxId":"5c450e7fdc1522e0e892508a7aa5b6d753e8a19a-3","sellTxId":"916de78ba3e41ea71b7041672c03bfa370322174"}
{"index": {"_index":"sim","_id":"1720992"}}
	{"id":1720992,"type":"buy","buyer":"kevinnag58","seller":"peerfinance","symbol":"SIM","quantity":"275.916","price":"0.00092000","timestamp":1634508126,"volume":"0.25384272","buyTxId":"e392f6307f6aad67e2c816ef5e0d51cb20e5badb","sellTxId":"e1d0dd4018120b282eb37b368f939d9906fe35a4"}
{"index": {"_index":"sim","_id":"1720993"}}
	{"id":1720993,"type":"buy","buyer":"kevinnag58","seller":"enginemaker","symbol":"SIM","quantity":"2952.952","price":"0.00092997","timestamp":1634508126,"volume":"2.74615728","buyTxId":"e392f6307f6aad67e2c816ef5e0d51cb20e5badb","sellTxId":"MM-P-11390061-58375349-3-2-0"}
{"index": {"_index":"sim","_id":"1721017"}}
	{"id":1721017,"type":"buy","buyer":"svirus","seller":"elianaicgomes","symbol":"SIM","quantity":"2750.290","price":"0.00092000","timestamp":1634508396,"volume":"2.53026680","buyTxId":"5ff03e1f9030e7e24d41238d20c49dd7ddf8bc0e-0","sellTxId":"9b2df1c2e9c8bcab6930ea603628fbe5115a6c9d"}
{"index": {"_index":"sim","_id":"1721034"}}
	{"id":1721034,"type":"sell","buyer":"pi-trader","seller":"megalithic","symbol":"SIM","quantity":"14094.000","price":"0.00091803","timestamp":1634508615,"volume":"12.93871482","buyTxId":"5fb460fbd13029c50da8d790dabfc5e6bebc516d-3","sellTxId":"3b41ab9326f48502de4f17054aaf478f09313607"}
{"index": {"_index":"sim","_id":"1721036"}}
	{"id":1721036,"type":"buy","buyer":"kevinnag58","seller":"elianaicgomes","symbol":"SIM","quantity":"0.003","price":"0.00092000","timestamp":1634508633,"volume":"0.00000276","buyTxId":"ef4bba77018435d3e640a0ff6ab3632b8b2558b6","sellTxId":"9b2df1c2e9c8bcab6930ea603628fbe5115a6c9d"}
{"index": {"_index":"sim","_id":"1721037"}}
	{"id":1721037,"type":"buy","buyer":"kevinnag58","seller":"enginemaker","symbol":"SIM","quantity":"1075.300","price":"0.00092997","timestamp":1634508633,"volume":"0.99999724","buyTxId":"ef4bba77018435d3e640a0ff6ab3632b8b2558b6","sellTxId":"MM-P-11390061-58375349-3-2-0"}
{"index": {"_index":"sim","_id":"1721040"}}
	{"id":1721040,"type":"sell","buyer":"pi-trader","seller":"manoldonchev","symbol":"SIM","quantity":"50000.000","price":"0.00091803","timestamp":1634508705,"volume":"45.90150000","buyTxId":"941b8cc099d8e6b28e58b7120987aa8203a6f097-3","sellTxId":"1c96251c8162ac5b77d2ad87fe8c92242bfffed0"}
{"index": {"_index":"sim","_id":"1721365"}}
	{"id":1721365,"type":"sell","buyer":"pi-trader","seller":"bitcoinflood","symbol":"SIM","quantity":"1820.655","price":"0.00091803","timestamp":1634512764,"volume":"1.67141591","buyTxId":"6d8be6773101e4076c665ebc254fa9b7e6682baf-2","sellTxId":"b6af3ec45e1966cf6eb85736dc3998c77ae9aac0"}
{"index": {"_index":"sim","_id":"1721395"}}
	{"id":1721395,"type":"sell","buyer":"pi-trader","seller":"bosmob","symbol":"SIM","quantity":"2839.136","price":"0.00091803","timestamp":1634513106,"volume":"2.60641202","buyTxId":"6ce79dfd6663cf27691bb7fd0754d48c4c77143c-3","sellTxId":"54de9592ad1f3c05cbcb811196c53cf0eb94d8f2"}
{"index": {"_index":"sim","_id":"1721416"}}
	{"id":1721416,"type":"sell","buyer":"pi-trader","seller":"minerthreat","symbol":"SIM","quantity":"4546.000","price":"0.00091803","timestamp":1634513337,"volume":"4.17336438","buyTxId":"7ce60b9881efaff3bb864a57ae35d07b58b0211c-3","sellTxId":"46f193bb96d94e5b2c37ff1a12dc40cad27a7ae6"}
{"index": {"_index":"sim","_id":"1721593"}}
	{"id":1721593,"type":"sell","buyer":"pi-trader","seller":"willsaldeno","symbol":"SIM","quantity":"751.000","price":"0.00091803","timestamp":1634515197,"volume":"0.68944053","buyTxId":"3abd002abc6c46aee7691a62b000737afa669c67-3","sellTxId":"ed396b73ae54b1ef638fc62a277af3309e179f0e"}
{"index": {"_index":"sim","_id":"1721606"}}
	{"id":1721606,"type":"buy","buyer":"konvik","seller":"taitux","symbol":"SIM","quantity":"539.600","price":"0.00092000","timestamp":1634515356,"volume":"0.49643200","buyTxId":"b0056c572d56441654b049c0c7231c9e423779ab-0","sellTxId":"127f868742dcf1fb9f4751b3e681065206f2bbc4"}
{"index": {"_index":"sim","_id":"1721607"}}
	{"id":1721607,"type":"buy","buyer":"konvik","seller":"themarkymark","symbol":"SIM","quantity":"8951.639","price":"0.00092000","timestamp":1634515356,"volume":"8.23550788","buyTxId":"b0056c572d56441654b049c0c7231c9e423779ab-0","sellTxId":"9bbb160451c0aeeb2d999a1ab92159fe80570e17"}
{"index": {"_index":"sim","_id":"1721664"}}
	{"id":1721664,"type":"sell","buyer":"pi-trader","seller":"brofi-market","symbol":"SIM","quantity":"0.003","price":"0.00091803","timestamp":1634515881,"volume":"0.00000275","buyTxId":"5207cd22242cd56bffd4c6e78c7ebb0b5a72c8d7-3","sellTxId":"aa1fcf5140f8be01a985315c598c87439bd7f27a"}
{"index": {"_index":"sim","_id":"1722016"}}
	{"id":1722016,"type":"sell","buyer":"pi-trader","seller":"ericburgoyne","symbol":"SIM","quantity":"36.310","price":"0.00091803","timestamp":1634520573,"volume":"0.03333367","buyTxId":"6d23df711cd294a9d717aca22279d1279cf9d197-1","sellTxId":"4d6bb86e6733a98cd1cc85234ccde1a9c8ae82ff"}
{"index": {"_index":"sim","_id":"1722221"}}
	{"id":1722221,"type":"buy","buyer":"nastyforce","seller":"themarkymark","symbol":"SIM","quantity":"160.000","price":"0.00092000","timestamp":1634522601,"volume":"0.14720000","buyTxId":"5145ed88b005a451876ddf06f12d36f62a043317","sellTxId":"9bbb160451c0aeeb2d999a1ab92159fe80570e17"}
{"index": {"_index":"sim","_id":"1722283"}}
	{"id":1722283,"type":"buy","buyer":"konvik","seller":"themarkymark","symbol":"SIM","quantity":"379.506","price":"0.00092000","timestamp":1634523225,"volume":"0.34914552","buyTxId":"ab32291a88039be9ff35e3c6baf8aad8273b3a76-1-0","sellTxId":"9bbb160451c0aeeb2d999a1ab92159fe80570e17"}
{"index": {"_index":"sim","_id":"1722284"}}
	{"id":1722284,"type":"buy","buyer":"konvik","seller":"brofi-market","symbol":"SIM","quantity":"0.003","price":"0.00092000","timestamp":1634523225,"volume":"0.00000276","buyTxId":"ab32291a88039be9ff35e3c6baf8aad8273b3a76-1-0","sellTxId":"c284d67cd9c1ab4606314d4887b42d4d58965187"}
{"index": {"_index":"sim","_id":"1722285"}}
	{"id":1722285,"type":"buy","buyer":"konvik","seller":"enginemaker","symbol":"SIM","quantity":"15262.087","price":"0.00092997","timestamp":1634523225,"volume":"14.19328305","buyTxId":"ab32291a88039be9ff35e3c6baf8aad8273b3a76-1-0","sellTxId":"MM-P-11390061-58375349-3-2-0"}
{"index": {"_index":"sim","_id":"1722616"}}
	{"id":1722616,"type":"sell","buyer":"pi-trader","seller":"themightyvolcano","symbol":"SIM","quantity":"12548.000","price":"0.00091803","timestamp":1634525232,"volume":"11.51944044","buyTxId":"99cb1c1e643813f9ac7dcbfe94a7d1b4c9f3a831-3","sellTxId":"fab70fa8085c821da21992040688fd08a995a828"}
