{"jsonrpc":"2.0","id":1,"result":[{"_id":1167719,"type":"sell","buyer":"dcityfund","seller":"juanvegetarian","symbol":"SIM","quantity":"1111.000","price":"0.00085600","timestamp":1624503855,"volume":"0.95101600","buyTxId":"dff690def7ff144defe183b25bcda3acd8285a91","sellTxId":"60ba816ed0cdf0aa9c5511d4c7880721126b258e"},{"_id":1167723,"type":"sell","buyer":"dcityfund","seller":"thegoliath","symbol":"SIM","quantity":"18652.868","price":"0.00085600","timestamp":1624504284,"volume":"15.96685501","buyTxId":"dff690def7ff144defe183b25bcda3acd8285a91","sellTxId":"5781fc0e64c5e12a8236c4a269ea3ca6641e5241"},{"_id":1167724,"type":"sell","buyer":"eirik","seller":"thegoliath","symbol":"SIM","quantity":"1500.000","price":"0.00085000","timestamp":1624504284,"volume":"1.27500000","buyTxId":"e2924f921abc1b0265eaabfc6fa0a38b8d586f86","sellTxId":"5781fc0e64c5e12a8236c4a269ea3ca6641e5241"},{"_id":1167725,"type":"sell","buyer":"dcityfund","seller":"thegoliath","symbol":"SIM","quantity":"28194.025","price":"0.00084500","timestamp":1624504284,"volume":"23.82395113","buyTxId":"af2ca8733f0eae4ad4df9010094b51516f95db85","sellTxId":"5781fc0e64c5e12a8236c4a269ea3ca6641e5241"},{"_id":1167726,"type":"sell","buyer":"dcityfund","seller":"thegoliath","symbol":"SIM","quantity":"30693.638","price":"0.00083400","timestamp":1624504284,"volume":"25.59849409","buyTxId":"d4b5f5de74d99b3cd5d6c939942516813ec46ba7","sellTxId":"5781fc0e64c5e12a8236c4a269ea3ca6641e5241"},{"_id":1167727,"type":"sell","buyer":"dcityfund","seller":"thegoliath","symbol":"SIM","quantity":"33451.610","price":"0.00082300","timestamp":1624504284,"volume":"27.53067503","buyTxId":"08fee863fbe9a34d4e4324018983267878c2e430","sellTxId":"5781fc0e64c5e12a8236c4a269ea3ca6641e5241"},{"_id":1167728,"type":"sell","buyer":"dcityfund","seller":"thegoliath","symbol":"SIM","quantity":"36549.845","price":"0.00081200","timestamp":1624504284,"volume":"29.67847414","buyTxId":"4b4703326afe64a70c63f36f77220e79973c962c","sellTxId":"5781fc0e64c5e12a8236c4a269ea3ca6641e5241"},{"_id":1167729,"type":"sell","buyer":"desyfit","seller":"thegoliath","symbol":"SIM","quantity":"100000.000","price":"0.00080201","timestamp":1624504284,"volume":"80.20100000","buyTxId":"e90dff146cea16fb8b846cca2a8d3d38725dd505","sellTxId":"5781fc0e64c5e12a8236c4a269ea3ca6641e5241"},{"_id":1167730,"type":"sell","buyer":"deepresearch","seller":"thegoliath","symbol":"SIM","quantity":"32744.698","price":"0.00080200","timestamp":1624504284,"volume":"26.26124780","buyTxId":"e64a2f9cf7ecfa1c98eac89f995a2adf877dcb03","sellTxId":"5781fc0e64c5e12a8236c4a269ea3ca6641e5241"},{"_id":1167738,"type":"buy","buyer":"pinkfloyd878","seller":"freebornsociety","symbol":"SIM","quantity":"25000.000","price":"0.00087572","timestamp":1624505133,"volume":"21.89300000","buyTxId":"6f065f423a667bb4c3e563d93418251361c2257a","sellTxId":"MM-P-8072965-55050463-3-4-0"},{"_id":1167739,"type":"buy","buyer":"pinkfloyd878","seller":"nftmart.fees","symbol":"SIM","quantity":"35.000","price":"0.00087672","timestamp":1624505232,"volume":"0.03068520","buyTxId":"0f8d4d01b6a922262d22eadeefaf4512389caa4b","sellTxId":"a17e885cae3e30d23a7e4aded361a183a7f8ea20-0"},{"_id":1167751,"type":"buy","buyer":"pinkfloyd878","seller":"freebornsociety","symbol":"SIM","quantity":"25000.000","price":"0.00087674","timestamp":1624505436,"volume":"21.91850000","buyTxId":"33474edc0c30b2b27cd85bc249790671c8bf2004","sellTxId":"MM-P-8073162-55050662-3-4-0"},{"_id":1167752,"type":"buy","buyer":"pinkfloyd878","seller":"bitcoinflood","symbol":"SIM","quantity":"2638.249","price":"0.00087774","timestamp":1624505466,"volume":"2.31569668","buyTxId":"a7f4ce25fce117cd0eef3219847d99d93394d8b7","sellTxId":"f0ef02345bb06e6f229fa7854a81a56189ab54fd"},{"_id":1167753,"type":"sell","buyer":"pinkfloyd878","seller":"solovey6o2","symbol":"SIM","quantity":"361.751","price":"0.00087774","timestamp":1624505478,"volume":"0.31752332","buyTxId":"a7f4ce25fce117cd0eef3219847d99d93394d8b7","sellTxId":"398da8a78a3849f51613980fabe081b3e948132f"},{"_id":1167759,"type":"sell","buyer":"deepresearch","seller":"manoldonchev","symbol":"SIM","quantity":"2576.000","price":"0.00080200","timestamp":1624505820,"volume":"2.06595200","buyTxId":"e64a2f9cf7ecfa1c98eac89f995a2adf877dcb03","sellTxId":"8ffa4d794c8768e99704b7d61e4872cf593eca72"},{"_id":1167807,"type":"sell","buyer":"freebornsociety","seller":"lifeskills-tv","symbol":"SIM","quantity":"909.605","price":"0.00080401","timestamp":1624507593,"volume":"0.73133152","buyTxId":"MM-P-8073959-55051461-3-4-0","sellTxId":"65a62b3e5ee8152b348618630b104c256170b254"},{"_id":1167828,"type":"sell","buyer":"freebornsociety","seller":"agcoeficiente10","symbol":"SIM","quantity":"15377.063","price":"0.00080300","timestamp":1624508853,"volume":"12.34778159","buyTxId":"MM-P-8074259-55051761-3-4-0","sellTxId":"7e768caecdc9134c15362e501c946fee77626f6e"},{"_id":1167830,"type":"sell","buyer":"freebornsociety","seller":"thesimguru","symbol":"SIM","quantity":"1873.800","price":"0.00080300","timestamp":1624508952,"volume":"1.50466140","buyTxId":"MM-P-8074259-55051761-3-4-0","sellTxId":"6d1b7489d2e921c6a56382b8971c7ac0b6e14342"},{"_id":1167841,"type":"sell","buyer":"freebornsociety","seller":"thesimguru","symbol":"SIM","quantity":"799.820","price":"0.00080300","timestamp":1624509105,"volume":"0.64225546","buyTxId":"MM-P-8074259-55051761-3-4-0","sellTxId":"05cdd09c5df98b95efeabb4a23e1351f703a3a57"},{"_id":1167846,"type":"sell","buyer":"freebornsociety","seller":"barrenwolfsbane","symbol":"SIM","quantity":"29.000","price":"0.00080300","timestamp":1624509486,"volume":"0.02328700","buyTxId":"MM-P-8074259-55051761-3-4-0","sellTxId":"4a7d8c3a33a3f309dcfe56bf90ea21cfa5088f24"},{"_id":1167847,"type":"sell","buyer":"freebornsociety","seller":"onealfa","symbol":"SIM","quantity":"10063","price":"0.00080300","timestamp":1624509501,"volume":"8.08058900","buyTxId":"MM-P-8074259-55051761-3-4-0","sellTxId":"4152bad958773e410d516ab6152e5c1244df9527"},{"_id":1167878,"type":"sell","buyer":"freebornsociety","seller":"theguruasia","symbol":"SIM","quantity":"134.000","price":"0.00080401","timestamp":1624511322,"volume":"0.10773734","buyTxId":"MM-P-8075152-55052660-3-4-0","sellTxId":"55c21db76af7252c790ada3198ebb96b850432dc"},{"_id":1167946,"type":"sell","buyer":"freebornsociety","seller":"steemstreems","symbol":"SIM","quantity":"2063.428","price":"0.00080300","timestamp":1624514985,"volume":"1.65693268","buyTxId":"MM-P-8076246-55053760-3-4-0","sellTxId":"654b137cbe03b12377992d24cf99e730e8298ed6"},{"_id":1168088,"type":"sell","buyer":"mmrx","seller":"razam","symbol":"SIM","quantity":"12.000","price":"0.00080301","timestamp":1624521042,"volume":"0.00963612","buyTxId":"MM-P-8076698-55054213-3-14-0","sellTxId":"c710267db21b07b9f6a4b5bc7fc48e980da7be42"},{"_id":1168118,"type":"buy","buyer":"vcelier","seller":"mmrx","symbol":"SIM","quantity":"12.000","price":"0.00088464","timestamp":1624522155,"volume":"0.01061568","buyTxId":"a74daff859114df832f1b8bc08c21856aa8ba6db","sellTxId":"MM-P-8078771-55056310-3-14-0"},{"_id":1168119,"type":"buy","buyer":"vcelier","seller":"solovey6o2","symbol":"SIM","quantity":"8373.702","price":"0.00088465","timestamp":1624522155,"volume":"7.40779547","buyTxId":"a74daff859114df832f1b8bc08c21856aa8ba6db","sellTxId":"ca9249148b8100469e06beb9299d35d343699cc6"},{"_id":1168227,"type":"buy","buyer":"bragurr","seller":"solovey6o2","symbol":"SIM","quantity":"66802.365","price":"0.00086642","timestamp":1624527537,"volume":"57.87890508","buyTxId":"9302868c62079f94bb7cca85ae253fd90264b810","sellTxId":"27cf03b06c8fb36904e22384f6d459aa6fdcb207"},{"_id":1168253,"type":"buy","buyer":"konvik","seller":"freebornsociety","symbol":"SIM","quantity":"4147.395","price":"0.00086000","timestamp":1624529202,"volume":"3.56675970","buyTxId":"4dc2b16b19c9fb9cac784af93ba5dcaf535bf85a-0","sellTxId":"MM-P-8081077-55058656-3-4-1"},{"_id":1168254,"type":"buy","buyer":"konvik","seller":"freebornsociety","symbol":"SIM","quantity":"20852.605","price":"0.00086000","timestamp":1624529232,"volume":"17.93324030","buyTxId":"9f16ebb5cfe85b431b8a89cf5fd6e3925d466bfd-0","sellTxId":"MM-P-8081077-55058656-3-4-1"},{"_id":1168255,"type":"sell","buyer":"konvik","seller":"solovey6o2","symbol":"SIM","quantity":"0.208","price":"0.00086000","timestamp":1624529241,"volume":"0.00017888","buyTxId":"9f16ebb5cfe85b431b8a89cf5fd6e3925d466bfd-0","sellTxId":"93fab78e5cd782f7ab8abd749ba8a5e91165ae06"},{"_id":1168256,"type":"buy","buyer":"konvik","seller":"solovey6o2","symbol":"SIM","quantity":"127207.543","price":"0.00085999","timestamp":1624529256,"volume":"109.39721490","buyTxId":"7ac07ff5dafa22b7230844a003ec39d6254aa8e0-0","sellTxId":"93fab78e5cd782f7ab8abd749ba8a5e91165ae06"},{"_id":1168262,"type":"buy","buyer":"konvik","seller":"freebornsociety","symbol":"SIM","quantity":"25000.000","price":"0.00085900","timestamp":1624529505,"volume":"21.47500000","buyTxId":"f69a8dc284fd0fd08e86d25767093e5366ab3b02-0","sellTxId":"MM-P-8081173-55058756-3-4-1"},{"_id":1168267,"type":"buy","buyer":"konvik","seller":"freebornsociety","symbol":"SIM","quantity":"19407.438","price":"0.00085899","timestamp":1624529805,"volume":"16.67079517","buyTxId":"c6e03d545224c6dd6de76a37fdb41001af748f0f-0","sellTxId":"MM-P-8081272-55058856-3-4-1"},{"_id":1168361,"type":"sell","buyer":"ykretz","seller":"tonytrillions","symbol":"SIM","quantity":"0.002","price":"0.00085899","timestamp":1624535307,"volume":"0.00000172","buyTxId":"472b7d62c2e8dee2f4c7592541b0802ba40ddca8","sellTxId":"da932e672059df406ce95f44ea499136010838b1"},{"_id":1168380,"type":"sell","buyer":"ykretz","seller":"kishan006","symbol":"SIM","quantity":"423.998","price":"0.00085899","timestamp":1624536615,"volume":"0.36421004","buyTxId":"472b7d62c2e8dee2f4c7592541b0802ba40ddca8","sellTxId":"cf0227acb9eaadb2198e5a610869cd7e5ab4e3e8"},{"_id":1168389,"type":"buy","buyer":"notaboutme","seller":"nftmart.fees","symbol":"SIM","quantity":"69.000","price":"0.00085898","timestamp":1624537737,"volume":"0.05926962","buyTxId":"1a2c22f3c69f36fe66d068cb5a6bb8589a78d7a7","sellTxId":"28f0e39a595e1c1f449546fa4401423439864ba4-0"},{"_id":1168390,"type":"buy","buyer":"notaboutme","seller":"kishan006","symbol":"SIM","quantity":"11931.000","price":"0.00085899","timestamp":1624537737,"volume":"10.24860969","buyTxId":"1a2c22f3c69f36fe66d068cb5a6bb8589a78d7a7","sellTxId":"cf0227acb9eaadb2198e5a610869cd7e5ab4e3e8"},{"_id":1168402,"type":"buy","buyer":"elricmoonslayer","seller":"kishan006","symbol":"SIM","quantity":"679.002","price":"0.00085899","timestamp":1624538052,"volume":"0.58325593","buyTxId":"cf3229e61c4c40129336dbda6ed7d05f7bef7388","sellTxId":"cf0227acb9eaadb2198e5a610869cd7e5ab4e3e8"},{"_id":1168408,"type":"buy","buyer":"willsaldeno","seller":"dcityfund","symbol":"SIM","quantity":"4782.076","price":"0.00086000","timestamp":1624538118,"volume":"4.11258536","buyTxId":"f6ce37ef9860c21274b041e3f3bc35c2ae16e521","sellTxId":"d9945ab55ccb1ee84d5976fdfd9d492b669855d9"},{"_id":1168422,"type":"buy","buyer":"willsaldeno","seller":"nftmart.fees","symbol":"SIM","quantity":"127.000","price":"0.00086098","timestamp":1624538514,"volume":"0.10934446","buyTxId":"c44b7acda2ec7a32bc50f19f4aa6c52abdc49987","sellTxId":"a15e9b053f77bb2f63bb1c991778e4008660c168-0"},{"_id":1168423,"type":"buy","buyer":"willsaldeno","seller":"nftmart.fees","symbol":"SIM","quantity":"146.000","price":"0.00086099","timestamp":1624538514,"volume":"0.12570454","buyTxId":"c44b7acda2ec7a32bc50f19f4aa6c52abdc49987","sellTxId":"451951ba0989e57e0ec93b77ef800f986d334e59-0"},{"_id":1168424,"type":"buy","buyer":"willsaldeno","seller":"dcityfund","symbol":"SIM","quantity":"408.000","price":"0.00086100","timestamp":1624538514,"volume":"0.35128800","buyTxId":"c44b7acda2ec7a32bc50f19f4aa6c52abdc49987","sellTxId":"f6ee9fe9d106491ba96a5fd1ea763d8486555b63"},{"_id":1168426,"type":"buy","buyer":"willsaldeno","seller":"dcityfund","symbol":"SIM","quantity":"500.000","price":"0.00086100","timestamp":1624538553,"volume":"0.43050000","buyTxId":"9059f6c455f15fe31629b50a1c83fd80171b5df0","sellTxId":"f6ee9fe9d106491ba96a5fd1ea763d8486555b63"},{"_id":1168472,"type":"buy","buyer":"pinkfloyd878","seller":"nftmart.fees","symbol":"SIM","quantity":"159.000","price":"0.00086099","timestamp":1624539972,"volume":"0.13689741","buyTxId":"cf7fb9d56df6d9e9772416d8ac33248652b5e788","sellTxId":"4cf4a99881262fe439abae3ddbc1979e8772bae0-0"},{"_id":1168473,"type":"buy","buyer":"pinkfloyd878","seller":"dcityfund","symbol":"SIM","quantity":"3239.354","price":"0.00086100","timestamp":1624539972,"volume":"2.78908379","buyTxId":"cf7fb9d56df6d9e9772416d8ac33248652b5e788","sellTxId":"f6ee9fe9d106491ba96a5fd1ea763d8486555b63"},{"_id":1168509,"type":"buy","buyer":"egistar","seller":"nftmart.fees","symbol":"SIM","quantity":"138.000","price":"0.00090999","timestamp":1624541448,"volume":"0.12557862","buyTxId":"7d7a8ee637453e17771298cafb7aa73c3e52084e","sellTxId":"489441735920f920d776f967f5a6ed6c91438ac8-0"},{"_id":1168510,"type":"buy","buyer":"egistar","seller":"dera123","symbol":"SIM","quantity":"191.671","price":"0.00091000","timestamp":1624541448,"volume":"0.17442138","buyTxId":"7d7a8ee637453e17771298cafb7aa73c3e52084e","sellTxId":"35b6e8b04a46aa5ef16adc6d464e019d2a9e6fa2"},{"_id":1168511,"type":"buy","buyer":"elricmoonslayer","seller":"dera123","symbol":"SIM","quantity":"2100.000","price":"0.00091000","timestamp":1624541469,"volume":"1.91100000","buyTxId":"0a8f017d08cd912dac39221a001eaef1d6f8ebe4","sellTxId":"35b6e8b04a46aa5ef16adc6d464e019d2a9e6fa2"},{"_id":1168512,"type":"buy","buyer":"pinkfloyd878","seller":"dera123","symbol":"SIM","quantity":"49234.221","price":"0.00091000","timestamp":1624541562,"volume":"44.80314111","buyTxId":"dbe20ea5040b07859503d27d1af3a2d8d3c3ab32","sellTxId":"35b6e8b04a46aa5ef16adc6d464e019d2a9e6fa2"},{"_id":1168513,"type":"sell","buyer":"pinkfloyd878","seller":"konvik","symbol":"SIM","quantity":"5760.070","price":"0.00091000","timestamp":1624541565,"volume":"5.24166370","buyTxId":"dbe20ea5040b07859503d27d1af3a2d8d3c3ab32","sellTxId":"dd2de4794f8ad4c604014795b45e72fb38a1027d-1"},{"_id":1168514,"type":"sell","buyer":"pinkfloyd878","seller":"konvik","symbol":"SIM","quantity":"5.709","price":"0.00091000","timestamp":1624541643,"volume":"0.00519519","buyTxId":"dbe20ea5040b07859503d27d1af3a2d8d3c3ab32","sellTxId":"05175f472a14785eeed8580435552b01a0906054-1"},{"_id":1168515,"type":"sell","buyer":"pinkfloyd878","seller":"konvik","symbol":"SIM","quantity":"54939.837","price":"0.00091000","timestamp":1624541643,"volume":"49.99525167","buyTxId":"99a13963951438c7e96b65f15ed103adf1df2f73","sellTxId":"05175f472a14785eeed8580435552b01a0906054-1"},{"_id":1168517,"type":"buy","buyer":"elricmoonslayer","seller":"brofi-market","symbol":"SIM","quantity":"0.001","price":"0.00092189","timestamp":1624541718,"volume":"0.00000092","buyTxId":"3284f18bc29a4ae1fe8efded063ea5f31ed429e6","sellTxId":"4db13ac85abf6704d4f28928e6610bb462c0d325"},{"_id":1168518,"type":"buy","buyer":"elricmoonslayer","seller":"sbi-tokens","symbol":"SIM","quantity":"1529.000","price":"0.00095500","timestamp":1624541718,"volume":"1.46019500","buyTxId":"3284f18bc29a4ae1fe8efded063ea5f31ed429e6","sellTxId":"d456592df56e49aef74f7453b3e28a0207b39117"},{"_id":1168519,"type":"buy","buyer":"elricmoonslayer","seller":"brofi-market","symbol":"SIM","quantity":"102.140","price":"0.00095500","timestamp":1624541718,"volume":"0.09754370","buyTxId":"3284f18bc29a4ae1fe8efded063ea5f31ed429e6","sellTxId":"5ace17b4cca06d571ac5a6988d14c89a463f3f6b"},{"_id":1168520,"type":"buy","buyer":"elricmoonslayer","seller":"mapac","symbol":"SIM","quantity":"333.000","price":"0.00095600","timestamp":1624541718,"volume":"0.31834800","buyTxId":"3284f18bc29a4ae1fe8efded063ea5f31ed429e6","sellTxId":"0f02db7df2830763fa71e89730eb41389281eea4"},{"_id":1168521,"type":"buy","buyer":"elricmoonslayer","seller":"medaymane","symbol":"SIM","quantity":"8035.859","price":"0.00095802","timestamp":1624541718,"volume":"7.69851364","buyTxId":"3284f18bc29a4ae1fe8efded063ea5f31ed429e6","sellTxId":"6470dc74a1a523ddb221c5f0c2ae5c410af50cb7"},{"_id":1168539,"type":"sell","buyer":"pinkfloyd878","seller":"tonytrillions","symbol":"SIM","quantity":"0.027","price":"0.00091000","timestamp":1624542258,"volume":"0.00002457","buyTxId":"99a13963951438c7e96b65f15ed103adf1df2f73","sellTxId":"e8d925df3c23a2e3b2470793eaa992a96c94af37"},{"_id":1168541,"type":"sell","buyer":"pinkfloyd878","seller":"thegoliath","symbol":"SIM","quantity":"60.136","price":"0.00091000","timestamp":1624542273,"volume":"0.05472376","buyTxId":"99a13963951438c7e96b65f15ed103adf1df2f73","sellTxId":"c4e165ccbb4da56c02eb6e9c5ac6afb55a0b4152"},{"_id":1168542,"type":"sell","buyer":"solovey6o2","seller":"thegoliath","symbol":"SIM","quantity":"9939.864","price":"0.00086302","timestamp":1624542273,"volume":"8.57830143","buyTxId":"f4bdf0d948e1384ac26d3f5b46c9a5eda3162bcc","sellTxId":"c4e165ccbb4da56c02eb6e9c5ac6afb55a0b4152"},{"_id":1168559,"type":"sell","buyer":"solovey6o2","seller":"thatcryptodave","symbol":"SIM","quantity":"116.462","price":"0.00086504","timestamp":1624542777,"volume":"0.10074429","buyTxId":"d4eb54791a069610969eed7be6814384827b5652","sellTxId":"47a8112d4083e46b8b19441ed36327e825e8fad2"},{"_id":1168659,"type":"sell","buyer":"solovey6o2","seller":"goldcoin","symbol":"SIM","quantity":"32.535","price":"0.00088019","timestamp":1624547382,"volume":"0.02863698","buyTxId":"f7d543e7be53c8442cac389b9ca361e8e55290fb","sellTxId":"99a4070d854baca4e43ff706d965ac5e53b12142"},{"_id":1168676,"type":"sell","buyer":"solovey6o2","seller":"bearbear613","symbol":"SIM","quantity":"584.286","price":"0.00088120","timestamp":1624547613,"volume":"0.51487282","buyTxId":"044cbba2d503ac38cf33720b46745a7ba5727698","sellTxId":"c360850c097e4a396ccaff19c36ee2269e149c9c"},{"_id":1168682,"type":"buy","buyer":"holoferncro","seller":"nftmart.fees","symbol":"SIM","quantity":"105.000","price":"0.00094999","timestamp":1624547853,"volume":"0.09974895","buyTxId":"67e3ca162f7a00d02b34885fb1a3a6b1665f5928","sellTxId":"032daeb5cb4f02f05c58cdc02e1adbe8380d5b34-0"},{"_id":1168683,"type":"buy","buyer":"holoferncro","seller":"mpath","symbol":"SIM","quantity":"277.000","price":"0.00095000","timestamp":1624547853,"volume":"0.26315000","buyTxId":"67e3ca162f7a00d02b34885fb1a3a6b1665f5928","sellTxId":"3e61f57d82a60734b25a3054dd520e9c150c8fb2"},{"_id":1168684,"type":"buy","buyer":"holoferncro","seller":"mpath","symbol":"SIM","quantity":"289.000","price":"0.00095460","timestamp":1624547853,"volume":"0.27587940","buyTxId":"67e3ca162f7a00d02b34885fb1a3a6b1665f5928","sellTxId":"dffa60b406ea0d755d368496005608632714686c"},{"_id":1168685,"type":"buy","buyer":"holoferncro","seller":"accelerator","symbol":"SIM","quantity":"222.000","price":"0.00095600","timestamp":1624547853,"volume":"0.21223200","buyTxId":"67e3ca162f7a00d02b34885fb1a3a6b1665f5928","sellTxId":"87ed5c997ee9421453c9d7246df2346c3d2cb6c8"},{"_id":1168686,"type":"buy","buyer":"holoferncro","seller":"mpath","symbol":"SIM","quantity":"234.000","price":"0.00095600","timestamp":1624547853,"volume":"0.22370400","buyTxId":"67e3ca162f7a00d02b34885fb1a3a6b1665f5928","sellTxId":"da94743a702f15217d21c37e7ec06a915bec3494"},{"_id":1168687,"type":"buy","buyer":"holoferncro","seller":"medaymane","symbol":"SIM","quantity":"512.000","price":"0.00095802","timestamp":1624547853,"volume":"0.49050624","buyTxId":"67e3ca162f7a00d02b34885fb1a3a6b1665f5928","sellTxId":"6470dc74a1a523ddb221c5f0c2ae5c410af50cb7"},{"_id":1168697,"type":"sell","buyer":"solovey6o2","seller":"solarpowers","symbol":"SIM","quantity":"4954.000","price":"0.00083102","timestamp":1624548429,"volume":"4.11687308","buyTxId":"89edd86cbae04bda14f4be852cd15417f9c7b90d","sellTxId":"c64c2d0728be0d5199e1fd822567324a3a5d111b"},{"_id":1168698,"type":"sell","buyer":"solovey6o2","seller":"yintercept","symbol":"SIM","quantity":"5.185","price":"0.00083102","timestamp":1624548513,"volume":"0.00430884","buyTxId":"89edd86cbae04bda14f4be852cd15417f9c7b90d","sellTxId":"8199cc5256ffd554de1db6b07eff8c32f34043ce"},{"_id":1168716,"type":"buy","buyer":"eythorphoto","seller":"nftmart.fees","symbol":"SIM","quantity":"107.000","price":"0.00095801","timestamp":1624549377,"volume":"0.10250707","buyTxId":"cbc36918d907f9bf603725d2b484a7faa1034eb9","sellTxId":"b2f231249b16c28e610a638f15097983bb3e364a-0"},{"_id":1168717,"type":"sell","buyer":"eythorphoto","seller":"konvik","symbol":"SIM","quantity":"10557.537","price":"0.00095801","timestamp":1624549380,"volume":"10.11422602","buyTxId":"cbc36918d907f9bf603725d2b484a7faa1034eb9","sellTxId":"bdb5a68ae861839b4d46607e36ae84377419ac12-1"},{"_id":1168735,"type":"sell","buyer":"eythorphoto","seller":"nftmart.fees","symbol":"SIM","quantity":"10.463","price":"0.00095801","timestamp":1624550439,"volume":"0.01002366","buyTxId":"cbc36918d907f9bf603725d2b484a7faa1034eb9","sellTxId":"d11618c65383ed7f596c9a7ad0837ef5ff79900b-0"},{"_id":1168745,"type":"buy","buyer":"vcelier","seller":"nftmart.fees","symbol":"SIM","quantity":"82.537","price":"0.00095801","timestamp":1624550742,"volume":"0.07907127","buyTxId":"5ceda0db3ed8d41b1536063ff85f3600c2ec4681","sellTxId":"d11618c65383ed7f596c9a7ad0837ef5ff79900b-0"},{"_id":1168790,"type":"sell","buyer":"solovey6o2","seller":"flaxz","symbol":"SIM","quantity":"0.304","price":"0.00084011","timestamp":1624552272,"volume":"0.00025539","buyTxId":"8f1d2a5663384aa4b99d6634a97e7e2f4853fbd7","sellTxId":"c23e5832afc826a5f375d09b1214820a26325ad7"},{"_id":1168842,"type":"sell","buyer":"solovey6o2","seller":"joebabana","symbol":"SIM","quantity":"15500.000","price":"0.00084516","timestamp":1624553694,"volume":"13.09998000","buyTxId":"821d4ad0c7c4dd1a073950191c1f807e0f2ffeae","sellTxId":"9a86344e23f6b9aa19c898f14f0d915c46fd5175"},{"_id":1168858,"type":"sell","buyer":"solovey6o2","seller":"atongis","symbol":"SIM","quantity":"27.021","price":"0.00084718","timestamp":1624554300,"volume":"0.02289165","buyTxId":"5678364411f75834b47ab6f4f4ecb78d68d7b39b","sellTxId":"a06200d496ee741ae1acf7dc6844f14a78b60fe3"},{"_id":1168888,"type":"buy","buyer":"automaton","seller":"bitandi","symbol":"SIM","quantity":"1200.000","price":"0.00095000","timestamp":1624555293,"volume":"1.14000000","buyTxId":"f922b988110f7954631e49ae10546eda0b08ae62","sellTxId":"a9a37e92d92e6306ff759fb932a53165a339167c"},{"_id":1168895,"type":"buy","buyer":"vcelier","seller":"nftmart.fees","symbol":"SIM","quantity":"81.000","price":"0.00094999","timestamp":1624555452,"volume":"0.07694919","buyTxId":"a9a95c96580d6749c59156b43588f4635d077822","sellTxId":"87eef371f17f73dc32bb52d5da9c0fcb75a1e04a-0"},{"_id":1168899,"type":"buy","buyer":"vcelier","seller":"bitandi","symbol":"SIM","quantity":"297.342","price":"0.00095000","timestamp":1624555494,"volume":"0.28247490","buyTxId":"f402b43f050f8b230089535abbdb73f374848035","sellTxId":"a9a37e92d92e6306ff759fb932a53165a339167c"},{"_id":1168904,"type":"sell","buyer":"solovey6o2","seller":"dragokazo","symbol":"SIM","quantity":"150.000","price":"0.00085122","timestamp":1624555587,"volume":"0.12768300","buyTxId":"f205b812c3ae32a04e4362d46d46b927b8af8be6","sellTxId":"58c7810b760cfe9243e9db5564b20804e40e09b1"},{"_id":1168911,"type":"buy","buyer":"vcelier","seller":"medaymane","symbol":"SIM","quantity":"346.031","price":"0.00095802","timestamp":1624555887,"volume":"0.33150462","buyTxId":"b07b0977c34c55d02a112a644d647f891b75c7c6","sellTxId":"6470dc74a1a523ddb221c5f0c2ae5c410af50cb7"},{"_id":1168998,"type":"sell","buyer":"solovey6o2","seller":"luts","symbol":"SIM","quantity":"31677.863","price":"0.00086031","timestamp":1624558194,"volume":"27.25278232","buyTxId":"e0c7b5fce3ebaf194c9e587796e9dae5f500dfb8","sellTxId":"a7084253f0317f71e93b24a6919799956187ed4f"},{"_id":1168999,"type":"sell","buyer":"freebornsociety","seller":"luts","symbol":"SIM","quantity":"46495.409","price":"0.00086030","timestamp":1624558194,"volume":"40.00000036","buyTxId":"MM-P-8090619-55068245-3-4-0","sellTxId":"a7084253f0317f71e93b24a6919799956187ed4f"},{"_id":1169000,"type":"sell","buyer":"desyfit","seller":"luts","symbol":"SIM","quantity":"75000.000","price":"0.00083101","timestamp":1624558194,"volume":"62.32575000","buyTxId":"e2639c2bcfac9bd82c6a25664bf767d701f66f34","sellTxId":"a7084253f0317f71e93b24a6919799956187ed4f"},{"_id":1169001,"type":"sell","buyer":"dcityfund","seller":"luts","symbol":"SIM","quantity":"42342.654","price":"0.00083100","timestamp":1624558194,"volume":"35.18674547","buyTxId":"557ad86a03c4d25ef60694b8afb6e664b6915c5e","sellTxId":"a7084253f0317f71e93b24a6919799956187ed4f"},{"_id":1169002,"type":"sell","buyer":"dcityfund","seller":"luts","symbol":"SIM","quantity":"44127.016","price":"0.00083000","timestamp":1624558194,"volume":"36.62542328","buyTxId":"dbc93ebfb01847c55a6730fbf4fdd783d02b9295","sellTxId":"a7084253f0317f71e93b24a6919799956187ed4f"},{"_id":1169003,"type":"sell","buyer":"dcityfund","seller":"luts","symbol":"SIM","quantity":"45998.226","price":"0.00082900","timestamp":1624558194,"volume":"38.13252935","buyTxId":"bbe19071995438550fe446b79f139eb5b876f088","sellTxId":"a7084253f0317f71e93b24a6919799956187ed4f"},{"_id":1169004,"type":"sell","buyer":"dcityfund","seller":"luts","symbol":"SIM","quantity":"48200.843","price":"0.00082700","timestamp":1624558194,"volume":"39.86209716","buyTxId":"bcf4a673806e1e1919c892e119027a146beb9059","sellTxId":"a7084253f0317f71e93b24a6919799956187ed4f"},{"_id":1169005,"type":"sell","buyer":"dcityfund","seller":"luts","symbol":"SIM","quantity":"50279.279","price":"0.00082600","timestamp":1624558194,"volume":"41.53068445","buyTxId":"ae4fd2add4a21f7f2c5a8a1bfb4401dfc2d4126f","sellTxId":"a7084253f0317f71e93b24a6919799956187ed4f"},{"_id":1169006,"type":"sell","buyer":"dcityfund","seller":"luts","symbol":"SIM","quantity":"52722.997","price":"0.00082400","timestamp":1624558194,"volume":"43.44374953","buyTxId":"9644c113d5a6116dc4b4eb3b40bb8897fc528ada","sellTxId":"a7084253f0317f71e93b24a6919799956187ed4f"},{"_id":1169007,"type":"sell","buyer":"dcityfund","seller":"luts","symbol":"SIM","quantity":"55036.093","price":"0.00082300","timestamp":1624558194,"volume":"45.29470454","buyTxId":"b486a6d6ba02dac3e1787a88959bda6d97c8aa58","sellTxId":"a7084253f0317f71e93b24a6919799956187ed4f"},{"_id":1169008,"type":"sell","buyer":"enginemaker","seller":"luts","symbol":"SIM","quantity":"30413.625","price":"0.00082200","timestamp":1624558194,"volume":"24.99999975","buyTxId":"MM-P-8081723-55059319-3-2-0","sellTxId":"a7084253f0317f71e93b24a6919799956187ed4f"},{"_id":1169009,"type":"sell","buyer":"dcityfund","seller":"luts","symbol":"SIM","quantity":"57752.516","price":"0.00082100","timestamp":1624558194,"volume":"47.41481564","buyTxId":"290fd32dacb22782f7ee92b3ab5155389c917641","sellTxId":"a7084253f0317f71e93b24a6919799956187ed4f"},{"_id":1169010,"type":"sell","buyer":"dcityfund","seller":"luts","symbol":"SIM","quantity":"60331.546","price":"0.00082000","timestamp":1624558194,"volume":"49.47186772","buyTxId":"a18b1790de274c2f30de1a574360dc1374b2dbad","sellTxId":"a7084253f0317f71e93b24a6919799956187ed4f"},{"_id":1169011,"type":"sell","buyer":"dcityfund","seller":"luts","symbol":"SIM","quantity":"63356.686","price":"0.00081800","timestamp":1624558194,"volume":"51.82576915","buyTxId":"c26997008611f31f8c2fc2b3c85bc7b4d4434bac","sellTxId":"a7084253f0317f71e93b24a6919799956187ed4f"},{"_id":1169012,"type":"sell","buyer":"dcityfund","seller":"luts","symbol":"SIM","quantity":"66238.437","price":"0.00081700","timestamp":1624558194,"volume":"54.11680303","buyTxId":"c2ed7563fc91189e64d8fed72d27d82b188482d1","sellTxId":"a7084253f0317f71e93b24a6919799956187ed4f"},{"_id":1169013,"type":"sell","buyer":"dcityfund","seller":"luts","symbol":"SIM","quantity":"69273.138","price":"0.00081600","timestamp":1624558194,"volume":"56.52688061","buyTxId":"a50f12ffb00000666dea93a171bbde73d326cd9a","sellTxId":"a7084253f0317f71e93b24a6919799956187ed4f"},{"_id":1169014,"type":"sell","buyer":"dcityfund","seller":"luts","symbol":"SIM","quantity":"72470.778","price":"0.00081500","timestamp":1624558194,"volume":"59.06368407","buyTxId":"d7f63e7631c7cc6b241a4f7d562f7c7d39aea740","sellTxId":"a7084253f0317f71e93b24a6919799956187ed4f"},{"_id":1169015,"type":"sell","buyer":"dcityfund","seller":"luts","symbol":"SIM","quantity":"75841.695","price":"0.00081400","timestamp":1624558194,"volume":"61.73513973","buyTxId":"e45b98b883e84b9c37dd4a387073d56a49425af8","sellTxId":"a7084253f0317f71e93b24a6919799956187ed4f"},{"_id":1169016,"type":"sell","buyer":"dcityfund","seller":"luts","symbol":"SIM","quantity":"53807.899","price":"0.00081200","timestamp":1624558194,"volume":"43.69201399","buyTxId":"e58c3c38617032144cb522c424bd4b383b4ef0ab","sellTxId":"a7084253f0317f71e93b24a6919799956187ed4f"},{"_id":1169020,"type":"buy","buyer":"emergehealthier","seller":"freebornsociety","symbol":"SIM","quantity":"600.000","price":"0.00095700","timestamp":1624558302,"volume":"0.57420000","buyTxId":"64e9e5af24cacbabcb66d09dd5c3eeef91a2b521","sellTxId":"MM-P-8090719-55068345-3-4-0"},{"_id":1169024,"type":"sell","buyer":"dcityfund","seller":"wearealive","symbol":"SIM","quantity":"0.044","price":"0.00081200","timestamp":1624558581,"volume":"0.00003573","buyTxId":"e58c3c38617032144cb522c424bd4b383b4ef0ab","sellTxId":"6ff0ce91e7a4ff3130a13645a61971b842e89a18"},{"_id":1169031,"type":"buy","buyer":"emergehealthier","seller":"solovey6o2","symbol":"SIM","quantity":"100.000","price":"0.00094595","timestamp":1624558773,"volume":"0.09459500","buyTxId":"d6449f755308850d0772673a5a2adaa28139e44a","sellTxId":"9e3e3fc3d90b69e46bd0c0974bc9980284659320"},{"_id":1169091,"type":"buy","buyer":"automaton","seller":"jelly-cz","symbol":"SIM","quantity":"1700.000","price":"0.00089177","timestamp":1624559991,"volume":"1.51600900","buyTxId":"672ebaa09aad64f29a86863ccf3bf66002f87db6","sellTxId":"MM-P-8091281-55068908-3-25-0"},{"_id":1169092,"type":"buy","buyer":"konvik","seller":"jelly-cz","symbol":"SIM","quantity":"29397.151","price":"0.00089177","timestamp":1624559994,"volume":"26.21549735","buyTxId":"effaa4b309a678d85d99a76bc5ffeb41ce893513-0","sellTxId":"MM-P-8091281-55068908-3-25-0"},{"_id":1169095,"type":"buy","buyer":"konvik","seller":"enginemaker","symbol":"SIM","quantity":"30413.625","price":"0.00089179","timestamp":1624560036,"volume":"27.12256664","buyTxId":"ca5c0c36e05ed32e05f843851ab895b87889c0e3-0","sellTxId":"MM-P-8091281-55068908-3-2-0"},{"_id":1169096,"type":"sell","buyer":"konvik","seller":"solovey6o2","symbol":"SIM","quantity":"0.304","price":"0.00089179","timestamp":1624560045,"volume":"0.00027110","buyTxId":"ca5c0c36e05ed32e05f843851ab895b87889c0e3-0","sellTxId":"03d0c4bb613ef4fdc10c6ea91ec77c90d4b47df0"},{"_id":1169100,"type":"sell","buyer":"dcityfund","seller":"balte","symbol":"SIM","quantity":"24351.000","price":"0.00081200","timestamp":1624560381,"volume":"19.77301200","buyTxId":"e58c3c38617032144cb522c424bd4b383b4ef0ab","sellTxId":"afbca719467e6eaa513956cac857519685c2df56"},{"_id":1169117,"type":"sell","buyer":"dcityfund","seller":"jrcornel","symbol":"SIM","quantity":"1627.624","price":"0.00081200","timestamp":1624560630,"volume":"1.32163068","buyTxId":"e58c3c38617032144cb522c424bd4b383b4ef0ab","sellTxId":"cc568407904527ca2bb2c4bc91331d414210986c"},{"_id":1169118,"type":"sell","buyer":"gamewatch","seller":"jrcornel","symbol":"SIM","quantity":"32135.000","price":"0.00081000","timestamp":1624560630,"volume":"26.02935000","buyTxId":"bca80b8fc5e44bf5c7314f88074d7e55ad5a3b9c","sellTxId":"cc568407904527ca2bb2c4bc91331d414210986c"},{"_id":1169119,"type":"sell","buyer":"deepresearch","seller":"jrcornel","symbol":"SIM","quantity":"64679.302","price":"0.00080200","timestamp":1624560630,"volume":"51.87280020","buyTxId":"e64a2f9cf7ecfa1c98eac89f995a2adf877dcb03","sellTxId":"cc568407904527ca2bb2c4bc91331d414210986c"},{"_id":1169120,"type":"sell","buyer":"dcityfund","seller":"jrcornel","symbol":"SIM","quantity":"21538.007","price":"0.00080100","timestamp":1624560630,"volume":"17.25194361","buyTxId":"396f803df50a6a5e8233aa671fad3e0d33be5487","sellTxId":"cc568407904527ca2bb2c4bc91331d414210986c"},{"_id":1169151,"type":"sell","buyer":"dcityfund","seller":"steem.services","symbol":"SIM","quantity":"509.070","price":"0.00080100","timestamp":1624562442,"volume":"0.40776507","buyTxId":"396f803df50a6a5e8233aa671fad3e0d33be5487","sellTxId":"2a324a749cf5bd5506bd2ec5c2a7e860c06faff9"},{"_id":1169152,"type":"sell","buyer":"eirik","seller":"steem.services","symbol":"SIM","quantity":"1500.000","price":"0.00080000","timestamp":1624562442,"volume":"1.20000000","buyTxId":"e031006d5395ed1dbd41fdab3301ddbcda6e553b","sellTxId":"2a324a749cf5bd5506bd2ec5c2a7e860c06faff9"},{"_id":1169153,"type":"sell","buyer":"looftee","seller":"steem.services","symbol":"SIM","quantity":"6000.000","price":"0.00080000","timestamp":1624562442,"volume":"4.80000000","buyTxId":"79282dfdc104baf0110a93821b513e0a4fa09a0d","sellTxId":"2a324a749cf5bd5506bd2ec5c2a7e860c06faff9"},{"_id":1169154,"type":"sell","buyer":"solovey6o2","seller":"steem.services","symbol":"SIM","quantity":"46444.701","price":"0.00079001","timestamp":1624562442,"volume":"36.69177824","buyTxId":"c778963d8b1d03a286a11390c5af1a5226838d48","sellTxId":"2a324a749cf5bd5506bd2ec5c2a7e860c06faff9"},{"_id":1169155,"type":"sell","buyer":"solovey6o2","seller":"steem.services","symbol":"SIM","quantity":"46444.701","price":"0.00079001","timestamp":1624562442,"volume":"36.69177824","buyTxId":"1053b95f07f15c66672cbd2ad060ec5e9d7e729a","sellTxId":"2a324a749cf5bd5506bd2ec5c2a7e860c06faff9"},{"_id":1169156,"type":"sell","buyer":"solovey6o2","seller":"steem.services","symbol":"SIM","quantity":"11072.436","price":"0.00079001","timestamp":1624562442,"volume":"8.74733516","buyTxId":"ba8f5bb63fda28be2003b667b19361838df68ae1","sellTxId":"2a324a749cf5bd5506bd2ec5c2a7e860c06faff9"},{"_id":1169157,"type":"sell","buyer":"dcityfund","seller":"steem.services","symbol":"SIM","quantity":"30152.296","price":"0.00079000","timestamp":1624562442,"volume":"23.82031384","buyTxId":"4b3cbfe7db5e54acf4ee25c9c5d9f653c8e4630e","sellTxId":"2a324a749cf5bd5506bd2ec5c2a7e860c06faff9"},{"_id":1169158,"type":"sell","buyer":"mary.janikowski","seller":"steem.services","symbol":"SIM","quantity":"51816.000","price":"0.00079000","timestamp":1624562442,"volume":"40.93464000","buyTxId":"843b6f955fc068a2e727970d30e4b3c50231fabf","sellTxId":"2a324a749cf5bd5506bd2ec5c2a7e860c06faff9"},{"_id":1169159,"type":"sell","buyer":"jelly-cz","seller":"steem.services","symbol":"SIM","quantity":"114249.037","price":"0.00077900","timestamp":1624562442,"volume":"88.99999982","buyTxId":"MM-P-7991818-54968914-3-25-0","sellTxId":"2a324a749cf5bd5506bd2ec5c2a7e860c06faff9"},{"_id":1169160,"type":"sell","buyer":"dcityfund","seller":"steem.services","symbol":"SIM","quantity":"36761.697","price":"0.00077500","timestamp":1624562442,"volume":"28.49031518","buyTxId":"3a83a8ac14719d3425a383e067c32696b50a537a","sellTxId":"2a324a749cf5bd5506bd2ec5c2a7e860c06faff9"},{"_id":1169161,"type":"sell","buyer":"dcityfund","seller":"steem.services","symbol":"SIM","quantity":"38825.322","price":"0.00077400","timestamp":1624562442,"volume":"30.05079923","buyTxId":"f8d587910df4ba876e36cf792d604b866cd796c6","sellTxId":"2a324a749cf5bd5506bd2ec5c2a7e860c06faff9"},{"_id":1169162,"type":"sell","buyer":"dcityfund","seller":"steem.services","symbol":"SIM","quantity":"29219.740","price":"0.00077300","timestamp":1624562442,"volume":"22.58685902","buyTxId":"5db8e0a90a7a95db991bf9f6e1d882a34a8eeed9","sellTxId":"2a324a749cf5bd5506bd2ec5c2a7e860c06faff9"},{"_id":1169222,"type":"sell","buyer":"r1s2g3","seller":"muenchen","symbol":"SIM","quantity":"625.000","price":"0.00080000","timestamp":1624563168,"volume":"0.50000000","buyTxId":"0df9f4f231d9f183f0e65c99a8de7b99445f6ec7","sellTxId":"4436f0aabe2b8c5af97034eec67a4ccbe0330e49"},{"_id":1169223,"type":"buy","buyer":"konvik","seller":"muenchen","symbol":"SIM","quantity":"12995.000","price":"0.00080000","timestamp":1624563171,"volume":"10.39600000","buyTxId":"9c27f2da274c93be61054264f60ae6df0eb2fa44-0","sellTxId":"4436f0aabe2b8c5af97034eec67a4ccbe0330e49"},{"_id":1169224,"type":"sell","buyer":"konvik","seller":"barrenwolfsbane","symbol":"SIM","quantity":"0.129","price":"0.00080000","timestamp":1624563198,"volume":"0.00010320","buyTxId":"9c27f2da274c93be61054264f60ae6df0eb2fa44-0","sellTxId":"da23e317c2ac5e458a6dac3d9e83038a9059ed99"},{"_id":1169225,"type":"sell","buyer":"mary.janikowski","seller":"barrenwolfsbane","symbol":"SIM","quantity":"136.871","price":"0.00078000","timestamp":1624563198,"volume":"0.10675938","buyTxId":"2e61b151f3bf170c28c67fe3719c64ebe01cca0a","sellTxId":"da23e317c2ac5e458a6dac3d9e83038a9059ed99"},{"_id":1169232,"type":"sell","buyer":"mmrx","seller":"fantasycrypto","symbol":"SIM","quantity":"4063.695","price":"0.00078001","timestamp":1624563360,"volume":"3.16972274","buyTxId":"MM-P-8092350-55069998-3-14-0","sellTxId":"35c8b7ff0e34912b5b97454063756d5ba6a24ca5"},{"_id":1169233,"type":"sell","buyer":"mary.janikowski","seller":"fantasycrypto","symbol":"SIM","quantity":"10216.129","price":"0.00078000","timestamp":1624563360,"volume":"7.96858062","buyTxId":"2e61b151f3bf170c28c67fe3719c64ebe01cca0a","sellTxId":"35c8b7ff0e34912b5b97454063756d5ba6a24ca5"},{"_id":1169234,"type":"sell","buyer":"jelly-cz","seller":"fantasycrypto","symbol":"SIM","quantity":"4644.176","price":"0.00077402","timestamp":1624563360,"volume":"3.59468511","buyTxId":"MM-P-8092164-55069808-3-25-0","sellTxId":"35c8b7ff0e34912b5b97454063756d5ba6a24ca5"},{"_id":1169238,"type":"buy","buyer":"surya1adiga","seller":"freebornsociety","symbol":"SIM","quantity":"15000.000","price":"0.00094986","timestamp":1624563447,"volume":"14.24790000","buyTxId":"2b6d0a08daa2460e7fe8a931ee5da6b0447f2199","sellTxId":"MM-P-8092395-55070044-3-4-0"},{"_id":1169239,"type":"sell","buyer":"surya1adiga","seller":"solovey6o2","symbol":"SIM","quantity":"942.059","price":"0.00094986","timestamp":1624563474,"volume":"0.89482416","buyTxId":"2b6d0a08daa2460e7fe8a931ee5da6b0447f2199","sellTxId":"9e8cae7838327e493b96c6662db5fe917a2623b9"},{"_id":1169252,"type":"buy","buyer":"konvik","seller":"limka","symbol":"SIM","quantity":"25000.000","price":"0.00087410","timestamp":1624563924,"volume":"21.85250000","buyTxId":"d57a759c83db4500b4445b358cde3a22a44ec002-0","sellTxId":"3a90a30a8a17ca4473dad69dbdd4fc1e63b1b5c6"},{"_id":1169262,"type":"buy","buyer":"surya1adiga","seller":"nftmart.fees","symbol":"SIM","quantity":"201.000","price":"0.00094847","timestamp":1624564131,"volume":"0.19064247","buyTxId":"9c9c5d7980a0aff3856512a45a385f2f828959a1","sellTxId":"4992da19f74e59df91a4b6f0e3cdd761309109c1-0"},{"_id":1169263,"type":"buy","buyer":"surya1adiga","seller":"solovey6o2","symbol":"SIM","quantity":"2975.787","price":"0.00094848","timestamp":1624564131,"volume":"2.82247445","buyTxId":"9c9c5d7980a0aff3856512a45a385f2f828959a1","sellTxId":"8c7cd910d57d785859ac167c5c41e3bda5d86f8e"},{"_id":1169333,"type":"sell","buyer":"mary.janikowski","seller":"steemstreems","symbol":"SIM","quantity":"1251.001","price":"0.00079000","timestamp":1624566363,"volume":"0.98829079","buyTxId":"58f9c7e640a5570d40d3d47af40d23c2581feaff","sellTxId":"29e490b8fa973e72d1576a1a632e095ca3f1a42e"},{"_id":1169385,"type":"sell","buyer":"frugal-fun","seller":"hive.pizza","symbol":"SIM","quantity":"403.363","price":"0.00080000","timestamp":1624567755,"volume":"0.32269040","buyTxId":"e8ca5e504a0fb6194910c70f0ce4ca9416b59d01","sellTxId":"dd158115928a5a3def7762265f86fdefe64bdeb6"},{"_id":1169397,"type":"sell","buyer":"frugal-fun","seller":"deathwing","symbol":"SIM","quantity":"1443","price":"0.00080000","timestamp":1624568106,"volume":"1.15440000","buyTxId":"e8ca5e504a0fb6194910c70f0ce4ca9416b59d01","sellTxId":"e670435417be7662484c7a7eb54ee914d52b4ad3-0"},{"_id":1169465,"type":"buy","buyer":"automaton","seller":"solovey6o2","symbol":"SIM","quantity":"1400.000","price":"0.00088999","timestamp":1624570404,"volume":"1.24598600","buyTxId":"7de91d4ff1eabd2d5337c378e0d1cbd6b10b9c5f","sellTxId":"d9d571817cbb954990027970ad269d4e8426572b"},{"_id":1169469,"type":"sell","buyer":"dcityfund","seller":"steem-hodler","symbol":"SIM","quantity":"40987.989","price":"0.00080100","timestamp":1624570959,"volume":"32.83137919","buyTxId":"e4ed23f843b201a978a38fa98f6fae4411d5712c","sellTxId":"fd77721360b2c2f9f10cc61aeb9566c0bba55854"},{"_id":1169470,"type":"sell","buyer":"frugal-fun","seller":"steem-hodler","symbol":"SIM","quantity":"2235.637","price":"0.00080000","timestamp":1624570959,"volume":"1.78850960","buyTxId":"e8ca5e504a0fb6194910c70f0ce4ca9416b59d01","sellTxId":"fd77721360b2c2f9f10cc61aeb9566c0bba55854"},{"_id":1169471,"type":"sell","buyer":"dcityfund","seller":"steem-hodler","symbol":"SIM","quantity":"44695.788","price":"0.00079100","timestamp":1624570959,"volume":"35.35436831","buyTxId":"1d5393612bf8ed309f9fdd6ca6caca4d7ca0d8d3","sellTxId":"fd77721360b2c2f9f10cc61aeb9566c0bba55854"},{"_id":1169472,"type":"sell","buyer":"mary.janikowski","seller":"steem-hodler","symbol":"SIM","quantity":"2080.586","price":"0.00079000","timestamp":1624570959,"volume":"1.64366294","buyTxId":"58f9c7e640a5570d40d3d47af40d23c2581feaff","sellTxId":"fd77721360b2c2f9f10cc61aeb9566c0bba55854"},{"_id":1169479,"type":"buy","buyer":"konvik","seller":"mmrx","symbol":"SIM","quantity":"4063.695","price":"0.00084999","timestamp":1624571361,"volume":"3.45410011","buyTxId":"b25d7f0bc77444916e330769ef9f52387a41ffbe-0","sellTxId":"MM-P-8095023-55072695-3-14-0"},{"_id":1169480,"type":"buy","buyer":"konvik","seller":"daveks","symbol":"SIM","quantity":"936.354","price":"0.00085000","timestamp":1624571361,"volume":"0.79590090","buyTxId":"b25d7f0bc77444916e330769ef9f52387a41ffbe-0","sellTxId":"71aadc607c0b6e1297cfcd18c864e66bc54ca199"},{"_id":1169481,"type":"buy","buyer":"konvik","seller":"daveks","symbol":"SIM","quantity":"4063.646","price":"0.00085000","timestamp":1624571376,"volume":"3.45409910","buyTxId":"506c6202a0213ad686e2077f4915b5fb4f704774-0","sellTxId":"71aadc607c0b6e1297cfcd18c864e66bc54ca199"},{"_id":1169493,"type":"buy","buyer":"konvik","seller":"solovey6o2","symbol":"SIM","quantity":"29711.266","price":"0.00088375","timestamp":1624572144,"volume":"26.25733133","buyTxId":"e24f8a70f4d472fd9fe9e524419d89b359b78a3d-0","sellTxId":"e77fc3e015f1e7e882ba09e62ac111cca2a5da45"},{"_id":1169506,"type":"sell","buyer":"automaton","seller":"jk6276","symbol":"SIM","quantity":"1377.500","price":"0.00088000","timestamp":1624572513,"volume":"1.21220000","buyTxId":"fe05c5202b87173613b49a1da40dce01bd248ea3","sellTxId":"3579eb2f5306eae56e5e17c798a9872501dcb75f"},{"_id":1169540,"type":"buy","buyer":"eythorphoto","seller":"jelly-cz","symbol":"SIM","quantity":"11219.000","price":"0.00088168","timestamp":1624573281,"volume":"9.89156792","buyTxId":"675a0f4b639e80f498cd51defead6014d31158ca","sellTxId":"MM-P-8095532-55073205-3-25-0"},{"_id":1169550,"type":"sell","buyer":"mmrx","seller":"steem-hodler","symbol":"SIM","quantity":"13636.197","price":"0.00088001","timestamp":1624574151,"volume":"11.99998972","buyTxId":"MM-P-8095423-55073095-3-14-0","sellTxId":"685eeecc6c164e937524c404309667720c627fc5"},{"_id":1169551,"type":"sell","buyer":"automaton","seller":"steem-hodler","symbol":"SIM","quantity":"363.803","price":"0.00088000","timestamp":1624574151,"volume":"0.32014664","buyTxId":"fe05c5202b87173613b49a1da40dce01bd248ea3","sellTxId":"685eeecc6c164e937524c404309667720c627fc5"},{"_id":1169554,"type":"sell","buyer":"automaton","seller":"freebornsociety","symbol":"SIM","quantity":"58.697","price":"0.00088000","timestamp":1624574490,"volume":"0.05165336","buyTxId":"fe05c5202b87173613b49a1da40dce01bd248ea3","sellTxId":"MM-P-8096063-55073740-3-4-1"},{"_id":1169555,"type":"buy","buyer":"konvik","seller":"solovey6o2","symbol":"SIM","quantity":"28958.386","price":"0.00087961","timestamp":1624574568,"volume":"25.47208591","buyTxId":"59b2d1795fa7c3c5f27179f69e64f4273e6c26a6-0","sellTxId":"80603ffbccb6b5cb5ff9fab88096bda6b58306ae"},{"_id":1169581,"type":"buy","buyer":"konvik","seller":"solovey6o2","symbol":"SIM","quantity":"29658.444","price":"0.00087540","timestamp":1624575744,"volume":"25.96300188","buyTxId":"81cca95a71be4368254e429d42fdd0e51a9fd527-0","sellTxId":"009a429c6c0379c130f6af36aefc2792730a88de"},{"_id":1169592,"type":"buy","buyer":"konvik","seller":"solovey6o2","symbol":"SIM","quantity":"29873.172","price":"0.00087119","timestamp":1624576956,"volume":"26.02520871","buyTxId":"20ee079af5338d7e56d46ce913141385e336f186-0","sellTxId":"d0bab585a6e19fb699684265dd042b4d7d152889"},{"_id":1169593,"type":"buy","buyer":"holoferncro","seller":"solovey6o2","symbol":"SIM","quantity":"5606.721","price":"0.00087119","timestamp":1624576956,"volume":"4.88451927","buyTxId":"0273dc65a6cdce7e15d359887190dadca2099cfd","sellTxId":"d0bab585a6e19fb699684265dd042b4d7d152889"},{"_id":1169609,"type":"buy","buyer":"konvik","seller":"solovey6o2","symbol":"SIM","quantity":"30090.498","price":"0.00086698","timestamp":1624578156,"volume":"26.08785996","buyTxId":"56255fb70553d04738fd56ee093655e780773eaa-0","sellTxId":"5c85982a357e7a5e8870d0d6291ce9493a3f89c9"},{"_id":1169655,"type":"buy","buyer":"konvik","seller":"jelly-cz","symbol":"SIM","quantity":"30599.529","price":"0.00086273","timestamp":1624579497,"volume":"26.39913165","buyTxId":"64d2d9bcb45784def796f4337787e05aee441de2-0","sellTxId":"MM-P-8097699-55075402-3-25-0"},{"_id":1169697,"type":"buy","buyer":"konvik","seller":"jelly-cz","symbol":"SIM","quantity":"30535.276","price":"0.00085852","timestamp":1624580697,"volume":"26.21514515","buyTxId":"a839caf55296c4b15e89b5a9c57f2c53edd76668-0","sellTxId":"MM-P-8098099-55075802-3-25-0"},{"_id":1169698,"type":"buy","buyer":"vcelier","seller":"freebornsociety","symbol":"SIM","quantity":"2.897","price":"0.00085751","timestamp":1624580826,"volume":"0.00248421","buyTxId":"024536aeda3efeade0e04d727039f209785ae2d6","sellTxId":"MM-P-8098135-55075838-3-4-1"},{"_id":1169699,"type":"sell","buyer":"solovey6o2","seller":"bearbear613","symbol":"SIM","quantity":"1444.721","price":"0.00079201","timestamp":1624580835,"volume":"1.14423348","buyTxId":"ef04db43610b0fd214856be5a6d4abb92dd57dfb","sellTxId":"f2236c5e84866971972ac7dc493ead9dceda5ad8"},{"_id":1169700,"type":"buy","buyer":"vcelier","seller":"solovey6o2","symbol":"SIM","quantity":"6888.074","price":"0.00085750","timestamp":1624580871,"volume":"5.90652346","buyTxId":"1e3259ee509a73d4a9ade2f7e5b8a8559ae66b88","sellTxId":"66b1ea7e85bd2f2bde9e023b3a149566eab08314"},{"_id":1169701,"type":"buy","buyer":"vcelier","seller":"solovey6o2","symbol":"SIM","quantity":"1690.954","price":"0.00085750","timestamp":1624580901,"volume":"1.44999306","buyTxId":"6caeb217a8481c641027af7b466c8678d39251f1","sellTxId":"66b1ea7e85bd2f2bde9e023b3a149566eab08314"},{"_id":1169705,"type":"buy","buyer":"pinkfloyd878","seller":"nftmart.fees","symbol":"SIM","quantity":"177.000","price":"0.00085746","timestamp":1624581042,"volume":"0.15177042","buyTxId":"d6593d6a18341581fef00e6d26eae0790d660786","sellTxId":"c173f71d138aac6f3fa40a43a4d5cddd48c700ba-0"},{"_id":1169706,"type":"buy","buyer":"pinkfloyd878","seller":"jelly-cz","symbol":"SIM","quantity":"14823.000","price":"0.00085747","timestamp":1624581042,"volume":"12.71027781","buyTxId":"d6593d6a18341581fef00e6d26eae0790d660786","sellTxId":"MM-P-8098199-55075902-3-25-0"},{"_id":1169707,"type":"sell","buyer":"vcelier","seller":"freebornsociety","symbol":"SIM","quantity":"54.489","price":"0.00085746","timestamp":1624581090,"volume":"0.04672214","buyTxId":"a0529252e247780a044d10b5eb1b5c3b293032a1","sellTxId":"MM-P-8098235-55075938-3-4-0"},{"_id":1169709,"type":"buy","buyer":"pinkfloyd878","seller":"freebornsociety","symbol":"SIM","quantity":"333.000","price":"0.00085544","timestamp":1624581540,"volume":"0.28486152","buyTxId":"0e989b920b6519ff4963188fb5f6daa75426ee28","sellTxId":"MM-P-8098335-55076038-3-4-0"},{"_id":1169710,"type":"buy","buyer":"pinkfloyd878","seller":"mmrx","symbol":"SIM","quantity":"13636.197","price":"0.00085543","timestamp":1624581567,"volume":"11.66481200","buyTxId":"69d6c3622f68995240b4c8d55612b058004085fa","sellTxId":"MM-P-8098389-55076092-3-14-0"},{"_id":1169711,"type":"buy","buyer":"pinkfloyd878","seller":"freebornsociety","symbol":"SIM","quantity":"6363.803","price":"0.00085544","timestamp":1624581567,"volume":"5.44385164","buyTxId":"69d6c3622f68995240b4c8d55612b058004085fa","sellTxId":"MM-P-8098335-55076038-3-4-0"},{"_id":1169712,"type":"buy","buyer":"pinkfloyd878","seller":"freebornsociety","symbol":"SIM","quantity":"8303.197","price":"0.00085544","timestamp":1624581579,"volume":"7.10288684","buyTxId":"f053198f47c07d18c1e60898526e8f491841a1c1","sellTxId":"MM-P-8098335-55076038-3-4-0"},{"_id":1169731,"type":"buy","buyer":"pinkfloyd878","seller":"freebornsociety","symbol":"SIM","quantity":"15000.000","price":"0.00085441","timestamp":1624582467,"volume":"12.81615000","buyTxId":"e6c5e71e0ec006e619980bb10928a9a20118817a","sellTxId":"MM-P-8098633-55076337-3-4-1"},{"_id":1169758,"type":"buy","buyer":"pinkfloyd878","seller":"freebornsociety","symbol":"SIM","quantity":"779.326","price":"0.00085340","timestamp":1624584261,"volume":"0.66507681","buyTxId":"377736f7a2b0692f0f86fea3f5144e85e24674fd","sellTxId":"MM-P-8099031-55076736-3-4-1"},{"_id":1169763,"type":"buy","buyer":"pinkfloyd878","seller":"nftmart.fees","symbol":"SIM","quantity":"154.000","price":"0.00085440","timestamp":1624584318,"volume":"0.13157760","buyTxId":"7a887ffd2b86f0c119593d0c1a86aef1dff7c878","sellTxId":"c6e91f2d2de00494edc536f806d8a42b3a7ddec1-0"},{"_id":1169764,"type":"buy","buyer":"eythorphoto","seller":"jelly-cz","symbol":"SIM","quantity":"300.000","price":"0.00085542","timestamp":1624584351,"volume":"0.25662600","buyTxId":"0c4d2b6a785401f76861cff2398bddb407e9e5ed","sellTxId":"MM-P-8098597-55076301-3-25-0"},{"_id":1169767,"type":"buy","buyer":"pinkfloyd878","seller":"jelly-cz","symbol":"SIM","quantity":"31416.408","price":"0.00085542","timestamp":1624584375,"volume":"26.87422373","buyTxId":"24fa0ffb8de834672e19b42fc7c0789166ddc5db","sellTxId":"MM-P-8098597-55076301-3-25-0"},{"_id":1169769,"type":"buy","buyer":"pinkfloyd878","seller":"myfreebtc","symbol":"SIM","quantity":"2213.468","price":"0.00085954","timestamp":1624584408,"volume":"1.90256428","buyTxId":"807392958b126e13822a16b32e62f9b16c240517","sellTxId":"ad7429a0a1fcfbe560412bd434e016a40031f9a7"},{"_id":1169772,"type":"buy","buyer":"pinkfloyd878","seller":"bitcoinflood","symbol":"SIM","quantity":"37.448","price":"0.00085954","timestamp":1624584444,"volume":"0.03218805","buyTxId":"9dec0b1821339c8e96a4e26eabb50113f967d688","sellTxId":"187c955b15b6c8f4ce3e354f78a33f22b9886d62"},{"_id":1169774,"type":"buy","buyer":"pinkfloyd878","seller":"bitcoinflood","symbol":"SIM","quantity":"2314.581","price":"0.00086273","timestamp":1624584501,"volume":"1.99685847","buyTxId":"56dc6fbce644331ebb9a8facc55c2d15b881c71d","sellTxId":"6049c7275c1fabd663997786db90a51b10c71bf3"},{"_id":1169781,"type":"sell","buyer":"freebornsociety","seller":"konvik","symbol":"SIM","quantity":"29350.092","price":"0.00086257","timestamp":1624585305,"volume":"25.31650886","buyTxId":"MM-P-8099626-55077335-3-4-0","sellTxId":"37f4b6650b2c321eb73cdaae8a6e71cad416ba55-1"},{"_id":1169795,"type":"buy","buyer":"pinkfloyd878","seller":"freebornsociety","symbol":"SIM","quantity":"15000.000","price":"0.00086298","timestamp":1624586073,"volume":"12.94470000","buyTxId":"7d706c25424e1d6395fc1f4edc20fb4c4fe8eb20","sellTxId":"MM-P-8099818-55077534-3-4-0"},{"_id":1169827,"type":"buy","buyer":"maryjane.tech3","seller":"freebornsociety","symbol":"SIM","quantity":"9473.000","price":"0.00086197","timestamp":1624587327,"volume":"8.16544181","buyTxId":"55674880e608c69bd1a43c5743d69701931aa80c","sellTxId":"MM-P-8100212-55077935-3-4-1"},{"_id":1169836,"type":"sell","buyer":"solovey6o2","seller":"thesimguru","symbol":"SIM","quantity":"22669.500","price":"0.00085955","timestamp":1624588197,"volume":"19.48556873","buyTxId":"1a50e2b7d6fefa39ac64b60d8362374caa64cce9","sellTxId":"412eb3ed852a7c897f347088c24bae8434523df5"},{"_id":1169869,"type":"sell","buyer":"solovey6o2","seller":"theguruasia","symbol":"SIM","quantity":"73.000","price":"0.00086056","timestamp":1624589199,"volume":"0.06282088","buyTxId":"d1e1a267fee03b6ec2f9453374fe53866a70dc9e","sellTxId":"7b5d98e47557cd4ba42e0450a7dc4e06393d637a"},{"_id":1169874,"type":"sell","buyer":"solovey6o2","seller":"theguruasia","symbol":"SIM","quantity":"165.535","price":"0.00086056","timestamp":1624589631,"volume":"0.14245280","buyTxId":"d1e1a267fee03b6ec2f9453374fe53866a70dc9e","sellTxId":"7fda141eb2492af25b2197b46120cf0a99d95025"}]}