{"index": {"_index":"sim","_id":"3724788"}}
	{"id":3724788,"type":"buy","buyer":"libert","seller":"nftmart.fees","symbol":"SIM","quantity":"64.000","price":"0.00053350","timestamp":1655607141,"volume":"0.03414400","buyTxId":"88eb688cd8d0cf336aeabaf60d4380fda8d08113","sellTxId":"eca6e10802b187c0a487ead76ad120ae267000e5-0"}
{"index": {"_index":"sim","_id":"3724789"}}
	{"id":3724789,"type":"buy","buyer":"libert","seller":"jelly-cz","symbol":"SIM","quantity":"6252.541","price":"0.00053352","timestamp":1655607141,"volume":"3.33585600","buyTxId":"88eb688cd8d0cf336aeabaf60d4380fda8d08113","sellTxId":"MM-P-18391815-65383341-3-32-0"}
{"index": {"_index":"sim","_id":"3725061"}}
	{"id":3725061,"type":"sell","buyer":"pi-trader","seller":"nftmart.fees","symbol":"SIM","quantity":"445.581","price":"0.00052001","timestamp":1655612070,"volume":"0.23170658","buyTxId":"2c9821c79ce0aff9179cc8a0694d2ab4b6335f9e-5","sellTxId":"d27de886c66edf84655bbe0b0a497e300326d3b1"}
{"index": {"_index":"sim","_id":"3725145"}}
	{"id":3725145,"type":"buy","buyer":"thedoc07","seller":"jelly-cz","symbol":"SIM","quantity":"6600.000","price":"0.00053352","timestamp":1655613984,"volume":"3.52123200","buyTxId":"7a9818a02439ab29ab7b1cdd027aab05e817e860","sellTxId":"MM-P-18391815-65383341-3-32-0"}
{"index": {"_index":"sim","_id":"3725321"}}
	{"id":3725321,"type":"sell","buyer":"pi-trader","seller":"bearbear613","symbol":"SIM","quantity":"1281.000","price":"0.00052001","timestamp":1655617182,"volume":"0.66613281","buyTxId":"f3f3b81ab7a73cb834f018afb01b7fb0684c4232-3","sellTxId":"ae7d35f71d7ed72eeb82d9d8b4d213643898ac10"}
{"index": {"_index":"sim","_id":"3725344"}}
	{"id":3725344,"type":"buy","buyer":"mary-jane","seller":"nftmart.fees","symbol":"SIM","quantity":"21.000","price":"0.00053349","timestamp":1655617338,"volume":"0.01120329","buyTxId":"5259ee2f09de6afdf3e32d34d5a84216924df99c","sellTxId":"64812f5bb13bdd9179f0247319912b27750aaea7-0"}
{"index": {"_index":"sim","_id":"3725345"}}
	{"id":3725345,"type":"buy","buyer":"mary-jane","seller":"jelly-cz","symbol":"SIM","quantity":"18979.000","price":"0.00053352","timestamp":1655617338,"volume":"10.12567608","buyTxId":"5259ee2f09de6afdf3e32d34d5a84216924df99c","sellTxId":"MM-P-18391815-65383341-3-32-0"}
{"index": {"_index":"sim","_id":"3725389"}}
	{"id":3725389,"type":"buy","buyer":"maryjane.main","seller":"jelly-cz","symbol":"SIM","quantity":"12000.000","price":"0.00053352","timestamp":1655617929,"volume":"6.40224000","buyTxId":"6c561d513a3bcaecaa9de78e48f9d0efd49cdada","sellTxId":"MM-P-18391815-65383341-3-32-0"}
{"index": {"_index":"sim","_id":"3725489"}}
	{"id":3725489,"type":"buy","buyer":"ana-maria","seller":"nftmart.fees","symbol":"SIM","quantity":"17.000","price":"0.00053350","timestamp":1655620245,"volume":"0.00906950","buyTxId":"82de78520d6a80b3848566ad173e0dceab046a78","sellTxId":"7ef0b3fc37743179d67355f50f6c8c9aae7ed8ce-0"}
{"index": {"_index":"sim","_id":"3725506"}}
	{"id":3725506,"type":"buy","buyer":"ana-maria","seller":"jelly-cz","symbol":"SIM","quantity":"230.000","price":"0.00053352","timestamp":1655620287,"volume":"0.12270960","buyTxId":"1642d628d39509391bac5f743643e625d206a963","sellTxId":"MM-P-18391815-65383341-3-32-0"}
{"index": {"_index":"sim","_id":"3725543"}}
	{"id":3725543,"type":"sell","buyer":"pi-trader","seller":"dhedge-drips","symbol":"SIM","quantity":"0.001","price":"0.00052001","timestamp":1655621154,"volume":"0.00000052","buyTxId":"324f7be845152655b2d548c479a67d10c1665f9c-3","sellTxId":"99eec83128a29bd142822827f77ad1ca39562c96"}
{"index": {"_index":"sim","_id":"3725551"}}
	{"id":3725551,"type":"buy","buyer":"gondek","seller":"nftmart.fees","symbol":"SIM","quantity":"17.000","price":"0.00053351","timestamp":1655621328,"volume":"0.00906967","buyTxId":"822a38bbc2eade4dfc7181855d597d64553e60cb","sellTxId":"328e1918da07ed02fba654b8c74c05ea1057f575-0"}
{"index": {"_index":"sim","_id":"3725552"}}
	{"id":3725552,"type":"buy","buyer":"gondek","seller":"dhedge-drips","symbol":"SIM","quantity":"0.001","price":"0.00053351","timestamp":1655621328,"volume":"0.00000053","buyTxId":"822a38bbc2eade4dfc7181855d597d64553e60cb","sellTxId":"d05de0d9d5ca1f5d64b637cb369fa5c0f165e213"}
{"index": {"_index":"sim","_id":"3725553"}}
	{"id":3725553,"type":"buy","buyer":"gondek","seller":"jelly-cz","symbol":"SIM","quantity":"1182.579","price":"0.00053352","timestamp":1655621328,"volume":"0.63092980","buyTxId":"822a38bbc2eade4dfc7181855d597d64553e60cb","sellTxId":"MM-P-18391815-65383341-3-32-0"}
{"index": {"_index":"sim","_id":"3725576"}}
	{"id":3725576,"type":"sell","buyer":"pi-trader","seller":"travelgirl","symbol":"SIM","quantity":"1270.000","price":"0.00052001","timestamp":1655621646,"volume":"0.66041270","buyTxId":"7bb59084611fdb4d064202683dd9d6dc5407098a-5","sellTxId":"3aeb1c231767a8d2c643285faa049e5dccd0e2ee"}
{"index": {"_index":"sim","_id":"3725672"}}
	{"id":3725672,"type":"sell","buyer":"pi-trader","seller":"itharagaian","symbol":"SIM","quantity":"0.600","price":"0.00052001","timestamp":1655622825,"volume":"0.00031201","buyTxId":"75d00a1c14d6a8ed5b21a85a8db8b5ba60d5442a-3","sellTxId":"2ec6cd034820d503f6c365466552ab592e6e98e0"}
{"index": {"_index":"sim","_id":"3725718"}}
	{"id":3725718,"type":"buy","buyer":"balte","seller":"nftmart.fees","symbol":"SIM","quantity":"13.000","price":"0.00053198","timestamp":1655623428,"volume":"0.00691574","buyTxId":"a2c9e1fc460dbe0148903a7beac24d918ecd7922","sellTxId":"7977b7c274c966ebba6e40eda3ce2cc76bec3b70-0"}
{"index": {"_index":"sim","_id":"3725719"}}
	{"id":3725719,"type":"buy","buyer":"balte","seller":"pi-trader","symbol":"SIM","quantity":"50000.000","price":"0.00053199","timestamp":1655623428,"volume":"26.59950000","buyTxId":"a2c9e1fc460dbe0148903a7beac24d918ecd7922","sellTxId":"fcc44bdd3b0378b534a148a27581bae5ffe07bcc-7"}
{"index": {"_index":"sim","_id":"3725720"}}
	{"id":3725720,"type":"buy","buyer":"balte","seller":"jelly-cz","symbol":"SIM","quantity":"99987.000","price":"0.00053200","timestamp":1655623428,"volume":"53.19308400","buyTxId":"a2c9e1fc460dbe0148903a7beac24d918ecd7922","sellTxId":"MM-P-18403461-65395016-3-32-0"}
{"index": {"_index":"sim","_id":"3725723"}}
	{"id":3725723,"type":"buy","buyer":"balte","seller":"pi-trader","symbol":"SIM","quantity":"13000.000","price":"0.00053199","timestamp":1655623494,"volume":"6.91587000","buyTxId":"6d044ea834dfff33ae1439ed91f4256ea8ef4337","sellTxId":"5d1c93b66c7638ef3615975d31b09a5a7c0c17e9-3"}
{"index": {"_index":"sim","_id":"3725725"}}
	{"id":3725725,"type":"sell","buyer":"pi-trader","seller":"hive-143869","symbol":"SIM","quantity":"0.100","price":"0.00052001","timestamp":1655623530,"volume":"0.00005200","buyTxId":"2f5c313b379619de7f765d698d11da41956a4a02-3","sellTxId":"9673e7ceb833f2fe1e68338d2c0d4b7f588b900b"}
{"index": {"_index":"sim","_id":"3725726"}}
	{"id":3725726,"type":"buy","buyer":"balte","seller":"pi-trader","symbol":"SIM","quantity":"10000.000","price":"0.00053199","timestamp":1655623551,"volume":"5.31990000","buyTxId":"5c44a21884268cc399a2c565e2236a485bbc7298","sellTxId":"1b513cb922a40060c49226320d40d15d7d86af57-2"}
{"index": {"_index":"sim","_id":"3725798"}}
	{"id":3725798,"type":"sell","buyer":"pi-trader","seller":"entraide.rewards","symbol":"SIM","quantity":"0.400","price":"0.00052001","timestamp":1655624064,"volume":"0.00020800","buyTxId":"b118348c225419a54436634cb220477cc76eee66-3","sellTxId":"cb76db758f7d07dad300caf0167474525c385acf"}
{"index": {"_index":"sim","_id":"3726055"}}
	{"id":3726055,"type":"sell","buyer":"pi-trader","seller":"gamsam","symbol":"SIM","quantity":"99911","price":"0.00052001","timestamp":1655627403,"volume":"51.95471911","buyTxId":"1e1423063f2ec6def37c7dc19ec89b647496b694-5","sellTxId":"7bfc91fcf80aa47e58d4b3b53af9837c837c4eee"}
{"index": {"_index":"sim","_id":"3726162"}}
	{"id":3726162,"type":"buy","buyer":"pi-trader","seller":"isiksenpalvoja","symbol":"SIM","quantity":"0.500","price":"0.00052001","timestamp":1655628666,"volume":"0.00026001","buyTxId":"923faf9535c375b1e0abc726157752154a8958a6-2","sellTxId":"5e6afa2a2567411abe4b38b811ea0529ba4bc910"}
{"index": {"_index":"sim","_id":"3726520"}}
	{"id":3726520,"type":"sell","buyer":"pi-trader","seller":"laritheghost","symbol":"SIM","quantity":"24.048","price":"0.00052001","timestamp":1655633598,"volume":"0.01250520","buyTxId":"0847953f5ce719dd7141d91214516fd91613287a-3","sellTxId":"b54a38d30dd4bafe47691b993be4645860f161e7"}
{"index": {"_index":"sim","_id":"3726883"}}
	{"id":3726883,"type":"sell","buyer":"pi-trader","seller":"florian-glechner","symbol":"SIM","quantity":"101.051","price":"0.00052001","timestamp":1655638185,"volume":"0.05254753","buyTxId":"f3e14448242d4be8fe2522484b57da625da7f483","sellTxId":"57cdc3ad1ccdd6be475a811444e1e2a4176fc8bf"}
{"index": {"_index":"sim","_id":"3726972"}}
	{"id":3726972,"type":"sell","buyer":"pi-trader","seller":"andy4475","symbol":"SIM","quantity":"203.683","price":"0.00052001","timestamp":1655639046,"volume":"0.10591720","buyTxId":"4fd91e128aefef00b6e9eaada377d8081b211faa","sellTxId":"c84f445bd840283e823f1cea3d2891ab0e935b7d"}
{"index": {"_index":"sim","_id":"3727269"}}
	{"id":3727269,"type":"sell","buyer":"balte","seller":"svirus","symbol":"SIM","quantity":"100000.000","price":"0.00053000","timestamp":1655641320,"volume":"53.00000000","buyTxId":"ca1aa70ad016b1fb3a7db8025fc32a654a2e5531","sellTxId":"566ef809abc9a7ce9ad99313eba96169fa1118cb-1"}
{"index": {"_index":"sim","_id":"3727380"}}
	{"id":3727380,"type":"sell","buyer":"floki-skarsgaard","seller":"isiksenpalvoja","symbol":"SIM","quantity":"0.300","price":"0.00052000","timestamp":1655643048,"volume":"0.00015600","buyTxId":"d3adeab9c75efb4f25468447a6531f0f63cd7a66","sellTxId":"6716b7c2548e53b6a72e2cb3968e5fc1f46fee47"}
{"index": {"_index":"sim","_id":"3728289"}}
	{"id":3728289,"type":"buy","buyer":"floki-skarsgaard","seller":"nftmart.fees","symbol":"SIM","quantity":"12.000","price":"0.00053186","timestamp":1655654112,"volume":"0.00638232","buyTxId":"cb9742638d010f7a3f7e7f7929307945427af171","sellTxId":"90548cb62698045f1ea27ed61bb35058148ae88f-0"}
{"index": {"_index":"sim","_id":"3728290"}}
	{"id":3728290,"type":"buy","buyer":"floki-skarsgaard","seller":"pi-trader","symbol":"SIM","quantity":"4988.000","price":"0.00053199","timestamp":1655654112,"volume":"2.65356612","buyTxId":"cb9742638d010f7a3f7e7f7929307945427af171","sellTxId":"90cf1b543c6386ee0b270f71a9df3f41f3a15f59-4"}
{"index": {"_index":"sim","_id":"3728397"}}
	{"id":3728397,"type":"sell","buyer":"floki-skarsgaard","seller":"schibasport","symbol":"SIM","quantity":"0.200","price":"0.00052000","timestamp":1655655447,"volume":"0.00010400","buyTxId":"d3adeab9c75efb4f25468447a6531f0f63cd7a66","sellTxId":"d9f7bd9f11bfe6370b093ad94756a37b8a65278d"}
{"index": {"_index":"sim","_id":"3728827"}}
	{"id":3728827,"type":"buy","buyer":"cryptogillone","seller":"nftmart.fees","symbol":"SIM","quantity":"27.000","price":"0.00053195","timestamp":1655659137,"volume":"0.01436265","buyTxId":"0dc469aab232b6f2af56d912c89713d26db11e35","sellTxId":"a5bded4690f9eb530216aee155c20e10775fec8a-0"}
{"index": {"_index":"sim","_id":"3728828"}}
	{"id":3728828,"type":"buy","buyer":"cryptogillone","seller":"pi-trader","symbol":"SIM","quantity":"726.279","price":"0.00053199","timestamp":1655659137,"volume":"0.38637335","buyTxId":"0dc469aab232b6f2af56d912c89713d26db11e35","sellTxId":"1dd840cea2f7e1abfe3de6136fc5b7176f0b788a-2"}
{"index": {"_index":"sim","_id":"3729479"}}
	{"id":3729479,"type":"sell","buyer":"floki-skarsgaard","seller":"dswap","symbol":"SIM","quantity":"6.6","price":"0.00052000","timestamp":1655665569,"volume":"0.00343200","buyTxId":"d3adeab9c75efb4f25468447a6531f0f63cd7a66","sellTxId":"cdfd16204183f118fe41c4af6b50f87e8a12a20e"}
{"index": {"_index":"sim","_id":"3729669"}}
	{"id":3729669,"type":"sell","buyer":"floki-skarsgaard","seller":"bhoa","symbol":"SIM","quantity":"1020","price":"0.00052000","timestamp":1655667735,"volume":"0.53040000","buyTxId":"d3adeab9c75efb4f25468447a6531f0f63cd7a66","sellTxId":"3a3c098ceec1c889e31cc5a73647acf366edb506"}
{"index": {"_index":"sim","_id":"3729799"}}
	{"id":3729799,"type":"sell","buyer":"assassyn","seller":"jelly-cz","symbol":"SIM","quantity":"414.791","price":"0.00054566","timestamp":1655668878,"volume":"0.22633486","buyTxId":"38bbd2aa1f6a43e1337398c38b1c2cf5a9203092","sellTxId":"MM-P-18418826-65410388-3-32-0"}
{"index": {"_index":"sim","_id":"3729833"}}
	{"id":3729833,"type":"buy","buyer":"openwide","seller":"pi-trader","symbol":"SIM","quantity":"3800.108","price":"0.00054263","timestamp":1655669472,"volume":"2.06205260","buyTxId":"b954e9ffba5420e77580c63c25af9c4e337dad54","sellTxId":"6a9d36d9be1bea2671f0fd4b301944da2b179d7e-6"}
{"index": {"_index":"sim","_id":"3729902"}}
	{"id":3729902,"type":"buy","buyer":"maryjane.main","seller":"pi-trader","symbol":"SIM","quantity":"22500.000","price":"0.00053807","timestamp":1655670273,"volume":"12.10657500","buyTxId":"a26b8a1678044fc73927f6d76e161976cf9c15cd","sellTxId":"becc82f84c74d302d5be993b33687427f3fff662-5"}
{"index": {"_index":"sim","_id":"3730115"}}
	{"id":3730115,"type":"sell","buyer":"mmrx","seller":"medaymane","symbol":"SIM","quantity":"11833.410","price":"0.00052001","timestamp":1655671938,"volume":"6.15349153","buyTxId":"MM-P-18419725-65411287-3-39-0","sellTxId":"539ea657f28cb543eeec0266ec3145f9d3514689"}
{"index": {"_index":"sim","_id":"3730150"}}
	{"id":3730150,"type":"sell","buyer":"mmrx","seller":"thranax","symbol":"SIM","quantity":"24.000","price":"0.00052001","timestamp":1655672121,"volume":"0.01248024","buyTxId":"MM-P-18419725-65411287-3-39-0","sellTxId":"04fa6b33fb8489267446e0af4e189a8586d53586"}
{"index": {"_index":"sim","_id":"3730157"}}
	{"id":3730157,"type":"sell","buyer":"mmrx","seller":"jwjqu.wam","symbol":"SIM","quantity":"932","price":"0.00052001","timestamp":1655672220,"volume":"0.48464932","buyTxId":"MM-P-18419725-65411287-3-39-0","sellTxId":"3edaddd5ba00a981aa12dccf1ba5114f00cd3760"}
{"index": {"_index":"sim","_id":"3730231"}}
	{"id":3730231,"type":"sell","buyer":"mmrx","seller":"dhedge-drips","symbol":"SIM","quantity":"12.499","price":"0.00052001","timestamp":1655673351,"volume":"0.00649960","buyTxId":"MM-P-18419725-65411287-3-39-0","sellTxId":"bf21161d56b73864c74dd6fa3523c83658bb3df0"}
{"index": {"_index":"sim","_id":"3730240"}}
	{"id":3730240,"type":"sell","buyer":"mmrx","seller":"balte","symbol":"SIM","quantity":"951.129","price":"0.00052001","timestamp":1655673456,"volume":"0.49459659","buyTxId":"MM-P-18419725-65411287-3-39-0","sellTxId":"b35f7f09508d2a1d60f14a7a6091214539a387c7"}
{"index": {"_index":"sim","_id":"3730241"}}
	{"id":3730241,"type":"sell","buyer":"floki-skarsgaard","seller":"balte","symbol":"SIM","quantity":"8425.871","price":"0.00052000","timestamp":1655673456,"volume":"4.38145292","buyTxId":"d3adeab9c75efb4f25468447a6531f0f63cd7a66","sellTxId":"b35f7f09508d2a1d60f14a7a6091214539a387c7"}
{"index": {"_index":"sim","_id":"3730272"}}
	{"id":3730272,"type":"sell","buyer":"floki-skarsgaard","seller":"metzli","symbol":"SIM","quantity":"5547.029","price":"0.00052000","timestamp":1655673876,"volume":"2.88445508","buyTxId":"d3adeab9c75efb4f25468447a6531f0f63cd7a66","sellTxId":"f4880d5e57da202ea40b3b0784c76e9a5a8a74c0"}
{"index": {"_index":"sim","_id":"3730393"}}
	{"id":3730393,"type":"sell","buyer":"pi-trader","seller":"poliwalt10","symbol":"SIM","quantity":"302.000","price":"0.00049901","timestamp":1655674845,"volume":"0.15070102","buyTxId":"3c8a97c6d22623e8ff1cae4211e5f507a172e5a8-4","sellTxId":"12a2e41098d02dc6f6567d2a631bb8c253e02a3d"}
{"index": {"_index":"sim","_id":"3730407"}}
	{"id":3730407,"type":"buy","buyer":"quantumg","seller":"mmrx","symbol":"SIM","quantity":"4812.200","price":"0.00051997","timestamp":1655674980,"volume":"2.5022","buyTxId":"0b81c529079b88790191e16e35b0f063d93f4bfa","sellTxId":"MM-P-18420725-65412287-3-39-0"}
{"index": {"_index":"sim","_id":"3730414"}}
	{"id":3730414,"type":"buy","buyer":"pjansen","seller":"mmrx","symbol":"SIM","quantity":"8940.838","price":"0.00051997","timestamp":1655675079,"volume":"4.64896753","buyTxId":"4167fdac5d468eae6dde893f031d40b120a54d59","sellTxId":"MM-P-18420725-65412287-3-39-0"}
{"index": {"_index":"sim","_id":"3730415"}}
	{"id":3730415,"type":"buy","buyer":"pjansen","seller":"nftmart.fees","symbol":"SIM","quantity":"35.000","price":"0.00051998","timestamp":1655675079,"volume":"0.01819930","buyTxId":"4167fdac5d468eae6dde893f031d40b120a54d59","sellTxId":"fb1d7ba519d138aa9ed4bdc625624fd14f832fe7-0"}
{"index": {"_index":"sim","_id":"3730416"}}
	{"id":3730416,"type":"buy","buyer":"pjansen","seller":"metzli","symbol":"SIM","quantity":"0.833","price":"0.00051999","timestamp":1655675079,"volume":"0.00043317","buyTxId":"4167fdac5d468eae6dde893f031d40b120a54d59","sellTxId":"f4880d5e57da202ea40b3b0784c76e9a5a8a74c0"}
{"index": {"_index":"sim","_id":"3730465"}}
	{"id":3730465,"type":"buy","buyer":"pjansen","seller":"nftmart.fees","symbol":"SIM","quantity":"30.000","price":"0.00051998","timestamp":1655675691,"volume":"0.01559940","buyTxId":"f8c2b29a8035c39040f05c404c9542fc415b40f9","sellTxId":"28511d396a589452e614ad9c64549363f2d12689-0"}
{"index": {"_index":"sim","_id":"3730466"}}
	{"id":3730466,"type":"buy","buyer":"pjansen","seller":"metzli","symbol":"SIM","quantity":"0.001","price":"0.00051999","timestamp":1655675691,"volume":"0.00000060","buyTxId":"f8c2b29a8035c39040f05c404c9542fc415b40f9","sellTxId":"f4880d5e57da202ea40b3b0784c76e9a5a8a74c0"}
{"index": {"_index":"sim","_id":"3730484"}}
	{"id":3730484,"type":"sell","buyer":"pi-trader","seller":"bitcoinflood","symbol":"SIM","quantity":"634.693","price":"0.00049901","timestamp":1655676480,"volume":"0.31671815","buyTxId":"d7dad7174b08516f488a21b6cbd33b0fd959d87e-4","sellTxId":"d4bec98906e24a0d2e22731e8350c7fc1f3704d0"}
{"index": {"_index":"sim","_id":"3730493"}}
	{"id":3730493,"type":"buy","buyer":"pjansen","seller":"nftmart.fees","symbol":"SIM","quantity":"26.000","price":"0.00051998","timestamp":1655676873,"volume":"0.01351948","buyTxId":"4ed4f67243189463f58e8f0aabb4ef766b09f9f5","sellTxId":"d7666a9c93b00bcc97ac365b86f43f12ebadee18-0"}
{"index": {"_index":"sim","_id":"3730494"}}
	{"id":3730494,"type":"buy","buyer":"pjansen","seller":"metzli","symbol":"SIM","quantity":"0.137","price":"0.00051999","timestamp":1655676873,"volume":"0.00007124","buyTxId":"4ed4f67243189463f58e8f0aabb4ef766b09f9f5","sellTxId":"f4880d5e57da202ea40b3b0784c76e9a5a8a74c0"}
{"index": {"_index":"sim","_id":"3730495"}}
	{"id":3730495,"type":"buy","buyer":"pjansen","seller":"dhedge-drips","symbol":"SIM","quantity":"0.017","price":"0.00053189","timestamp":1655676873,"volume":"0.00000928","buyTxId":"4ed4f67243189463f58e8f0aabb4ef766b09f9f5","sellTxId":"9bb0dfb12b03ed5e51007363d6039516b5f40767"}
{"index": {"_index":"sim","_id":"3730953"}}
	{"id":3730953,"type":"buy","buyer":"pjansen","seller":"alexandrzombi","symbol":"SIM","quantity":"18.031","price":"0.00051999","timestamp":1655680983,"volume":"0.00937594","buyTxId":"a1121a6dedc53778d080e797a7f8c74476ea2fda","sellTxId":"1f97db32787ea48ea40f2024cf6eeb2c30860f41"}
{"index": {"_index":"sim","_id":"3730954"}}
	{"id":3730954,"type":"buy","buyer":"pjansen","seller":"nftmart.fees","symbol":"SIM","quantity":"1.173","price":"0.00053186","timestamp":1655680983,"volume":"0.00062406","buyTxId":"a1121a6dedc53778d080e797a7f8c74476ea2fda","sellTxId":"592bb53e8a4f4b4bfbed9091a00eca5b71a0e502-0"}
{"index": {"_index":"sim","_id":"3731076"}}
	{"id":3731076,"type":"sell","buyer":"pi-trader","seller":"bearbear613","symbol":"SIM","quantity":"699.000","price":"0.00049901","timestamp":1655681922,"volume":"0.34880799","buyTxId":"103f467c353009fff5301cb3e002b03e689126ad-3","sellTxId":"31e5bd70005241cbc55fe794e1d1aa5778bccbd7"}
{"index": {"_index":"sim","_id":"3731673"}}
	{"id":3731673,"type":"sell","buyer":"pi-trader","seller":"dhedge-drips","symbol":"SIM","quantity":"0.001","price":"0.00049901","timestamp":1655685918,"volume":"0.00000050","buyTxId":"050342b3a96c7edf646208cce9c4acd680f5f575-3","sellTxId":"380552ede0b2680bc114b6debb4910765da605e3"}
{"index": {"_index":"sim","_id":"3732427"}}
	{"id":3732427,"type":"sell","buyer":"pi-trader","seller":"nftmart.fees","symbol":"SIM","quantity":"160.127","price":"0.00049901","timestamp":1655690928,"volume":"0.07990497","buyTxId":"c403ff257a404eec77ceb32703059598ec147841-3","sellTxId":"2917053a5b497a08548685c9e322a63b35453fac"}
{"index": {"_index":"sim","_id":"3732502"}}
	{"id":3732502,"type":"buy","buyer":"libert","seller":"dhedge-drips","symbol":"SIM","quantity":"0.001","price":"0.00053182","timestamp":1655691543,"volume":"0.00000053","buyTxId":"ff3da12c8eb4fe4582bfcb0e063543d3d0bce7fe","sellTxId":"3bf06643a926fe00be9601363435ddc5e7669476"}
{"index": {"_index":"sim","_id":"3732503"}}
	{"id":3732503,"type":"buy","buyer":"libert","seller":"dhedge-drips","symbol":"SIM","quantity":"12.482","price":"0.00053189","timestamp":1655691543,"volume":"0.00663905","buyTxId":"ff3da12c8eb4fe4582bfcb0e063543d3d0bce7fe","sellTxId":"9bb0dfb12b03ed5e51007363d6039516b5f40767"}
{"index": {"_index":"sim","_id":"3732504"}}
	{"id":3732504,"type":"buy","buyer":"libert","seller":"pi-trader","symbol":"SIM","quantity":"7525.255","price":"0.00053199","timestamp":1655691543,"volume":"4.00336042","buyTxId":"ff3da12c8eb4fe4582bfcb0e063543d3d0bce7fe","sellTxId":"193b61219bc3e89dcecbea37c656080660f338c4-9"}
{"index": {"_index":"sim","_id":"3732613"}}
	{"id":3732613,"type":"sell","buyer":"pi-trader","seller":"themarkymark","symbol":"SIM","quantity":"163.204","price":"0.00049901","timestamp":1655692719,"volume":"0.08144043","buyTxId":"7b10329db5f6693b0523a01f27b9d928d23e3570-5","sellTxId":"10952991b100f7bea5e5109a2eb305a8cee84e89"}
{"index": {"_index":"sim","_id":"3732647"}}
	{"id":3732647,"type":"sell","buyer":"pi-trader","seller":"he-index","symbol":"SIM","quantity":"0.553","price":"0.00049901","timestamp":1655693226,"volume":"0.00027595","buyTxId":"6e5965b565c79a0bad131e671ce30ce10ae4320e-3","sellTxId":"00a405d93a2869c41e9e8f3bbe46bed19a8a40b8"}
