{"index": {"_index":"sim","_id":"2274414"}}
	{"id":2274414,"type":"sell","buyer":"jelly-cz","seller":"goldcoin","symbol":"SIM","quantity":"104.670","price":"0.00060105","timestamp":1639453479,"volume":"0.06291190","buyTxId":"MM-P-13028619-60015470-3-28-0","sellTxId":"7a46df786f078725363ea5a5e92ea28a8b81f25d"}
{"index": {"_index":"sim","_id":"2274472"}}
	{"id":2274472,"type":"sell","buyer":"jelly-cz","seller":"theshaki","symbol":"SIM","quantity":"42.461","price":"0.00060105","timestamp":1639453836,"volume":"0.02552118","buyTxId":"MM-P-13028619-60015470-3-28-0","sellTxId":"ea6e3731c9265dba1285cf1cfd0bfbb1e19bb45d"}
{"index": {"_index":"sim","_id":"2274512"}}
	{"id":2274512,"type":"sell","buyer":"jelly-cz","seller":"hive.miner","symbol":"SIM","quantity":"103.996","price":"0.00060105","timestamp":1639454298,"volume":"0.06250680","buyTxId":"MM-P-13028619-60015470-3-28-0","sellTxId":"2de36f50126cf9e635bdb7dabcaa0de019b2753d"}
{"index": {"_index":"sim","_id":"2274604"}}
	{"id":2274604,"type":"sell","buyer":"jelly-cz","seller":"brofi-market","symbol":"SIM","quantity":"0.001","price":"0.00060105","timestamp":1639455171,"volume":"0.00000060","buyTxId":"MM-P-13028619-60015470-3-28-0","sellTxId":"11460f8c1a6ec8cde54b5ab44eec9d701df7111d"}
{"index": {"_index":"sim","_id":"2274688"}}
	{"id":2274688,"type":"sell","buyer":"jelly-cz","seller":"razam","symbol":"SIM","quantity":"5.000","price":"0.00060105","timestamp":1639456092,"volume":"0.00300525","buyTxId":"MM-P-13028619-60015470-3-28-0","sellTxId":"43126a6efee8813b666ef23f3abb5bc37b94eec1"}
{"index": {"_index":"sim","_id":"2275093"}}
	{"id":2275093,"type":"sell","buyer":"jelly-cz","seller":"atomcollector","symbol":"SIM","quantity":"2409.000","price":"0.00060105","timestamp":1639461771,"volume":"1.44792945","buyTxId":"MM-P-13028619-60015470-3-28-0","sellTxId":"023ace51f6cf81e4af871883351dbfcc6e020077"}
{"index": {"_index":"sim","_id":"2275529"}}
	{"id":2275529,"type":"sell","buyer":"jelly-cz","seller":"egistar","symbol":"SIM","quantity":"700","price":"0.00060105","timestamp":1639464978,"volume":"0.42073500","buyTxId":"MM-P-13028619-60015470-3-28-0","sellTxId":"39c0d256025fe878d01bda6ca8d65f75d2a92b97"}
{"index": {"_index":"sim","_id":"2275637"}}
	{"id":2275637,"type":"sell","buyer":"jelly-cz","seller":"minerthreat","symbol":"SIM","quantity":"4745.000","price":"0.00060105","timestamp":1639465884,"volume":"2.85198225","buyTxId":"MM-P-13028619-60015470-3-28-0","sellTxId":"22308dee29f248e4a7d6332d97ff5a09c12686da"}
{"index": {"_index":"sim","_id":"2275774"}}
	{"id":2275774,"type":"sell","buyer":"jelly-cz","seller":"anosys","symbol":"SIM","quantity":"24.019","price":"0.00060105","timestamp":1639466808,"volume":"0.01443662","buyTxId":"MM-P-13028619-60015470-3-28-0","sellTxId":"7e51342b2a6e79170fb6820ccdc8d01f4a16abc5"}
{"index": {"_index":"sim","_id":"2276128"}}
	{"id":2276128,"type":"buy","buyer":"stickupmusic","seller":"nastyforce","symbol":"SIM","quantity":"80.367","price":"0.00061000","timestamp":1639469823,"volume":"0.04902387","buyTxId":"f77f256463e5994dfb30950f5cfc3da9d7625382","sellTxId":"40cdc7a9ff9eacec847af06d5a5d1765c4efeec4"}
{"index": {"_index":"sim","_id":"2276469"}}
	{"id":2276469,"type":"sell","buyer":"stickupmusic","seller":"hirohurl","symbol":"SIM","quantity":"34.839","price":"0.00061000","timestamp":1639473378,"volume":"0.02125179","buyTxId":"f77f256463e5994dfb30950f5cfc3da9d7625382","sellTxId":"22862cd2314dcdc19ac0ec19889936796d8eed8a"}
{"index": {"_index":"sim","_id":"2276564"}}
	{"id":2276564,"type":"sell","buyer":"soteyapanbot","seller":"svirus","symbol":"SIM","quantity":"4600.000","price":"0.00061900","timestamp":1639474152,"volume":"2.84740000","buyTxId":"b320b72c5854b84899aa7a7cce99951fdfa8818d","sellTxId":"b7c0c7722dcd7b9938fef0eca7416859786f93fd-1"}
{"index": {"_index":"sim","_id":"2276648"}}
	{"id":2276648,"type":"sell","buyer":"stickupmusic","seller":"brofundholdings","symbol":"SIM","quantity":"582.794","price":"0.00061000","timestamp":1639474884,"volume":"0.35550434","buyTxId":"f77f256463e5994dfb30950f5cfc3da9d7625382","sellTxId":"bc3bc3542a08129d8c1c1c5a72ea4627bc687fed"}
{"index": {"_index":"sim","_id":"2276649"}}
	{"id":2276649,"type":"sell","buyer":"jelly-cz","seller":"brofundholdings","symbol":"SIM","quantity":"130946.358","price":"0.00060105","timestamp":1639474884,"volume":"78.70530848","buyTxId":"MM-P-13028619-60015470-3-28-0","sellTxId":"bc3bc3542a08129d8c1c1c5a72ea4627bc687fed"}
{"index": {"_index":"sim","_id":"2276650"}}
	{"id":2276650,"type":"buy","buyer":"konvik","seller":"brofundholdings","symbol":"SIM","quantity":"12435.667","price":"0.00060000","timestamp":1639474887,"volume":"7.46140020","buyTxId":"4143e4af5f381f43f35fe11474091b8bb5990692-0","sellTxId":"bc3bc3542a08129d8c1c1c5a72ea4627bc687fed"}
{"index": {"_index":"sim","_id":"2276662"}}
	{"id":2276662,"type":"buy","buyer":"bambukah","seller":"pi-trader","symbol":"SIM","quantity":"1181.000","price":"0.00061992","timestamp":1639475121,"volume":"0.73212552","buyTxId":"f7400ef89cc482a57b46b18335bb4d4c4f0d511a","sellTxId":"3e5daca53cd7f31e4f215d7ad25f8bdedc206b4c-1"}
{"index": {"_index":"sim","_id":"2276744"}}
	{"id":2276744,"type":"sell","buyer":"pi-trader","seller":"lifeskills-tv","symbol":"SIM","quantity":"2785.918","price":"0.00060106","timestamp":1639475877,"volume":"1.67450387","buyTxId":"be42b32a608fd91a6d8ba775f8c92f6e83a893b3-4","sellTxId":"ef90ef1442fe236c31a13f5552b2cc00ce987555"}
{"index": {"_index":"sim","_id":"2276943"}}
	{"id":2276943,"type":"sell","buyer":"pokerarema","seller":"heikki1337","symbol":"SIM","quantity":"3080.576","price":"0.00060200","timestamp":1639480443,"volume":"1.85450675","buyTxId":"8e5033ce2e08c2093dfd03aaf748d62fa82ab1e3","sellTxId":"65df67ece0b29307c4b96a4b01937b9e2d7d75df"}
{"index": {"_index":"sim","_id":"2277080"}}
	{"id":2277080,"type":"sell","buyer":"pokerarema","seller":"brofi-market","symbol":"SIM","quantity":"0.005","price":"0.00060200","timestamp":1639484070,"volume":"0.00000301","buyTxId":"8e5033ce2e08c2093dfd03aaf748d62fa82ab1e3","sellTxId":"07a138f27d6d9c05e3edca333ca47e38848d540e"}
{"index": {"_index":"sim","_id":"2277100"}}
	{"id":2277100,"type":"sell","buyer":"pokerarema","seller":"mindblast","symbol":"SIM","quantity":"13206.000","price":"0.00060200","timestamp":1639484289,"volume":"7.95001200","buyTxId":"8e5033ce2e08c2093dfd03aaf748d62fa82ab1e3","sellTxId":"9f44ce57740fdebb7a40bc57543f72ac44e663a9"}
{"index": {"_index":"sim","_id":"2277143"}}
	{"id":2277143,"type":"sell","buyer":"pokerarema","seller":"emsonic","symbol":"SIM","quantity":"9565.419","price":"0.00060200","timestamp":1639485540,"volume":"5.75838224","buyTxId":"8e5033ce2e08c2093dfd03aaf748d62fa82ab1e3","sellTxId":"44f35bbff685d242035f76c5f018c916b6ab1308"}
{"index": {"_index":"sim","_id":"2277144"}}
	{"id":2277144,"type":"buy","buyer":"svirus","seller":"emsonic","symbol":"SIM","quantity":"5818.580","price":"0.00060200","timestamp":1639485543,"volume":"3.50278516","buyTxId":"f0a9ec9df23cf76c7ee5761599639bac30f04d30-0","sellTxId":"44f35bbff685d242035f76c5f018c916b6ab1308"}
{"index": {"_index":"sim","_id":"2277236"}}
	{"id":2277236,"type":"sell","buyer":"jelly-cz","seller":"tamaralovelace","symbol":"SIM","quantity":"752.746","price":"0.00057559","timestamp":1639486530,"volume":"0.43327307","buyTxId":"MM-P-13043598-60030453-3-29-0","sellTxId":"9c43d16161838433031e01a46f666d52d46250a6"}
{"index": {"_index":"sim","_id":"2277351"}}
	{"id":2277351,"type":"sell","buyer":"pi-trader","seller":"adhammer","symbol":"SIM","quantity":"6.884","price":"0.00057566","timestamp":1639487490,"volume":"0.00396284","buyTxId":"79ed617425193f6e75ed94b25a97fe9fcdf1f2f9-3","sellTxId":"44fa0e3a7b8a7b99b730f232bf61d24945c1d76e"}
{"index": {"_index":"sim","_id":"2277390"}}
	{"id":2277390,"type":"sell","buyer":"pi-trader","seller":"guruvaj","symbol":"SIM","quantity":"1347.214","price":"0.00057566","timestamp":1639487694,"volume":"0.77553721","buyTxId":"366c9ced11cab95c47503a5bc616b530d4c5f55e-1","sellTxId":"5f2bdd76b5d722692a2de6fd555f2559d6946c1c"}
{"index": {"_index":"sim","_id":"2277506"}}
	{"id":2277506,"type":"buy","buyer":"stickupboys","seller":"emsonic","symbol":"SIM","quantity":"0.001","price":"0.00060200","timestamp":1639488216,"volume":"0.00000060","buyTxId":"ab5394aa297515e04dc4035f0faf0893586cbbfc","sellTxId":"44f35bbff685d242035f76c5f018c916b6ab1308"}
{"index": {"_index":"sim","_id":"2277507"}}
	{"id":2277507,"type":"buy","buyer":"stickupboys","seller":"pi-trader","symbol":"SIM","quantity":"999.999","price":"0.00061992","timestamp":1639488216,"volume":"0.61991938","buyTxId":"ab5394aa297515e04dc4035f0faf0893586cbbfc","sellTxId":"819abb40485702ff807707e2f8a750c6399a1335-4"}
{"index": {"_index":"sim","_id":"2278024"}}
	{"id":2278024,"type":"sell","buyer":"pi-trader","seller":"hive-148003","symbol":"SIM","quantity":"687.952","price":"0.00057797","timestamp":1639492290,"volume":"0.39761562","buyTxId":"4da7c99620b2ee85f5706f44c9c29b6ca8adeb15-1","sellTxId":"c17ecec8d687f33aa1ee9b3b719475db50165eed"}
{"index": {"_index":"sim","_id":"2278052"}}
	{"id":2278052,"type":"buy","buyer":"theclasser1","seller":"pi-trader","symbol":"SIM","quantity":"1675.732","price":"0.00061991","timestamp":1639492629,"volume":"1.03880302","buyTxId":"c02e5209e81d9af460a0fccb46c2cd40e6debf43","sellTxId":"3610d1998357281ff44085b82ba4fa87cd0f7717-8"}
{"index": {"_index":"sim","_id":"2278253"}}
	{"id":2278253,"type":"sell","buyer":"pi-trader","seller":"mosho-o","symbol":"SIM","quantity":"0.026","price":"0.00057811","timestamp":1639494366,"volume":"0.00001503","buyTxId":"e7ad0c8734f31a13d4dff4554a3ea307d35d7ca6-3","sellTxId":"b0f79c844239d6463fbb3d4e72853cd587f8a0e4"}
{"index": {"_index":"sim","_id":"2278289"}}
	{"id":2278289,"type":"buy","buyer":"dkid14","seller":"tonytrillions","symbol":"SIM","quantity":"0.024","price":"0.00059500","timestamp":1639494732,"volume":"0.00001428","buyTxId":"303a61ca63a7d8423ce3394d79c221d3d66173c9","sellTxId":"f8a20c597a74b949eb20a3dbf857d44b3b74fb65"}
{"index": {"_index":"sim","_id":"2278305"}}
	{"id":2278305,"type":"buy","buyer":"dkid14","seller":"pi-trader","symbol":"SIM","quantity":"8778.368","price":"0.00061991","timestamp":1639494819,"volume":"5.44179811","buyTxId":"a4478a82566df16b39a5bee2a5276f654087b2af","sellTxId":"831875ce4dcb0f44bdf815c2e48d5da22296f837-2"}
{"index": {"_index":"sim","_id":"2278501"}}
	{"id":2278501,"type":"sell","buyer":"pi-trader","seller":"valor2s","symbol":"SIM","quantity":"24.000","price":"0.00057855","timestamp":1639495998,"volume":"0.01388520","buyTxId":"996a3397490dd1308078d134536fe8d250a4414f-1","sellTxId":"8d6ba40638b6ae9a1c3bd115484d3690ad4ca47d"}
{"index": {"_index":"sim","_id":"2278699"}}
	{"id":2278699,"type":"sell","buyer":"pi-trader","seller":"jrcornel","symbol":"SIM","quantity":"73504.000","price":"0.00057863","timestamp":1639497168,"volume":"42.53161952","buyTxId":"d0401ff650cd37e41e1f8bd3dca5d2c2d09d5b9d-3","sellTxId":"3e95263463a6d6626c098f85f01ac543f12e8f37"}
{"index": {"_index":"sim","_id":"2278859"}}
	{"id":2278859,"type":"sell","buyer":"pi-trader","seller":"brofi-market","symbol":"SIM","quantity":"0.001","price":"0.00057871","timestamp":1639498392,"volume":"0.00000058","buyTxId":"71404887cc0330cf75ab07c61f9596081f861a0f-5","sellTxId":"d77ff0e06e33c183548b38c9e1981fa692c3101e"}
{"index": {"_index":"sim","_id":"2279004"}}
	{"id":2279004,"type":"sell","buyer":"pi-trader","seller":"chorock","symbol":"SIM","quantity":"5000.000","price":"0.00057879","timestamp":1639499607,"volume":"2.89395000","buyTxId":"eafebee178ded1ce6dc72a5a989cda53cc09f6bc-3","sellTxId":"f6e38f73e8e6f3fe3d642fa265213473b48a2e06"}
{"index": {"_index":"sim","_id":"2279031"}}
	{"id":2279031,"type":"buy","buyer":"dswap","seller":"pi-trader","symbol":"SIM","quantity":"53.683","price":"0.00061991","timestamp":1639499781,"volume":"0.03327900","buyTxId":"bf6329189adeb18106e2b457368b889388e3456c","sellTxId":"42bd9b791e23217b5fff5687bf9e5c689199d63c-1"}
{"index": {"_index":"sim","_id":"2279336"}}
	{"id":2279336,"type":"buy","buyer":"stickupboys","seller":"pi-trader","symbol":"SIM","quantity":"5000.000","price":"0.00061990","timestamp":1639501341,"volume":"3.09950000","buyTxId":"d42f126e4b029607970cd68833104992c757357e","sellTxId":"c89a7bcc832d77d8d4bf50d3e9af6dcabb7076e6-6"}
{"index": {"_index":"sim","_id":"2279486"}}
	{"id":2279486,"type":"sell","buyer":"jelly-cz","seller":"snackaholic","symbol":"SIM","quantity":"226.056","price":"0.00060502","timestamp":1639501971,"volume":"0.13676840","buyTxId":"MM-P-13048189-60035044-3-29-0","sellTxId":"26475afbb9c754f3782ec67faf179067d3937270"}
{"index": {"_index":"sim","_id":"2279525"}}
	{"id":2279525,"type":"sell","buyer":"jelly-cz","seller":"eforucom","symbol":"SIM","quantity":"0.038","price":"0.00060502","timestamp":1639502064,"volume":"0.00002299","buyTxId":"MM-P-13048189-60035044-3-29-0","sellTxId":"1ee11a16d5f578c6b20d5aede87d5fd2e207b27e"}
{"index": {"_index":"sim","_id":"2279675"}}
	{"id":2279675,"type":"sell","buyer":"jelly-cz","seller":"justinparke","symbol":"SIM","quantity":"10964","price":"0.00060502","timestamp":1639503240,"volume":"6.63343928","buyTxId":"MM-P-13048189-60035044-3-29-0","sellTxId":"8fd079b960bd0c96efa8859b530fcf1490bc7af4"}
{"index": {"_index":"sim","_id":"2279775"}}
	{"id":2279775,"type":"buy","buyer":"stickupboys","seller":"pi-trader","symbol":"SIM","quantity":"3500.000","price":"0.00061990","timestamp":1639503954,"volume":"2.16965000","buyTxId":"4ce6edbd1763f79a06419882166de11a0984aac4","sellTxId":"b104a879db5dbaa2681b78c0b794940851556022-2"}
{"index": {"_index":"sim","_id":"2279848"}}
	{"id":2279848,"type":"buy","buyer":"dkid14","seller":"pi-trader","symbol":"SIM","quantity":"21187.259","price":"0.00061990","timestamp":1639504536,"volume":"13.13398185","buyTxId":"25e12aedb73b8cf1371e48393713a207513bdba7","sellTxId":"9b44c38612a255881e441dc07bff770c0a42d3d5-2"}
{"index": {"_index":"sim","_id":"2279894"}}
	{"id":2279894,"type":"sell","buyer":"jelly-cz","seller":"bearbear613","symbol":"SIM","quantity":"8415.044","price":"0.00060502","timestamp":1639505160,"volume":"5.09126992","buyTxId":"MM-P-13048189-60035044-3-29-0","sellTxId":"7470b7f9917cfc827671ad4de5d50ca79b29e404"}
{"index": {"_index":"sim","_id":"2279997"}}
	{"id":2279997,"type":"buy","buyer":"jjprac","seller":"pi-trader","symbol":"SIM","quantity":"2000.000","price":"0.00061989","timestamp":1639506069,"volume":"1.23978000","buyTxId":"e0d781e940d907281ed4efebc9a479d7cd243f9c","sellTxId":"0b0037d4509eb2b1f2692b20985e3a61ef6f6b8d-2"}
{"index": {"_index":"sim","_id":"2280168"}}
	{"id":2280168,"type":"sell","buyer":"jelly-cz","seller":"egistar","symbol":"SIM","quantity":"150","price":"0.00060502","timestamp":1639507701,"volume":"0.09075300","buyTxId":"MM-P-13048189-60035044-3-29-0","sellTxId":"97e98f89825cdcef5a2e8454c08b99b411dc8d1c"}
{"index": {"_index":"sim","_id":"2280189"}}
	{"id":2280189,"type":"sell","buyer":"jelly-cz","seller":"alive.chat","symbol":"SIM","quantity":"1.167","price":"0.00060502","timestamp":1639507785,"volume":"0.00070606","buyTxId":"MM-P-13048189-60035044-3-29-0","sellTxId":"6c95e3f5ec3e37ef718a6985f01cb87445ed3db6"}
{"index": {"_index":"sim","_id":"2280248"}}
	{"id":2280248,"type":"sell","buyer":"jelly-cz","seller":"nrg","symbol":"SIM","quantity":"4872.000","price":"0.00060502","timestamp":1639508187,"volume":"2.94765744","buyTxId":"MM-P-13048189-60035044-3-29-0","sellTxId":"38740736acdacef7557ed861c9580c042e47ad6f-3"}
{"index": {"_index":"sim","_id":"2280330"}}
	{"id":2280330,"type":"sell","buyer":"jelly-cz","seller":"curatorcat","symbol":"SIM","quantity":"10.703","price":"0.00060502","timestamp":1639508697,"volume":"0.00647553","buyTxId":"MM-P-13048189-60035044-3-29-0","sellTxId":"15bd0b50e5544afcaeb5b7760681a0fa4d1c590b"}
{"index": {"_index":"sim","_id":"2280362"}}
	{"id":2280362,"type":"sell","buyer":"jelly-cz","seller":"manoldonchev","symbol":"SIM","quantity":"34863.157","price":"0.00060502","timestamp":1639509000,"volume":"21.09290725","buyTxId":"MM-P-13048189-60035044-3-29-0","sellTxId":"5d0b1415ba946aec26911621669389bd533b20d8"}
{"index": {"_index":"sim","_id":"2280380"}}
	{"id":2280380,"type":"sell","buyer":"jelly-cz","seller":"manoldonchev","symbol":"SIM","quantity":"15372.000","price":"0.00060502","timestamp":1639509045,"volume":"9.30036744","buyTxId":"MM-P-13051082-60037937-3-29-0","sellTxId":"a4e86fcafa8e114c2d5c329cf8ad5aefa4345a9a"}
{"index": {"_index":"sim","_id":"2280638"}}
	{"id":2280638,"type":"buy","buyer":"gerber","seller":"pi-trader","symbol":"SIM","quantity":"50000.000","price":"0.00061989","timestamp":1639510578,"volume":"30.99450000","buyTxId":"2ac2363fae587977c5c591c59be2ef98aa24f577","sellTxId":"a6ef7044c8ee6d4f5acc24fbb278710cc678d046-2"}
{"index": {"_index":"sim","_id":"2280639"}}
	{"id":2280639,"type":"buy","buyer":"gerber","seller":"ganjafarmer","symbol":"SIM","quantity":"3.698","price":"0.00061990","timestamp":1639510578,"volume":"0.00229239","buyTxId":"2ac2363fae587977c5c591c59be2ef98aa24f577","sellTxId":"4e8296f0296bf67243073ede04f20566f06e1817"}
{"index": {"_index":"sim","_id":"2280640"}}
	{"id":2280640,"type":"buy","buyer":"gerber","seller":"brofi-market","symbol":"SIM","quantity":"0.001","price":"0.00061991","timestamp":1639510578,"volume":"0.00000062","buyTxId":"2ac2363fae587977c5c591c59be2ef98aa24f577","sellTxId":"0b8f5eb38b53fc99a7c3fd5b7c1a0bcbab956b31"}
{"index": {"_index":"sim","_id":"2280641"}}
	{"id":2280641,"type":"buy","buyer":"gerber","seller":"brofi-market","symbol":"SIM","quantity":"0.005","price":"0.00061992","timestamp":1639510578,"volume":"0.00000310","buyTxId":"2ac2363fae587977c5c591c59be2ef98aa24f577","sellTxId":"0d57df936a9b707f3534f5a29305199f0a9593f0"}
{"index": {"_index":"sim","_id":"2280642"}}
	{"id":2280642,"type":"buy","buyer":"gerber","seller":"onealfa","symbol":"SIM","quantity":"1181.000","price":"0.00061993","timestamp":1639510578,"volume":"0.73213733","buyTxId":"2ac2363fae587977c5c591c59be2ef98aa24f577","sellTxId":"fe8d15a3b6a96ac30e1541aee7f6d72f40ee0bdb"}
{"index": {"_index":"sim","_id":"2280643"}}
	{"id":2280643,"type":"buy","buyer":"gerber","seller":"augustbrown","symbol":"SIM","quantity":"20.000","price":"0.00061997","timestamp":1639510578,"volume":"0.01239940","buyTxId":"2ac2363fae587977c5c591c59be2ef98aa24f577","sellTxId":"fff7912fb9f82cd238087997a2535c706f00e926"}
{"index": {"_index":"sim","_id":"2280644"}}
	{"id":2280644,"type":"buy","buyer":"gerber","seller":"brofi-market","symbol":"SIM","quantity":"0.001","price":"0.00061998","timestamp":1639510578,"volume":"0.00000062","buyTxId":"2ac2363fae587977c5c591c59be2ef98aa24f577","sellTxId":"c13ff1d485c55e7cd12787354df1cf1d14fdb254"}
{"index": {"_index":"sim","_id":"2280645"}}
	{"id":2280645,"type":"buy","buyer":"gerber","seller":"brofi-market","symbol":"SIM","quantity":"0.002","price":"0.00061999","timestamp":1639510578,"volume":"0.00000124","buyTxId":"2ac2363fae587977c5c591c59be2ef98aa24f577","sellTxId":"af0e040ea7cfd2a3975e4bf8d1ddd11fea47b7a5"}
{"index": {"_index":"sim","_id":"2280646"}}
	{"id":2280646,"type":"buy","buyer":"gerber","seller":"dreamm","symbol":"SIM","quantity":"1635.000","price":"0.00062000","timestamp":1639510578,"volume":"1.01370000","buyTxId":"2ac2363fae587977c5c591c59be2ef98aa24f577","sellTxId":"33cada918c613cc8d05db78b7644aa23010112b7"}
{"index": {"_index":"sim","_id":"2280647"}}
	{"id":2280647,"type":"buy","buyer":"gerber","seller":"colecornell","symbol":"SIM","quantity":"30000.000","price":"0.00062000","timestamp":1639510578,"volume":"18.60000000","buyTxId":"2ac2363fae587977c5c591c59be2ef98aa24f577","sellTxId":"aa0884f9384040b60f66ed55485a91c68a5d6ae3"}
{"index": {"_index":"sim","_id":"2280648"}}
	{"id":2280648,"type":"buy","buyer":"gerber","seller":"onecent","symbol":"SIM","quantity":"555.000","price":"0.00062000","timestamp":1639510578,"volume":"0.34410000","buyTxId":"2ac2363fae587977c5c591c59be2ef98aa24f577","sellTxId":"6e2171456be5149aed4c4151ae7e8b0911aca755"}
{"index": {"_index":"sim","_id":"2280649"}}
	{"id":2280649,"type":"buy","buyer":"gerber","seller":"brofi-market","symbol":"SIM","quantity":"0.007","price":"0.00062957","timestamp":1639510578,"volume":"0.00000441","buyTxId":"2ac2363fae587977c5c591c59be2ef98aa24f577","sellTxId":"e219cc77882670b53d543395a33e20f42938bc4e"}
{"index": {"_index":"sim","_id":"2280650"}}
	{"id":2280650,"type":"buy","buyer":"gerber","seller":"mapac","symbol":"SIM","quantity":"555.000","price":"0.00063000","timestamp":1639510578,"volume":"0.34965000","buyTxId":"2ac2363fae587977c5c591c59be2ef98aa24f577","sellTxId":"ef8834fae097ee2645ac33d9c48bcbe09a7b19dc"}
{"index": {"_index":"sim","_id":"2280651"}}
	{"id":2280651,"type":"buy","buyer":"gerber","seller":"accelerator","symbol":"SIM","quantity":"555.000","price":"0.00063000","timestamp":1639510578,"volume":"0.34965000","buyTxId":"2ac2363fae587977c5c591c59be2ef98aa24f577","sellTxId":"d2a335da6ed4fd6118caad1e3707ad4251f24b73"}
{"index": {"_index":"sim","_id":"2280652"}}
	{"id":2280652,"type":"buy","buyer":"gerber","seller":"eirik","symbol":"SIM","quantity":"1850.000","price":"0.00065000","timestamp":1639510578,"volume":"1.20250000","buyTxId":"2ac2363fae587977c5c591c59be2ef98aa24f577","sellTxId":"be161159fa9f1002c9869e1385e9e428c3d748d2"}
{"index": {"_index":"sim","_id":"2280653"}}
	{"id":2280653,"type":"buy","buyer":"gerber","seller":"mapac","symbol":"SIM","quantity":"555.000","price":"0.00065000","timestamp":1639510578,"volume":"0.36075000","buyTxId":"2ac2363fae587977c5c591c59be2ef98aa24f577","sellTxId":"8536b2ad2aa59488f3f8bf7d4054995519cc8541"}
{"index": {"_index":"sim","_id":"2280654"}}
	{"id":2280654,"type":"buy","buyer":"gerber","seller":"jelly-cz","symbol":"SIM","quantity":"1.000","price":"0.00067500","timestamp":1639510578,"volume":"0.00067500","buyTxId":"2ac2363fae587977c5c591c59be2ef98aa24f577","sellTxId":"MM-P-12966145-59952959-3-28-1"}
{"index": {"_index":"sim","_id":"2280655"}}
	{"id":2280655,"type":"buy","buyer":"gerber","seller":"medaymane","symbol":"SIM","quantity":"7380.000","price":"0.00067870","timestamp":1639510578,"volume":"5.00880600","buyTxId":"2ac2363fae587977c5c591c59be2ef98aa24f577","sellTxId":"211a23a7ad613d46c9b823abd276b17d743c7af4"}
{"index": {"_index":"sim","_id":"2280656"}}
	{"id":2280656,"type":"buy","buyer":"gerber","seller":"eirik","symbol":"SIM","quantity":"1400.000","price":"0.00075000","timestamp":1639510578,"volume":"1.05000000","buyTxId":"2ac2363fae587977c5c591c59be2ef98aa24f577","sellTxId":"dd0b2a831c97975943817ac502071ba8105e42d5"}
{"index": {"_index":"sim","_id":"2280657"}}
	{"id":2280657,"type":"buy","buyer":"gerber","seller":"accelerator","symbol":"SIM","quantity":"555.000","price":"0.00075000","timestamp":1639510578,"volume":"0.41625000","buyTxId":"2ac2363fae587977c5c591c59be2ef98aa24f577","sellTxId":"cdc3d876838936f954e1f7f96521ed342ee33367"}
{"index": {"_index":"sim","_id":"2280658"}}
	{"id":2280658,"type":"buy","buyer":"gerber","seller":"mapac","symbol":"SIM","quantity":"555.000","price":"0.00075000","timestamp":1639510578,"volume":"0.41625000","buyTxId":"2ac2363fae587977c5c591c59be2ef98aa24f577","sellTxId":"85eda03ac1cbc609278c8b6365c9ebaa08e1aaab"}
{"index": {"_index":"sim","_id":"2280659"}}
	{"id":2280659,"type":"sell","buyer":"gerber","seller":"konvik","symbol":"SIM","quantity":"154210.286","price":"0.00075000","timestamp":1639510581,"volume":"115.65771450","buyTxId":"2ac2363fae587977c5c591c59be2ef98aa24f577","sellTxId":"9f5ee7fdb2a1f01e3cec2f2714111a7527254fa4-1"}
{"index": {"_index":"sim","_id":"2280851"}}
	{"id":2280851,"type":"sell","buyer":"jelly-cz","seller":"bearbear613","symbol":"SIM","quantity":"1589.000","price":"0.00060502","timestamp":1639511976,"volume":"0.96137678","buyTxId":"MM-P-13051082-60037937-3-29-0","sellTxId":"62b4c0286ab26740d8a365f2c7a5c2a706371127"}
{"index": {"_index":"sim","_id":"2280999"}}
	{"id":2280999,"type":"sell","buyer":"jelly-cz","seller":"anubis85","symbol":"SIM","quantity":"15000.000","price":"0.00060502","timestamp":1639513476,"volume":"9.07530000","buyTxId":"MM-P-13051082-60037937-3-29-0","sellTxId":"e59a5f97bb60c7f8017642b375c53b2741efd19c"}
{"index": {"_index":"sim","_id":"2281246"}}
	{"id":2281246,"type":"sell","buyer":"jelly-cz","seller":"leizerstark","symbol":"SIM","quantity":"729.000","price":"0.00060502","timestamp":1639516284,"volume":"0.44105958","buyTxId":"MM-P-13051082-60037937-3-29-0","sellTxId":"2c63ff93b348697aa261af49a724ec45f226bec0"}
{"index": {"_index":"sim","_id":"2281252"}}
	{"id":2281252,"type":"sell","buyer":"jelly-cz","seller":"leonardoalmaguer","symbol":"SIM","quantity":"475.000","price":"0.00060502","timestamp":1639516314,"volume":"0.28738450","buyTxId":"MM-P-13051082-60037937-3-29-0","sellTxId":"42d5dbc109621b04fc1b2288a88e1e76588c1769"}
{"index": {"_index":"sim","_id":"2281343"}}
	{"id":2281343,"type":"buy","buyer":"lrekt01","seller":"elianaicgomes","symbol":"SIM","quantity":"2439.118","price":"0.00061000","timestamp":1639517145,"volume":"1.48786198","buyTxId":"debe0784c379a9d68d2c617e7ce7b954d6d11c7b","sellTxId":"9382b3a4d31173743775a903620441889c241369"}
{"index": {"_index":"sim","_id":"2281361"}}
	{"id":2281361,"type":"sell","buyer":"jelly-cz","seller":"klye","symbol":"SIM","quantity":"431.000","price":"0.00060502","timestamp":1639517310,"volume":"0.26076362","buyTxId":"MM-P-13051082-60037937-3-29-0","sellTxId":"4ae2b75891354024eee75d7e921fee63ba3e0dc4"}
{"index": {"_index":"sim","_id":"2281364"}}
	{"id":2281364,"type":"buy","buyer":"stickupmusic","seller":"pi-trader","symbol":"SIM","quantity":"50000.000","price":"0.00073999","timestamp":1639517346,"volume":"36.99950000","buyTxId":"56679aadb16978cde95363bbd37395f04c1830cd","sellTxId":"8cb1b490a1cabb291c9fd4d9e4a91fee7ce77c21-3"}
{"index": {"_index":"sim","_id":"2281374"}}
	{"id":2281374,"type":"sell","buyer":"jelly-cz","seller":"balte","symbol":"SIM","quantity":"12000.000","price":"0.00060502","timestamp":1639517391,"volume":"7.26024000","buyTxId":"MM-P-13051082-60037937-3-29-0","sellTxId":"684d325f918c61c3099241dd5a8187c13a8a32d1"}
{"index": {"_index":"sim","_id":"2281394"}}
	{"id":2281394,"type":"buy","buyer":"stickupmusic","seller":"jelly-cz","symbol":"SIM","quantity":"1.000","price":"0.00073998","timestamp":1639517529,"volume":"0.00073998","buyTxId":"a8c739f533170c9571fadc153e48e24999bc1b98","sellTxId":"MM-P-13053880-60040735-3-29-0"}
{"index": {"_index":"sim","_id":"2281395"}}
	{"id":2281395,"type":"buy","buyer":"stickupmusic","seller":"pi-trader","symbol":"SIM","quantity":"32083.000","price":"0.00073999","timestamp":1639517529,"volume":"23.74109917","buyTxId":"a8c739f533170c9571fadc153e48e24999bc1b98","sellTxId":"f4f8162bd67bc17d4689b39ebed7e1fb1c2fb99a-1"}
{"index": {"_index":"sim","_id":"2281416"}}
	{"id":2281416,"type":"sell","buyer":"jelly-cz","seller":"pimpstudio","symbol":"SIM","quantity":"13906.165","price":"0.00060502","timestamp":1639517658,"volume":"8.41350795","buyTxId":"MM-P-13051082-60037937-3-29-0","sellTxId":"e6e1f4123eaf5b800169d1f9d916e7863210a272"}
{"index": {"_index":"sim","_id":"2281417"}}
	{"id":2281417,"type":"buy","buyer":"svirus","seller":"pimpstudio","symbol":"SIM","quantity":"86517.950","price":"0.00060502","timestamp":1639517661,"volume":"52.34509011","buyTxId":"d4530bd9ba50314d99ee7139832ff24446eacc3c-0","sellTxId":"e6e1f4123eaf5b800169d1f9d916e7863210a272"}
{"index": {"_index":"sim","_id":"2281418"}}
	{"id":2281418,"type":"buy","buyer":"konvik","seller":"pimpstudio","symbol":"SIM","quantity":"0.010","price":"0.00060502","timestamp":1639517661,"volume":"0.00000605","buyTxId":"84f2628ef4347d981f5c948cca43dc503ff77b5b-0","sellTxId":"e6e1f4123eaf5b800169d1f9d916e7863210a272"}
{"index": {"_index":"sim","_id":"2281494"}}
	{"id":2281494,"type":"sell","buyer":"jelly-cz","seller":"quantumg","symbol":"SIM","quantity":"219.300","price":"0.00060502","timestamp":1639518543,"volume":"0.13268089","buyTxId":"MM-P-13053980-60040835-3-29-0","sellTxId":"969bafa5fced585a1cd66c80094bc0f0a2502a29"}
{"index": {"_index":"sim","_id":"2281513"}}
	{"id":2281513,"type":"sell","buyer":"jelly-cz","seller":"loro68","symbol":"SIM","quantity":"1558.000","price":"0.00060502","timestamp":1639518723,"volume":"0.94262116","buyTxId":"MM-P-13053980-60040835-3-29-0","sellTxId":"a756bf2e7b9449c65b9610d8ea64a91bbaab20ed"}
{"index": {"_index":"sim","_id":"2281550"}}
	{"id":2281550,"type":"sell","buyer":"jelly-cz","seller":"solarpowers","symbol":"SIM","quantity":"7270.000","price":"0.00060502","timestamp":1639519119,"volume":"4.39849540","buyTxId":"MM-P-13053980-60040835-3-29-0","sellTxId":"e7b8a8b711fc3f1c10e37302107ffa823e42f1d3"}
{"index": {"_index":"sim","_id":"2281568"}}
	{"id":2281568,"type":"sell","buyer":"boycharliefamily","seller":"svirus","symbol":"SIM","quantity":"15432.700","price":"0.00070000","timestamp":1639519428,"volume":"10.80289000","buyTxId":"490183e94571bce0c60c8b136fcffa1d433edd7b","sellTxId":"c4229d4e6694ea2e2789c932b9c37a2da1380b9f-1"}
{"index": {"_index":"sim","_id":"2281569"}}
	{"id":2281569,"type":"sell","buyer":"boycharliefamily","seller":"konvik","symbol":"SIM","quantity":"0.001","price":"0.00070000","timestamp":1639519428,"volume":"0.00000070","buyTxId":"490183e94571bce0c60c8b136fcffa1d433edd7b","sellTxId":"0c160a53d16a21ff91cafb96cd53efc8a5f936c1-1"}
{"index": {"_index":"sim","_id":"2281672"}}
	{"id":2281672,"type":"buy","buyer":"worldfinances","seller":"jelly-cz","symbol":"SIM","quantity":"1.000","price":"0.00072998","timestamp":1639520637,"volume":"0.00072998","buyTxId":"b05e1eaadcc2cfa8609c3db25a77599300aefb5c","sellTxId":"MM-P-13054080-60040935-3-29-0"}
{"index": {"_index":"sim","_id":"2281673"}}
	{"id":2281673,"type":"buy","buyer":"worldfinances","seller":"pi-trader","symbol":"SIM","quantity":"999.000","price":"0.00075760","timestamp":1639520637,"volume":"0.75684240","buyTxId":"b05e1eaadcc2cfa8609c3db25a77599300aefb5c","sellTxId":"5cd994b5c77fa5fb57f8245d97507e8a7901e42f-1"}
{"index": {"_index":"sim","_id":"2281721"}}
	{"id":2281721,"type":"sell","buyer":"jelly-cz","seller":"otherbrandt","symbol":"SIM","quantity":"50454.865","price":"0.00060502","timestamp":1639521459,"volume":"30.52620242","buyTxId":"MM-P-13053980-60040835-3-29-0","sellTxId":"f73ec492acae762cb8fcc6ad006187c64c59e408"}
{"index": {"_index":"sim","_id":"2281722"}}
	{"id":2281722,"type":"sell","buyer":"pokerarema","seller":"otherbrandt","symbol":"SIM","quantity":"13074.142","price":"0.00060501","timestamp":1639521459,"volume":"7.90998665","buyTxId":"078b376255b767bfcf2e4a9621e3d2a4c84fc4a2","sellTxId":"f73ec492acae762cb8fcc6ad006187c64c59e408"}
{"index": {"_index":"sim","_id":"2281749"}}
	{"id":2281749,"type":"sell","buyer":"jelly-cz","seller":"konvik","symbol":"SIM","quantity":"59502.165","price":"0.00060502","timestamp":1639521963,"volume":"35.99999987","buyTxId":"MM-P-13055276-60042131-3-29-0","sellTxId":"fc7ff27ff16a4b7d2ce4f61877d51c482a51ebe5-1"}
{"index": {"_index":"sim","_id":"2281750"}}
	{"id":2281750,"type":"sell","buyer":"pokerarema","seller":"konvik","symbol":"SIM","quantity":"30515.002","price":"0.00060501","timestamp":1639521963,"volume":"18.46188136","buyTxId":"078b376255b767bfcf2e4a9621e3d2a4c84fc4a2","sellTxId":"fc7ff27ff16a4b7d2ce4f61877d51c482a51ebe5-1"}
{"index": {"_index":"sim","_id":"2282136"}}
	{"id":2282136,"type":"sell","buyer":"pokerarema","seller":"brofi-market","symbol":"SIM","quantity":"0.003","price":"0.00060501","timestamp":1639527225,"volume":"0.00000182","buyTxId":"078b376255b767bfcf2e4a9621e3d2a4c84fc4a2","sellTxId":"44aeef7c723d5308aae0096eca6665db5be4c5a3"}
{"index": {"_index":"sim","_id":"2282739"}}
	{"id":2282739,"type":"sell","buyer":"pokerarema","seller":"thahodler","symbol":"SIM","quantity":"1877.000","price":"0.00060501","timestamp":1639532448,"volume":"1.13560377","buyTxId":"078b376255b767bfcf2e4a9621e3d2a4c84fc4a2","sellTxId":"deefd9a68222f2ba8fbb6331dd55abaee57aa837"}
{"index": {"_index":"sim","_id":"2282781"}}
	{"id":2282781,"type":"sell","buyer":"pokerarema","seller":"andy4475","symbol":"SIM","quantity":"32.851","price":"0.00060501","timestamp":1639532859,"volume":"0.01987518","buyTxId":"078b376255b767bfcf2e4a9621e3d2a4c84fc4a2","sellTxId":"48b545aa05e9ffe78e3222c473ac56ef17490a87"}
{"index": {"_index":"sim","_id":"2282841"}}
	{"id":2282841,"type":"buy","buyer":"evernoticethat","seller":"nastyforce","symbol":"SIM","quantity":"134.181","price":"0.00069000","timestamp":1639533753,"volume":"0.09258489","buyTxId":"938a2a7d23171b217051ede90650c7791f818194","sellTxId":"30d744b69d14417aaec49edc7232747eab3754fb"}
{"index": {"_index":"sim","_id":"2282842"}}
	{"id":2282842,"type":"sell","buyer":"evernoticethat","seller":"svirus","symbol":"SIM","quantity":"17561.120","price":"0.00069000","timestamp":1639533756,"volume":"12.11717280","buyTxId":"938a2a7d23171b217051ede90650c7791f818194","sellTxId":"c889f2f2e8811f2c4b43bfa1b649a7aa8abbc207-1"}
{"index": {"_index":"sim","_id":"2282843"}}
	{"id":2282843,"type":"sell","buyer":"evernoticethat","seller":"konvik","symbol":"SIM","quantity":"0.009","price":"0.00069000","timestamp":1639533756,"volume":"0.00000621","buyTxId":"938a2a7d23171b217051ede90650c7791f818194","sellTxId":"0bf1594e084dce1fe1ff240896054860c09dbaf4-1"}
{"index": {"_index":"sim","_id":"2282844"}}
	{"id":2282844,"type":"sell","buyer":"pokerarema","seller":"konvik","symbol":"SIM","quantity":"13058.002","price":"0.00060501","timestamp":1639533756,"volume":"7.90022179","buyTxId":"078b376255b767bfcf2e4a9621e3d2a4c84fc4a2","sellTxId":"0bf1594e084dce1fe1ff240896054860c09dbaf4-1"}
{"index": {"_index":"sim","_id":"2283204"}}
	{"id":2283204,"type":"sell","buyer":"jelly-cz","seller":"magnacarta","symbol":"SIM","quantity":"9.412","price":"0.00060002","timestamp":1639538367,"volume":"0.00564739","buyTxId":"MM-P-13055576-60042431-3-29-0","sellTxId":"6d2528ae87a740793df8d53ad293975251e1eaea"}
