{"index": {"_index":"sim","_id":"3946153"}}
	{"id":3946153,"type":"buy","buyer":"nastyforce","seller":"nftmart.fees","symbol":"SIM","quantity":"48.000","price":"0.00043396","timestamp":1658285562,"volume":"0.02083008","buyTxId":"f4d4260c0955e2cf65c13d06f00d8ac561d8b250","sellTxId":"ee567aedd4ae00eb066cf2887d9a0a67d7dcf50d-0"}
{"index": {"_index":"sim","_id":"3946161"}}
	{"id":3946161,"type":"buy","buyer":"nastyforce","seller":"dhedge-drips","symbol":"SIM","quantity":"0.001","price":"0.00043397","timestamp":1658285643,"volume":"0.00000043","buyTxId":"9b75e1dfddc060ae5f8a38865bf91c2a2995f9d8","sellTxId":"e78afa7d1dc58d4a9d033f8d10430b5081bbf104"}
{"index": {"_index":"sim","_id":"3946463"}}
	{"id":3946463,"type":"sell","buyer":"he-index","seller":"god0","symbol":"SIM","quantity":"435.513","price":"0.00043397","timestamp":1658289990,"volume":"0.18899958","buyTxId":"263dc14f8ec6110c7a79910b412c7bd412c4f5da","sellTxId":"c3eed6a96d444f2894f2647b90276d58bb4d13f1-1"}
{"index": {"_index":"sim","_id":"3946501"}}
	{"id":3946501,"type":"buy","buyer":"themcgwire","seller":"nftmart.fees","symbol":"SIM","quantity":"42.000","price":"0.00043398","timestamp":1658290596,"volume":"0.01822716","buyTxId":"9ac8b3f9c5a4ef3a5568ddf685373886efb1b878","sellTxId":"a55e1a9a3884c5d214b1b10d57495db2cfe241e5-0"}
{"index": {"_index":"sim","_id":"3946502"}}
	{"id":3946502,"type":"buy","buyer":"themcgwire","seller":"pi-trader","symbol":"SIM","quantity":"50000.000","price":"0.00043399","timestamp":1658290596,"volume":"21.69950000","buyTxId":"9ac8b3f9c5a4ef3a5568ddf685373886efb1b878","sellTxId":"41ca9643ec51f572f244ee4f2241e95f859e4950-4"}
{"index": {"_index":"sim","_id":"3946503"}}
	{"id":3946503,"type":"buy","buyer":"themcgwire","seller":"medaymane","symbol":"SIM","quantity":"61816.540","price":"0.00043399","timestamp":1658290596,"volume":"26.82776019","buyTxId":"9ac8b3f9c5a4ef3a5568ddf685373886efb1b878","sellTxId":"dbb0fb6e4bdd1df2bc7b20a03f3de91eb858d1a0"}
{"index": {"_index":"sim","_id":"3946505"}}
	{"id":3946505,"type":"sell","buyer":"themcgwire","seller":"pi-trader","symbol":"SIM","quantity":"7141.460","price":"0.00043399","timestamp":1658290620,"volume":"3.09932223","buyTxId":"9ac8b3f9c5a4ef3a5568ddf685373886efb1b878","sellTxId":"a8d5534ee87cdd08cb18fd69f7f91fb0a7418b31-2"}
{"index": {"_index":"sim","_id":"3946516"}}
	{"id":3946516,"type":"sell","buyer":"he-index","seller":"eshr92","symbol":"SIM","quantity":"2.305","price":"0.00043397","timestamp":1658290905,"volume":"0.00100030","buyTxId":"263dc14f8ec6110c7a79910b412c7bd412c4f5da","sellTxId":"20498164c2e54b94ea01b2dc5b28cc06671a6845"}
{"index": {"_index":"sim","_id":"3946610"}}
	{"id":3946610,"type":"buy","buyer":"shaidon","seller":"nftmart.fees","symbol":"SIM","quantity":"36.000","price":"0.00043396","timestamp":1658292267,"volume":"0.01562256","buyTxId":"692cc51c72c47ac5a14caac70de210df02f863d9","sellTxId":"3687091dd6b041d1234eda5ac1507ea429335384-0"}
{"index": {"_index":"sim","_id":"3946618"}}
	{"id":3946618,"type":"sell","buyer":"shaidon","seller":"nftmart.fees","symbol":"SIM","quantity":"32.000","price":"0.00043396","timestamp":1658292453,"volume":"0.01388672","buyTxId":"692cc51c72c47ac5a14caac70de210df02f863d9","sellTxId":"c3751b147a81c3cce25ebf5883b1c08bdf35e5b8-0"}
{"index": {"_index":"sim","_id":"3946638"}}
	{"id":3946638,"type":"sell","buyer":"shaidon","seller":"pjansen","symbol":"SIM","quantity":"1545.673","price":"0.00043396","timestamp":1658292843,"volume":"0.67076026","buyTxId":"692cc51c72c47ac5a14caac70de210df02f863d9","sellTxId":"20a5a768f803c7f81fa6a704c641fdbc11f79613-1"}
{"index": {"_index":"sim","_id":"3946639"}}
	{"id":3946639,"type":"sell","buyer":"shaidon","seller":"pjansen","symbol":"SIM","quantity":"386.327","price":"0.00043396","timestamp":1658292855,"volume":"0.16765046","buyTxId":"692cc51c72c47ac5a14caac70de210df02f863d9","sellTxId":"75902460bb8e0823e1ff5c7ee01b2c52c9c1d7a8"}
{"index": {"_index":"sim","_id":"3946640"}}
	{"id":3946640,"type":"sell","buyer":"d-pend","seller":"pjansen","symbol":"SIM","quantity":"1.796","price":"0.00042000","timestamp":1658292855,"volume":"0.00075432","buyTxId":"e08314b58c7cd83a4f82fb6c3bdf00e546944820","sellTxId":"75902460bb8e0823e1ff5c7ee01b2c52c9c1d7a8"}
{"index": {"_index":"sim","_id":"3946793"}}
	{"id":3946793,"type":"sell","buyer":"pi-trader","seller":"kraken3","symbol":"SIM","quantity":"771.845","price":"0.00042001","timestamp":1658294301,"volume":"0.32418262","buyTxId":"2aa28283614134ef2140064de0c570dc70456914","sellTxId":"26d0cdd8f5d14adc266b35965d33f15ff37f7099"}
{"index": {"_index":"sim","_id":"3946963"}}
	{"id":3946963,"type":"sell","buyer":"pi-trader","seller":"cursephantom","symbol":"SIM","quantity":"125.456","price":"0.00042001","timestamp":1658296704,"volume":"0.05269277","buyTxId":"f986184313db8ddfc5360743d0e7f7f191dd9ff4-3","sellTxId":"6d7717cde6d3f9ad8069fe1a1cd6e8b52e2725e2"}
{"index": {"_index":"sim","_id":"3947072"}}
	{"id":3947072,"type":"sell","buyer":"pi-trader","seller":"mango-juice","symbol":"SIM","quantity":"587.000","price":"0.00042001","timestamp":1658298540,"volume":"0.24654587","buyTxId":"9fb9a5bd1df63169d6f95b4c7a70d9c82a479802-1","sellTxId":"fde4ef6acb44adb025203521049dad7066352581"}
{"index": {"_index":"sim","_id":"3947149"}}
	{"id":3947149,"type":"sell","buyer":"pi-trader","seller":"theshaki","symbol":"SIM","quantity":"38.879","price":"0.00042001","timestamp":1658299788,"volume":"0.01632957","buyTxId":"65108a8822cba0f69484a6d9d1b2e50f3e94db88-3","sellTxId":"9bdf863989bef56dbfff49fe58dded419b8ed6c3"}
{"index": {"_index":"sim","_id":"3947415"}}
	{"id":3947415,"type":"sell","buyer":"pi-trader","seller":"reaverza","symbol":"SIM","quantity":"215.004","price":"0.00042001","timestamp":1658301081,"volume":"0.09030383","buyTxId":"aa0525f48045d498c460f35647046f91e416b6b6-1","sellTxId":"2daef102ede7f23c0cb966791cf6b4de48512843"}
{"index": {"_index":"sim","_id":"3947487"}}
	{"id":3947487,"type":"buy","buyer":"tommasobusiello","seller":"nftmart.fees","symbol":"SIM","quantity":"34.000","price":"0.00043396","timestamp":1658301912,"volume":"0.01475464","buyTxId":"3c59cd2d312c2595ee49fd6a3e13832363303413","sellTxId":"ccf4cb9d353fe6f982fd2fd6c1e3f99d0756325f-0"}
{"index": {"_index":"sim","_id":"3947491"}}
	{"id":3947491,"type":"buy","buyer":"tommasobusiello","seller":"eshr92","symbol":"SIM","quantity":"89.695","price":"0.00043397","timestamp":1658301933,"volume":"0.03892494","buyTxId":"24619b33a24e1a1faf7262135509f3ad4f031b8c","sellTxId":"20498164c2e54b94ea01b2dc5b28cc06671a6845"}
{"index": {"_index":"sim","_id":"3947494"}}
	{"id":3947494,"type":"buy","buyer":"tommasobusiello","seller":"pi-trader","symbol":"SIM","quantity":"32533.746","price":"0.00043399","timestamp":1658301963,"volume":"14.11932043","buyTxId":"c5c97387032e16156d140d0975297fa737f93450","sellTxId":"44a888256ea003c79fc4680a6ce69136492ebf59-3"}
{"index": {"_index":"sim","_id":"3947514"}}
	{"id":3947514,"type":"sell","buyer":"pi-trader","seller":"diebaasman","symbol":"SIM","quantity":"354.609","price":"0.00042001","timestamp":1658302101,"volume":"0.14893933","buyTxId":"df057f5b839a83cb024f260ef4def7b51dc21315-3","sellTxId":"032f87b4843e0d916a5e729425f7eff0dd1f99b7"}
{"index": {"_index":"sim","_id":"3948218"}}
	{"id":3948218,"type":"buy","buyer":"cryptogillone","seller":"nftmart.fees","symbol":"SIM","quantity":"29.000","price":"0.00042998","timestamp":1658310576,"volume":"0.01246942","buyTxId":"cb59aa7425253e92fbaec73232cb37ab7ce6c2a2","sellTxId":"2238401a49d432cb75880a8be076d14b90eaa31a-0"}
{"index": {"_index":"sim","_id":"3948219"}}
	{"id":3948219,"type":"buy","buyer":"cryptogillone","seller":"pi-trader","symbol":"SIM","quantity":"1776.596","price":"0.00042999","timestamp":1658310576,"volume":"0.76391888","buyTxId":"cb59aa7425253e92fbaec73232cb37ab7ce6c2a2","sellTxId":"2019aff881f0a7e693cbdc8c303afe922c5fe032-3"}
{"index": {"_index":"sim","_id":"3948483"}}
	{"id":3948483,"type":"sell","buyer":"d-pend","seller":"koosventerza","symbol":"SIM","quantity":"430.292","price":"0.00042000","timestamp":1658313996,"volume":"0.18072264","buyTxId":"e08314b58c7cd83a4f82fb6c3bdf00e546944820","sellTxId":"adeea3a9b03d727d6b3feffa60823e5c1a37d884"}
{"index": {"_index":"sim","_id":"3949012"}}
	{"id":3949012,"type":"buy","buyer":"evilisme","seller":"nftmart.fees","symbol":"SIM","quantity":"10.000","price":"0.00042997","timestamp":1658322102,"volume":"0.00429970","buyTxId":"156630f6cca793cbb4259b82b9af79a6fb8c73c3","sellTxId":"51f8ce497c1d65936ca07de996ec18f0049db9e8-0"}
{"index": {"_index":"sim","_id":"3949210"}}
	{"id":3949210,"type":"sell","buyer":"d-pend","seller":"bhoa","symbol":"SIM","quantity":"5969.8","price":"0.00042000","timestamp":1658325951,"volume":"2.50731600","buyTxId":"e08314b58c7cd83a4f82fb6c3bdf00e546944820","sellTxId":"4faf8d89af8528c48bbad97a4cd351947be4f710"}
{"index": {"_index":"sim","_id":"3949555"}}
	{"id":3949555,"type":"buy","buyer":"mypathtofire","seller":"nftmart.fees","symbol":"SIM","quantity":"21.000","price":"0.00042997","timestamp":1658330700,"volume":"0.00902937","buyTxId":"0036eb45e5f6572f9dc60094dab43c4a090003bf","sellTxId":"01e0e72aa048fe581976e5ec001d87e235059668-0"}
{"index": {"_index":"sim","_id":"3949556"}}
	{"id":3949556,"type":"buy","buyer":"mypathtofire","seller":"pi-trader","symbol":"SIM","quantity":"24979.000","price":"0.00042999","timestamp":1658330700,"volume":"10.74072021","buyTxId":"0036eb45e5f6572f9dc60094dab43c4a090003bf","sellTxId":"7f56b43655c559d273f84ee6fa2b4a953b937ec9-6"}
{"index": {"_index":"sim","_id":"3949610"}}
	{"id":3949610,"type":"sell","buyer":"d-pend","seller":"jwjqu.wam","symbol":"SIM","quantity":"52583.544","price":"0.00042000","timestamp":1658331255,"volume":"22.08508848","buyTxId":"e08314b58c7cd83a4f82fb6c3bdf00e546944820","sellTxId":"3f26ff4a1d66d562f0cdea989dfe420c385b4cd1"}
{"index": {"_index":"sim","_id":"3950167"}}
	{"id":3950167,"type":"sell","buyer":"d-pend","seller":"draco2412","symbol":"SIM","quantity":"1000.000","price":"0.00042000","timestamp":1658334444,"volume":"0.42000000","buyTxId":"e08314b58c7cd83a4f82fb6c3bdf00e546944820","sellTxId":"7596f79412b9249c75d3af15c5df812ed2b6a53d"}
{"index": {"_index":"sim","_id":"3950598"}}
	{"id":3950598,"type":"sell","buyer":"pi-trader","seller":"curatorcat.ccc","symbol":"SIM","quantity":"1.522","price":"0.00042003","timestamp":1658338659,"volume":"0.00063929","buyTxId":"24e70a80a6e1f09bb2fe7acf55e75499969f9dfa-1","sellTxId":"9a083ecfe6ee67b0af38a0a3570e6d5b6baac2e3"}
{"index": {"_index":"sim","_id":"3950790"}}
	{"id":3950790,"type":"sell","buyer":"pi-trader","seller":"bhoa","symbol":"SIM","quantity":"5605","price":"0.00042003","timestamp":1658340390,"volume":"2.35426815","buyTxId":"554b2e94d895d566e1380a593a368b478ba5a6b1-1","sellTxId":"f57a7b387b5814253cb55608c7d7cee3be72bc81"}
{"index": {"_index":"sim","_id":"3951017"}}
	{"id":3951017,"type":"sell","buyer":"pi-trader","seller":"dhedge-drips","symbol":"SIM","quantity":"13.499","price":"0.00042003","timestamp":1658342718,"volume":"0.00566998","buyTxId":"307e84d74aa3abea5d4628a644ee6a61e9a41037-4","sellTxId":"cd35b4e644f820743851f2df2416dbe1b1952972"}
{"index": {"_index":"sim","_id":"3951161"}}
	{"id":3951161,"type":"sell","buyer":"pi-trader","seller":"bitcoinflood","symbol":"SIM","quantity":"577.385","price":"0.00042003","timestamp":1658344539,"volume":"0.24251902","buyTxId":"83c2104b81457594559fe032a321ffa6b60617aa-1","sellTxId":"c429e53b1fbf64fcbc84596a8a25c0bdedcecd15"}
{"index": {"_index":"sim","_id":"3951302"}}
	{"id":3951302,"type":"buy","buyer":"cryptogillone","seller":"nftmart.fees","symbol":"SIM","quantity":"241.233","price":"0.00042994","timestamp":1658346240,"volume":"0.103716","buyTxId":"83e66e7fa15efc604c4d1480c8766bafd1a7c84f","sellTxId":"2abba345290d003f0a77bb1b610bef65ef27648f-0"}
{"index": {"_index":"sim","_id":"3951327"}}
	{"id":3951327,"type":"buy","buyer":"floki-skarsgaard","seller":"nftmart.fees","symbol":"SIM","quantity":"783.000","price":"0.00042994","timestamp":1658346525,"volume":"0.33664302","buyTxId":"29da9ad484fd5ff612dd0fd3adad978ca0cb09d6","sellTxId":"3d5a05acca84083df918f749b0de87a7ded4c6eb-0"}
{"index": {"_index":"sim","_id":"3951328"}}
	{"id":3951328,"type":"buy","buyer":"floki-skarsgaard","seller":"dhedge-drips","symbol":"SIM","quantity":"13.499","price":"0.00042995","timestamp":1658346525,"volume":"0.00580390","buyTxId":"29da9ad484fd5ff612dd0fd3adad978ca0cb09d6","sellTxId":"0465b2e5dbe68906aea354a1fdc3f7ca759bf83e"}
{"index": {"_index":"sim","_id":"3951329"}}
	{"id":3951329,"type":"buy","buyer":"floki-skarsgaard","seller":"ben.haase","symbol":"SIM","quantity":"34.697","price":"0.00042997","timestamp":1658346525,"volume":"0.01491867","buyTxId":"29da9ad484fd5ff612dd0fd3adad978ca0cb09d6","sellTxId":"dd4d4e220aad66fdaf4d4faad7ee6aa87396aef4"}
{"index": {"_index":"sim","_id":"3951330"}}
	{"id":3951330,"type":"buy","buyer":"floki-skarsgaard","seller":"bhoa","symbol":"SIM","quantity":"18802.410","price":"0.00043000","timestamp":1658346525,"volume":"8.08503630","buyTxId":"29da9ad484fd5ff612dd0fd3adad978ca0cb09d6","sellTxId":"6d6bb9f9ccfd747d6f309de21339b616e2c93070"}
{"index": {"_index":"sim","_id":"3951331"}}
	{"id":3951331,"type":"buy","buyer":"floki-skarsgaard","seller":"jelly-cz","symbol":"SIM","quantity":"80366.394","price":"0.00043400","timestamp":1658346525,"volume":"34.87901500","buyTxId":"29da9ad484fd5ff612dd0fd3adad978ca0cb09d6","sellTxId":"MM-P-19307250-66300917-3-32-0"}
{"index": {"_index":"sim","_id":"3951583"}}
	{"id":3951583,"type":"sell","buyer":"pi-trader","seller":"fiberfrau","symbol":"SIM","quantity":"32.341","price":"0.00042003","timestamp":1658348769,"volume":"0.01358419","buyTxId":"4d3848462ddcfcec3f9dcb1ad5538bfd8a4e9420-3","sellTxId":"3358e1ff730126477c37d6479a953c1d8bca1f00"}
{"index": {"_index":"sim","_id":"3951697"}}
	{"id":3951697,"type":"buy","buyer":"maryjane.main","seller":"nftmart.fees","symbol":"SIM","quantity":"681.000","price":"0.00043398","timestamp":1658350269,"volume":"0.29554038","buyTxId":"3e18e9fe867cec02f2a4160da94f7d56739e69df","sellTxId":"eef24bb5449a9b374b52d89270d8db8213fb6548-0"}
{"index": {"_index":"sim","_id":"3951698"}}
	{"id":3951698,"type":"buy","buyer":"maryjane.main","seller":"pi-trader","symbol":"SIM","quantity":"11319.000","price":"0.00043399","timestamp":1658350269,"volume":"4.91233281","buyTxId":"3e18e9fe867cec02f2a4160da94f7d56739e69df","sellTxId":"861f7219333a4df1f8499fd4df5e31d27f223baf-2"}
{"index": {"_index":"sim","_id":"3951806"}}
	{"id":3951806,"type":"buy","buyer":"dswap","seller":"nftmart.fees","symbol":"SIM","quantity":"593.000","price":"0.00043398","timestamp":1658351712,"volume":"0.25735014","buyTxId":"7c4a0c13adbd1f1ddbc36d9a5d6ebc5c9ce2efe1","sellTxId":"a366a72c54e16d2bb8c19ac787110e18af13d406-0"}
{"index": {"_index":"sim","_id":"3951807"}}
	{"id":3951807,"type":"buy","buyer":"dswap","seller":"pi-trader","symbol":"SIM","quantity":"1711.214","price":"0.00043399","timestamp":1658351712,"volume":"0.74264986","buyTxId":"7c4a0c13adbd1f1ddbc36d9a5d6ebc5c9ce2efe1","sellTxId":"f8127892e1ee54a227b0b4a7c9d93c0f26629f0c-4"}
{"index": {"_index":"sim","_id":"3951824"}}
	{"id":3951824,"type":"buy","buyer":"maryjane.main","seller":"pi-trader","symbol":"SIM","quantity":"1400.000","price":"0.00043399","timestamp":1658352027,"volume":"0.60758600","buyTxId":"a0f2f8c351a49c790b0eb564553e7d8df679525e","sellTxId":"c5869c8886a2f5168dd791a78913c19fa7303d7f-4"}
{"index": {"_index":"sim","_id":"3951892"}}
	{"id":3951892,"type":"sell","buyer":"pi-trader","seller":"poliwalt10","symbol":"SIM","quantity":"221.000","price":"0.00042004","timestamp":1658352795,"volume":"0.09282884","buyTxId":"bf8f444232c2e616e06db46e3bfd31a7f43b40bf-3","sellTxId":"243240c5e142899a502f31ca308f5efaeeff6b97"}
{"index": {"_index":"sim","_id":"3951974"}}
	{"id":3951974,"type":"sell","buyer":"pi-trader","seller":"elevator09","symbol":"SIM","quantity":"2523.395","price":"0.00042004","timestamp":1658354073,"volume":"1.05992684","buyTxId":"b4030790120e8578201c70cad7cd83d958c7ccfe-4","sellTxId":"df29c2e7f668126256cad6fcae015e56c184dc92"}
{"index": {"_index":"sim","_id":"3952011"}}
	{"id":3952011,"type":"sell","buyer":"pi-trader","seller":"he-index","symbol":"SIM","quantity":"24.502","price":"0.00042004","timestamp":1658354472,"volume":"0.01029182","buyTxId":"77af6a7de49994dbcc5590d4e2f53a2d458bb68b-5","sellTxId":"8b28c2c2e0abb01ddfac9a25e984b9471df1ac65"}
{"index": {"_index":"sim","_id":"3952054"}}
	{"id":3952054,"type":"sell","buyer":"he-index","seller":"bhoa","symbol":"SIM","quantity":"233.317","price":"0.00042003","timestamp":1658355426,"volume":"0.09800014","buyTxId":"279e12cbc524fc483a71f49f68d576a7313004d6","sellTxId":"62d659abd860a3ecc04e8569ad9f3d8dbcfd59ff"}
{"index": {"_index":"sim","_id":"3952055"}}
	{"id":3952055,"type":"sell","buyer":"nastyforce","seller":"bhoa","symbol":"SIM","quantity":"3000.000","price":"0.00042002","timestamp":1658355426,"volume":"1.26006000","buyTxId":"5203facf8bbc252a8536cf4f0405be6d7e62fdf4","sellTxId":"62d659abd860a3ecc04e8569ad9f3d8dbcfd59ff"}
{"index": {"_index":"sim","_id":"3952056"}}
	{"id":3952056,"type":"sell","buyer":"d-pend","seller":"bhoa","symbol":"SIM","quantity":"60210.543","price":"0.00042000","timestamp":1658355426,"volume":"25.28842806","buyTxId":"e08314b58c7cd83a4f82fb6c3bdf00e546944820","sellTxId":"62d659abd860a3ecc04e8569ad9f3d8dbcfd59ff"}
{"index": {"_index":"sim","_id":"3952240"}}
	{"id":3952240,"type":"sell","buyer":"bambukah","seller":"pjansen","symbol":"SIM","quantity":"653.622","price":"0.00043000","timestamp":1658358342,"volume":"0.28105746","buyTxId":"ca448314ccda56ab06c6cfa6548faa8e4736dd44","sellTxId":"9dd6eab91beb47c332f35e5da905a24b4e902085-1"}
{"index": {"_index":"sim","_id":"3952242"}}
	{"id":3952242,"type":"sell","buyer":"bambukah","seller":"pjansen","symbol":"SIM","quantity":"163.131","price":"0.00043000","timestamp":1658358354,"volume":"0.07014633","buyTxId":"ca448314ccda56ab06c6cfa6548faa8e4736dd44","sellTxId":"426680b5de4ae7d9a57b47dc8e06db3f074bd8f4"}
{"index": {"_index":"sim","_id":"3952243"}}
	{"id":3952243,"type":"sell","buyer":"nastyforce","seller":"pjansen","symbol":"SIM","quantity":"0.857","price":"0.00042001","timestamp":1658358354,"volume":"0.00035995","buyTxId":"e002322c833da69053cb91c70c562b1f50de2c31","sellTxId":"426680b5de4ae7d9a57b47dc8e06db3f074bd8f4"}
{"index": {"_index":"sim","_id":"3952244"}}
	{"id":3952244,"type":"buy","buyer":"bambukah","seller":"nftmart.fees","symbol":"SIM","quantity":"517.000","price":"0.00043395","timestamp":1658358375,"volume":"0.22435215","buyTxId":"0080d68708a0b5f28fde457698ed25d012bd453e","sellTxId":"12ea8686065da07a011c6acc9d75a9b062bb5702-0"}
{"index": {"_index":"sim","_id":"3952248"}}
	{"id":3952248,"type":"buy","buyer":"bambukah","seller":"pi-trader","symbol":"SIM","quantity":"922.453","price":"0.00043396","timestamp":1658358411,"volume":"0.40030770","buyTxId":"c7033d66ddc4f8cdecff60b386e324ee05cfb537","sellTxId":"7dfc83fe595fe5829b80e3fdc1bf0cb06dace848-1"}
{"index": {"_index":"sim","_id":"3952543"}}
	{"id":3952543,"type":"sell","buyer":"nastyforce","seller":"leonardoalmaguer","symbol":"SIM","quantity":"2999.143","price":"0.00042001","timestamp":1658361504,"volume":"1.25967005","buyTxId":"e002322c833da69053cb91c70c562b1f50de2c31","sellTxId":"d9c10fbbacf0fb4221fa4d72c5bc7efc73495c79"}
{"index": {"_index":"sim","_id":"3952671"}}
	{"id":3952671,"type":"sell","buyer":"d-pend","seller":"gsauce1989","symbol":"SIM","quantity":"790.757","price":"0.00042000","timestamp":1658362425,"volume":"0.33211794","buyTxId":"e08314b58c7cd83a4f82fb6c3bdf00e546944820","sellTxId":"2497ab59924ff83d9c99925439f8c91a736d0bd0"}
{"index": {"_index":"sim","_id":"3952800"}}
	{"id":3952800,"type":"sell","buyer":"d-pend","seller":"dhedge-drips","symbol":"SIM","quantity":"0.001","price":"0.00042000","timestamp":1658364318,"volume":"0.00000042","buyTxId":"e08314b58c7cd83a4f82fb6c3bdf00e546944820","sellTxId":"7d6b00d32d6d82191685cade3aaea718ae705a4e"}
{"index": {"_index":"sim","_id":"3952873"}}
	{"id":3952873,"type":"sell","buyer":"d-pend","seller":"steem82868","symbol":"SIM","quantity":"0.010","price":"0.00042000","timestamp":1658364960,"volume":"0.00000420","buyTxId":"e08314b58c7cd83a4f82fb6c3bdf00e546944820","sellTxId":"d3b465ff88053f4f81bc269484a3c137ca8daca5"}
{"index": {"_index":"sim","_id":"3952904"}}
	{"id":3952904,"type":"sell","buyer":"d-pend","seller":"nftmart.fees","symbol":"SIM","quantity":"3013.020","price":"0.00042000","timestamp":1658365884,"volume":"1.26546840","buyTxId":"e08314b58c7cd83a4f82fb6c3bdf00e546944820","sellTxId":"3b2f3d4452510c32229e8145f1f4e19d9c2da555"}
{"index": {"_index":"sim","_id":"3953069"}}
	{"id":3953069,"type":"sell","buyer":"d-pend","seller":"loganhate","symbol":"SIM","quantity":"99.000","price":"0.00042000","timestamp":1658367831,"volume":"0.04158000","buyTxId":"e08314b58c7cd83a4f82fb6c3bdf00e546944820","sellTxId":"161bfa71b56972a7fdc3ec38811b9340f9eab769"}
{"index": {"_index":"sim","_id":"3953141"}}
	{"id":3953141,"type":"sell","buyer":"d-pend","seller":"dustindivitto","symbol":"SIM","quantity":"54652.000","price":"0.00042000","timestamp":1658368716,"volume":"22.95384000","buyTxId":"e08314b58c7cd83a4f82fb6c3bdf00e546944820","sellTxId":"0e44c3e002c979bc30d99dfd27c70145101010b3"}
