{"index": {"_index":"sim","_id":"2540312"}}
	{"id":2540312,"type":"sell","buyer":"pi-trader","seller":"davethegreat","symbol":"SIM","quantity":"800.000","price":"0.00066701","timestamp":1642132110,"volume":"0.53360800","buyTxId":"f335aadcff1f4c7f3239aa7443ae29b5f6f64d7c-1","sellTxId":"f11466f50f6c1ba521c9f65979844179b0268e2d"}
{"index": {"_index":"sim","_id":"2540549"}}
	{"id":2540549,"type":"sell","buyer":"princekham","seller":"trifenix","symbol":"SIM","quantity":"240.298","price":"0.00066700","timestamp":1642134348,"volume":"0.16027877","buyTxId":"d6a9067060dc0a3c31497105434a0e2799143e5a","sellTxId":"1599f6bf0e8fb71974053ee5fae3b4fc42e92f89"}
{"index": {"_index":"sim","_id":"2540613"}}
	{"id":2540613,"type":"sell","buyer":"princekham","seller":"lifeskills-tv","symbol":"SIM","quantity":"298.000","price":"0.00066700","timestamp":1642135473,"volume":"0.19876600","buyTxId":"d6a9067060dc0a3c31497105434a0e2799143e5a","sellTxId":"7c4e2d163aab0ac2e6fa95164cdffeb558239acd"}
{"index": {"_index":"sim","_id":"2540715"}}
	{"id":2540715,"type":"buy","buyer":"evernoticethat","seller":"pi-trader","symbol":"SIM","quantity":"182.611","price":"0.00069999","timestamp":1642137558,"volume":"0.12782587","buyTxId":"28306a3b54b7c25ff343b7da2a6da83de284cba1","sellTxId":"537da1e7e6fefcc2202f7e054f9b099b40fdeab1-2"}
{"index": {"_index":"sim","_id":"2540814"}}
	{"id":2540814,"type":"sell","buyer":"maryjane.main","seller":"tonytrillions","symbol":"SIM","quantity":"0.044","price":"0.00067000","timestamp":1642139715,"volume":"0.00002948","buyTxId":"e4ea66aa6723031522df8adecce40706b47908a6","sellTxId":"90f356fb394e4b312afa472680ed56559ec6d5a8"}
{"index": {"_index":"sim","_id":"2540817"}}
	{"id":2540817,"type":"sell","buyer":"maryjane.main","seller":"heikki1337","symbol":"SIM","quantity":"5579.800","price":"0.00067000","timestamp":1642139799,"volume":"3.73846600","buyTxId":"e4ea66aa6723031522df8adecce40706b47908a6","sellTxId":"7762b2581b02885a7c9ef6760fa8cb0892ca056e"}
{"index": {"_index":"sim","_id":"2540976"}}
	{"id":2540976,"type":"sell","buyer":"maryjane.main","seller":"braaiboy","symbol":"SIM","quantity":"1114.809","price":"0.00067000","timestamp":1642141932,"volume":"0.74692203","buyTxId":"e4ea66aa6723031522df8adecce40706b47908a6","sellTxId":"aa7801dc0fd47e696c5919cf615c609e538bde1b"}
{"index": {"_index":"sim","_id":"2541111"}}
	{"id":2541111,"type":"sell","buyer":"maryjane.main","seller":"thecrazywarlock","symbol":"SIM","quantity":"36.000","price":"0.00067000","timestamp":1642143891,"volume":"0.02412000","buyTxId":"e4ea66aa6723031522df8adecce40706b47908a6","sellTxId":"50bb4247f150adfc61e54946fd72da550202fa8b"}
{"index": {"_index":"sim","_id":"2541324"}}
	{"id":2541324,"type":"sell","buyer":"mmrx","seller":"joheredia21","symbol":"SIM","quantity":"3587.603","price":"0.00067001","timestamp":1642147479,"volume":"2.40372989","buyTxId":"MM-P-13927873-60914991-3-36-0","sellTxId":"723547d373aaca38e6d266c6d00f113fb4f87262"}
{"index": {"_index":"sim","_id":"2541325"}}
	{"id":2541325,"type":"sell","buyer":"maryjane.main","seller":"joheredia21","symbol":"SIM","quantity":"2791.397","price":"0.00067000","timestamp":1642147479,"volume":"1.87023599","buyTxId":"e4ea66aa6723031522df8adecce40706b47908a6","sellTxId":"723547d373aaca38e6d266c6d00f113fb4f87262"}
{"index": {"_index":"sim","_id":"2541329"}}
	{"id":2541329,"type":"sell","buyer":"maryjane.main","seller":"pimpstudio","symbol":"SIM","quantity":"5730.950","price":"0.00067000","timestamp":1642147635,"volume":"3.83973650","buyTxId":"e4ea66aa6723031522df8adecce40706b47908a6","sellTxId":"499e969aebb0be06cd78449b25c2ab5168a2327b"}
{"index": {"_index":"sim","_id":"2541330"}}
	{"id":2541330,"type":"sell","buyer":"princekham","seller":"pimpstudio","symbol":"SIM","quantity":"524.050","price":"0.00067000","timestamp":1642147635,"volume":"0.35111350","buyTxId":"7c07ce2de153bb0c347a77a40ed81a5f8c8dc188","sellTxId":"499e969aebb0be06cd78449b25c2ab5168a2327b"}
{"index": {"_index":"sim","_id":"2541429"}}
	{"id":2541429,"type":"sell","buyer":"princekham","seller":"medaymane","symbol":"SIM","quantity":"393.000","price":"0.00067000","timestamp":1642148976,"volume":"0.26331000","buyTxId":"7c07ce2de153bb0c347a77a40ed81a5f8c8dc188","sellTxId":"3cad7f868a7c59b6b941b3e25793a8c646cf03fd"}
{"index": {"_index":"sim","_id":"2541820"}}
	{"id":2541820,"type":"buy","buyer":"worldfinances","seller":"pi-trader","symbol":"SIM","quantity":"24969.996","price":"0.00068967","timestamp":1642152375,"volume":"17.22105714","buyTxId":"b79c2fd49952ae07b1ee2904df4df92fedf7ac5e","sellTxId":"4139abaa06ff84f1d17e5526f06d25ba8cd8a2da-5"}
{"index": {"_index":"sim","_id":"2541841"}}
	{"id":2541841,"type":"sell","buyer":"princekham","seller":"pixaroma","symbol":"SIM","quantity":"24482.950","price":"0.00067000","timestamp":1642152723,"volume":"16.40357650","buyTxId":"7c07ce2de153bb0c347a77a40ed81a5f8c8dc188","sellTxId":"5a45ae7380e94d350ecbc210fed5f249b21d8f71"}
{"index": {"_index":"sim","_id":"2541858"}}
	{"id":2541858,"type":"buy","buyer":"notak1","seller":"mmrx","symbol":"SIM","quantity":"3587.603","price":"0.00066999","timestamp":1642153152,"volume":"2.40365813","buyTxId":"856167c5c8e67e6e5c6883792229094d9c6505bb","sellTxId":"MM-P-13929968-60917086-3-36-0"}
{"index": {"_index":"sim","_id":"2542074"}}
	{"id":2542074,"type":"sell","buyer":"pi-trader","seller":"razam","symbol":"SIM","quantity":"1.000","price":"0.00066101","timestamp":1642154931,"volume":"0.00066101","buyTxId":"bcbfc5f5abf1b75821797e76744657718291501e-0","sellTxId":"f0b0f259d6eec9cf369f24c0d1ff01ee08b5c10c"}
{"index": {"_index":"sim","_id":"2542246"}}
	{"id":2542246,"type":"sell","buyer":"pi-trader","seller":"imperij4427","symbol":"SIM","quantity":"74513.000","price":"0.00066101","timestamp":1642157856,"volume":"49.25383813","buyTxId":"a0a239c8ee6834185d10ea3391b8af7d763d7f9b-1","sellTxId":"88a48c442d2bb6f268d80a314e51fedfe7646825"}
{"index": {"_index":"sim","_id":"2542322"}}
	{"id":2542322,"type":"sell","buyer":"pi-trader","seller":"medaymane","symbol":"SIM","quantity":"372.700","price":"0.00066101","timestamp":1642159209,"volume":"0.24635843","buyTxId":"52b5281436d5032dfb87e0959a99f1e2a4e72db6-4","sellTxId":"59f90f91f60bdffc44f06002568246ce5713744d"}
{"index": {"_index":"sim","_id":"2542443"}}
	{"id":2542443,"type":"sell","buyer":"pi-trader","seller":"medaymane","symbol":"SIM","quantity":"741.000","price":"0.00066101","timestamp":1642161495,"volume":"0.48980841","buyTxId":"0a54ebe7801f2be1ef9cab9c4392a6799b7b76c5-5","sellTxId":"e7b793af7bff2af6f7ecf7c679b4fec66a01b01d"}
{"index": {"_index":"sim","_id":"2542507"}}
	{"id":2542507,"type":"sell","buyer":"pi-trader","seller":"bilpcoinbpc","symbol":"SIM","quantity":"28.285","price":"0.00066101","timestamp":1642162230,"volume":"0.01869667","buyTxId":"e72d50c933cfd8a780d298da6d9b0febb70abb07-3","sellTxId":"9b0c37fc72ddfe3fb681645164d5cb56003e92cb"}
{"index": {"_index":"sim","_id":"2542631"}}
	{"id":2542631,"type":"buy","buyer":"investinthefutur","seller":"pixaroma","symbol":"SIM","quantity":"1500.000","price":"0.00067000","timestamp":1642163769,"volume":"1.00500000","buyTxId":"45df586589b674722eddcbe79b2a753916361ef0","sellTxId":"5a45ae7380e94d350ecbc210fed5f249b21d8f71"}
{"index": {"_index":"sim","_id":"2542891"}}
	{"id":2542891,"type":"buy","buyer":"finris","seller":"pixaroma","symbol":"SIM","quantity":"96.000","price":"0.00067000","timestamp":1642166403,"volume":"0.06432000","buyTxId":"ff8a742b6e3e5e47f8f404025311b90e32eb31ab","sellTxId":"5a45ae7380e94d350ecbc210fed5f249b21d8f71"}
{"index": {"_index":"sim","_id":"2543187"}}
	{"id":2543187,"type":"buy","buyer":"finris","seller":"pixaroma","symbol":"SIM","quantity":"8500.000","price":"0.00067000","timestamp":1642169700,"volume":"5.69500000","buyTxId":"cb9457d0b6f0ccf8700248896ed9210cb2d7a3f7","sellTxId":"5a45ae7380e94d350ecbc210fed5f249b21d8f71"}
{"index": {"_index":"sim","_id":"2543340"}}
	{"id":2543340,"type":"sell","buyer":"pi-trader","seller":"tonytrillions","symbol":"SIM","quantity":"0.021","price":"0.00066101","timestamp":1642171395,"volume":"0.00001388","buyTxId":"260321ce30b119ba3aa96339506785a8369d913a-0","sellTxId":"a2d8a95d9f119c44c9cd0986ee0d257db1aa38a5"}
{"index": {"_index":"sim","_id":"2543413"}}
	{"id":2543413,"type":"buy","buyer":"svirus","seller":"pixaroma","symbol":"SIM","quantity":"132396.520","price":"0.00067000","timestamp":1642172124,"volume":"88.70566840","buyTxId":"f2edf728cdcd41911e878ef07105e2b90d0dc247-0","sellTxId":"5a45ae7380e94d350ecbc210fed5f249b21d8f71"}
{"index": {"_index":"sim","_id":"2543414"}}
	{"id":2543414,"type":"buy","buyer":"konvik","seller":"pixaroma","symbol":"SIM","quantity":"122030.285","price":"0.00067000","timestamp":1642172124,"volume":"81.76029095","buyTxId":"4a504d837ff174ab34934a6b31cfc51196401d78-0","sellTxId":"5a45ae7380e94d350ecbc210fed5f249b21d8f71"}
{"index": {"_index":"sim","_id":"2543495"}}
	{"id":2543495,"type":"buy","buyer":"sirdemian","seller":"pi-trader","symbol":"SIM","quantity":"8571.551","price":"0.00069999","timestamp":1642173246,"volume":"6","buyTxId":"d7263592c5caef4af2cd4b2068a5428430d0b035","sellTxId":"4b8ed0fb39f728f69ebf800673cf7683b0f4c7b3-5"}
{"index": {"_index":"sim","_id":"2543688"}}
	{"id":2543688,"type":"sell","buyer":"pi-trader","seller":"libertycrypto27","symbol":"SIM","quantity":"3807.000","price":"0.00066101","timestamp":1642175220,"volume":"2.51646507","buyTxId":"523428d6f1271eb382b9d06f9168ab5812f7136d-7","sellTxId":"e4193001753f9c0b1077cc1bfa10b97e085f53aa"}
{"index": {"_index":"sim","_id":"2543803"}}
	{"id":2543803,"type":"sell","buyer":"pi-trader","seller":"brofi-market","symbol":"SIM","quantity":"0.005","price":"0.00066101","timestamp":1642176675,"volume":"0.00000331","buyTxId":"3287ad67155554f0686090d6fde3c209de02a7bf-5","sellTxId":"c310aef60640d3d3811a0290f25b281f9b5c61c1"}
{"index": {"_index":"sim","_id":"2543843"}}
	{"id":2543843,"type":"buy","buyer":"johndieo","seller":"pi-trader","symbol":"SIM","quantity":"800.000","price":"0.00069809","timestamp":1642177596,"volume":"0.55847200","buyTxId":"08652dad70249428d057f295d7a6f22245a82d2b","sellTxId":"8529b56c9d1c3ac6c37b39d43092ec05e77e85e9-9"}
{"index": {"_index":"sim","_id":"2543910"}}
	{"id":2543910,"type":"sell","buyer":"pi-trader","seller":"lisamgentile1961","symbol":"SIM","quantity":"53.008","price":"0.00066101","timestamp":1642178532,"volume":"0.03503882","buyTxId":"6a627b34ddfd109451ba3ab060648d1a3c09c1a8-3","sellTxId":"5fef2279a9f9fa0bfe32403f0e71f21467015ee3"}
{"index": {"_index":"sim","_id":"2544409"}}
	{"id":2544409,"type":"sell","buyer":"princekham","seller":"elricmoonslayer","symbol":"SIM","quantity":"38.010","price":"0.00068000","timestamp":1642183071,"volume":"0.02584680","buyTxId":"1870fc1221f74feb56faee4e8d986e4d5ca12cd2","sellTxId":"b0854ddc07a7c6cccea4735d46f50a8794074e08"}
{"index": {"_index":"sim","_id":"2544643"}}
	{"id":2544643,"type":"buy","buyer":"jjprac","seller":"pi-trader","symbol":"SIM","quantity":"3600.000","price":"0.00069805","timestamp":1642186866,"volume":"2.51298000","buyTxId":"f71e6f178a08d709a2228a0ba704e893da323d71","sellTxId":"4e58ae75a4d9413812cbb018ae3f1a10b9c9ce49-3"}
{"index": {"_index":"sim","_id":"2544684"}}
	{"id":2544684,"type":"sell","buyer":"pi-trader","seller":"bluenarcolepsy","symbol":"SIM","quantity":"6.000","price":"0.00066101","timestamp":1642187451,"volume":"0.00396606","buyTxId":"cb21da621eb0773811266710662d1e9a8d32bfaf-1","sellTxId":"1422ea36a1a1974d6c568df0d3e9a9119a15dd0c"}
{"index": {"_index":"sim","_id":"2544713"}}
	{"id":2544713,"type":"buy","buyer":"notak1","seller":"mobi72","symbol":"SIM","quantity":"15454.000","price":"0.00067400","timestamp":1642187721,"volume":"10.41599600","buyTxId":"04b893fd150619fa673ba4f132376aab17843cec","sellTxId":"06f1947bf5719fe3a2d9c65512abea32c35d0d0e"}
{"index": {"_index":"sim","_id":"2544785"}}
	{"id":2544785,"type":"sell","buyer":"pi-trader","seller":"brofi-market","symbol":"SIM","quantity":"0.001","price":"0.00066101","timestamp":1642188750,"volume":"0.00000066","buyTxId":"158cd97c4f1d6f93f9e794e0892bbd6e75b08607-1","sellTxId":"3b7f4a4203e4722252faf9de930a4cc4504887c7"}
{"index": {"_index":"sim","_id":"2545046"}}
	{"id":2545046,"type":"sell","buyer":"pi-trader","seller":"piotr42","symbol":"SIM","quantity":"403.000","price":"0.00066101","timestamp":1642190907,"volume":"0.26638703","buyTxId":"a52fc657ccbd43f596cb3aab9d9019b7ab1bb7ba-7","sellTxId":"210a8b80181526319f3885d0d7a733402015dea4"}
{"index": {"_index":"sim","_id":"2545131"}}
	{"id":2545131,"type":"sell","buyer":"pi-trader","seller":"steem.services","symbol":"SIM","quantity":"67389.000","price":"0.00066101","timestamp":1642192287,"volume":"44.54480289","buyTxId":"45b38b00ed0d7a775d113aa11f9eaaba69bdf7f4-1","sellTxId":"d67a7981c9770439cb77dbf180d8329b47452eb9"}
{"index": {"_index":"sim","_id":"2545142"}}
	{"id":2545142,"type":"sell","buyer":"pi-trader","seller":"solarpowers","symbol":"SIM","quantity":"7709.000","price":"0.00066101","timestamp":1642192410,"volume":"5.09572609","buyTxId":"702c45cbabb1b7eb8bee40cef66f1c437aeac521-3","sellTxId":"5fd93c36bbec4d8af1c7de8fedd7c27953059cf7"}
{"index": {"_index":"sim","_id":"2545248"}}
	{"id":2545248,"type":"sell","buyer":"pi-trader","seller":"vincentnijman","symbol":"SIM","quantity":"1566.076","price":"0.00066101","timestamp":1642193559,"volume":"1.03519190","buyTxId":"a76f613c42bd412469d0c6c552e9f295ae37181c-3","sellTxId":"c98a6544c83b789d80e6fad749b7886b3419d9e5"}
{"index": {"_index":"sim","_id":"2545276"}}
	{"id":2545276,"type":"sell","buyer":"pi-trader","seller":"atomcollector","symbol":"SIM","quantity":"5116.000","price":"0.00066101","timestamp":1642193910,"volume":"3.38172716","buyTxId":"0e9b2bf90211df024912b71d1e383fa913877926-4","sellTxId":"16e3a17d96026eaf62614950024d94fd4f2318a8"}
{"index": {"_index":"sim","_id":"2545309"}}
	{"id":2545309,"type":"buy","buyer":"automaton","seller":"medaymane","symbol":"SIM","quantity":"830.000","price":"0.00067401","timestamp":1642194273,"volume":"0.55942830","buyTxId":"6b3c70a3d7b841b25dfe77b381488ef3f472e666","sellTxId":"3c744c8e19340d82fe2101d74bc16db07e41d32c"}
{"index": {"_index":"sim","_id":"2545397"}}
	{"id":2545397,"type":"buy","buyer":"notak1","seller":"daveks","symbol":"SIM","quantity":"14600.000","price":"0.00067000","timestamp":1642195332,"volume":"9.78200000","buyTxId":"c7550f503a464ad5cdf69897e32e50052ca7a649","sellTxId":"df4ea29a7aaa86b7dda3c90846fb097e918dc3b1"}
{"index": {"_index":"sim","_id":"2545426"}}
	{"id":2545426,"type":"sell","buyer":"pi-trader","seller":"kasaisoul","symbol":"SIM","quantity":"0.010","price":"0.00066101","timestamp":1642195764,"volume":"0.00000661","buyTxId":"7629458812a865e9d3e6d006d3e930484c177f20-0","sellTxId":"a79f3578ef7670a0b25122a87c2c9668ab30d85a"}
{"index": {"_index":"sim","_id":"2545447"}}
	{"id":2545447,"type":"buy","buyer":"theclasser1","seller":"medaymane","symbol":"SIM","quantity":"1178.389","price":"0.00067401","timestamp":1642196139,"volume":"0.79424597","buyTxId":"829e55a52b8eed465c160329f1dd08931f97db59","sellTxId":"3c744c8e19340d82fe2101d74bc16db07e41d32c"}
{"index": {"_index":"sim","_id":"2545462"}}
	{"id":2545462,"type":"buy","buyer":"theclasser1","seller":"medaymane","symbol":"SIM","quantity":"247.904","price":"0.00067401","timestamp":1642196304,"volume":"0.16708978","buyTxId":"4e1c740e1ae38b8c2865a299ddf7db3697b4e252","sellTxId":"3c744c8e19340d82fe2101d74bc16db07e41d32c"}
{"index": {"_index":"sim","_id":"2545500"}}
	{"id":2545500,"type":"sell","buyer":"pi-trader","seller":"quantumg","symbol":"SIM","quantity":"504.500","price":"0.00066101","timestamp":1642197201,"volume":"0.33347955","buyTxId":"9cd9f2395f2e83c03a5d2e5491e74ff5f2e40515-1","sellTxId":"43b3ec30cea32e1b19be5993b62fa45fec9a3a3b"}
{"index": {"_index":"sim","_id":"2545565"}}
	{"id":2545565,"type":"sell","buyer":"pi-trader","seller":"steem-hodler","symbol":"SIM","quantity":"19000.000","price":"0.00066101","timestamp":1642197882,"volume":"12.55919000","buyTxId":"457dcfa16628e60c5d048e47ccefcb59e343d660-1","sellTxId":"03d05a8c937de9d20a257e334fc18d8b0e83769e"}
{"index": {"_index":"sim","_id":"2545659"}}
	{"id":2545659,"type":"sell","buyer":"pi-trader","seller":"razam","symbol":"SIM","quantity":"1.000","price":"0.00066101","timestamp":1642198728,"volume":"0.00066101","buyTxId":"a43634854cfc3b28384ec05d9d8ff1e8932ef58b-5","sellTxId":"9093f0b3b956c1ececf9d342c0e7185088af0fee"}
{"index": {"_index":"sim","_id":"2545750"}}
	{"id":2545750,"type":"sell","buyer":"pi-trader","seller":"lozadakb","symbol":"SIM","quantity":"11854.000","price":"0.00066101","timestamp":1642199811,"volume":"7.83561254","buyTxId":"5499dca1c4dd21f69605133da6fa6df52661bc61-1","sellTxId":"bff386dda7867e90d807253f04a186b040c98e15"}
{"index": {"_index":"sim","_id":"2545812"}}
	{"id":2545812,"type":"sell","buyer":"pi-trader","seller":"he-index","symbol":"SIM","quantity":"319.445","price":"0.00066101","timestamp":1642201272,"volume":"0.21115634","buyTxId":"5c66bb72e66f59ef0a59a6db6ca43ff0a12d6a00-3","sellTxId":"04b5044db78f14154165522a6fb2c418210ca24a"}
{"index": {"_index":"sim","_id":"2545953"}}
	{"id":2545953,"type":"buy","buyer":"princekham","seller":"medaymane","symbol":"SIM","quantity":"1008.707","price":"0.00067401","timestamp":1642202490,"volume":"0.67987861","buyTxId":"ea4112782c51648475104a87bc687fea476a2495","sellTxId":"3c744c8e19340d82fe2101d74bc16db07e41d32c"}
{"index": {"_index":"sim","_id":"2546031"}}
	{"id":2546031,"type":"buy","buyer":"ht14","seller":"brofi-market","symbol":"SIM","quantity":"0.005","price":"0.00069809","timestamp":1642203828,"volume":"0.00000349","buyTxId":"b996dc3ad8104a0edecfe1e967f8feba1657b6bb","sellTxId":"9002b2e1bc8ee7cb8ff6ed2383e0253dfda5eb29"}
{"index": {"_index":"sim","_id":"2546032"}}
	{"id":2546032,"type":"buy","buyer":"ht14","seller":"brofi-market","symbol":"SIM","quantity":"0.001","price":"0.00069809","timestamp":1642203828,"volume":"0.00000070","buyTxId":"b996dc3ad8104a0edecfe1e967f8feba1657b6bb","sellTxId":"74b9b298b4ced1943f2e39ad31bd1734903f2a8c"}
{"index": {"_index":"sim","_id":"2546033"}}
	{"id":2546033,"type":"buy","buyer":"ht14","seller":"pi-trader","symbol":"SIM","quantity":"109.994","price":"0.00069809","timestamp":1642203828,"volume":"0.07678571","buyTxId":"b996dc3ad8104a0edecfe1e967f8feba1657b6bb","sellTxId":"0a8f991367488e971e0371f1f444e21f08e80736-8"}
{"index": {"_index":"sim","_id":"2546071"}}
	{"id":2546071,"type":"buy","buyer":"tex73110","seller":"pi-trader","symbol":"SIM","quantity":"2100.000","price":"0.00069809","timestamp":1642204350,"volume":"1.46598900","buyTxId":"6192c54b5d4d1529f3653b4782f0f9c89ab29837","sellTxId":"d51ee390c6a8867b1a789e20b2d371f1f05e3cb9-7"}
{"index": {"_index":"sim","_id":"2546072"}}
	{"id":2546072,"type":"sell","buyer":"pi-trader","seller":"jwjqu.wam","symbol":"SIM","quantity":"2235.000","price":"0.00066103","timestamp":1642204395,"volume":"1.47740205","buyTxId":"e7736d42aae44ab39524050592e6ba9f444f19ab","sellTxId":"42f10d582cd9b589449efaec5a549783f6808935"}
{"index": {"_index":"sim","_id":"2546141"}}
	{"id":2546141,"type":"sell","buyer":"pi-trader","seller":"minerthreat","symbol":"SIM","quantity":"2562.000","price":"0.00066103","timestamp":1642204893,"volume":"1.69355886","buyTxId":"6626272d934944635609a2c54dcdce83bce37293-3","sellTxId":"0ea7b82c4837f27c5bb46df3c004292cbabf228d"}
{"index": {"_index":"sim","_id":"2546168"}}
	{"id":2546168,"type":"buy","buyer":"tex73110","seller":"pi-trader","symbol":"SIM","quantity":"3500.000","price":"0.00069809","timestamp":1642205112,"volume":"2.44331500","buyTxId":"52e99721051a41438e9097e79d9bd5fee3102fbd","sellTxId":"d848069fc8376a18955c97e880837305f0e3462a-4"}
{"index": {"_index":"sim","_id":"2546232"}}
	{"id":2546232,"type":"sell","buyer":"pi-trader","seller":"brofi-market","symbol":"SIM","quantity":"0.003","price":"0.00066101","timestamp":1642205607,"volume":"0.00000198","buyTxId":"be0cd5416228995e732b1f3a7e7c57f1db2b9a2b-3","sellTxId":"ef5749227f2c1515b8d62c044b6b3a46aa77310e"}
{"index": {"_index":"sim","_id":"2546246"}}
	{"id":2546246,"type":"sell","buyer":"pi-trader","seller":"hirohurl","symbol":"SIM","quantity":"46.721","price":"0.00066101","timestamp":1642205688,"volume":"0.03088305","buyTxId":"8925017447f3e62d1dfc723d7597760cc7f6bd31-1","sellTxId":"275039b7d9f515bb1a54d4e50db370865425e248"}
{"index": {"_index":"sim","_id":"2546423"}}
	{"id":2546423,"type":"sell","buyer":"pi-trader","seller":"dswap","symbol":"SIM","quantity":"49.419","price":"0.00066101","timestamp":1642207449,"volume":"0.03266645","buyTxId":"d6e99ceb7787e3b0a4c41b47ba8c3a747ef2f804-1","sellTxId":"780dd8a59544bb055426b1fd2cf8c50859841162"}
{"index": {"_index":"sim","_id":"2546525"}}
	{"id":2546525,"type":"sell","buyer":"pi-trader","seller":"fiberfrau","symbol":"SIM","quantity":"5.948","price":"0.00066101","timestamp":1642208352,"volume":"0.00393169","buyTxId":"bbbd698f86c900aff7b2ca8d07db7f1fd27e1c37-1","sellTxId":"95fa8ddd15ce2353a07934d5642c88ded098c8c3"}
{"index": {"_index":"sim","_id":"2546553"}}
	{"id":2546553,"type":"sell","buyer":"maryjane.main","seller":"andy4475","symbol":"SIM","quantity":"17.946","price":"0.00067000","timestamp":1642208883,"volume":"0.01202382","buyTxId":"44346ed0adffe3f370f49256ee42013b180c4e2a","sellTxId":"1998b1482b9b88f234f613729155aab5f851a170"}
{"index": {"_index":"sim","_id":"2546603"}}
	{"id":2546603,"type":"sell","buyer":"maryjane.main","seller":"chesatochi","symbol":"SIM","quantity":"22.083","price":"0.00067000","timestamp":1642209873,"volume":"0.01479561","buyTxId":"44346ed0adffe3f370f49256ee42013b180c4e2a","sellTxId":"00ae62bebb95cdba40bbadfe6323447b6975e478"}
{"index": {"_index":"sim","_id":"2546621"}}
	{"id":2546621,"type":"sell","buyer":"maryjane.main","seller":"kasaisoul","symbol":"SIM","quantity":"0.061","price":"0.00067000","timestamp":1642210131,"volume":"0.00004087","buyTxId":"44346ed0adffe3f370f49256ee42013b180c4e2a","sellTxId":"9c07964a9eead99ccb4b6607d8a0a56019d1a385"}
{"index": {"_index":"sim","_id":"2546722"}}
	{"id":2546722,"type":"sell","buyer":"maryjane.main","seller":"andy4475","symbol":"SIM","quantity":"28.033","price":"0.00067000","timestamp":1642211556,"volume":"0.01878211","buyTxId":"44346ed0adffe3f370f49256ee42013b180c4e2a","sellTxId":"d06659ac2ed0303b69226d84ba565e84e195bbb7"}
{"index": {"_index":"sim","_id":"2546742"}}
	{"id":2546742,"type":"sell","buyer":"maryjane.main","seller":"badmusgreene","symbol":"SIM","quantity":"285.000","price":"0.00067000","timestamp":1642211952,"volume":"0.19095000","buyTxId":"44346ed0adffe3f370f49256ee42013b180c4e2a","sellTxId":"31982d15aaaaa3e753e46d149b8ccff05b08b11a"}
{"index": {"_index":"sim","_id":"2546880"}}
	{"id":2546880,"type":"sell","buyer":"maryjane.main","seller":"thatcryptodave","symbol":"SIM","quantity":"1270.517","price":"0.00067000","timestamp":1642214262,"volume":"0.85124639","buyTxId":"44346ed0adffe3f370f49256ee42013b180c4e2a","sellTxId":"57193da103a14d232ad69d31be2c311a7c580b84"}
{"index": {"_index":"sim","_id":"2546903"}}
	{"id":2546903,"type":"sell","buyer":"maryjane.main","seller":"dreamm","symbol":"SIM","quantity":"6837.000","price":"0.00067000","timestamp":1642214577,"volume":"4.58079000","buyTxId":"44346ed0adffe3f370f49256ee42013b180c4e2a","sellTxId":"d2b10e9bf1197c00f343eab162f0dee7042c27b0"}
{"index": {"_index":"sim","_id":"2547029"}}
	{"id":2547029,"type":"sell","buyer":"maryjane.main","seller":"ikaro","symbol":"SIM","quantity":"6825.360","price":"0.00067000","timestamp":1642216158,"volume":"4.57299120","buyTxId":"44346ed0adffe3f370f49256ee42013b180c4e2a","sellTxId":"7259dcf6d19fa476be16850889ee365d152c4af3"}
{"index": {"_index":"sim","_id":"2547038"}}
	{"id":2547038,"type":"sell","buyer":"pi-trader","seller":"ikaro","symbol":"SIM","quantity":"28574.640","price":"0.00066101","timestamp":1642216212,"volume":"18.88812279","buyTxId":"e5b71189b75e1a29ad2908368fa2ab3ede89e4de-0","sellTxId":"84d3e6ab9978a5d40ac47e511619d782b1c1a8c1"}
{"index": {"_index":"sim","_id":"2547059"}}
	{"id":2547059,"type":"sell","buyer":"pi-trader","seller":"valor2s","symbol":"SIM","quantity":"46.000","price":"0.00066101","timestamp":1642216614,"volume":"0.03040646","buyTxId":"f3ecb1c1451af7746458f813866ddfff7e8fc7e0-3","sellTxId":"6c53b365deb06173bc63f97fc8f9b199d64f4b2f"}
{"index": {"_index":"sim","_id":"2547150"}}
	{"id":2547150,"type":"sell","buyer":"pi-trader","seller":"theshaki","symbol":"SIM","quantity":"91.638","price":"0.00066101","timestamp":1642218450,"volume":"0.06057363","buyTxId":"5c84458f7056afbfa7d415d76a01d370e06141b6-1","sellTxId":"d0dbd79351ab27777de6dce3f0c7db6b57958ed2"}
