{"index": {"_index":"sim","_id":"3717210"}}
	{"id":3717210,"type":"sell","buyer":"pi-trader","seller":"decentropia","symbol":"SIM","quantity":"0.020","price":"0.00048801","timestamp":1655522604,"volume":"0.00000976","buyTxId":"683742e8918ef4f8898b4e6ef3fac2e44d5086e7-1","sellTxId":"a95445a305e7a5def525e46a5ed72e49faf8d4b2"}
{"index": {"_index":"sim","_id":"3717517"}}
	{"id":3717517,"type":"buy","buyer":"pjansen","seller":"yaziris","symbol":"SIM","quantity":"50.000","price":"0.00050000","timestamp":1655527566,"volume":"0.0250","buyTxId":"7378fed72e21a025ef30a07cd1b20367719feb41","sellTxId":"500065be799a99529649856c13d841ee7a3f4f26"}
{"index": {"_index":"sim","_id":"3717521"}}
	{"id":3717521,"type":"buy","buyer":"yaziris","seller":"nftmart.fees","symbol":"SIM","quantity":"43.000","price":"0.00053188","timestamp":1655527686,"volume":"0.02287084","buyTxId":"c0975899f489a463446a4f6f3e91707ee67d473b","sellTxId":"4c7a46887b7b8cca835cbdf53d5272c9dd08993b-0"}
{"index": {"_index":"sim","_id":"3717522"}}
	{"id":3717522,"type":"buy","buyer":"yaziris","seller":"pi-trader","symbol":"SIM","quantity":"10007.000","price":"0.00053197","timestamp":1655527686,"volume":"5.32342379","buyTxId":"c0975899f489a463446a4f6f3e91707ee67d473b","sellTxId":"7934501b4d3b6fd0cce6ef0be50aa58cbb8af5c8-2"}
{"index": {"_index":"sim","_id":"3717979"}}
	{"id":3717979,"type":"sell","buyer":"pi-trader","seller":"laritheghost","symbol":"SIM","quantity":"95.239","price":"0.00048801","timestamp":1655532108,"volume":"0.04647758","buyTxId":"b3d9090207d2a4ce9927ba8109bd6ef6c0812a60-1","sellTxId":"bd6d1c5008ea1639c96e7b2ad00cafebe29cca17"}
{"index": {"_index":"sim","_id":"3718112"}}
	{"id":3718112,"type":"sell","buyer":"pi-trader","seller":"steem82868","symbol":"SIM","quantity":"0.900","price":"0.00048801","timestamp":1655533500,"volume":"0.00043921","buyTxId":"6eb0fe178238c67505f46e663b923911215c540e-5","sellTxId":"1fd7ac967a926fd9d572d3fee55d5aeb62a28f27"}
{"index": {"_index":"sim","_id":"3718260"}}
	{"id":3718260,"type":"sell","buyer":"pi-trader","seller":"dhedge-drips","symbol":"SIM","quantity":"0.001","price":"0.00048801","timestamp":1655534718,"volume":"0.00000049","buyTxId":"d618d8c6383be1be7d896ce59a16087c29ee586c-2","sellTxId":"2149ee9716975e5ad223325f99af4edde263ae56"}
{"index": {"_index":"sim","_id":"3718276"}}
	{"id":3718276,"type":"sell","buyer":"pi-trader","seller":"hive-143869","symbol":"SIM","quantity":"0.200","price":"0.00048801","timestamp":1655534901,"volume":"0.00009760","buyTxId":"be3b9af4af1ed85c4101a304ac841b136a826656-3","sellTxId":"2be80754931eea36338fc88f75d7c13703e1d988"}
{"index": {"_index":"sim","_id":"3718769"}}
	{"id":3718769,"type":"sell","buyer":"pi-trader","seller":"marfonso","symbol":"SIM","quantity":"6.229","price":"0.00048801","timestamp":1655539404,"volume":"0.00303981","buyTxId":"bf86b34407e2731b31ba8e0f2f67b23da8f4dff0-1","sellTxId":"83fc0b2e7c2eeecc7db934f47af6c8e787e504b8"}
{"index": {"_index":"sim","_id":"3719279"}}
	{"id":3719279,"type":"sell","buyer":"pi-trader","seller":"scooter77","symbol":"SIM","quantity":"5130.000","price":"0.00048813","timestamp":1655546163,"volume":"2.50410690","buyTxId":"22cca89b6882fa3de52a223e4b011e9a8b1a0651-1","sellTxId":"bf51fd12849770b7d38a2944babcd229c0008c11"}
{"index": {"_index":"sim","_id":"3719293"}}
	{"id":3719293,"type":"sell","buyer":"pi-trader","seller":"elevator09","symbol":"SIM","quantity":"2809.311","price":"0.00048813","timestamp":1655546244,"volume":"1.37130898","buyTxId":"46cd91757998cc05ac9469fb7d9570df27f63228-4","sellTxId":"b2d2671dc99745a511bdb3834d0173ea9d4ff5af"}
{"index": {"_index":"sim","_id":"3719569"}}
	{"id":3719569,"type":"sell","buyer":"pi-trader","seller":"steem82868","symbol":"SIM","quantity":"0.700","price":"0.00048801","timestamp":1655549565,"volume":"0.00034161","buyTxId":"eb5b784ec3cb52e847ec8c00d0894f0e543089d1-1","sellTxId":"b357fce1824f97348eae7677e41524ef553ffcfc"}
{"index": {"_index":"sim","_id":"3719905"}}
	{"id":3719905,"type":"sell","buyer":"pi-trader","seller":"cursephantom","symbol":"SIM","quantity":"0.310","price":"0.00048801","timestamp":1655554671,"volume":"0.00015128","buyTxId":"b9f506af246bbb39f3e18a84779f44a70063f917-1","sellTxId":"7422a47a80bddfb98c6bc273ba1c0e813076a718"}
{"index": {"_index":"sim","_id":"3719998"}}
	{"id":3719998,"type":"buy","buyer":"libert","seller":"nftmart.fees","symbol":"SIM","quantity":"55.000","price":"0.00053169","timestamp":1655555973,"volume":"0.02924295","buyTxId":"0e68a4f76fa8895dd2140805521fffe050901da1","sellTxId":"e9cf9236ca5094aa9449e609e9afb8a4c9f8efcb-0"}
{"index": {"_index":"sim","_id":"3719999"}}
	{"id":3719999,"type":"buy","buyer":"libert","seller":"desyfit","symbol":"SIM","quantity":"6298.207","price":"0.00053170","timestamp":1655555973,"volume":"3.34875705","buyTxId":"0e68a4f76fa8895dd2140805521fffe050901da1","sellTxId":"62f6c0e7a549e7fa17d490c53701c080dd05dec3"}
{"index": {"_index":"sim","_id":"3720033"}}
	{"id":3720033,"type":"sell","buyer":"pi-trader","seller":"isiksenpalvoja","symbol":"SIM","quantity":"0.600","price":"0.00048701","timestamp":1655556339,"volume":"0.00029221","buyTxId":"1881397d56bc6aaa525b63f631eac6ac483fd108-3","sellTxId":"ff91fa0d840de7d76ba2898d396e361a235e434c"}
{"index": {"_index":"sim","_id":"3720077"}}
	{"id":3720077,"type":"sell","buyer":"pi-trader","seller":"parmengo","symbol":"SIM","quantity":"0.100","price":"0.00048701","timestamp":1655556891,"volume":"0.00004870","buyTxId":"04a85baeddb309b799e5d08b882388c56b9cbe07-3","sellTxId":"f870d7af3d211f3fbea6e2bd7b13ddb0f92f6a2f"}
{"index": {"_index":"sim","_id":"3720122"}}
	{"id":3720122,"type":"buy","buyer":"balte","seller":"nftmart.fees","symbol":"SIM","quantity":"55.000","price":"0.00053169","timestamp":1655557650,"volume":"0.02924295","buyTxId":"78bd4b8c9da580ab3a0dfae783fad34022004709","sellTxId":"e63f1e2989349750f698f8f38eb50edaa7246f89-0"}
{"index": {"_index":"sim","_id":"3720123"}}
	{"id":3720123,"type":"buy","buyer":"balte","seller":"desyfit","symbol":"SIM","quantity":"143646.793","price":"0.00053170","timestamp":1655557650,"volume":"76.37699984","buyTxId":"78bd4b8c9da580ab3a0dfae783fad34022004709","sellTxId":"62f6c0e7a549e7fa17d490c53701c080dd05dec3"}
{"index": {"_index":"sim","_id":"3720266"}}
	{"id":3720266,"type":"sell","buyer":"pi-trader","seller":"papacrusher","symbol":"SIM","quantity":"285.955","price":"0.00052001","timestamp":1655559546,"volume":"0.14869946","buyTxId":"132f389fabb280453095ab5f0f6fd6f8d0a27312-3","sellTxId":"2be9f975e69f5df28a2bd7b2815938789d73e3e2"}
{"index": {"_index":"sim","_id":"3720372"}}
	{"id":3720372,"type":"sell","buyer":"pi-trader","seller":"taskmaster4450","symbol":"SIM","quantity":"1613.208","price":"0.00052001","timestamp":1655560752,"volume":"0.83888429","buyTxId":"326ddf22535c7517571aba0de9fc0e893b9e648a-3","sellTxId":"e80055b116f6571f32e33f1dffd1eb1767e2cb07"}
{"index": {"_index":"sim","_id":"3720808"}}
	{"id":3720808,"type":"sell","buyer":"pi-trader","seller":"nfter","symbol":"SIM","quantity":"2","price":"0.00052001","timestamp":1655564844,"volume":"0.00104002","buyTxId":"6d64ea97a07d9637dd3f4d52cf1a992455e757b9-3","sellTxId":"f10c547c9ed39ab5620a7ce7088657ddbd3eb1a1"}
{"index": {"_index":"sim","_id":"3721347"}}
	{"id":3721347,"type":"buy","buyer":"ana-maria","seller":"nftmart.fees","symbol":"SIM","quantity":"43.000","price":"0.00053159","timestamp":1655570541,"volume":"0.02285837","buyTxId":"0a12f33a33a31127e3f37cf161a83f7d22319972","sellTxId":"ea0bbda255ffe3cb0aa400e8d9985a1d59d8d8c3-0"}
{"index": {"_index":"sim","_id":"3721348"}}
	{"id":3721348,"type":"buy","buyer":"ana-maria","seller":"desyfit","symbol":"SIM","quantity":"55.000","price":"0.00053170","timestamp":1655570589,"volume":"0.02924350","buyTxId":"602a96e18ae870ce39d1204122a92feaf7003fce","sellTxId":"62f6c0e7a549e7fa17d490c53701c080dd05dec3"}
{"index": {"_index":"sim","_id":"3721352"}}
	{"id":3721352,"type":"buy","buyer":"ana-maria","seller":"pi-trader","symbol":"SIM","quantity":"145.000","price":"0.00053189","timestamp":1655570625,"volume":"0.07712405","buyTxId":"d13c9bcbf210da8bf44ad31fbb2f6bd800823fb6","sellTxId":"b6e501333ac751d7cee952d3a9fa4e8b463a4989-2"}
{"index": {"_index":"sim","_id":"3721739"}}
	{"id":3721739,"type":"sell","buyer":"pi-trader","seller":"mango-juice","symbol":"SIM","quantity":"1397.700","price":"0.00052001","timestamp":1655574804,"volume":"0.72681798","buyTxId":"54fc49db2317d48cd97a9f6bfb469c24c56204c9-2","sellTxId":"6c4610bc7e0b409fe9256c352584a698edb562be"}
{"index": {"_index":"sim","_id":"3721906"}}
	{"id":3721906,"type":"sell","buyer":"pi-trader","seller":"andy4475","symbol":"SIM","quantity":"29.365","price":"0.00052001","timestamp":1655576067,"volume":"0.01527009","buyTxId":"99144e9410d86638e3c592615638a0f789cbecad-3","sellTxId":"c48b4613f87eb9c0d0a62561f2a0516834a243fc"}
{"index": {"_index":"sim","_id":"3722186"}}
	{"id":3722186,"type":"sell","buyer":"pi-trader","seller":"elevator09","symbol":"SIM","quantity":"2091.500","price":"0.00052001","timestamp":1655579283,"volume":"1.08760092","buyTxId":"d0f99ac10e32cf8b08b03b3942c98de542cfd529-1","sellTxId":"2c5ae77a6af114495db33d8098a353933ce47bbe"}
{"index": {"_index":"sim","_id":"3722312"}}
	{"id":3722312,"type":"buy","buyer":"konvik","seller":"nftmart.fees","symbol":"SIM","quantity":"38.000","price":"0.00052893","timestamp":1655580957,"volume":"0.02009934","buyTxId":"fcbf149b4c56a4ba8561b26bce2d1f6f9610092f-0","sellTxId":"ad1f480569d8ec705aabc549a30ef6240069d2f6-0"}
{"index": {"_index":"sim","_id":"3722313"}}
	{"id":3722313,"type":"buy","buyer":"konvik","seller":"medaymane","symbol":"SIM","quantity":"21142.250","price":"0.00052901","timestamp":1655580957,"volume":"11.18446167","buyTxId":"fcbf149b4c56a4ba8561b26bce2d1f6f9610092f-0","sellTxId":"b3ffefbef15fa1cf01b7f1da2fc2b2abb6b3959f"}
{"index": {"_index":"sim","_id":"3722314"}}
	{"id":3722314,"type":"buy","buyer":"konvik","seller":"windail1","symbol":"SIM","quantity":"4246.500","price":"0.00053190","timestamp":1655580957,"volume":"2.25871335","buyTxId":"fcbf149b4c56a4ba8561b26bce2d1f6f9610092f-0","sellTxId":"1504252ccfac3f49f9c8724c5176bdf01a10ea87"}
{"index": {"_index":"sim","_id":"3722315"}}
	{"id":3722315,"type":"buy","buyer":"konvik","seller":"atomcollector","symbol":"SIM","quantity":"20740.644","price":"0.00053191","timestamp":1655580957,"volume":"11.03215595","buyTxId":"fcbf149b4c56a4ba8561b26bce2d1f6f9610092f-0","sellTxId":"6b8c7115462388aae4d75b969ef58a5b57da402f"}
{"index": {"_index":"sim","_id":"3722316"}}
	{"id":3722316,"type":"buy","buyer":"konvik","seller":"dhedge-drips","symbol":"SIM","quantity":"0.001","price":"0.00053192","timestamp":1655580957,"volume":"0.00000053","buyTxId":"fcbf149b4c56a4ba8561b26bce2d1f6f9610092f-0","sellTxId":"a7a0393584a532dff579462c6e39535696db66a3"}
{"index": {"_index":"sim","_id":"3722317"}}
	{"id":3722317,"type":"buy","buyer":"konvik","seller":"themarkymark","symbol":"SIM","quantity":"164.587","price":"0.00053198","timestamp":1655580957,"volume":"0.08755699","buyTxId":"fcbf149b4c56a4ba8561b26bce2d1f6f9610092f-0","sellTxId":"00e8725a5ff72bb540451d2e80027c4d8da6945a"}
{"index": {"_index":"sim","_id":"3722318"}}
	{"id":3722318,"type":"buy","buyer":"konvik","seller":"medaymane","symbol":"SIM","quantity":"6347.900","price":"0.00053198","timestamp":1655580957,"volume":"3.37695584","buyTxId":"fcbf149b4c56a4ba8561b26bce2d1f6f9610092f-0","sellTxId":"fb7e0d56f41fb97d1a1b16f6c1f32fffbc495bb6"}
{"index": {"_index":"sim","_id":"3722319"}}
	{"id":3722319,"type":"buy","buyer":"konvik","seller":"alexandrzombi","symbol":"SIM","quantity":"17.823","price":"0.00053199","timestamp":1655580957,"volume":"0.00948166","buyTxId":"fcbf149b4c56a4ba8561b26bce2d1f6f9610092f-0","sellTxId":"2b07b774177cef33222c340b37cd8dc53a353230"}
{"index": {"_index":"sim","_id":"3722320"}}
	{"id":3722320,"type":"buy","buyer":"konvik","seller":"jelly-cz","symbol":"SIM","quantity":"66635.994","price":"0.00053200","timestamp":1655580957,"volume":"35.45034881","buyTxId":"fcbf149b4c56a4ba8561b26bce2d1f6f9610092f-0","sellTxId":"MM-P-18358142-65349602-3-32-0"}
{"index": {"_index":"sim","_id":"3722321"}}
	{"id":3722321,"type":"buy","buyer":"konvik","seller":"dhedge-drips","symbol":"SIM","quantity":"0.001","price":"0.00053291","timestamp":1655580957,"volume":"0.00000053","buyTxId":"fcbf149b4c56a4ba8561b26bce2d1f6f9610092f-0","sellTxId":"4056b74561163c6da603be4da781c141947fa8d0"}
{"index": {"_index":"sim","_id":"3722322"}}
	{"id":3722322,"type":"buy","buyer":"konvik","seller":"medaymane","symbol":"SIM","quantity":"10200.150","price":"0.00053291","timestamp":1655580957,"volume":"5.43576194","buyTxId":"fcbf149b4c56a4ba8561b26bce2d1f6f9610092f-0","sellTxId":"5baade251f1589b1d4e6220f5f3c4d85f4ef7925"}
{"index": {"_index":"sim","_id":"3722323"}}
	{"id":3722323,"type":"buy","buyer":"konvik","seller":"bhoa","symbol":"SIM","quantity":"72937.200","price":"0.00053300","timestamp":1655580957,"volume":"38.87552760","buyTxId":"fcbf149b4c56a4ba8561b26bce2d1f6f9610092f-0","sellTxId":"156437a9304be813c9301e98c756fc0735ceaed9"}
{"index": {"_index":"sim","_id":"3722324"}}
	{"id":3722324,"type":"buy","buyer":"konvik","seller":"dhedge-drips","symbol":"SIM","quantity":"12.499","price":"0.00053300","timestamp":1655580957,"volume":"0.00666197","buyTxId":"fcbf149b4c56a4ba8561b26bce2d1f6f9610092f-0","sellTxId":"0b42e9547c1e4dd25c3ae5672c10012d34ff752a"}
{"index": {"_index":"sim","_id":"3722804"}}
	{"id":3722804,"type":"sell","buyer":"pi-trader","seller":"uwelang","symbol":"SIM","quantity":"10000.000","price":"0.00052001","timestamp":1655583216,"volume":"5.20010000","buyTxId":"95fc4a70668bf70e85672d52b8457811d67ff7bd-4","sellTxId":"bf822e1f92e6f913e2e7b5beb14c6bf61307cbc8"}
{"index": {"_index":"sim","_id":"3722886"}}
	{"id":3722886,"type":"buy","buyer":"assassyn","seller":"nftmart.fees","symbol":"SIM","quantity":"33.000","price":"0.00053597","timestamp":1655583690,"volume":"0.01768701","buyTxId":"a3000c271559b8e0ef2885a97d8ad287e657f95e","sellTxId":"049118484319cbfd868b8e866e273a1f87c80ee6-0"}
{"index": {"_index":"sim","_id":"3722887"}}
	{"id":3722887,"type":"buy","buyer":"assassyn","seller":"fefe99","symbol":"SIM","quantity":"100.000","price":"0.00053599","timestamp":1655583690,"volume":"0.05359900","buyTxId":"a3000c271559b8e0ef2885a97d8ad287e657f95e","sellTxId":"d81d575dc88c1a7d40c0a7a6a8f02fe006820e36"}
{"index": {"_index":"sim","_id":"3722894"}}
	{"id":3722894,"type":"sell","buyer":"assassyn","seller":"richardslater","symbol":"SIM","quantity":"0.100","price":"0.00054390","timestamp":1655583741,"volume":"0.00005439","buyTxId":"a3000c271559b8e0ef2885a97d8ad287e657f95e","sellTxId":"50cb6a8aa225aba5b4d994a5d1af4c2b7ab02d6e"}
{"index": {"_index":"sim","_id":"3722905"}}
	{"id":3722905,"type":"sell","buyer":"assassyn","seller":"pjansen","symbol":"SIM","quantity":"116.900","price":"0.00054390","timestamp":1655583792,"volume":"0.06358191","buyTxId":"a3000c271559b8e0ef2885a97d8ad287e657f95e","sellTxId":"bdd0c7e5fd2d3bcb0a83e89d1130e5149ee2f0bd"}
{"index": {"_index":"sim","_id":"3722906"}}
	{"id":3722906,"type":"sell","buyer":"pi-trader","seller":"pjansen","symbol":"SIM","quantity":"0.045","price":"0.00052001","timestamp":1655583792,"volume":"0.00002340","buyTxId":"73397190527256ca873fffe24a1a514fe729f088-3","sellTxId":"bdd0c7e5fd2d3bcb0a83e89d1130e5149ee2f0bd"}
{"index": {"_index":"sim","_id":"3723491"}}
	{"id":3723491,"type":"sell","buyer":"pi-trader","seller":"poliwalt10","symbol":"SIM","quantity":"1130.450","price":"0.00052001","timestamp":1655590347,"volume":"0.58784530","buyTxId":"3d3da09c672ea9c3e46aca22f8bdec02a946ed68-1","sellTxId":"05223514fa9e3ee12633d4a32fa9c85374646415"}
{"index": {"_index":"sim","_id":"3723558"}}
	{"id":3723558,"type":"sell","buyer":"pi-trader","seller":"bitcoinflood","symbol":"SIM","quantity":"633.698","price":"0.00052001","timestamp":1655591220,"volume":"0.32952930","buyTxId":"d47cbf7fdd7549fce15146b593e8d7bd6e682edf-3","sellTxId":"860b79a617539783b493bafddf7adc57c0fcc30b"}
{"index": {"_index":"sim","_id":"3723621"}}
	{"id":3723621,"type":"buy","buyer":"sevenoh-fiveoh","seller":"nftmart.fees","symbol":"SIM","quantity":"29.000","price":"0.00053348","timestamp":1655592396,"volume":"0.01547092","buyTxId":"899ec879488ba8273617150b6908537270a0d48c","sellTxId":"6362e58750c59b844565aaa0c458d5c94a9bb5f2-0"}
{"index": {"_index":"sim","_id":"3723622"}}
	{"id":3723622,"type":"buy","buyer":"sevenoh-fiveoh","seller":"jelly-cz","symbol":"SIM","quantity":"9383.000","price":"0.00053352","timestamp":1655592396,"volume":"5.00601816","buyTxId":"899ec879488ba8273617150b6908537270a0d48c","sellTxId":"MM-P-18391815-65383341-3-32-0"}
{"index": {"_index":"sim","_id":"3723710"}}
	{"id":3723710,"type":"buy","buyer":"floki-skarsgaard","seller":"nftmart.fees","symbol":"SIM","quantity":"29.000","price":"0.00053351","timestamp":1655593539,"volume":"0.01547179","buyTxId":"40ecc0946b5e41d89af0c8f8c9a5ad6cf27b4e29","sellTxId":"6b4fd5bca4d4ea52ea2396a52d72530824ad4afc-0"}
{"index": {"_index":"sim","_id":"3723711"}}
	{"id":3723711,"type":"buy","buyer":"floki-skarsgaard","seller":"jelly-cz","symbol":"SIM","quantity":"14971.000","price":"0.00053352","timestamp":1655593539,"volume":"7.98732792","buyTxId":"40ecc0946b5e41d89af0c8f8c9a5ad6cf27b4e29","sellTxId":"MM-P-18391815-65383341-3-32-0"}
{"index": {"_index":"sim","_id":"3723755"}}
	{"id":3723755,"type":"sell","buyer":"pi-trader","seller":"medaymane","symbol":"SIM","quantity":"385.000","price":"0.00052001","timestamp":1655593875,"volume":"0.20020385","buyTxId":"7e542ae5d3d3dd08e2ca266bd86687156714bacd-5","sellTxId":"d7a8c8f4da02773152911462fe0786d954863e96"}
{"index": {"_index":"sim","_id":"3723812"}}
	{"id":3723812,"type":"sell","buyer":"pi-trader","seller":"medaymane","symbol":"SIM","quantity":"603.250","price":"0.00052001","timestamp":1655594613,"volume":"0.31369603","buyTxId":"c431610caa3a4a003ca86e71e86143eccd57f02e-5","sellTxId":"14187633fad0cfeebc176157d7220e4937528c56"}
{"index": {"_index":"sim","_id":"3723907"}}
	{"id":3723907,"type":"sell","buyer":"pi-trader","seller":"hirohurl","symbol":"SIM","quantity":"57.884","price":"0.00052001","timestamp":1655596158,"volume":"0.03010026","buyTxId":"e6d0376237b5c51055245831cc25b88c94be424b-3","sellTxId":"30f07313fc7254ea509246d27be02a86dbcccd92"}
{"index": {"_index":"sim","_id":"3724176"}}
	{"id":3724176,"type":"sell","buyer":"pi-trader","seller":"dhedge-drips","symbol":"SIM","quantity":"12.499","price":"0.00052001","timestamp":1655599518,"volume":"0.00649960","buyTxId":"eb987c50c17d4498ab0a710d1cfac9df6d6cae62-1","sellTxId":"d5d8edf005e3808711df2b265e85286faac3d0b6"}
{"index": {"_index":"sim","_id":"3724326"}}
	{"id":3724326,"type":"sell","buyer":"pi-trader","seller":"themarkymark","symbol":"SIM","quantity":"164.586","price":"0.00052001","timestamp":1655601501,"volume":"0.08558637","buyTxId":"ec624e4020e83b49c072295ce2d078083f2efccf-5","sellTxId":"9101894d834b5aeb2721e6125d4933bb5116d661"}
{"index": {"_index":"sim","_id":"3724538"}}
	{"id":3724538,"type":"buy","buyer":"maryjane.main","seller":"nftmart.fees","symbol":"SIM","quantity":"72.000","price":"0.00052994","timestamp":1655603859,"volume":"0.03815568","buyTxId":"19f0fca7ae6129021e2b14e83eaa09debebdefc2","sellTxId":"383d06b4b2260b67cbe33e2df138fb2ae14983fd-0"}
{"index": {"_index":"sim","_id":"3724542"}}
	{"id":3724542,"type":"sell","buyer":"maryjane.main","seller":"steem82868","symbol":"SIM","quantity":"0.300","price":"0.00052994","timestamp":1655603880,"volume":"0.00015898","buyTxId":"19f0fca7ae6129021e2b14e83eaa09debebdefc2","sellTxId":"ec0c68de82e407df08497ee7bad5573aafdbbb97"}
{"index": {"_index":"sim","_id":"3724547"}}
	{"id":3724547,"type":"buy","buyer":"maryjane.main","seller":"dhedge-drips","symbol":"SIM","quantity":"12.499","price":"0.00052996","timestamp":1655603952,"volume":"0.00662397","buyTxId":"7964e3081504820e93ea7ecf0846e6b238cbfdb3","sellTxId":"7770a7da6bb277a383f809760beb0ce0858c2325"}
{"index": {"_index":"sim","_id":"3724548"}}
	{"id":3724548,"type":"buy","buyer":"maryjane.main","seller":"alexandrzombi","symbol":"SIM","quantity":"18.050","price":"0.00053000","timestamp":1655603952,"volume":"0.00956650","buyTxId":"7964e3081504820e93ea7ecf0846e6b238cbfdb3","sellTxId":"fd35c95cc0cfebb07f375665ef1ea1885d884109"}
{"index": {"_index":"sim","_id":"3724549"}}
	{"id":3724549,"type":"buy","buyer":"maryjane.main","seller":"jelly-cz","symbol":"SIM","quantity":"1969.451","price":"0.00053352","timestamp":1655603952,"volume":"1.05074150","buyTxId":"7964e3081504820e93ea7ecf0846e6b238cbfdb3","sellTxId":"MM-P-18391815-65383341-3-32-0"}
{"index": {"_index":"sim","_id":"3724788"}}
	{"id":3724788,"type":"buy","buyer":"libert","seller":"nftmart.fees","symbol":"SIM","quantity":"64.000","price":"0.00053350","timestamp":1655607141,"volume":"0.03414400","buyTxId":"88eb688cd8d0cf336aeabaf60d4380fda8d08113","sellTxId":"eca6e10802b187c0a487ead76ad120ae267000e5-0"}
{"index": {"_index":"sim","_id":"3724789"}}
	{"id":3724789,"type":"buy","buyer":"libert","seller":"jelly-cz","symbol":"SIM","quantity":"6252.541","price":"0.00053352","timestamp":1655607141,"volume":"3.33585600","buyTxId":"88eb688cd8d0cf336aeabaf60d4380fda8d08113","sellTxId":"MM-P-18391815-65383341-3-32-0"}
