{"index": {"_index":"sim","_id":"2516553"}}
	{"id":2516553,"type":"sell","buyer":"jelly-cz","seller":"thatcryptodave","symbol":"SIM","quantity":"949.349","price":"0.00061674","timestamp":1641873378,"volume":"0.58550150","buyTxId":"MM-P-13836519-60823614-3-29-0","sellTxId":"18252ebc89284deeacbfab9914e6ab97e5e02e73"}
{"index": {"_index":"sim","_id":"2516616"}}
	{"id":2516616,"type":"sell","buyer":"jelly-cz","seller":"brofi-market","symbol":"SIM","quantity":"0.001","price":"0.00061674","timestamp":1641874338,"volume":"0.00000062","buyTxId":"MM-P-13836519-60823614-3-29-0","sellTxId":"ec3e43307bebf0e23fe8765dc0fa8680dfd100f8"}
{"index": {"_index":"sim","_id":"2516695"}}
	{"id":2516695,"type":"sell","buyer":"jelly-cz","seller":"goldcoin","symbol":"SIM","quantity":"27.410","price":"0.00061674","timestamp":1641875616,"volume":"0.01690484","buyTxId":"MM-P-13836519-60823614-3-29-0","sellTxId":"e409955ebb1ff625711c87b9405c94cbfed19f1d"}
{"index": {"_index":"sim","_id":"2516727"}}
	{"id":2516727,"type":"sell","buyer":"jelly-cz","seller":"theshaki","symbol":"SIM","quantity":"49.320","price":"0.00061674","timestamp":1641876069,"volume":"0.03041762","buyTxId":"MM-P-13836519-60823614-3-29-0","sellTxId":"576bfaea7f3952c8105c8772785b9be8d9ed4dad"}
{"index": {"_index":"sim","_id":"2516893"}}
	{"id":2516893,"type":"buy","buyer":"weldmaster","seller":"eshr92","symbol":"SIM","quantity":"171.000","price":"0.00062000","timestamp":1641878796,"volume":"0.10602000","buyTxId":"15189e9845660db515bf6ba958b5d0069dced020","sellTxId":"35a60d66fd3284072b563cfe059443e5a33efa50"}
{"index": {"_index":"sim","_id":"2516896"}}
	{"id":2516896,"type":"buy","buyer":"weldmaster","seller":"brofi-market","symbol":"SIM","quantity":"0.003","price":"0.00062999","timestamp":1641878832,"volume":"0.00000189","buyTxId":"50c1356fd8fe9225af65bec003d53807bf96ac1b","sellTxId":"9691edb9d42a28d7a0fb5b3735fc9fe0900f883c"}
{"index": {"_index":"sim","_id":"2516897"}}
	{"id":2516897,"type":"buy","buyer":"weldmaster","seller":"brofi-market","symbol":"SIM","quantity":"0.001","price":"0.00062999","timestamp":1641878832,"volume":"0.00000063","buyTxId":"50c1356fd8fe9225af65bec003d53807bf96ac1b","sellTxId":"a1e32697d49b9660ddecefff73efaa4d0e6962c8"}
{"index": {"_index":"sim","_id":"2516898"}}
	{"id":2516898,"type":"buy","buyer":"weldmaster","seller":"pi-trader","symbol":"SIM","quantity":"4311.195","price":"0.00062999","timestamp":1641878832,"volume":"2.71600974","buyTxId":"50c1356fd8fe9225af65bec003d53807bf96ac1b","sellTxId":"f54452a1d7c825a63bcb6c2adc939d83ab69549e-8"}
{"index": {"_index":"sim","_id":"2517021"}}
	{"id":2517021,"type":"sell","buyer":"jelly-cz","seller":"tynew240","symbol":"SIM","quantity":"567.000","price":"0.00061674","timestamp":1641880812,"volume":"0.34969158","buyTxId":"MM-P-13836519-60823614-3-29-0","sellTxId":"9cf0b22c6b802544081fb9e5d5197abbe322e45c"}
{"index": {"_index":"sim","_id":"2517023"}}
	{"id":2517023,"type":"buy","buyer":"memesdaily","seller":"pi-trader","symbol":"SIM","quantity":"50000.000","price":"0.00062999","timestamp":1641880833,"volume":"31.49950000","buyTxId":"5c49bafd5cdfeeffbf16eb72913db5427b052a21","sellTxId":"ef9286be746fd7eef7ea0b33a5c493f0e121b833-2"}
{"index": {"_index":"sim","_id":"2517024"}}
	{"id":2517024,"type":"buy","buyer":"memesdaily","seller":"themarkymark","symbol":"SIM","quantity":"25380.863","price":"0.00063000","timestamp":1641880833,"volume":"15.98994369","buyTxId":"5c49bafd5cdfeeffbf16eb72913db5427b052a21","sellTxId":"a7e2f3e607d5336d6f782f7743324e18a1981e3b"}
{"index": {"_index":"sim","_id":"2517191"}}
	{"id":2517191,"type":"sell","buyer":"jelly-cz","seller":"bluenarcolepsy","symbol":"SIM","quantity":"11.000","price":"0.00061674","timestamp":1641882876,"volume":"0.00678414","buyTxId":"MM-P-13836519-60823614-3-29-0","sellTxId":"5157180addd9b64af0da86a297b47cc91476fd82"}
{"index": {"_index":"sim","_id":"2517588"}}
	{"id":2517588,"type":"sell","buyer":"jelly-cz","seller":"devpress","symbol":"SIM","quantity":"10.473","price":"0.00061674","timestamp":1641887979,"volume":"0.00645912","buyTxId":"MM-P-13836519-60823614-3-29-0","sellTxId":"e664a561e9788b499db8b39971584b72c1125daf"}
{"index": {"_index":"sim","_id":"2517637"}}
	{"id":2517637,"type":"sell","buyer":"jelly-cz","seller":"anosys","symbol":"SIM","quantity":"31.002","price":"0.00061674","timestamp":1641888165,"volume":"0.01912017","buyTxId":"MM-P-13836519-60823614-3-29-0","sellTxId":"73716cb695d9fa3ff8599e3fcb6755ffcea07cef"}
{"index": {"_index":"sim","_id":"2517811"}}
	{"id":2517811,"type":"sell","buyer":"jelly-cz","seller":"elevator09","symbol":"SIM","quantity":"4062.451","price":"0.00061726","timestamp":1641889842,"volume":"2.50758850","buyTxId":"MM-P-13842203-60829298-3-29-0","sellTxId":"11598411e76e7e7b7583a8bd52b3d6a7bf52100a"}
{"index": {"_index":"sim","_id":"2517829"}}
	{"id":2517829,"type":"sell","buyer":"jelly-cz","seller":"heikki1337","symbol":"SIM","quantity":"6889.370","price":"0.00061726","timestamp":1641890073,"volume":"4.25253253","buyTxId":"MM-P-13842203-60829298-3-29-0","sellTxId":"36db74629a3d614f082b399adbb2586a57e4689b"}
{"index": {"_index":"sim","_id":"2518014"}}
	{"id":2518014,"type":"sell","buyer":"jelly-cz","seller":"hirohurl","symbol":"SIM","quantity":"22.381","price":"0.00061726","timestamp":1641892596,"volume":"0.01381490","buyTxId":"MM-P-13842203-60829298-3-29-0","sellTxId":"9f7d37a6921e273f3627dde3f06afe14659af4d8"}
{"index": {"_index":"sim","_id":"2518501"}}
	{"id":2518501,"type":"buy","buyer":"barterrick","seller":"medaymane","symbol":"SIM","quantity":"111.000","price":"0.00062674","timestamp":1641899304,"volume":"0.06956814","buyTxId":"a28a3ed195f289a7744ce389723d45195d5f8415","sellTxId":"d7d0a88f73cc4aa9422c8fe48a9bf50290e99a08"}
{"index": {"_index":"sim","_id":"2518559"}}
	{"id":2518559,"type":"sell","buyer":"servelle","seller":"dotevo","symbol":"SIM","quantity":"47.300","price":"0.00061729","timestamp":1641900105,"volume":"0.02919782","buyTxId":"46ec9e7bb24dca997c2c0144e88eb463c8b20ddb","sellTxId":"f6882aa8864fa34d488332c230ef6886d601ca14"}
{"index": {"_index":"sim","_id":"2518735"}}
	{"id":2518735,"type":"sell","buyer":"servelle","seller":"steem-hodler","symbol":"SIM","quantity":"75.000","price":"0.00061729","timestamp":1641902199,"volume":"0.04629675","buyTxId":"46ec9e7bb24dca997c2c0144e88eb463c8b20ddb","sellTxId":"540763a77ce79bdea421160dca883cd6ab7c8c95"}
{"index": {"_index":"sim","_id":"2518759"}}
	{"id":2518759,"type":"buy","buyer":"dadspardan","seller":"medaymane","symbol":"SIM","quantity":"1989.000","price":"0.00062674","timestamp":1641902412,"volume":"1.24658586","buyTxId":"815ff08023f82fb3f1ed381b98ca6eac2e49f85f","sellTxId":"d7d0a88f73cc4aa9422c8fe48a9bf50290e99a08"}
{"index": {"_index":"sim","_id":"2518760"}}
	{"id":2518760,"type":"buy","buyer":"dadspardan","seller":"themarkymark","symbol":"SIM","quantity":"405810.336","price":"0.00063000","timestamp":1641902412,"volume":"255.66051168","buyTxId":"815ff08023f82fb3f1ed381b98ca6eac2e49f85f","sellTxId":"a7e2f3e607d5336d6f782f7743324e18a1981e3b"}
{"index": {"_index":"sim","_id":"2518761"}}
	{"id":2518761,"type":"buy","buyer":"dadspardan","seller":"brofi-market","symbol":"SIM","quantity":"0.005","price":"0.00063879","timestamp":1641902412,"volume":"0.00000319","buyTxId":"815ff08023f82fb3f1ed381b98ca6eac2e49f85f","sellTxId":"1f15d056f1155363f897884a8b6907dd9a3fb918"}
{"index": {"_index":"sim","_id":"2518762"}}
	{"id":2518762,"type":"buy","buyer":"dadspardan","seller":"brofi-market","symbol":"SIM","quantity":"0.003","price":"0.00063999","timestamp":1641902412,"volume":"0.00000192","buyTxId":"815ff08023f82fb3f1ed381b98ca6eac2e49f85f","sellTxId":"b4a19cc836e8c9faeb6da5630baeecdfa66037c0"}
{"index": {"_index":"sim","_id":"2518763"}}
	{"id":2518763,"type":"buy","buyer":"dadspardan","seller":"themarkymark","symbol":"SIM","quantity":"493048.001","price":"0.00064000","timestamp":1641902412,"volume":"315.55072064","buyTxId":"815ff08023f82fb3f1ed381b98ca6eac2e49f85f","sellTxId":"d8b9282ed8d7c6cf9168f08b9ef503995f6f293c"}
{"index": {"_index":"sim","_id":"2518764"}}
	{"id":2518764,"type":"buy","buyer":"dadspardan","seller":"johannesboldt","symbol":"SIM","quantity":"10840.715","price":"0.00064890","timestamp":1641902412,"volume":"7.03453996","buyTxId":"815ff08023f82fb3f1ed381b98ca6eac2e49f85f","sellTxId":"44716305676a19aae1f94a378791e022fda1e3a6"}
{"index": {"_index":"sim","_id":"2518765"}}
	{"id":2518765,"type":"buy","buyer":"dadspardan","seller":"sbi-tokens","symbol":"SIM","quantity":"88311.940","price":"0.00064900","timestamp":1641902412,"volume":"57.31444906","buyTxId":"815ff08023f82fb3f1ed381b98ca6eac2e49f85f","sellTxId":"f0005c124ac7f7db0a7b19b79727f7d53d2e0800"}
{"index": {"_index":"sim","_id":"2518980"}}
	{"id":2518980,"type":"sell","buyer":"servelle","seller":"fiberfrau","symbol":"SIM","quantity":"11.261","price":"0.00061729","timestamp":1641904494,"volume":"0.00695130","buyTxId":"46ec9e7bb24dca997c2c0144e88eb463c8b20ddb","sellTxId":"23c2cf8e700bc5b2e519121e9adf491dc5f46209"}
{"index": {"_index":"sim","_id":"2519191"}}
	{"id":2519191,"type":"sell","buyer":"servelle","seller":"valor2s","symbol":"SIM","quantity":"23.000","price":"0.00061729","timestamp":1641906450,"volume":"0.01419767","buyTxId":"46ec9e7bb24dca997c2c0144e88eb463c8b20ddb","sellTxId":"bf2bba51667ff1cdef0b8bdbe682323478122fbf"}
{"index": {"_index":"sim","_id":"2519348"}}
	{"id":2519348,"type":"sell","buyer":"servelle","seller":"mfblack","symbol":"SIM","quantity":"843.439","price":"0.00061729","timestamp":1641908289,"volume":"0.52064646","buyTxId":"46ec9e7bb24dca997c2c0144e88eb463c8b20ddb","sellTxId":"06c0a59af411132b38b7cb91b2f0068490433d8e"}
{"index": {"_index":"sim","_id":"2519349"}}
	{"id":2519349,"type":"sell","buyer":"jelly-cz","seller":"mfblack","symbol":"SIM","quantity":"18156.561","price":"0.00061726","timestamp":1641908289,"volume":"11.20731884","buyTxId":"MM-P-13842203-60829298-3-29-0","sellTxId":"06c0a59af411132b38b7cb91b2f0068490433d8e"}
{"index": {"_index":"sim","_id":"2519523"}}
	{"id":2519523,"type":"sell","buyer":"pi-trader","seller":"steem-hodler","symbol":"SIM","quantity":"7880.000","price":"0.00061801","timestamp":1641910545,"volume":"4.86991880","buyTxId":"ff028643b9c1eafb98a96cb6ea6f4a89ec5f29a2-4","sellTxId":"375d671b3986aba1918b56d343b73cc6bb2a20b5"}
{"index": {"_index":"sim","_id":"2519539"}}
	{"id":2519539,"type":"sell","buyer":"pi-trader","seller":"atongis","symbol":"SIM","quantity":"23.035","price":"0.00061801","timestamp":1641910740,"volume":"0.01423586","buyTxId":"269073b9e0e87e435a7fd7e48d8b3aaf0bec365e-4","sellTxId":"3aff2b0f102351de365a33c34ea3f503f660da25"}
{"index": {"_index":"sim","_id":"2519977"}}
	{"id":2519977,"type":"sell","buyer":"pi-trader","seller":"alive.chat","symbol":"SIM","quantity":"2.491","price":"0.00061801","timestamp":1641915318,"volume":"0.00153946","buyTxId":"d6c076eaea5398a871283eb83152b671b6adfde2-1","sellTxId":"ed945e441e732ac298bf1e2869e4c3f67577df61"}
{"index": {"_index":"sim","_id":"2520133"}}
	{"id":2520133,"type":"sell","buyer":"pi-trader","seller":"razam","symbol":"SIM","quantity":"7.000","price":"0.00061801","timestamp":1641916467,"volume":"0.00432607","buyTxId":"ab31be1369d3036d98ad3f675cc310cc7d021446-1","sellTxId":"17ee78c49af744a865519e1c924b8a170679651e"}
{"index": {"_index":"sim","_id":"2520324"}}
	{"id":2520324,"type":"sell","buyer":"pi-trader","seller":"brofi-market","symbol":"SIM","quantity":"0.004","price":"0.00061821","timestamp":1641917778,"volume":"0.00000247","buyTxId":"65f1150579e23305c35547df269724df79d2e3c3-2","sellTxId":"f3a08b09a87fec27922a8c51614cf191d3eb3502"}
{"index": {"_index":"sim","_id":"2520639"}}
	{"id":2520639,"type":"sell","buyer":"pi-trader","seller":"steemmillionaire","symbol":"SIM","quantity":"7.419","price":"0.00061821","timestamp":1641920064,"volume":"0.00458650","buyTxId":"aa742861745d0b5d9a42d3a7af2ad01be9b5c342-3","sellTxId":"5e215e18f00f6b631f2f50bc0d7671dfaa800f2f"}
{"index": {"_index":"sim","_id":"2520686"}}
	{"id":2520686,"type":"sell","buyer":"pi-trader","seller":"chronocrypto","symbol":"SIM","quantity":"13592.950","price":"0.00061821","timestamp":1641920412,"volume":"8.40329762","buyTxId":"97fa0688bdb2030f089a5ef439ec8c1579b81e31-2","sellTxId":"fa2c2311bc71d27e545dc00d0d7862e69db5a343"}
{"index": {"_index":"sim","_id":"2520766"}}
	{"id":2520766,"type":"sell","buyer":"pi-trader","seller":"monsterjamgold","symbol":"SIM","quantity":"1592.266","price":"0.00061821","timestamp":1641921051,"volume":"0.98435476","buyTxId":"9c8624d582b4892635c217066e677acacf71c6de-3","sellTxId":"5b09e529b7154c0fb964357829397f0bfd92d022"}
{"index": {"_index":"sim","_id":"2520812"}}
	{"id":2520812,"type":"sell","buyer":"pi-trader","seller":"jwjqu.wam","symbol":"SIM","quantity":"2486.000","price":"0.00061821","timestamp":1641921387,"volume":"1.53687006","buyTxId":"946407124e8860b12173d1d6164ecbc474652543-3","sellTxId":"83e78cd8c943497f1d329261640cf08b314bb392"}
{"index": {"_index":"sim","_id":"2520955"}}
	{"id":2520955,"type":"buy","buyer":"lrekt01","seller":"augustbrown","symbol":"SIM","quantity":"4.000","price":"0.00064898","timestamp":1641922647,"volume":"0.00259592","buyTxId":"e61ac3160509194a1c5210f20293fbf3abdd7732","sellTxId":"b108759af61512f996bbd58dc6a5f994d61857b9"}
{"index": {"_index":"sim","_id":"2521227"}}
	{"id":2521227,"type":"sell","buyer":"pi-trader","seller":"aleczazam","symbol":"SIM","quantity":"1924.703","price":"0.00061821","timestamp":1641925200,"volume":"1.18987064","buyTxId":"ccdd332aade01965373a4e3ab2d76d784b8506c1-4","sellTxId":"709851fe3f23b1af19babbffb7189d8a07e29bc2"}
{"index": {"_index":"sim","_id":"2521244"}}
	{"id":2521244,"type":"sell","buyer":"pi-trader","seller":"kasaisoul","symbol":"SIM","quantity":"0.064","price":"0.00061821","timestamp":1641925392,"volume":"0.00003957","buyTxId":"eeb7d68c60e853c4130bcc1d9ff9552cf1f550eb-3","sellTxId":"45723cda3cef75c40f79858e1e21ec3620298d7f"}
{"index": {"_index":"sim","_id":"2521350"}}
	{"id":2521350,"type":"buy","buyer":"dkid14","seller":"augustbrown","symbol":"SIM","quantity":"22.000","price":"0.00064898","timestamp":1641926418,"volume":"0.01427756","buyTxId":"ba292e6b697a704e64b159d2563558f9cfab633f","sellTxId":"b108759af61512f996bbd58dc6a5f994d61857b9"}
{"index": {"_index":"sim","_id":"2521351"}}
	{"id":2521351,"type":"buy","buyer":"dkid14","seller":"brofi-market","symbol":"SIM","quantity":"0.004","price":"0.00064898","timestamp":1641926418,"volume":"0.00000260","buyTxId":"ba292e6b697a704e64b159d2563558f9cfab633f","sellTxId":"92e36a389e64c47a661de96a138d96b21672fbcd"}
{"index": {"_index":"sim","_id":"2521352"}}
	{"id":2521352,"type":"sell","buyer":"dkid14","seller":"svirus","symbol":"SIM","quantity":"61644.610","price":"0.00064898","timestamp":1641926421,"volume":"40.00611900","buyTxId":"ba292e6b697a704e64b159d2563558f9cfab633f","sellTxId":"745df122b0d632a30d3f75657a452d9406ef4652-1"}
{"index": {"_index":"sim","_id":"2521367"}}
	{"id":2521367,"type":"sell","buyer":"dkid14","seller":"jrcornel","symbol":"SIM","quantity":"0.001","price":"0.00064898","timestamp":1641926604,"volume":"0.00000064","buyTxId":"ba292e6b697a704e64b159d2563558f9cfab633f","sellTxId":"05aff2a78cd42188a846f332793a20ff2a67f9b1"}
{"index": {"_index":"sim","_id":"2521368"}}
	{"id":2521368,"type":"sell","buyer":"pi-trader","seller":"jrcornel","symbol":"SIM","quantity":"100000.000","price":"0.00061821","timestamp":1641926604,"volume":"61.82100000","buyTxId":"f4a69a3a3dbbb5f5ffa20227b4b8ca0af02319e1-3","sellTxId":"05aff2a78cd42188a846f332793a20ff2a67f9b1"}
{"index": {"_index":"sim","_id":"2521369"}}
	{"id":2521369,"type":"sell","buyer":"princekham","seller":"jrcornel","symbol":"SIM","quantity":"35674.999","price":"0.00061820","timestamp":1641926604,"volume":"22.05428438","buyTxId":"b058baadde6fa02cd1b5d76b1686f331e60a6b3b","sellTxId":"05aff2a78cd42188a846f332793a20ff2a67f9b1"}
{"index": {"_index":"sim","_id":"2521455"}}
	{"id":2521455,"type":"buy","buyer":"worldfinances","seller":"pi-trader","symbol":"SIM","quantity":"50000.000","price":"0.00064899","timestamp":1641926985,"volume":"32.44950000","buyTxId":"0d1db08ce33145930dea93c3e904dc8ef44fc2ae","sellTxId":"0d09ebbdf300a98b8d45738572a6181b53f5e109-2"}
{"index": {"_index":"sim","_id":"2521517"}}
	{"id":2521517,"type":"buy","buyer":"jjprac","seller":"pi-trader","symbol":"SIM","quantity":"3082.000","price":"0.00064899","timestamp":1641927309,"volume":"2.00018718","buyTxId":"6176e774084735c68d5c4018127b206af2f02e6e","sellTxId":"49797e2c0ee1f9c6be530795844730fdc74c313e-3"}
{"index": {"_index":"sim","_id":"2521529"}}
	{"id":2521529,"type":"sell","buyer":"pi-trader","seller":"damla","symbol":"SIM","quantity":"0.824","price":"0.00061821","timestamp":1641927342,"volume":"0.00050941","buyTxId":"956c5b77b4caa2e8a926455136c7411173e03458-2","sellTxId":"811d61324d1a68fa908a9f25566dcfd62e8aa655"}
{"index": {"_index":"sim","_id":"2521596"}}
	{"id":2521596,"type":"buy","buyer":"automaton","seller":"pi-trader","symbol":"SIM","quantity":"800.000","price":"0.00064899","timestamp":1641927960,"volume":"0.51919200","buyTxId":"1c534bae50da14bbbbc5c2eafa516074bdc2af0d","sellTxId":"58a9f2bc74345c6fad0b38aa71271d955c3b04ee-5"}
{"index": {"_index":"sim","_id":"2521741"}}
	{"id":2521741,"type":"sell","buyer":"pi-trader","seller":"lisamgentile1961","symbol":"SIM","quantity":"25.692","price":"0.00061821","timestamp":1641929532,"volume":"0.01588305","buyTxId":"736955b6b198deb6e96bfab5de731375e1de1c2b-1","sellTxId":"95d630ee5f04245e0d61d85eddfc243eb65a4d4e"}
{"index": {"_index":"sim","_id":"2521900"}}
	{"id":2521900,"type":"sell","buyer":"pi-trader","seller":"dswap","symbol":"SIM","quantity":"6815.000","price":"0.00061821","timestamp":1641931512,"volume":"4.21310115","buyTxId":"d92874ebd8a19bf031547ea8b42cdeb43e04f1bd-1","sellTxId":"641d51578f78a207f2002eaeac14a97d7506404c"}
{"index": {"_index":"sim","_id":"2521913"}}
	{"id":2521913,"type":"sell","buyer":"pi-trader","seller":"curatorcat","symbol":"SIM","quantity":"43.162","price":"0.00061821","timestamp":1641931716,"volume":"0.02668318","buyTxId":"ac479ad187cf98e81916dbd3f23011c578d38d61-3","sellTxId":"556e6deb91d2b9347e513bbb787aee0de8f2c0d0"}
{"index": {"_index":"sim","_id":"2521929"}}
	{"id":2521929,"type":"sell","buyer":"pi-trader","seller":"brofi-market","symbol":"SIM","quantity":"0.001","price":"0.00061821","timestamp":1641931923,"volume":"0.00000062","buyTxId":"0725a8259c16b412a5bbf4ab3f7ca073e70d0be0-1","sellTxId":"fa2214d0ea3028cb16b6d110c7f071416e1ec792"}
{"index": {"_index":"sim","_id":"2522316"}}
	{"id":2522316,"type":"sell","buyer":"pi-trader","seller":"cursephantom","symbol":"SIM","quantity":"1.000","price":"0.00061821","timestamp":1641935502,"volume":"0.00061821","buyTxId":"39cdc97789cd206915a5096866e807e1de997ce3-1","sellTxId":"ca8642b9ee4912cfa6f815e52d127d2ec61be3c8"}
{"index": {"_index":"sim","_id":"2522347"}}
	{"id":2522347,"type":"sell","buyer":"pi-trader","seller":"jrcornel","symbol":"SIM","quantity":"54977.000","price":"0.00061821","timestamp":1641936015,"volume":"33.98733117","buyTxId":"f1952beb17f0a04e8cf1d2ba8496a7eb15bf1213-3","sellTxId":"ed0cf440fef548e19c8f7bfab93420eeeb82bf30"}
{"index": {"_index":"sim","_id":"2522355"}}
	{"id":2522355,"type":"buy","buyer":"dkid14","seller":"pi-trader","symbol":"SIM","quantity":"6400.000","price":"0.00063999","timestamp":1641936150,"volume":"4.09593600","buyTxId":"c3c6896da17240644a1ad2581da12927fa4da33e","sellTxId":"17e655a09af1b920d29d46a6fb4d34866921f948-2"}
{"index": {"_index":"sim","_id":"2522404"}}
	{"id":2522404,"type":"buy","buyer":"svirus","seller":"steem-hodler","symbol":"SIM","quantity":"35300.000","price":"0.00062000","timestamp":1641936867,"volume":"21.88600000","buyTxId":"53ee7a66acaa17b817969714f0c110ee1adb447a-0","sellTxId":"df645b39dfb30f90bd1a04285a2927aad2f0692e"}
{"index": {"_index":"sim","_id":"2522484"}}
	{"id":2522484,"type":"sell","buyer":"pi-trader","seller":"florian-glechner","symbol":"SIM","quantity":"54.004","price":"0.00061821","timestamp":1641937491,"volume":"0.03338581","buyTxId":"2e6afb3911ecc90bbe2ca9505de78de00d8737e1-4","sellTxId":"d981bfffebaf5fac589ab59c6c2247e5649728ef"}
{"index": {"_index":"sim","_id":"2522534"}}
	{"id":2522534,"type":"sell","buyer":"pi-trader","seller":"votebetting","symbol":"SIM","quantity":"77.170","price":"0.00061821","timestamp":1641938004,"volume":"0.04770727","buyTxId":"9cb0a2a319a178532239a260f2ad2294c034ab2d-1","sellTxId":"b056bb64d4391e81a8f0af943cfababe101aef3a"}
{"index": {"_index":"sim","_id":"2522631"}}
	{"id":2522631,"type":"sell","buyer":"pi-trader","seller":"nrg","symbol":"SIM","quantity":"12328.000","price":"0.00061977","timestamp":1641939105,"volume":"7.64052456","buyTxId":"b243ce2865675cfeac6510185612ae4ce51e37ae-1","sellTxId":"49a44d316d52feb2219603e802f58a9b91a367d0-3"}
{"index": {"_index":"sim","_id":"2522770"}}
	{"id":2522770,"type":"buy","buyer":"hilbyguy","seller":"medaymane","symbol":"SIM","quantity":"2130.000","price":"0.00062900","timestamp":1641940899,"volume":"1.33977000","buyTxId":"9b943f77d471b56cb5719580a5cd4bc4019658fb","sellTxId":"a0c21645ae617b728bfe78d94e02cab89fbc6d2c"}
{"index": {"_index":"sim","_id":"2522850"}}
	{"id":2522850,"type":"sell","buyer":"godhatesusall","seller":"mosho-o","symbol":"SIM","quantity":"0.131","price":"0.00062133","timestamp":1641941802,"volume":"0.00008139","buyTxId":"f5dfa1ed91be40f470d457c10c2d87f1ec528e36","sellTxId":"d3b9762a97836468415b6148be8dcb0c13dab670"}
{"index": {"_index":"sim","_id":"2522875"}}
	{"id":2522875,"type":"sell","buyer":"godhatesusall","seller":"solarpowers","symbol":"SIM","quantity":"445.488","price":"0.00062133","timestamp":1641942144,"volume":"0.27679506","buyTxId":"f5dfa1ed91be40f470d457c10c2d87f1ec528e36","sellTxId":"4a1c809a1e20fc4ee5ce97b8e2bce01494d38702"}
{"index": {"_index":"sim","_id":"2522876"}}
	{"id":2522876,"type":"sell","buyer":"jelly-cz","seller":"solarpowers","symbol":"SIM","quantity":"8359.512","price":"0.00062132","timestamp":1641942144,"volume":"5.19393200","buyTxId":"MM-P-13859247-60846351-3-29-0","sellTxId":"4a1c809a1e20fc4ee5ce97b8e2bce01494d38702"}
{"index": {"_index":"sim","_id":"2522896"}}
	{"id":2522896,"type":"sell","buyer":"jelly-cz","seller":"egistar","symbol":"SIM","quantity":"1000","price":"0.00062132","timestamp":1641942279,"volume":"0.62132000","buyTxId":"MM-P-13859247-60846351-3-29-0","sellTxId":"b225f2230583d1934490ccf26594dc086ed46b9b"}
{"index": {"_index":"sim","_id":"2522918"}}
	{"id":2522918,"type":"sell","buyer":"jelly-cz","seller":"egistar","symbol":"SIM","quantity":"1000","price":"0.00062132","timestamp":1641942579,"volume":"0.62132000","buyTxId":"MM-P-13859247-60846351-3-29-0","sellTxId":"d56b425945170c6cd1870a0fc7469204f409c4ce"}
{"index": {"_index":"sim","_id":"2522956"}}
	{"id":2522956,"type":"sell","buyer":"jelly-cz","seller":"egistar","symbol":"SIM","quantity":"700","price":"0.00062132","timestamp":1641943344,"volume":"0.43492400","buyTxId":"MM-P-13859247-60846351-3-29-0","sellTxId":"c27b2fc9564fbee43ce3791455983dec2e943594"}
{"index": {"_index":"sim","_id":"2522970"}}
	{"id":2522970,"type":"sell","buyer":"jelly-cz","seller":"themanwithnoname","symbol":"SIM","quantity":"73.893","price":"0.00062132","timestamp":1641943554,"volume":"0.04591120","buyTxId":"MM-P-13859247-60846351-3-29-0","sellTxId":"60341860118ef020d894248f7101b11fe9539e6a"}
{"index": {"_index":"sim","_id":"2522978"}}
	{"id":2522978,"type":"buy","buyer":"lrekt01","seller":"medaymane","symbol":"SIM","quantity":"15.000","price":"0.00062900","timestamp":1641943719,"volume":"0.00943500","buyTxId":"6eb546c920ad3c7149ecbb4350b1ce255ae1988b","sellTxId":"a0c21645ae617b728bfe78d94e02cab89fbc6d2c"}
{"index": {"_index":"sim","_id":"2523019"}}
	{"id":2523019,"type":"sell","buyer":"jelly-cz","seller":"thegoliath","symbol":"SIM","quantity":"1162.258","price":"0.00062132","timestamp":1641944184,"volume":"0.72213414","buyTxId":"MM-P-13859247-60846351-3-29-0","sellTxId":"75a191dfc7d9578d603d547e7f03df1b008f277e"}
{"index": {"_index":"sim","_id":"2523021"}}
	{"id":2523021,"type":"sell","buyer":"jelly-cz","seller":"kevinnag58","symbol":"SIM","quantity":"3000","price":"0.00062132","timestamp":1641944262,"volume":"1.86396000","buyTxId":"MM-P-13859247-60846351-3-29-0","sellTxId":"708d49bc6307040bbeabff1f1874c25b24690575"}
{"index": {"_index":"sim","_id":"2523054"}}
	{"id":2523054,"type":"sell","buyer":"jelly-cz","seller":"jesuscarrion","symbol":"SIM","quantity":"147.000","price":"0.00062132","timestamp":1641944775,"volume":"0.09133404","buyTxId":"MM-P-13859247-60846351-3-29-0","sellTxId":"f51046d7b3c9369ca5f93bfb15727678f5bb007f"}
{"index": {"_index":"sim","_id":"2523099"}}
	{"id":2523099,"type":"sell","buyer":"jelly-cz","seller":"monsterjamgold","symbol":"SIM","quantity":"2039.000","price":"0.00062132","timestamp":1641945183,"volume":"1.26687148","buyTxId":"MM-P-13859247-60846351-3-29-0","sellTxId":"80138b7fa932c24bda1598d610987731e4c4db51"}
{"index": {"_index":"sim","_id":"2523168"}}
	{"id":2523168,"type":"sell","buyer":"jelly-cz","seller":"brofi-market","symbol":"SIM","quantity":"0.004","price":"0.00062132","timestamp":1641946443,"volume":"0.00000249","buyTxId":"MM-P-13859247-60846351-3-29-0","sellTxId":"6798eaba849da72a8f445a8f1072dba1a244d67a"}
{"index": {"_index":"sim","_id":"2523199"}}
	{"id":2523199,"type":"buy","buyer":"sevenoh-fiveoh","seller":"medaymane","symbol":"SIM","quantity":"577.000","price":"0.00062900","timestamp":1641946677,"volume":"0.36293300","buyTxId":"929d20dcf11ef578936cd3313748848afe43f53e","sellTxId":"a0c21645ae617b728bfe78d94e02cab89fbc6d2c"}
{"index": {"_index":"sim","_id":"2523200"}}
	{"id":2523200,"type":"buy","buyer":"sevenoh-fiveoh","seller":"brofi-market","symbol":"SIM","quantity":"0.004","price":"0.00062900","timestamp":1641946677,"volume":"0.00000252","buyTxId":"929d20dcf11ef578936cd3313748848afe43f53e","sellTxId":"546f7212f389a1be80bfeeb9d1d4bc8d38dca9c4"}
{"index": {"_index":"sim","_id":"2523201"}}
	{"id":2523201,"type":"buy","buyer":"sevenoh-fiveoh","seller":"brofi-market","symbol":"SIM","quantity":"0.001","price":"0.00063999","timestamp":1641946677,"volume":"0.00000064","buyTxId":"929d20dcf11ef578936cd3313748848afe43f53e","sellTxId":"2f77a6129bda2811f276575dccbf51cc9a7e770b"}
{"index": {"_index":"sim","_id":"2523202"}}
	{"id":2523202,"type":"buy","buyer":"sevenoh-fiveoh","seller":"desyfit","symbol":"SIM","quantity":"12092.995","price":"0.00064000","timestamp":1641946677,"volume":"7.73951680","buyTxId":"929d20dcf11ef578936cd3313748848afe43f53e","sellTxId":"e9e63515361c3902e52fc44b32d3be60c05f16a1"}
{"index": {"_index":"sim","_id":"2523219"}}
	{"id":2523219,"type":"sell","buyer":"jelly-cz","seller":"balte","symbol":"SIM","quantity":"25974.201","price":"0.00062132","timestamp":1641946902,"volume":"16.13829056","buyTxId":"MM-P-13859247-60846351-3-29-0","sellTxId":"0d5b4f889a7e351107af1c7931a79beacf3a229d"}
{"index": {"_index":"sim","_id":"2523220"}}
	{"id":2523220,"type":"buy","buyer":"svirus","seller":"balte","symbol":"SIM","quantity":"12025.790","price":"0.00062132","timestamp":1641946905,"volume":"7.47186384","buyTxId":"b94bee3c4f47651987425662b821a39a55442d4c-0","sellTxId":"0d5b4f889a7e351107af1c7931a79beacf3a229d"}
{"index": {"_index":"sim","_id":"2523321"}}
	{"id":2523321,"type":"sell","buyer":"jelly-cz","seller":"kasaisoul","symbol":"SIM","quantity":"0.073","price":"0.00061871","timestamp":1641948321,"volume":"0.00004517","buyTxId":"MM-P-13861433-60848537-3-29-0","sellTxId":"9cd7e074d5f11dac9dbe613c1f1dd2973bd11e5b"}
{"index": {"_index":"sim","_id":"2523401"}}
	{"id":2523401,"type":"sell","buyer":"jelly-cz","seller":"fiberfrau","symbol":"SIM","quantity":"7.249","price":"0.00061923","timestamp":1641949023,"volume":"0.00448880","buyTxId":"MM-P-13862032-60849136-3-29-0","sellTxId":"1a80e04f45219a958dd316b1f9d54d9c723eab35"}
{"index": {"_index":"sim","_id":"2523489"}}
	{"id":2523489,"type":"sell","buyer":"jelly-cz","seller":"yintercept","symbol":"SIM","quantity":"6.521","price":"0.00061923","timestamp":1641950019,"volume":"0.00403800","buyTxId":"MM-P-13862032-60849136-3-29-0","sellTxId":"117dbf42941ba744acd37dfe937be5eb33db721a"}
{"index": {"_index":"sim","_id":"2523629"}}
	{"id":2523629,"type":"buy","buyer":"johndieo","seller":"elianaicgomes","symbol":"SIM","quantity":"1232.419","price":"0.00062000","timestamp":1641951372,"volume":"0.76409978","buyTxId":"22d552eb5e26141b9794e67259c1245b4c045832","sellTxId":"c3f29c5cb02a08e84abca00db6f8f4207e85af7f"}
{"index": {"_index":"sim","_id":"2524226"}}
	{"id":2524226,"type":"buy","buyer":"jelly-cz","seller":"balte","symbol":"SIM","quantity":"0.009","price":"0.00062132","timestamp":1641956208,"volume":"0.00000559","buyTxId":"MM-P-13864528-60851632-3-29-0","sellTxId":"0d5b4f889a7e351107af1c7931a79beacf3a229d"}
{"index": {"_index":"sim","_id":"2524317"}}
	{"id":2524317,"type":"buy","buyer":"konvik","seller":"desyfit","symbol":"SIM","quantity":"87907.005","price":"0.00064000","timestamp":1641957177,"volume":"56.26048320","buyTxId":"a8324e434186f4acdb12cef3c036efa06b4a8162-0","sellTxId":"e9e63515361c3902e52fc44b32d3be60c05f16a1"}
{"index": {"_index":"sim","_id":"2524334"}}
	{"id":2524334,"type":"sell","buyer":"pi-trader","seller":"quantumg","symbol":"SIM","quantity":"1472.500","price":"0.00062299","timestamp":1641957243,"volume":"0.91735278","buyTxId":"f1f4ad2da6275cb56d60f76717a0ac29e45a09e5-1","sellTxId":"6d8e10cc7c41514f61e4a7dfbb1f9c8a859b9fa3"}
{"index": {"_index":"sim","_id":"2524408"}}
	{"id":2524408,"type":"sell","buyer":"pi-trader","seller":"goldcoin","symbol":"SIM","quantity":"33.780","price":"0.00062455","timestamp":1641958209,"volume":"0.02109730","buyTxId":"c4d73e0ff418b0bbb8ad8892312d8921a0e9fb87-1","sellTxId":"12bb4f4151b5ab7fb717f22df2c96264d4fe92e6"}
{"index": {"_index":"sim","_id":"2524411"}}
	{"id":2524411,"type":"sell","buyer":"pi-trader","seller":"casilokodesing","symbol":"SIM","quantity":"1453.000","price":"0.00062455","timestamp":1641958290,"volume":"0.90747115","buyTxId":"02c4a0baf10321e18d82318aaaa96339b5594470-1","sellTxId":"a2701d8517c4db2077d735cdaf62211308729672"}
{"index": {"_index":"sim","_id":"2524421"}}
	{"id":2524421,"type":"sell","buyer":"pi-trader","seller":"theshaki","symbol":"SIM","quantity":"60.786","price":"0.00062507","timestamp":1641958434,"volume":"0.03799551","buyTxId":"503cd9306e41b29e8023c0eef75b4e50a42cf626-3","sellTxId":"e47a3c20632d662e62d01b4e6b1971cdf77b9e5f"}
{"index": {"_index":"sim","_id":"2524444"}}
	{"id":2524444,"type":"sell","buyer":"pi-trader","seller":"hive.miner","symbol":"SIM","quantity":"77.000","price":"0.00062559","timestamp":1641958671,"volume":"0.04817043","buyTxId":"42d93416af108d00b30e60d29ff460adb6d88327-1","sellTxId":"f9652b24c5f6756aa2d82f2d038307d6a4da7dcc"}
{"index": {"_index":"sim","_id":"2524480"}}
	{"id":2524480,"type":"buy","buyer":"dkid14","seller":"sbi-tokens","symbol":"SIM","quantity":"11825.752","price":"0.00064900","timestamp":1641959568,"volume":"7.67491305","buyTxId":"e5e4ef21477b23b5ee3cbc5c760679bc064e4ded","sellTxId":"f0005c124ac7f7db0a7b19b79727f7d53d2e0800"}
{"index": {"_index":"sim","_id":"2524481"}}
	{"id":2524481,"type":"sell","buyer":"dkid14","seller":"konvik","symbol":"SIM","quantity":"27374.176","price":"0.00064900","timestamp":1641959571,"volume":"17.76584022","buyTxId":"e5e4ef21477b23b5ee3cbc5c760679bc064e4ded","sellTxId":"c0c719800f8860790041fcebd083671ab535b8d5-1"}
{"index": {"_index":"sim","_id":"2524482"}}
	{"id":2524482,"type":"sell","buyer":"dkid14","seller":"svirus","symbol":"SIM","quantity":"27.128","price":"0.00064900","timestamp":1641959571,"volume":"0.01760607","buyTxId":"e5e4ef21477b23b5ee3cbc5c760679bc064e4ded","sellTxId":"d15cb05e89458b7c6d174c6cf178a3f6d960833d-1"}
{"index": {"_index":"sim","_id":"2524487"}}
	{"id":2524487,"type":"sell","buyer":"pi-trader","seller":"dswap","symbol":"SIM","quantity":"0.15","price":"0.00062715","timestamp":1641959691,"volume":"0.00009407","buyTxId":"7813d4057dfab6e3b734433298ad71e2ef648ef3-1","sellTxId":"f52b18f7ab26f226bf327ec8250d4a723f14410f"}
