{"index": {"_index":"sim","_id":"3823449"}}
	{"id":3823449,"type":"buy","buyer":"libert","seller":"nftmart.fees","symbol":"SIM","quantity":"173.000","price":"0.00043381","timestamp":1656729381,"volume":"0.07504913","buyTxId":"2fcad6159086b7ad8cd7be6791e9ee798df9f1c7","sellTxId":"100b1bb2b53ef36db4fc0c1253bc43563abfc019-0"}
{"index": {"_index":"sim","_id":"3823450"}}
	{"id":3823450,"type":"buy","buyer":"libert","seller":"jelly-cz","symbol":"SIM","quantity":"4068.394","price":"0.00043382","timestamp":1656729381,"volume":"1.76495087","buyTxId":"2fcad6159086b7ad8cd7be6791e9ee798df9f1c7","sellTxId":"MM-P-18764784-65757116-3-32-0"}
{"index": {"_index":"sim","_id":"3823502"}}
	{"id":3823502,"type":"buy","buyer":"cryptogillone","seller":"nftmart.fees","symbol":"SIM","quantity":"150.000","price":"0.00043381","timestamp":1656730509,"volume":"0.06507150","buyTxId":"420de0e31654f3cee6e20802dca6a4a1827a71ee","sellTxId":"ee95924a5853f551f5c88af7e606f5563f18fa92-0"}
{"index": {"_index":"sim","_id":"3823503"}}
	{"id":3823503,"type":"buy","buyer":"cryptogillone","seller":"jelly-cz","symbol":"SIM","quantity":"278.844","price":"0.00043382","timestamp":1656730509,"volume":"0.12096850","buyTxId":"420de0e31654f3cee6e20802dca6a4a1827a71ee","sellTxId":"MM-P-18764784-65757116-3-32-0"}
{"index": {"_index":"sim","_id":"3823687"}}
	{"id":3823687,"type":"sell","buyer":"pi-trader","seller":"bitcoinflood","symbol":"SIM","quantity":"3298.678","price":"0.00042001","timestamp":1656733953,"volume":"1.38547775","buyTxId":"ee7720af8eb20c22f7bdebe3c18c50f43bfaf779-1","sellTxId":"b52e0d4e4815645cfa591861d5bebd78fa228adf"}
{"index": {"_index":"sim","_id":"3823793"}}
	{"id":3823793,"type":"buy","buyer":"forsakensushi","seller":"nftmart.fees","symbol":"SIM","quantity":"131.000","price":"0.00043381","timestamp":1656736140,"volume":"0.05682911","buyTxId":"a4e3ee1abb435b2aa33a0fe92a71c8e4c6af0567","sellTxId":"e987acce3d9029676d566de818faef49a3ba4dcd-0"}
{"index": {"_index":"sim","_id":"3823794"}}
	{"id":3823794,"type":"buy","buyer":"forsakensushi","seller":"jelly-cz","symbol":"SIM","quantity":"99239.681","price":"0.00043382","timestamp":1656736140,"volume":"43.05215841","buyTxId":"a4e3ee1abb435b2aa33a0fe92a71c8e4c6af0567","sellTxId":"MM-P-18764784-65757116-3-32-0"}
{"index": {"_index":"sim","_id":"3823795"}}
	{"id":3823795,"type":"buy","buyer":"forsakensushi","seller":"he-index","symbol":"SIM","quantity":"193.701","price":"0.00043533","timestamp":1656736140,"volume":"0.08432386","buyTxId":"a4e3ee1abb435b2aa33a0fe92a71c8e4c6af0567","sellTxId":"ce8cd5461ce4ad1108568dbf00d087319fb48840"}
{"index": {"_index":"sim","_id":"3823796"}}
	{"id":3823796,"type":"buy","buyer":"forsakensushi","seller":"medaymane","symbol":"SIM","quantity":"3359.650","price":"0.00043533","timestamp":1656736140,"volume":"1.46255643","buyTxId":"a4e3ee1abb435b2aa33a0fe92a71c8e4c6af0567","sellTxId":"2abd30ea218cfb26e1fd48e68a809da89274c7c9"}
{"index": {"_index":"sim","_id":"3823797"}}
	{"id":3823797,"type":"buy","buyer":"forsakensushi","seller":"desyfit","symbol":"SIM","quantity":"97075.968","price":"0.00043990","timestamp":1656736140,"volume":"42.70371832","buyTxId":"a4e3ee1abb435b2aa33a0fe92a71c8e4c6af0567","sellTxId":"c8a233cecbc3534361721e2819dc1c6467eaff77"}
{"index": {"_index":"sim","_id":"3823801"}}
	{"id":3823801,"type":"buy","buyer":"forsakensushi","seller":"pi-trader","symbol":"SIM","quantity":"50000.000","price":"0.00043989","timestamp":1656736176,"volume":"21.99450000","buyTxId":"ec0726933bc91d439ba9b97e978101611d6330ec","sellTxId":"3a793de29a467d2690a43b709d15e8a24e28a811-6"}
{"index": {"_index":"sim","_id":"3823802"}}
	{"id":3823802,"type":"buy","buyer":"forsakensushi","seller":"desyfit","symbol":"SIM","quantity":"51410.216","price":"0.00043990","timestamp":1656736176,"volume":"22.61535402","buyTxId":"ec0726933bc91d439ba9b97e978101611d6330ec","sellTxId":"c8a233cecbc3534361721e2819dc1c6467eaff77"}
{"index": {"_index":"sim","_id":"3823803"}}
	{"id":3823803,"type":"buy","buyer":"forsakensushi","seller":"looftee","symbol":"SIM","quantity":"27839.000","price":"0.00044000","timestamp":1656736176,"volume":"12.24916000","buyTxId":"ec0726933bc91d439ba9b97e978101611d6330ec","sellTxId":"45ce7765f92fc0c0f02514038fa01e538162ebee"}
{"index": {"_index":"sim","_id":"3823804"}}
	{"id":3823804,"type":"sell","buyer":"forsakensushi","seller":"konvik","symbol":"SIM","quantity":"20750.784","price":"0.00044000","timestamp":1656736179,"volume":"9.13034496","buyTxId":"ec0726933bc91d439ba9b97e978101611d6330ec","sellTxId":"00368baed02a919d547028c680aea9c9da2c4f43-20"}
{"index": {"_index":"sim","_id":"3823865"}}
	{"id":3823865,"type":"buy","buyer":"gondek","seller":"pi-trader","symbol":"SIM","quantity":"1600.000","price":"0.00044093","timestamp":1656736674,"volume":"0.70548800","buyTxId":"6e8315690bb585c2a8116607b08c04d42d003d49","sellTxId":"2b583bf8cef5eb9ac866125066ca383d7bef9571-3"}
{"index": {"_index":"sim","_id":"3823946"}}
	{"id":3823946,"type":"buy","buyer":"brainslayer","seller":"pi-trader","symbol":"SIM","quantity":"5371.439","price":"0.00043789","timestamp":1656737475,"volume":"2.35209942","buyTxId":"9985e5eebd7ace0ba6397c833c4fc3d4aea7b8ef","sellTxId":"6602853b2917d1a1ef66e34499a49cb47890e52b-6"}
{"index": {"_index":"sim","_id":"3824456"}}
	{"id":3824456,"type":"sell","buyer":"mmrx","seller":"bridz","symbol":"SIM","quantity":"18527.085","price":"0.00043001","timestamp":1656746091,"volume":"7.96683182","buyTxId":"MM-P-18773346-65765700-3-39-0","sellTxId":"f273b611f4d09b1f6eebee3965727bff5508b502"}
{"index": {"_index":"sim","_id":"3824537"}}
	{"id":3824537,"type":"sell","buyer":"pi-trader","seller":"steem82868","symbol":"SIM","quantity":"1.000","price":"0.00042001","timestamp":1656747012,"volume":"0.00042001","buyTxId":"5e42faba212e575b331fdc09f3ff17cbac059e92-1","sellTxId":"fdc5cb97ecf729fa062673b16c9082c14da57bb9"}
{"index": {"_index":"sim","_id":"3824784"}}
	{"id":3824784,"type":"buy","buyer":"dswap","seller":"mmrx","symbol":"SIM","quantity":"2133.683","price":"0.00042992","timestamp":1656751527,"volume":"0.91731320","buyTxId":"8b9f571c8683272a98ac4da66024d54c901f1375","sellTxId":"MM-P-18777919-65770294-3-39-0"}
{"index": {"_index":"sim","_id":"3824789"}}
	{"id":3824789,"type":"buy","buyer":"dswap","seller":"mmrx","symbol":"SIM","quantity":"2944.780","price":"0.00042992","timestamp":1656751632,"volume":"1.26602000","buyTxId":"8683e2d5673b2e6118dc59e3c7aa08fde30b7387","sellTxId":"MM-P-18777919-65770294-3-39-0"}
{"index": {"_index":"sim","_id":"3825055"}}
	{"id":3825055,"type":"sell","buyer":"pi-trader","seller":"forsakensushi","symbol":"SIM","quantity":"150000.000","price":"0.00042001","timestamp":1656755961,"volume":"63.00150000","buyTxId":"0785d1bf1c5ff5be83fa57f5eef2f3f00055caff-2","sellTxId":"5f096b9beed2b47c05cb45c3a0255703bb74c0f0"}
{"index": {"_index":"sim","_id":"3825056"}}
	{"id":3825056,"type":"buy","buyer":"mary-jane","seller":"mmrx","symbol":"SIM","quantity":"9000.000","price":"0.00042984","timestamp":1656755970,"volume":"3.86856000","buyTxId":"de7affd751f70f27bb698cee6c807a9b12482660","sellTxId":"MM-P-18779512-65771893-3-39-0"}
{"index": {"_index":"sim","_id":"3825057"}}
	{"id":3825057,"type":"sell","buyer":"ironshield","seller":"forsakensushi","symbol":"SIM","quantity":"10000.000","price":"0.00042000","timestamp":1656755988,"volume":"4.20000000","buyTxId":"55183ddeb35f7723d72342011585cf1c1afcfe86","sellTxId":"a6da3a8ad5ef0d50144565bae326de495c817df3"}
{"index": {"_index":"sim","_id":"3825058"}}
	{"id":3825058,"type":"buy","buyer":"pi-trader","seller":"forsakensushi","symbol":"SIM","quantity":"140000.000","price":"0.00042000","timestamp":1656755988,"volume":"58.80000000","buyTxId":"94875ebf8e7b0f36dbf72ee99ad4c87172faf602-2","sellTxId":"a6da3a8ad5ef0d50144565bae326de495c817df3"}
{"index": {"_index":"sim","_id":"3825061"}}
	{"id":3825061,"type":"sell","buyer":"pi-trader","seller":"forsakensushi","symbol":"SIM","quantity":"10000.000","price":"0.00042001","timestamp":1656756006,"volume":"4.20010000","buyTxId":"94875ebf8e7b0f36dbf72ee99ad4c87172faf602-2","sellTxId":"509e833554722bd08848e8ce3829ca3d5f544d36"}
{"index": {"_index":"sim","_id":"3825062"}}
	{"id":3825062,"type":"buy","buyer":"konvik","seller":"forsakensushi","symbol":"SIM","quantity":"70662.426","price":"0.00042001","timestamp":1656756009,"volume":"29.67892554","buyTxId":"c34a505107b791c434258171a4bc55bec79df5fa-0","sellTxId":"509e833554722bd08848e8ce3829ca3d5f544d36"}
{"index": {"_index":"sim","_id":"3825159"}}
	{"id":3825159,"type":"sell","buyer":"pi-trader","seller":"chesatochi","symbol":"SIM","quantity":"15.000","price":"0.00041691","timestamp":1656756996,"volume":"0.00625365","buyTxId":"c68747f55cc2af1a629d59aafe5543b5b2d5aa84-3","sellTxId":"4fea28a9fc840aa9c429291a00fd0de8c5107294"}
{"index": {"_index":"sim","_id":"3825201"}}
	{"id":3825201,"type":"sell","buyer":"pi-trader","seller":"hive-143869","symbol":"SIM","quantity":"0.600","price":"0.00041691","timestamp":1656757458,"volume":"0.00025015","buyTxId":"18e90c623620db8ca87c19489403e2b1ca1195f7-1","sellTxId":"2804a1a628578a9e4589c8c12d59d25138a7241d"}
{"index": {"_index":"sim","_id":"3825310"}}
	{"id":3825310,"type":"sell","buyer":"pi-trader","seller":"garybilbao","symbol":"SIM","quantity":"3004.610","price":"0.00041691","timestamp":1656758910,"volume":"1.25265196","buyTxId":"b23003e87d00b7f607f8f835e76f90d00bb0fb28-2","sellTxId":"51af052387480218fe1eace820f1fb9d3719a82d"}
{"index": {"_index":"sim","_id":"3825384"}}
	{"id":3825384,"type":"sell","buyer":"pi-trader","seller":"minava.museum","symbol":"SIM","quantity":"0.100","price":"0.00041691","timestamp":1656759732,"volume":"0.00004169","buyTxId":"20819136ccde68ffa6f36ccaed88862548457b08-3","sellTxId":"aab0394793cfa1147e8ba3547f5c8c2085d7936e"}
{"index": {"_index":"sim","_id":"3825442"}}
	{"id":3825442,"type":"sell","buyer":"pi-trader","seller":"quotidien","symbol":"SIM","quantity":"2.500","price":"0.00041691","timestamp":1656760014,"volume":"0.00104228","buyTxId":"2f29c50f6b1e5465a396aa9d338108d91b0b4427-1","sellTxId":"43f5282d26fb78b84984d3eef8fe27a22bd12bd0"}
{"index": {"_index":"sim","_id":"3825699"}}
	{"id":3825699,"type":"buy","buyer":"konvik","seller":"mmrx","symbol":"SIM","quantity":"4448.622","price":"0.00042664","timestamp":1656765177,"volume":"1.89796009","buyTxId":"651a23d53078ed3c8be463a707ceb7d87a915e58-0","sellTxId":"MM-P-18782700-65775091-3-39-0"}
{"index": {"_index":"sim","_id":"3825700"}}
	{"id":3825700,"type":"buy","buyer":"konvik","seller":"nftmart.fees","symbol":"SIM","quantity":"114.000","price":"0.00042665","timestamp":1656765177,"volume":"0.04863810","buyTxId":"651a23d53078ed3c8be463a707ceb7d87a915e58-0","sellTxId":"dce93b4a439eba566efa69e85fbfb14a5bd6c7fd-0"}
{"index": {"_index":"sim","_id":"3825701"}}
	{"id":3825701,"type":"buy","buyer":"konvik","seller":"jelly-cz","symbol":"SIM","quantity":"154128.000","price":"0.00042679","timestamp":1656765177,"volume":"65.78028912","buyTxId":"651a23d53078ed3c8be463a707ceb7d87a915e58-0","sellTxId":"MM-P-18779909-65772293-3-32-0"}
{"index": {"_index":"sim","_id":"3825761"}}
	{"id":3825761,"type":"sell","buyer":"pi-trader","seller":"dhedge-drips","symbol":"SIM","quantity":"0.001","price":"0.00041691","timestamp":1656765918,"volume":"0.00000042","buyTxId":"fa41d8e21a2fb4e2b4fc05aa43d8100bb48da4ff-1","sellTxId":"6f17a0b10a00f215bf5f8ec7f9233f67a259a20b"}
{"index": {"_index":"sim","_id":"3825779"}}
	{"id":3825779,"type":"sell","buyer":"pi-trader","seller":"steem82868","symbol":"SIM","quantity":"0.400","price":"0.00041691","timestamp":1656766053,"volume":"0.00016676","buyTxId":"37f98ab53c42d39cb5461caabf315a00041ff333-1","sellTxId":"75b7fcf622e61d70e8421124429155d863a6a6af"}
{"index": {"_index":"sim","_id":"3826099"}}
	{"id":3826099,"type":"buy","buyer":"emanginasal","seller":"nftmart.fees","symbol":"SIM","quantity":"99.000","price":"0.00043485","timestamp":1656770745,"volume":"0.04305015","buyTxId":"e1ee3ef2919f736d33ac3a3918edd018dc2f893f","sellTxId":"ce6cb8ecb340e69d094c373640fbadbcd7fb3710-0"}
{"index": {"_index":"sim","_id":"3826100"}}
	{"id":3826100,"type":"buy","buyer":"emanginasal","seller":"jelly-cz","symbol":"SIM","quantity":"9384.922","price":"0.00043486","timestamp":1656770745,"volume":"4.08112718","buyTxId":"e1ee3ef2919f736d33ac3a3918edd018dc2f893f","sellTxId":"MM-P-18783399-65775790-3-32-0"}
{"index": {"_index":"sim","_id":"3826255"}}
	{"id":3826255,"type":"buy","buyer":"he-index","seller":"nftmart.fees","symbol":"SIM","quantity":"86.000","price":"0.00043485","timestamp":1656772470,"volume":"0.03739710","buyTxId":"68746f9bc6f23719cd3f778a7e1bd030061d7028","sellTxId":"b192de8fbb46df737eef9ff2d36ebc622d1c2e51-0"}
{"index": {"_index":"sim","_id":"3826256"}}
	{"id":3826256,"type":"buy","buyer":"he-index","seller":"jelly-cz","symbol":"SIM","quantity":"33.579","price":"0.00043486","timestamp":1656772470,"volume":"0.01460216","buyTxId":"68746f9bc6f23719cd3f778a7e1bd030061d7028","sellTxId":"MM-P-18783399-65775790-3-32-0"}
{"index": {"_index":"sim","_id":"3826579"}}
	{"id":3826579,"type":"sell","buyer":"pi-trader","seller":"duke77","symbol":"SIM","quantity":"1.270","price":"0.00041691","timestamp":1656774750,"volume":"0.00052948","buyTxId":"28908f75a493902f3ff9ce34555a3be85c666f6b-3","sellTxId":"7489eb9abb6512d100d528edba5d92dee029baa2"}
{"index": {"_index":"sim","_id":"3826898"}}
	{"id":3826898,"type":"buy","buyer":"forsakensushi","seller":"nftmart.fees","symbol":"SIM","quantity":"75.000","price":"0.00043485","timestamp":1656777405,"volume":"0.03261375","buyTxId":"c77889774cbdb40cea0ef08143dd4a0cc87f733e","sellTxId":"6c97f39ea59c55e3e10307503b117f59043a05ef-0"}
{"index": {"_index":"sim","_id":"3826899"}}
	{"id":3826899,"type":"buy","buyer":"forsakensushi","seller":"jelly-cz","symbol":"SIM","quantity":"4925.000","price":"0.00043486","timestamp":1656777405,"volume":"2.14168550","buyTxId":"c77889774cbdb40cea0ef08143dd4a0cc87f733e","sellTxId":"MM-P-18783399-65775790-3-32-0"}
{"index": {"_index":"sim","_id":"3826934"}}
	{"id":3826934,"type":"sell","buyer":"pi-trader","seller":"forsakensushi","symbol":"SIM","quantity":"150000.000","price":"0.00041691","timestamp":1656777975,"volume":"62.53650000","buyTxId":"b9d79bbe4aa28b23fd8a86e11924d69909604484-3","sellTxId":"fd604bd321fd1e82dbe896b93e9824c6c20315d7"}
{"index": {"_index":"sim","_id":"3827372"}}
	{"id":3827372,"type":"sell","buyer":"pi-trader","seller":"nftmart.fees","symbol":"SIM","quantity":"440.000","price":"0.00041693","timestamp":1656782490,"volume":"0.18344920","buyTxId":"37baf15147a6f72b8c8d822d10d1a6c3837caf5a-3","sellTxId":"90a9698e07ad66e2b59c88bb980314da45d57c92"}
{"index": {"_index":"sim","_id":"3827735"}}
	{"id":3827735,"type":"sell","buyer":"pi-trader","seller":"forsakensushi","symbol":"SIM","quantity":"27968.100","price":"0.00041691","timestamp":1656786525,"volume":"11.66018057","buyTxId":"c630c511f3bb37ed22aa26406c1e158f6cba4d07-1","sellTxId":"11ad5ab5e8fdc058c0218bfaa7024ecc829d35d1"}
{"index": {"_index":"sim","_id":"3827836"}}
	{"id":3827836,"type":"sell","buyer":"pi-trader","seller":"whitelightxpress","symbol":"SIM","quantity":"2.939","price":"0.00041691","timestamp":1656787221,"volume":"0.00122530","buyTxId":"a0b4a843ba9d937390f130762ad0355cf5307c4c-5","sellTxId":"93db073ddd6551ad152fa4c8e8ddf67181c9f4bf"}
{"index": {"_index":"sim","_id":"3827849"}}
	{"id":3827849,"type":"sell","buyer":"pi-trader","seller":"lifeskills-tv","symbol":"SIM","quantity":"2187","price":"0.00041691","timestamp":1656787347,"volume":"0.91178217","buyTxId":"ab53aef765d544bf9886668e7fc543794caae5ef-1","sellTxId":"1d68c943b2a27a0f348d0b767b3a8f62e5325d32"}
{"index": {"_index":"sim","_id":"3827870"}}
	{"id":3827870,"type":"sell","buyer":"pi-trader","seller":"dhedge-drips","symbol":"SIM","quantity":"52.499","price":"0.00041691","timestamp":1656787515,"volume":"0.02188736","buyTxId":"86a01f3cc0e0f899e89b90b99af641adb2be07f1-3","sellTxId":"c2fb0ad98d22147b140a10810ef3c0fcda84d0b3"}
{"index": {"_index":"sim","_id":"3827910"}}
	{"id":3827910,"type":"sell","buyer":"pi-trader","seller":"thatcryptodave","symbol":"SIM","quantity":"426.000","price":"0.00041691","timestamp":1656787863,"volume":"0.17760366","buyTxId":"0290d68206122d83043046a927a10bd80064371a-1","sellTxId":"03efa2c093c69ca9e6c5307930c4f70c572d6de8"}
{"index": {"_index":"sim","_id":"3828127"}}
	{"id":3828127,"type":"buy","buyer":"assassyn","seller":"jelly-cz","symbol":"SIM","quantity":"2000.000","price":"0.00042696","timestamp":1656789315,"volume":"0.85392000","buyTxId":"12d617750d9edda92e3eb3a38d0ca6d7f2f5b248","sellTxId":"MM-P-18790786-65783178-3-32-0"}
{"index": {"_index":"sim","_id":"3828129"}}
	{"id":3828129,"type":"buy","buyer":"dechuck","seller":"jelly-cz","symbol":"SIM","quantity":"700.000","price":"0.00042696","timestamp":1656789375,"volume":"0.29887200","buyTxId":"8d1c69ae52a9f184b519116b51c351f5d39eb5af","sellTxId":"MM-P-18790786-65783178-3-32-0"}
{"index": {"_index":"sim","_id":"3828160"}}
	{"id":3828160,"type":"sell","buyer":"pi-trader","seller":"forsakensushi","symbol":"SIM","quantity":"86518.400","price":"0.00041691","timestamp":1656789660,"volume":"36.07038614","buyTxId":"32e1239061c038952ac420eae9c0c7d6eaf0f714-5","sellTxId":"94c5d7e2827da24317fcb4d1e3d2288a8bcaeffe"}
{"index": {"_index":"sim","_id":"3828190"}}
	{"id":3828190,"type":"buy","buyer":"ana-maria","seller":"nftmart.fees","symbol":"SIM","quantity":"8.000","price":"0.00042695","timestamp":1656790215,"volume":"0.00341560","buyTxId":"2c9a9a4ff116c9f379fbe8ae4366424f5f0cb6ef","sellTxId":"f68d6feef307767f97a28761e4175d5330c1585f-0"}
{"index": {"_index":"sim","_id":"3828192"}}
	{"id":3828192,"type":"buy","buyer":"ana-maria","seller":"jelly-cz","symbol":"SIM","quantity":"407.000","price":"0.00042696","timestamp":1656790257,"volume":"0.17377272","buyTxId":"c73bd597cf64fccb727a277faaf2164f2944f0ab","sellTxId":"MM-P-18790786-65783178-3-32-0"}
{"index": {"_index":"sim","_id":"3828201"}}
	{"id":3828201,"type":"sell","buyer":"pi-trader","seller":"poliwalt10","symbol":"SIM","quantity":"6503.000","price":"0.00041691","timestamp":1656790359,"volume":"2.71116573","buyTxId":"de19e623c1e1852c823ec44e165743ce2537110c-3","sellTxId":"702730aa06e3f1a4b85573d3715a3ce9eb5a6e4a"}
{"index": {"_index":"sim","_id":"3828209"}}
	{"id":3828209,"type":"buy","buyer":"ana-maria","seller":"jelly-cz","symbol":"SIM","quantity":"616.000","price":"0.00042696","timestamp":1656790509,"volume":"0.26300736","buyTxId":"98ca63bf841ac1219d49c0fba672a0ec145f50bd","sellTxId":"MM-P-18790786-65783178-3-32-0"}
{"index": {"_index":"sim","_id":"3828222"}}
	{"id":3828222,"type":"buy","buyer":"ana-maria","seller":"jelly-cz","symbol":"SIM","quantity":"268.000","price":"0.00042696","timestamp":1656790734,"volume":"0.11442528","buyTxId":"5db7d0fa2b5b22293cac42fa60dad64dc83a5ec5","sellTxId":"MM-P-18790786-65783178-3-32-0"}
{"index": {"_index":"sim","_id":"3828367"}}
	{"id":3828367,"type":"buy","buyer":"ericwilson","seller":"nftmart.fees","symbol":"SIM","quantity":"7.000","price":"0.00042695","timestamp":1656792192,"volume":"0.00298865","buyTxId":"a72337046faf67c91420c33e8996c832d759453f","sellTxId":"1b57d646bf6334d811f1f3d8d1752b4429c16fa6-0"}
{"index": {"_index":"sim","_id":"3828470"}}
	{"id":3828470,"type":"sell","buyer":"pi-trader","seller":"dswap","symbol":"SIM","quantity":"37798","price":"0.00041691","timestamp":1656793257,"volume":"15.75836418","buyTxId":"c11f5c54a26142669d2ada91a3c243e8f1f9dd03-7","sellTxId":"24b5f94a31f89a990bbe0fb691b814ad7bb0349a"}
{"index": {"_index":"sim","_id":"3828661"}}
	{"id":3828661,"type":"buy","buyer":"cardi0","seller":"nftmart.fees","symbol":"SIM","quantity":"10.000","price":"0.00042543","timestamp":1656795567,"volume":"0.00425430","buyTxId":"c53b4563045b5a8673251eff1aa12b87c23520fa","sellTxId":"1dc595a27170533f04347abd4e401287fe7bdbd9-0"}
{"index": {"_index":"sim","_id":"3828662"}}
	{"id":3828662,"type":"buy","buyer":"cardi0","seller":"jelly-cz","symbol":"SIM","quantity":"44990.000","price":"0.00042544","timestamp":1656795567,"volume":"19.14054560","buyTxId":"c53b4563045b5a8673251eff1aa12b87c23520fa","sellTxId":"MM-P-18792377-65784776-3-32-0"}
{"index": {"_index":"sim","_id":"3828998"}}
	{"id":3828998,"type":"sell","buyer":"pi-trader","seller":"balte","symbol":"SIM","quantity":"26155.000","price":"0.00041691","timestamp":1656799386,"volume":"10.90428105","buyTxId":"01ce53fb96674252534fb7eaa15d6d72e34db665-5","sellTxId":"e2c58bf48c00122ddd012d3dc323692a338953ea"}
{"index": {"_index":"sim","_id":"3829643"}}
	{"id":3829643,"type":"buy","buyer":"cheftony","seller":"nftmart.fees","symbol":"SIM","quantity":"30.000","price":"0.00042399","timestamp":1656807339,"volume":"0.01271970","buyTxId":"20af0b391f4070b17b667929d6afde9c3d4871e0","sellTxId":"f455e3a1b8d5c48e5c88a57fa43de15aea50900d-0"}
{"index": {"_index":"sim","_id":"3829783"}}
	{"id":3829783,"type":"sell","buyer":"pi-trader","seller":"dhedge-drips","symbol":"SIM","quantity":"0.001","price":"0.00041693","timestamp":1656809115,"volume":"0.00000042","buyTxId":"c3007bb5701c9bddc9db900f550697e402292ec6-1","sellTxId":"17785b7eb46a966b6de649ae45dcc8856aaf3733"}
{"index": {"_index":"sim","_id":"3829910"}}
	{"id":3829910,"type":"sell","buyer":"pi-trader","seller":"andy4475","symbol":"SIM","quantity":"432.629","price":"0.00041693","timestamp":1656810405,"volume":"0.18037601","buyTxId":"5030ff91cc75492e1723783fc3b573b430efe7bb-1","sellTxId":"62218734a1c9fcc6ef51f3f77326b6fca6a000bb"}
{"index": {"_index":"sim","_id":"3830024"}}
	{"id":3830024,"type":"sell","buyer":"pi-trader","seller":"crazyphantombr","symbol":"SIM","quantity":"1.500","price":"0.00041693","timestamp":1656812193,"volume":"0.00062540","buyTxId":"f07fd5342be8030aafd265d60dc76d8e588e3c54-3","sellTxId":"0a116eaa784b2aba4e89bc25b6acb2bc5e9921fb"}
{"index": {"_index":"sim","_id":"3830026"}}
	{"id":3830026,"type":"buy","buyer":"thegoliath","seller":"nftmart.fees","symbol":"SIM","quantity":"26.000","price":"0.00042399","timestamp":1656812205,"volume":"0.01102374","buyTxId":"7507cca2ef16a0bdad164334ae9c27e2c84af405","sellTxId":"954777ef73e82b62c92340303771249b848a3fdc-0"}
{"index": {"_index":"sim","_id":"3830027"}}
	{"id":3830027,"type":"buy","buyer":"thegoliath","seller":"dhedge-drips","symbol":"SIM","quantity":"0.001","price":"0.00042400","timestamp":1656812205,"volume":"0.00000042","buyTxId":"7507cca2ef16a0bdad164334ae9c27e2c84af405","sellTxId":"5e999eed781baf1254b580eabd024806dda3f50d"}
{"index": {"_index":"sim","_id":"3830028"}}
	{"id":3830028,"type":"buy","buyer":"thegoliath","seller":"jelly-cz","symbol":"SIM","quantity":"154128.000","price":"0.00042400","timestamp":1656812205,"volume":"65.35027200","buyTxId":"7507cca2ef16a0bdad164334ae9c27e2c84af405","sellTxId":"MM-P-18798345-65790767-3-32-0"}
{"index": {"_index":"sim","_id":"3830029"}}
	{"id":3830029,"type":"buy","buyer":"thegoliath","seller":"he-index","symbol":"SIM","quantity":"193.402","price":"0.00042544","timestamp":1656812205,"volume":"0.08228095","buyTxId":"7507cca2ef16a0bdad164334ae9c27e2c84af405","sellTxId":"b1d79ef8a344678873566d46e6f02b95317bd9ac"}
{"index": {"_index":"sim","_id":"3830030"}}
	{"id":3830030,"type":"buy","buyer":"thegoliath","seller":"dhedge-drips","symbol":"SIM","quantity":"52.499","price":"0.00042847","timestamp":1656812205,"volume":"0.02249425","buyTxId":"7507cca2ef16a0bdad164334ae9c27e2c84af405","sellTxId":"16cca9e31706dd65dfef7c79ebfe4098b40fd225"}
{"index": {"_index":"sim","_id":"3830031"}}
	{"id":3830031,"type":"buy","buyer":"thegoliath","seller":"dhedge-drips","symbol":"SIM","quantity":"0.001","price":"0.00044093","timestamp":1656812205,"volume":"0.00000044","buyTxId":"7507cca2ef16a0bdad164334ae9c27e2c84af405","sellTxId":"792cc84c9494a239e317a39ffe4cce9628dc3fcc"}
{"index": {"_index":"sim","_id":"3830032"}}
	{"id":3830032,"type":"buy","buyer":"thegoliath","seller":"dhedge-drips","symbol":"SIM","quantity":"0.001","price":"0.00044396","timestamp":1656812205,"volume":"0.00000044","buyTxId":"7507cca2ef16a0bdad164334ae9c27e2c84af405","sellTxId":"cb99aed050f72f1af85608511952d47db759ae11"}
{"index": {"_index":"sim","_id":"3830033"}}
	{"id":3830033,"type":"buy","buyer":"thegoliath","seller":"archon-drips","symbol":"SIM","quantity":"292.612","price":"0.00044398","timestamp":1656812205,"volume":"0.12991388","buyTxId":"7507cca2ef16a0bdad164334ae9c27e2c84af405","sellTxId":"31ebe4f25e1adcb28d975378a2ad3675d4b3bb6a"}
{"index": {"_index":"sim","_id":"3830034"}}
	{"id":3830034,"type":"buy","buyer":"thegoliath","seller":"onlydoge","symbol":"SIM","quantity":"4037.847","price":"0.00047380","timestamp":1656812205,"volume":"1.91313191","buyTxId":"7507cca2ef16a0bdad164334ae9c27e2c84af405","sellTxId":"a1fc0b5472796f7e1d857744e1859f53b9e6eea8"}
{"index": {"_index":"sim","_id":"3830035"}}
	{"id":3830035,"type":"buy","buyer":"thegoliath","seller":"medaymane","symbol":"SIM","quantity":"11542.510","price":"0.00047390","timestamp":1656812205,"volume":"5.46999549","buyTxId":"7507cca2ef16a0bdad164334ae9c27e2c84af405","sellTxId":"5c37b5e4bab9b9941466772b030bd591f98e79a4"}
{"index": {"_index":"sim","_id":"3830036"}}
	{"id":3830036,"type":"buy","buyer":"thegoliath","seller":"eshr92","symbol":"SIM","quantity":"972.000","price":"0.00049000","timestamp":1656812205,"volume":"0.47628000","buyTxId":"7507cca2ef16a0bdad164334ae9c27e2c84af405","sellTxId":"ce4d02770eb9834033eda81d36e504518c1c7a68"}
{"index": {"_index":"sim","_id":"3830038"}}
	{"id":3830038,"type":"sell","buyer":"thegoliath","seller":"konvik","symbol":"SIM","quantity":"1028755.127","price":"0.00049000","timestamp":1656812214,"volume":"504.09001223","buyTxId":"7507cca2ef16a0bdad164334ae9c27e2c84af405","sellTxId":"ca929c570a5502992db9cd2a7b34d23cd21474c4-1"}
{"index": {"_index":"sim","_id":"3830047"}}
	{"id":3830047,"type":"sell","buyer":"pi-trader","seller":"papacrusher","symbol":"SIM","quantity":"198.745","price":"0.00041693","timestamp":1656812337,"volume":"0.08286275","buyTxId":"f8a9adc6b6dece6aaa3c56bf9859fe7bbd11bb3e-1","sellTxId":"e4453a101d8b43024872f2053803b24abcb6f60d"}
{"index": {"_index":"sim","_id":"3830231"}}
	{"id":3830231,"type":"sell","buyer":"pi-trader","seller":"hirohurl","symbol":"SIM","quantity":"64.822","price":"0.00041701","timestamp":1656815376,"volume":"0.02703142","buyTxId":"2931243fd9f9c9e4c47416f2d83d13ed6a8322ad-1","sellTxId":"f00ec3bfd1cd6fbc8e649d9f0239e6aa5a982ee9"}
