{"index": {"_index":"sim","_id":"3101359"}}
	{"id":3101359,"type":"sell","buyer":"steemshiro","seller":"dhedge-drips","symbol":"SIM","quantity":"8.500","price":"0.00038000","timestamp":1648773921,"volume":"0.00323000","buyTxId":"90e7ce0b67fba8a9c16440464985c0b94ea020e2","sellTxId":"6cb73a6819b22080de4dc2ed2a8ef0c7a1e1caa5"}
{"index": {"_index":"sim","_id":"3101384"}}
	{"id":3101384,"type":"buy","buyer":"dswap","seller":"nftmart.fees","symbol":"SIM","quantity":"1.000","price":"0.00038003","timestamp":1648774077,"volume":"0.00038003","buyTxId":"374c0322357f5fb49e4b7df9df2a4f7834aa6c21","sellTxId":"0ecb89a52a7e5360bd48af721ee7fbdf10bd15f3-0"}
{"index": {"_index":"sim","_id":"3101385"}}
	{"id":3101385,"type":"buy","buyer":"dswap","seller":"dhedge-drips","symbol":"SIM","quantity":"8.500","price":"0.00038003","timestamp":1648774077,"volume":"0.00323026","buyTxId":"374c0322357f5fb49e4b7df9df2a4f7834aa6c21","sellTxId":"2c07b05ee32c94d5dd8539323fc3c2836298d75e"}
{"index": {"_index":"sim","_id":"3101386"}}
	{"id":3101386,"type":"buy","buyer":"dswap","seller":"brofi-market","symbol":"SIM","quantity":"0.003","price":"0.00038005","timestamp":1648774077,"volume":"0.00000114","buyTxId":"374c0322357f5fb49e4b7df9df2a4f7834aa6c21","sellTxId":"d8517f4ef5bf3d128c934a8c3c267ad854b1f582"}
{"index": {"_index":"sim","_id":"3101387"}}
	{"id":3101387,"type":"buy","buyer":"dswap","seller":"he-index","symbol":"SIM","quantity":"90.347","price":"0.00038007","timestamp":1648774077,"volume":"0.03433818","buyTxId":"374c0322357f5fb49e4b7df9df2a4f7834aa6c21","sellTxId":"6ec1900bb080213262dfb673f3d03b0a0e7f2de2"}
{"index": {"_index":"sim","_id":"3101388"}}
	{"id":3101388,"type":"buy","buyer":"dswap","seller":"pi-trader","symbol":"SIM","quantity":"2185.282","price":"0.00039448","timestamp":1648774077,"volume":"0.86205039","buyTxId":"374c0322357f5fb49e4b7df9df2a4f7834aa6c21","sellTxId":"36f87e0743272f7c2283cd6ef82e5f91366e02a3-1"}
{"index": {"_index":"sim","_id":"3101702"}}
	{"id":3101702,"type":"sell","buyer":"steemshiro","seller":"backinblackdevil","symbol":"SIM","quantity":"4335.011","price":"0.00038000","timestamp":1648778127,"volume":"1.64730418","buyTxId":"90e7ce0b67fba8a9c16440464985c0b94ea020e2","sellTxId":"83d9f46b8779f0f8aa2b8823c981492d64df541c"}
{"index": {"_index":"sim","_id":"3101703"}}
	{"id":3101703,"type":"sell","buyer":"chaoabunga","seller":"backinblackdevil","symbol":"SIM","quantity":"10770.808","price":"0.00036000","timestamp":1648778127,"volume":"3.87749088","buyTxId":"df079f2894723510585d7b15fe50201d8ac57d70","sellTxId":"83d9f46b8779f0f8aa2b8823c981492d64df541c"}
{"index": {"_index":"sim","_id":"3101749"}}
	{"id":3101749,"type":"sell","buyer":"pi-trader","seller":"bala41288","symbol":"SIM","quantity":"50000.000","price":"0.00036001","timestamp":1648778775,"volume":"18.00050000","buyTxId":"ba2927871b8a41c3c04857abab8de65a0517ba9c","sellTxId":"de373fbd4a39bdba5dac5c0e27dcedab28d2fe3f"}
{"index": {"_index":"sim","_id":"3101845"}}
	{"id":3101845,"type":"sell","buyer":"pi-trader","seller":"dswap","symbol":"SIM","quantity":"1000","price":"0.00036001","timestamp":1648780428,"volume":"0.36001000","buyTxId":"93e35a890561358563969e9794f89ea0dd3ca52b-3","sellTxId":"5cce44d56e961bc0ff591cc770242350c01b61b0"}
{"index": {"_index":"sim","_id":"3102263"}}
	{"id":3102263,"type":"sell","buyer":"pi-trader","seller":"tonytrillions","symbol":"SIM","quantity":"0.004","price":"0.00036001","timestamp":1648786344,"volume":"0.00000144","buyTxId":"251498dbdb0c1e74002b5e54b6acc53b82bd4607-3","sellTxId":"cbedea278520b9db3c3d8ffd0e03b16af22b8698"}
{"index": {"_index":"sim","_id":"3102610"}}
	{"id":3102610,"type":"sell","buyer":"pi-trader","seller":"manoldonchev","symbol":"SIM","quantity":"3666.950","price":"0.00036001","timestamp":1648791630,"volume":"1.32013867","buyTxId":"4dc6a19632224719075e3a47f3be80cee3eff487-3","sellTxId":"38234c4f2e3a2414f8ed35838098e2fb5cd4c7d8"}
{"index": {"_index":"sim","_id":"3102635"}}
	{"id":3102635,"type":"sell","buyer":"pi-trader","seller":"steemmillionaire","symbol":"SIM","quantity":"350.000","price":"0.00036001","timestamp":1648792341,"volume":"0.12600350","buyTxId":"35bab6d5969bd720aaa2831fc011d3e351f82292-3","sellTxId":"a279b4a51ef1f599e876b2d3f6dc53b2bb259d98"}
{"index": {"_index":"sim","_id":"3102908"}}
	{"id":3102908,"type":"sell","buyer":"pi-trader","seller":"mfblack","symbol":"SIM","quantity":"4648.097","price":"0.00036001","timestamp":1648797360,"volume":"1.67336140","buyTxId":"6246ae13d710d2da38fede7a5bc0a6f6feb16a89-5","sellTxId":"81b2a8317c698b41900da202fb7abc919cd50419"}
{"index": {"_index":"sim","_id":"3102983"}}
	{"id":3102983,"type":"sell","buyer":"pi-trader","seller":"dswap","symbol":"SIM","quantity":"500","price":"0.00036001","timestamp":1648798938,"volume":"0.18000500","buyTxId":"ae79d2789086bed391c082a42a57f952bae8d18f-5","sellTxId":"0935fda61801d16809da1d6cf8e259f389d87a70"}
{"index": {"_index":"sim","_id":"3103024"}}
	{"id":3103024,"type":"sell","buyer":"pi-trader","seller":"itharagaian","symbol":"SIM","quantity":"18.000","price":"0.00036001","timestamp":1648799301,"volume":"0.00648018","buyTxId":"87dec954a8bc9ddf75df5465a2b6b16628a92c04-4","sellTxId":"dac24caabba4524d4f65e1d574a2b8dd2eb69d0d"}
{"index": {"_index":"sim","_id":"3103031"}}
	{"id":3103031,"type":"sell","buyer":"pi-trader","seller":"hive.miner","symbol":"SIM","quantity":"1051.945","price":"0.00036001","timestamp":1648799361,"volume":"0.37871072","buyTxId":"9f4f37a3361f67a3775bbb6bbce4b8e773e80e0f-1","sellTxId":"c7d110e2a147d5cc8f51543601ae7105db7a599e"}
{"index": {"_index":"sim","_id":"3103073"}}
	{"id":3103073,"type":"buy","buyer":"boycharlieplays","seller":"pi-trader","symbol":"SIM","quantity":"50000.000","price":"0.00039445","timestamp":1648799562,"volume":"19.72250000","buyTxId":"125d56e7edfe1265254f1ad70434eccf7cb18bb5","sellTxId":"a76ba1be40b6a0cc9d4e294160bf88c4050f33c7-1"}
{"index": {"_index":"sim","_id":"3103116"}}
	{"id":3103116,"type":"buy","buyer":"black095","seller":"pi-trader","symbol":"SIM","quantity":"6860.669","price":"0.00039445","timestamp":1648799838,"volume":"2.70619089","buyTxId":"15d6234b559c668f6fa72ee59004af83f5f0d4eb","sellTxId":"0fbdecd5b57a2abb9c7aba688f0980e191bca1cb-3"}
{"index": {"_index":"sim","_id":"3103257"}}
	{"id":3103257,"type":"sell","buyer":"pi-trader","seller":"anderssinho","symbol":"SIM","quantity":"0.214","price":"0.00036001","timestamp":1648801389,"volume":"0.00007704","buyTxId":"f5f89e00b4a6fb67f072571129e7a6e343b37e08-4","sellTxId":"4eabc21c6d3579064b5cf11833e4fb1d019959a6"}
{"index": {"_index":"sim","_id":"3103313"}}
	{"id":3103313,"type":"sell","buyer":"pi-trader","seller":"monsterjamgold","symbol":"SIM","quantity":"1645.121","price":"0.00036001","timestamp":1648801740,"volume":"0.59226001","buyTxId":"b4ef24cd82ca387f55ea0691deab1ebec05c6af3-1","sellTxId":"691502290770b71670385190d7e591cb67507f02"}
{"index": {"_index":"sim","_id":"3103348"}}
	{"id":3103348,"type":"sell","buyer":"pi-trader","seller":"theguruasia","symbol":"SIM","quantity":"1156.620","price":"0.00036001","timestamp":1648802109,"volume":"0.41639477","buyTxId":"ee5510a838bfcd9d5cc03bb375999644c83eb70f-5","sellTxId":"7695cd30b0a3ba301ddc66b0f611e4a27c69d19a"}
{"index": {"_index":"sim","_id":"3103417"}}
	{"id":3103417,"type":"buy","buyer":"cardi0","seller":"pi-trader","symbol":"SIM","quantity":"2516.811","price":"0.00039029","timestamp":1648802904,"volume":"0.98228617","buyTxId":"83ef3c077ed2d63e0f41deeaf4db96296e41023e","sellTxId":"a242a0781556ca2410f73349bf4881b8804d6705-3"}
{"index": {"_index":"sim","_id":"3103787"}}
	{"id":3103787,"type":"sell","buyer":"pi-trader","seller":"piotr42","symbol":"SIM","quantity":"1537.000","price":"0.00036001","timestamp":1648808172,"volume":"0.55333537","buyTxId":"52cc5f0625303f6c393504319022c6c9b2bde19e-3","sellTxId":"5d79d47f4da3bcfe27b549cacb20d4d4505fa851"}
{"index": {"_index":"sim","_id":"3103982"}}
	{"id":3103982,"type":"sell","buyer":"pi-trader","seller":"dswap","symbol":"SIM","quantity":"3000","price":"0.00036001","timestamp":1648811691,"volume":"1.08003000","buyTxId":"e9f4855cad36c492c0eee8aab99175b6bdf3ccf4-3","sellTxId":"53844dd2053a0e15d27a73e08bb6a576bb9b8561"}
{"index": {"_index":"sim","_id":"3104023"}}
	{"id":3104023,"type":"sell","buyer":"pi-trader","seller":"taintedblood","symbol":"SIM","quantity":"0.107","price":"0.00036001","timestamp":1648812390,"volume":"0.00003852","buyTxId":"9279c158c8011cb32037b0a3b96654968bb62283-4","sellTxId":"ea2b7b03ececa393267cebb690087338862269e5"}
{"index": {"_index":"sim","_id":"3104039"}}
	{"id":3104039,"type":"sell","buyer":"pi-trader","seller":"tdctunes","symbol":"SIM","quantity":"956.183","price":"0.00036001","timestamp":1648812453,"volume":"0.34423544","buyTxId":"559944be99fdcd1221225c48ab8c3edd9ba8b7f5-3","sellTxId":"b6207ae2f7687c54722b9b6550e43652c3a85830"}
{"index": {"_index":"sim","_id":"3104163"}}
	{"id":3104163,"type":"sell","buyer":"pi-trader","seller":"captaincryptic","symbol":"SIM","quantity":"1646.085","price":"0.00036001","timestamp":1648814169,"volume":"0.59260706","buyTxId":"333f65a3e92d03e66048606fdef8b3f9014f4921-3","sellTxId":"a2ff41ca9fce1c1acf0aa42ebf1561869e647da5"}
{"index": {"_index":"sim","_id":"3104252"}}
	{"id":3104252,"type":"sell","buyer":"pi-trader","seller":"scooter77","symbol":"SIM","quantity":"1381.300","price":"0.00036001","timestamp":1648815585,"volume":"0.49728181","buyTxId":"f26da8ca1b07085ec6ab171a7e6444e141aa7e0d-3","sellTxId":"9c93b32995eaad9042926f115d918b05338b4412"}
{"index": {"_index":"sim","_id":"3104291"}}
	{"id":3104291,"type":"buy","buyer":"libert","seller":"nftmart.fees","symbol":"SIM","quantity":"26.000","price":"0.00038297","timestamp":1648815972,"volume":"0.00995722","buyTxId":"380abb5f01da95b1cd54ad94ce53b7201c56d148","sellTxId":"32db8bf20de83ce486df3f47b40e6a84d2a56fb8-0"}
{"index": {"_index":"sim","_id":"3104292"}}
	{"id":3104292,"type":"buy","buyer":"libert","seller":"pi-trader","symbol":"SIM","quantity":"28042.619","price":"0.00038299","timestamp":1648815972,"volume":"10.74004278","buyTxId":"380abb5f01da95b1cd54ad94ce53b7201c56d148","sellTxId":"dff11a83ba53e36220a016b1c72f0b7240dd5b05-3"}
{"index": {"_index":"sim","_id":"3104335"}}
	{"id":3104335,"type":"buy","buyer":"libert","seller":"pi-trader","symbol":"SIM","quantity":"7833.102","price":"0.00038299","timestamp":1648816668,"volume":"3","buyTxId":"4ba0d07317986da67842d8d4fb041f491901966f","sellTxId":"ee045e6cc98920c131673a925922b3a670490ffa-6"}
{"index": {"_index":"sim","_id":"3104421"}}
	{"id":3104421,"type":"sell","buyer":"pi-trader","seller":"chekohler","symbol":"SIM","quantity":"3.516","price":"0.00036001","timestamp":1648817688,"volume":"0.00126580","buyTxId":"38d5c3c8cbedebd9d98ecbcf2a20435d587782da-3","sellTxId":"202cf82742eae099e36718b1f59e57f71d2ea4a2"}
{"index": {"_index":"sim","_id":"3104486"}}
	{"id":3104486,"type":"sell","buyer":"pi-trader","seller":"dhedge-drips","symbol":"SIM","quantity":"3060.198","price":"0.00036001","timestamp":1648818162,"volume":"1.10170188","buyTxId":"e051aceb5a99e23d6073e9acd4ac9fc20204693d-1","sellTxId":"d9c501d65982f914382e749d4e965dc56af6d060"}
{"index": {"_index":"sim","_id":"3104499"}}
	{"id":3104499,"type":"sell","buyer":"pi-trader","seller":"dhedge-drips","symbol":"SIM","quantity":"0.006","price":"0.00036001","timestamp":1648818306,"volume":"0.00000216","buyTxId":"c38d0f42cc206d0e7c29c9cdac99579b8d7c88a2-5","sellTxId":"af8d1e56a2399b9128af889fd7812e78cdf74568"}
{"index": {"_index":"sim","_id":"3104539"}}
	{"id":3104539,"type":"buy","buyer":"libert","seller":"pi-trader","symbol":"SIM","quantity":"20262.683","price":"0.00038297","timestamp":1648818720,"volume":"7.76","buyTxId":"b786c17ca7c9e2c80e5999ec09297d05af0d8cdb","sellTxId":"c38d0f42cc206d0e7c29c9cdac99579b8d7c88a2-9"}
{"index": {"_index":"sim","_id":"3104614"}}
	{"id":3104614,"type":"buy","buyer":"libert","seller":"nftmart.fees","symbol":"SIM","quantity":"23.000","price":"0.00038295","timestamp":1648819710,"volume":"0.00880785","buyTxId":"07e42f1164f5a5537a5d7cd2c8cb65e154854747","sellTxId":"4ceb48e5814b86b185738d8876532dfff9b1886e-0"}
{"index": {"_index":"sim","_id":"3104615"}}
	{"id":3104615,"type":"buy","buyer":"libert","seller":"pi-trader","symbol":"SIM","quantity":"316.461","price":"0.00038296","timestamp":1648819710,"volume":"0.12119215","buyTxId":"07e42f1164f5a5537a5d7cd2c8cb65e154854747","sellTxId":"85325eb8e794f9e49c5b0befaff44c7922cf00e0-4"}
{"index": {"_index":"sim","_id":"3104629"}}
	{"id":3104629,"type":"buy","buyer":"libert","seller":"pi-trader","symbol":"SIM","quantity":"13030.081","price":"0.00038296","timestamp":1648820025,"volume":"4.99","buyTxId":"cd56805d24257d5d31bb18f3fbc21130386cd601","sellTxId":"821956228dfe82612fa1a29dd16bb8d88c476d0b-2"}
{"index": {"_index":"sim","_id":"3104677"}}
	{"id":3104677,"type":"buy","buyer":"libert","seller":"nftmart.fees","symbol":"SIM","quantity":"23.000","price":"0.00038295","timestamp":1648820538,"volume":"0.00880785","buyTxId":"0c2086cdf630aa07cd73b4f38ff10f58a180276e","sellTxId":"6d744b46f14456e70b0799229c7e81449bf7cf6c-0"}
{"index": {"_index":"sim","_id":"3104678"}}
	{"id":3104678,"type":"buy","buyer":"libert","seller":"pi-trader","symbol":"SIM","quantity":"13007.082","price":"0.00038296","timestamp":1648820538,"volume":"4.98119215","buyTxId":"0c2086cdf630aa07cd73b4f38ff10f58a180276e","sellTxId":"a02a6c155ef89668ff27f77d28380e4da360a173-6"}
{"index": {"_index":"sim","_id":"3104699"}}
	{"id":3104699,"type":"buy","buyer":"libert","seller":"pi-trader","symbol":"SIM","quantity":"78.337","price":"0.00038296","timestamp":1648820862,"volume":"0.03","buyTxId":"6fa2f5050484ef7364169185ad71dbba894f6b93","sellTxId":"cc3dc3120b63f55e99da22a191fff2ce68a6a757-2"}
{"index": {"_index":"sim","_id":"3104873"}}
	{"id":3104873,"type":"buy","buyer":"ana-maria","seller":"nftmart.fees","symbol":"SIM","quantity":"20.000","price":"0.00038293","timestamp":1648821903,"volume":"0.00765860","buyTxId":"1346f9ade0bb8dab31e226907b346f962f872383","sellTxId":"1021b4d2f667bbc071b9c0681e79b3274a81b05d-0"}
{"index": {"_index":"sim","_id":"3104875"}}
	{"id":3104875,"type":"buy","buyer":"ana-maria","seller":"pi-trader","symbol":"SIM","quantity":"28480.000","price":"0.00038294","timestamp":1648821933,"volume":"10.90613120","buyTxId":"fab7ccfb6e683bfcabe0ed925cb851fd784be0db","sellTxId":"fcbe3a34f7a8e9e73949621cc846415d20185dc7-4"}
{"index": {"_index":"sim","_id":"3104932"}}
	{"id":3104932,"type":"buy","buyer":"timmy-turnip","seller":"pi-trader","symbol":"SIM","quantity":"26553.977","price":"0.00038294","timestamp":1648822548,"volume":"10.16858","buyTxId":"fe00c3c8c51225652a0be7634c764f435025aad3","sellTxId":"61eaef04e7d406093043d8638e1395ced849876b-4"}
{"index": {"_index":"sim","_id":"3104933"}}
	{"id":3104933,"type":"buy","buyer":"dswap","seller":"pi-trader","symbol":"SIM","quantity":"384.525","price":"0.00038294","timestamp":1648822554,"volume":"0.14725017","buyTxId":"82e22d356cc3166af89bf9fdecc61d11bb943e2b","sellTxId":"61eaef04e7d406093043d8638e1395ced849876b-4"}
{"index": {"_index":"sim","_id":"3104973"}}
	{"id":3104973,"type":"buy","buyer":"ana-maria","seller":"nftmart.fees","symbol":"SIM","quantity":"180.000","price":"0.00038293","timestamp":1648822953,"volume":"0.06892740","buyTxId":"4e8575816c2dfcf4b0b946c391be29cf75c12d6f","sellTxId":"e27fc81f4fb00d5b05a2b887d349b22d76bd0922-0"}
{"index": {"_index":"sim","_id":"3104975"}}
	{"id":3104975,"type":"buy","buyer":"ana-maria","seller":"pi-trader","symbol":"SIM","quantity":"12720.000","price":"0.00038294","timestamp":1648822977,"volume":"4.87099680","buyTxId":"16cb3f50893b5080614e21471601fb17c29b8d1a","sellTxId":"d5fce8e308a374d08cd5ab07e96446ee27e4f8ac-4"}
{"index": {"_index":"sim","_id":"3105002"}}
	{"id":3105002,"type":"buy","buyer":"ana-maria","seller":"pi-trader","symbol":"SIM","quantity":"650.000","price":"0.00038294","timestamp":1648823214,"volume":"0.24891100","buyTxId":"f31d4d6afa3f2ea8223c98a48b1791190784c3da","sellTxId":"ec2aecee40a78c9dced83b59a082cb57d8ae9f3a-11"}
{"index": {"_index":"sim","_id":"3105032"}}
	{"id":3105032,"type":"buy","buyer":"ana-maria","seller":"pi-trader","symbol":"SIM","quantity":"1290.000","price":"0.00038294","timestamp":1648823823,"volume":"0.49399260","buyTxId":"a0160e2e3c2f24098644924a4782a1e6d10f6377","sellTxId":"9a7298206b0589cc4e4a2086d10f4cfa55396c6a-10"}
{"index": {"_index":"sim","_id":"3105035"}}
	{"id":3105035,"type":"sell","buyer":"pi-trader","seller":"xheisenberg2985x","symbol":"SIM","quantity":"0.390","price":"0.00036001","timestamp":1648823883,"volume":"0.00014040","buyTxId":"3a5f69c0d5cbeb33dbeaee067ee3a4668d251464-1","sellTxId":"20ded034cdd0001e66103ed18b28995824bbbd39"}
{"index": {"_index":"sim","_id":"3105043"}}
	{"id":3105043,"type":"sell","buyer":"pi-trader","seller":"balte","symbol":"SIM","quantity":"14000.000","price":"0.00036001","timestamp":1648824096,"volume":"5.04014000","buyTxId":"a7d02c6b0503ca1e929cebd83da8b7e9463c73a5-1","sellTxId":"84a44488b36e08560a0bd4a24e3355002af40cc9"}
{"index": {"_index":"sim","_id":"3105060"}}
	{"id":3105060,"type":"sell","buyer":"pi-trader","seller":"cryptomaniacsgr","symbol":"SIM","quantity":"1220.000","price":"0.00036001","timestamp":1648824213,"volume":"0.43921220","buyTxId":"3d480fe622ceedb88853469a9131bb939df4acf9-3","sellTxId":"632a273b2be7a4b971182ff58616c45d5e4862a9"}
{"index": {"_index":"sim","_id":"3105061"}}
	{"id":3105061,"type":"sell","buyer":"pi-trader","seller":"mindblast","symbol":"SIM","quantity":"7683.000","price":"0.00036001","timestamp":1648824228,"volume":"2.76595683","buyTxId":"c65074705280be19209b746862efeb80af928702-2","sellTxId":"7039badbc0b435c39faf0df5da4fc5fb71929ce8"}
{"index": {"_index":"sim","_id":"3105077"}}
	{"id":3105077,"type":"sell","buyer":"pi-trader","seller":"carcrashbeamng","symbol":"SIM","quantity":"150000.000","price":"0.00036001","timestamp":1648824357,"volume":"54.00150000","buyTxId":"76f82b511765701ef46e2fd7e1e75dd0b95334ed-4","sellTxId":"dce35837d24db1bc81d8cebce1fd09c39d37c3d5"}
{"index": {"_index":"sim","_id":"3105078"}}
	{"id":3105078,"type":"sell","buyer":"chaoabunga","seller":"carcrashbeamng","symbol":"SIM","quantity":"89229.192","price":"0.00036000","timestamp":1648824357,"volume":"32.12250912","buyTxId":"df079f2894723510585d7b15fe50201d8ac57d70","sellTxId":"dce35837d24db1bc81d8cebce1fd09c39d37c3d5"}
{"index": {"_index":"sim","_id":"3105079"}}
	{"id":3105079,"type":"sell","buyer":"d-pend","seller":"carcrashbeamng","symbol":"SIM","quantity":"300000.000","price":"0.00035800","timestamp":1648824357,"volume":"107.40000000","buyTxId":"32f828f38d3e6baa079f03d80b020bfe1f63d5f2","sellTxId":"dce35837d24db1bc81d8cebce1fd09c39d37c3d5"}
{"index": {"_index":"sim","_id":"3105080"}}
	{"id":3105080,"type":"buy","buyer":"konvik","seller":"carcrashbeamng","symbol":"SIM","quantity":"1504896.808","price":"0.00035800","timestamp":1648824360,"volume":"538.75305726","buyTxId":"45751f96224a373172d84c079d7dc2727d893aca-0","sellTxId":"dce35837d24db1bc81d8cebce1fd09c39d37c3d5"}
{"index": {"_index":"sim","_id":"3105192"}}
	{"id":3105192,"type":"sell","buyer":"pi-trader","seller":"cursephantom","symbol":"SIM","quantity":"0.010","price":"0.00031701","timestamp":1648825854,"volume":"0.00000317","buyTxId":"eca62e8ceeb9e55fbb4ff4eb00b5ecb0d3564a2d-2","sellTxId":"983f9d110e7486d6126ab55acc5843aff69ac3aa"}
{"index": {"_index":"sim","_id":"3105301"}}
	{"id":3105301,"type":"sell","buyer":"pi-trader","seller":"saulos","symbol":"SIM","quantity":"152.605","price":"0.00031701","timestamp":1648826766,"volume":"0.04837731","buyTxId":"b33ee18680e1a94183471d86f0705d58e2150023-1","sellTxId":"9f5436d55a6230ef0cc1e28fcbe586fc09cd1629"}
{"index": {"_index":"sim","_id":"3105421"}}
	{"id":3105421,"type":"sell","buyer":"pi-trader","seller":"operahoser","symbol":"SIM","quantity":"0.002","price":"0.00031701","timestamp":1648827552,"volume":"0.00000063","buyTxId":"0b4c985302c4b2a23d865173f39f17271435884b-3","sellTxId":"06a7baa54902fbe4c312ef13825a3e10e1dc0281"}
{"index": {"_index":"sim","_id":"3105592"}}
	{"id":3105592,"type":"sell","buyer":"pi-trader","seller":"frugal-fun","symbol":"SIM","quantity":"150000.000","price":"0.00035001","timestamp":1648829226,"volume":"52.50150000","buyTxId":"7fb25ac9dff4e26a71e43b74f362d90dc4fc471e-4","sellTxId":"d38d034d94be68e4a476c3d855c91108b73f53df"}
{"index": {"_index":"sim","_id":"3105593"}}
	{"id":3105593,"type":"sell","buyer":"pi-trader","seller":"frugal-fun","symbol":"SIM","quantity":"8600.000","price":"0.00035001","timestamp":1648829250,"volume":"3.01008600","buyTxId":"bbb1b68a9c87efd4b5385721a3dd0f045a951549-3","sellTxId":"609015b40d33f881f92e1918ece47f7d5c063b19"}
{"index": {"_index":"sim","_id":"3105598"}}
	{"id":3105598,"type":"sell","buyer":"pi-trader","seller":"frugal-fun","symbol":"SIM","quantity":"18142.537","price":"0.00035001","timestamp":1648829304,"volume":"6.35006938","buyTxId":"5382ca7f6859430b1e3926523e815b8f7a54466d-3","sellTxId":"f6ec06875008591abb229b4af5acd25bff0ee619"}
{"index": {"_index":"sim","_id":"3105615"}}
	{"id":3105615,"type":"sell","buyer":"pi-trader","seller":"darmst5339","symbol":"SIM","quantity":"34.957","price":"0.00035001","timestamp":1648829496,"volume":"0.01223530","buyTxId":"6c45093f3029b61e5e8c0b8b65838a38a4f07822-3","sellTxId":"af6a56ad31b24dbba76a4b265847b11c89d3ba65"}
{"index": {"_index":"sim","_id":"3105660"}}
	{"id":3105660,"type":"sell","buyer":"mchero","seller":"brofi-market","symbol":"SIM","quantity":"0.004","price":"0.00035002","timestamp":1648829832,"volume":"0.00000140","buyTxId":"c8ecae1046b77b75bef3d457c37bfe5bb52ad2b9","sellTxId":"9f2c7e95d30ce0fb0d35612db5a20b31be2b6fd2"}
{"index": {"_index":"sim","_id":"3105669"}}
	{"id":3105669,"type":"sell","buyer":"mchero","seller":"mango-juice","symbol":"SIM","quantity":"49.996","price":"0.00035002","timestamp":1648829877,"volume":"0.01749960","buyTxId":"c8ecae1046b77b75bef3d457c37bfe5bb52ad2b9","sellTxId":"3016b6e386a0aa780ce4717a23d04ce784c29b1b"}
{"index": {"_index":"sim","_id":"3105681"}}
	{"id":3105681,"type":"sell","buyer":"pi-trader","seller":"nftmart.fees","symbol":"SIM","quantity":"139.000","price":"0.00035001","timestamp":1648829964,"volume":"0.04865139","buyTxId":"3fa63b43f28944166b67dc91ff8f2bb995c33ba4-1","sellTxId":"da0c759215a3afd78d2918c6c1345d4e0dc9468e-0"}
{"index": {"_index":"sim","_id":"3105742"}}
	{"id":3105742,"type":"buy","buyer":"dswap","seller":"mango-juice","symbol":"SIM","quantity":"94.630","price":"0.00035002","timestamp":1648830459,"volume":"0.03312240","buyTxId":"a22528616af25898860ac0e6063d23d003189ac2","sellTxId":"3016b6e386a0aa780ce4717a23d04ce784c29b1b"}
{"index": {"_index":"sim","_id":"3105804"}}
	{"id":3105804,"type":"sell","buyer":"pi-trader","seller":"nftmart.fees","symbol":"SIM","quantity":"139.000","price":"0.00035001","timestamp":1648831164,"volume":"0.04865139","buyTxId":"650d33657e3e7e313c5f29ed3a63d0f60e910919-1","sellTxId":"42be5c77f143d49f236d4177096a5e592e3cb0c7-0"}
{"index": {"_index":"sim","_id":"3105964"}}
	{"id":3105964,"type":"sell","buyer":"pi-trader","seller":"nftmart.fees","symbol":"SIM","quantity":"121.000","price":"0.00035001","timestamp":1648832364,"volume":"0.04235121","buyTxId":"bce0e4be21f5cdbf674ec3cbb62455b0d83232c0-2","sellTxId":"b2211791af79a9ab9b0b8c06d64e0702b07bf523-0"}
{"index": {"_index":"sim","_id":"3106120"}}
	{"id":3106120,"type":"sell","buyer":"pi-trader","seller":"nftmart.fees","symbol":"SIM","quantity":"105.000","price":"0.00035001","timestamp":1648833567,"volume":"0.03675105","buyTxId":"aaa424ae10f245a0ed9a286739a255398e988b00-7","sellTxId":"501fc7aba925adbb5ee70847eb0a64166c7671fc-0"}
{"index": {"_index":"sim","_id":"3106238"}}
	{"id":3106238,"type":"sell","buyer":"pi-trader","seller":"nftmart.fees","symbol":"SIM","quantity":"91.000","price":"0.00035001","timestamp":1648834764,"volume":"0.03185091","buyTxId":"248b25292778429b10dc45c6c91002a028b4a21e-1","sellTxId":"c8caa0f15b5769673d9fac6e01f9ecb40551bbbb-0"}
{"index": {"_index":"sim","_id":"3106320"}}
	{"id":3106320,"type":"buy","buyer":"worldfinances","seller":"mango-juice","symbol":"SIM","quantity":"673.384","price":"0.00035002","timestamp":1648835343,"volume":"0.23569787","buyTxId":"3ab8e8ad5f6492812f675372b187409175bec910","sellTxId":"3016b6e386a0aa780ce4717a23d04ce784c29b1b"}
{"index": {"_index":"sim","_id":"3106329"}}
	{"id":3106329,"type":"sell","buyer":"pi-trader","seller":"lifeskills-tv","symbol":"SIM","quantity":"315.28","price":"0.00035001","timestamp":1648835415,"volume":"0.11035115","buyTxId":"3d6b11195e6581c9a21173ba46fc892d048ea22c-3","sellTxId":"6b3e0c8e5bb1f37809c046420ec09c3f51a09949"}
{"index": {"_index":"sim","_id":"3106494"}}
	{"id":3106494,"type":"buy","buyer":"valentin86","seller":"nftmart.fees","symbol":"SIM","quantity":"80.000","price":"0.00038292","timestamp":1648836753,"volume":"0.03063360","buyTxId":"9b95f47bfc6528e4973390a0552301de323d2484","sellTxId":"d0838f37fd89800f837fa96b5895147a5c0fa5c8-0"}
{"index": {"_index":"sim","_id":"3106495"}}
	{"id":3106495,"type":"buy","buyer":"valentin86","seller":"brofi-market","symbol":"SIM","quantity":"0.004","price":"0.00038293","timestamp":1648836753,"volume":"0.00000153","buyTxId":"9b95f47bfc6528e4973390a0552301de323d2484","sellTxId":"dbd2380bf1c79ec66133aa2922adbe24d4e22f01"}
{"index": {"_index":"sim","_id":"3106496"}}
	{"id":3106496,"type":"buy","buyer":"valentin86","seller":"pi-trader","symbol":"SIM","quantity":"9919.996","price":"0.00038294","timestamp":1648836753,"volume":"3.79876327","buyTxId":"9b95f47bfc6528e4973390a0552301de323d2484","sellTxId":"d748a1de6d47cc1c625885361f8e3600f74baa3b"}
{"index": {"_index":"sim","_id":"3106525"}}
	{"id":3106525,"type":"sell","buyer":"pi-trader","seller":"loganhate","symbol":"SIM","quantity":"49.000","price":"0.00035003","timestamp":1648837026,"volume":"0.01715147","buyTxId":"309d58ed8afa994ed8272ff71457970a581cdd74-5","sellTxId":"470a2724c16747f6806196961d10f150c28414d5"}
{"index": {"_index":"sim","_id":"3106544"}}
	{"id":3106544,"type":"sell","buyer":"pi-trader","seller":"linco","symbol":"SIM","quantity":"458.000","price":"0.00035003","timestamp":1648837260,"volume":"0.16031374","buyTxId":"2fd820acb43a5a58ca81a589e04bec15c7f3f0d2-2","sellTxId":"2904e594b7f31b1b51e5e0049a125ec81a957d39"}
{"index": {"_index":"sim","_id":"3106656"}}
	{"id":3106656,"type":"sell","buyer":"pi-trader","seller":"gamsam","symbol":"SIM","quantity":"11825","price":"0.00035003","timestamp":1648838268,"volume":"4.13910475","buyTxId":"72226ccfd22b76a399996125f2c0e2eceed744af-6","sellTxId":"6a915dcdaee69f343500b53766f4cc8b2af2ad73"}
{"index": {"_index":"sim","_id":"3107110"}}
	{"id":3107110,"type":"sell","buyer":"pi-trader","seller":"medaymane","symbol":"SIM","quantity":"16936.930","price":"0.00035003","timestamp":1648842633,"volume":"5.92843361","buyTxId":"df2b5d4b174c7b98063c38af180cc04f86883a54-3","sellTxId":"006479342bdef2fab6bcd3a7effda0dd602cfc1f"}
{"index": {"_index":"sim","_id":"3107119"}}
	{"id":3107119,"type":"buy","buyer":"maryjane.main","seller":"nftmart.fees","symbol":"SIM","quantity":"60.000","price":"0.00038285","timestamp":1648842753,"volume":"0.02297100","buyTxId":"2fa8c03b394259bae6c96bcfa5f20c983fc9690e","sellTxId":"05f6bdc0fe73fa4d9537bbd68dd59d388ad14ecf-0"}
{"index": {"_index":"sim","_id":"3107120"}}
	{"id":3107120,"type":"sell","buyer":"maryjane.main","seller":"konvik","symbol":"SIM","quantity":"23798.505","price":"0.00038285","timestamp":1648842756,"volume":"9.11125764","buyTxId":"2fa8c03b394259bae6c96bcfa5f20c983fc9690e","sellTxId":"60f9fc1a9e7f0673099f34db4d787faac2810ea0-1"}
{"index": {"_index":"sim","_id":"3107121"}}
	{"id":3107121,"type":"sell","buyer":"maryjane.main","seller":"svirus","symbol":"SIM","quantity":"23.600","price":"0.00038285","timestamp":1648842756,"volume":"0.00903526","buyTxId":"2fa8c03b394259bae6c96bcfa5f20c983fc9690e","sellTxId":"4ba4eece84f37c5e8b28372ba433c2824266dc05-1"}
{"index": {"_index":"sim","_id":"3107126"}}
	{"id":3107126,"type":"sell","buyer":"pi-trader","seller":"dswap","symbol":"SIM","quantity":"4949.77","price":"0.00035003","timestamp":1648842798,"volume":"1.73256799","buyTxId":"4808a4120ddfc9bbb64962a8e343b11ff61ee162-3","sellTxId":"44caa80dfae1bd75c099c3a43e6cb5cbfca7fe3d"}
{"index": {"_index":"sim","_id":"3107153"}}
	{"id":3107153,"type":"buy","buyer":"konvik","seller":"medayman","symbol":"SIM","quantity":"19057.010","price":"0.00035803","timestamp":1648843002,"volume":"6.82298129","buyTxId":"57f120ac810a065a85b63a9cc4899e009eb70642-0","sellTxId":"085242654f6df592858b9e14a6196637238641d7"}
{"index": {"_index":"sim","_id":"3107313"}}
	{"id":3107313,"type":"sell","buyer":"pi-trader","seller":"denmarkguy","symbol":"SIM","quantity":"2.978","price":"0.00035003","timestamp":1648844379,"volume":"0.00104239","buyTxId":"a09d7b766c44bdc250483c6c965412f9b2f80dc0-1","sellTxId":"9e637c982be6fddb225515adc4d3b78c0b8ed9f9"}
{"index": {"_index":"sim","_id":"3107347"}}
	{"id":3107347,"type":"sell","buyer":"pi-trader","seller":"valor2s","symbol":"SIM","quantity":"51.674","price":"0.00035003","timestamp":1648844418,"volume":"0.01808745","buyTxId":"dd047c82adea592769b15c207e9988b1ad698f09-4","sellTxId":"944bd162389cfe6a397fe5514e2cda460d6cb893"}
{"index": {"_index":"sim","_id":"3107350"}}
	{"id":3107350,"type":"sell","buyer":"pi-trader","seller":"lolzorr","symbol":"SIM","quantity":"664.050","price":"0.00035003","timestamp":1648844442,"volume":"0.23243742","buyTxId":"039dc51b1308ebfefca0693482e1d7bf7d596321-2","sellTxId":"09d86c00c6dc7bcece57e53ae72af0d35837af61"}
{"index": {"_index":"sim","_id":"3107373"}}
	{"id":3107373,"type":"sell","buyer":"pi-trader","seller":"itharagaian","symbol":"SIM","quantity":"19.000","price":"0.00035003","timestamp":1648844523,"volume":"0.00665057","buyTxId":"75ed06f0abf1a99b9d93a0932617db522ee2e3d3-8","sellTxId":"51545623797dfdb5b2bd16f902133745be9ad0ab"}
{"index": {"_index":"sim","_id":"3107467"}}
	{"id":3107467,"type":"sell","buyer":"pi-trader","seller":"curatorcat","symbol":"SIM","quantity":"2.465","price":"0.00035003","timestamp":1648845258,"volume":"0.00086282","buyTxId":"e85d96d7c990e7b4584826a5c2de78bd3e19cf2b-2","sellTxId":"f74d14d659ca479ec58dc6828811d50fae4c7482"}
{"index": {"_index":"sim","_id":"3107531"}}
	{"id":3107531,"type":"sell","buyer":"pi-trader","seller":"alchemystones","symbol":"SIM","quantity":"0.709","price":"0.00035003","timestamp":1648845924,"volume":"0.00024817","buyTxId":"c9c8abfd319e68aec8b2737d6a637eac6ea246f4-1","sellTxId":"ec314bd80993f5503737330598a369959cb66461"}
{"index": {"_index":"sim","_id":"3107576"}}
	{"id":3107576,"type":"sell","buyer":"pi-trader","seller":"whitelightxpress","symbol":"SIM","quantity":"2.732","price":"0.00035003","timestamp":1648846419,"volume":"0.00095628","buyTxId":"30ded0cce9d046d533125a4a5b7b72813a1180ce-1","sellTxId":"e145aeec0d17d5f1edaf6ac3ea77d40f666e0406"}
{"index": {"_index":"sim","_id":"3107603"}}
	{"id":3107603,"type":"sell","buyer":"pi-trader","seller":"bitcoinflood","symbol":"SIM","quantity":"66659.986","price":"0.00035003","timestamp":1648846647,"volume":"23.33299490","buyTxId":"194d35c3409afb830883d1eab0fc596fcafc6abb-2","sellTxId":"839428827eb7c93a9efef842246572b760309914"}
{"index": {"_index":"sim","_id":"3107650"}}
	{"id":3107650,"type":"sell","buyer":"pi-trader","seller":"halukshananah","symbol":"SIM","quantity":"1.328","price":"0.00035003","timestamp":1648846839,"volume":"0.00046484","buyTxId":"a37ae58ac93b1c52a3c557bf50988a1a6d01b477-3","sellTxId":"12c7589c36213ffab0986eafe0398c2205f749e4"}
{"index": {"_index":"sim","_id":"3107661"}}
	{"id":3107661,"type":"sell","buyer":"pi-trader","seller":"desyfit","symbol":"SIM","quantity":"50000.000","price":"0.00035003","timestamp":1648847028,"volume":"17.50150000","buyTxId":"ac14d7ad6ecc1711de7a193f007fadcee6c84dc8-1","sellTxId":"ac03c2ad438c13b1aedf6666c3ce20c083e5b6ba"}
{"index": {"_index":"sim","_id":"3107676"}}
	{"id":3107676,"type":"sell","buyer":"pi-trader","seller":"cosmictriage","symbol":"SIM","quantity":"1.043","price":"0.00035003","timestamp":1648847184,"volume":"0.00036508","buyTxId":"e10e8049a3c9c5be908a2071c0b9e8d2757adf06-3","sellTxId":"9027d68166d6664d322ca9dc1670087b50ae56e8"}
{"index": {"_index":"sim","_id":"3107712"}}
	{"id":3107712,"type":"sell","buyer":"pi-trader","seller":"hive-189742","symbol":"SIM","quantity":"1.616","price":"0.00035003","timestamp":1648847640,"volume":"0.00056565","buyTxId":"2e613f2f39c16ed0d9299ae598603e469173eb24-5","sellTxId":"1797250660fe884b8636c7003e6f8c2381d4c2df"}
{"index": {"_index":"sim","_id":"3107972"}}
	{"id":3107972,"type":"sell","buyer":"pi-trader","seller":"bearbear613","symbol":"SIM","quantity":"160.004","price":"0.00035003","timestamp":1648850364,"volume":"0.05600620","buyTxId":"2ac6f669bcfd7325078311d4d62d97d4af20bd52-1","sellTxId":"d4b23b36edd1aedbe808fa73f8e0e334f88c43c7"}
{"index": {"_index":"sim","_id":"3107991"}}
	{"id":3107991,"type":"sell","buyer":"pi-trader","seller":"he-index","symbol":"SIM","quantity":"94.855","price":"0.00035003","timestamp":1648850529,"volume":"0.03320210","buyTxId":"02e2d91f9649aa6404b307028b69a0ac27b26df8-3","sellTxId":"4fdfb9762f7db6ca6ec2698f1ffdc11c41165b39"}
{"index": {"_index":"sim","_id":"3108299"}}
	{"id":3108299,"type":"buy","buyer":"bormi203","seller":"nftmart.fees","symbol":"SIM","quantity":"57.000","price":"0.00036996","timestamp":1648854405,"volume":"0.02108772","buyTxId":"f61fcf7fd9a720891ebccc7d70693b959a11a4e5","sellTxId":"7e4fc8292ba51b8a894fd7fbfe8cf5f057d8b465-0"}
{"index": {"_index":"sim","_id":"3108301"}}
	{"id":3108301,"type":"sell","buyer":"bormi203","seller":"thranax","symbol":"SIM","quantity":"15.290","price":"0.00036996","timestamp":1648854423,"volume":"0.00565669","buyTxId":"f61fcf7fd9a720891ebccc7d70693b959a11a4e5","sellTxId":"17df0bfde75f6808d338d86dfc99db6ac9ed30ea"}
{"index": {"_index":"sim","_id":"3108310"}}
	{"id":3108310,"type":"buy","buyer":"bormi203","seller":"pi-trader","symbol":"SIM","quantity":"1446.283","price":"0.00037002","timestamp":1648854501,"volume":"0.53515364","buyTxId":"d2161aeb6b62a7af7d83e61ec228b27f7cd600b2","sellTxId":"d1a9957a3166bdead747adbd79425c3b002ef366-4"}
{"index": {"_index":"sim","_id":"3108574"}}
	{"id":3108574,"type":"buy","buyer":"gsauce1989","seller":"nftmart.fees","symbol":"SIM","quantity":"64.000","price":"0.00037001","timestamp":1648857057,"volume":"0.02368064","buyTxId":"e22d12ff8eab3d48f29dbc03056604c8fdb4de5b","sellTxId":"919211acec256f8c85866e69c96140a8084ba306-0"}
{"index": {"_index":"sim","_id":"3108575"}}
	{"id":3108575,"type":"buy","buyer":"gsauce1989","seller":"pi-trader","symbol":"SIM","quantity":"1936.000","price":"0.00037002","timestamp":1648857057,"volume":"0.71635872","buyTxId":"e22d12ff8eab3d48f29dbc03056604c8fdb4de5b","sellTxId":"165b7959b2c97c140713a3d0f679bbc4b0a0bd84-7"}
{"index": {"_index":"sim","_id":"3108613"}}
	{"id":3108613,"type":"sell","buyer":"pi-trader","seller":"otherbrandt","symbol":"SIM","quantity":"35311.000","price":"0.00035005","timestamp":1648857645,"volume":"12.36061555","buyTxId":"2d2f82909bbf271c450a986b99c226125c6fc4ea-3","sellTxId":"e46e4b53c0190334f89962866024ee1280577047"}
{"index": {"_index":"sim","_id":"3108661"}}
	{"id":3108661,"type":"sell","buyer":"pi-trader","seller":"brofi-market","symbol":"SIM","quantity":"0.003","price":"0.00035007","timestamp":1648858359,"volume":"0.00000105","buyTxId":"5aed70a30c8a0b7d84492075e878c396bf77b83e-1","sellTxId":"ec00088885c1f2d0f5fcb34c7b5e4325ad0c0a48"}
{"index": {"_index":"sim","_id":"3108673"}}
	{"id":3108673,"type":"buy","buyer":"quantumg","seller":"nftmart.fees","symbol":"SIM","quantity":"56.000","price":"0.00037001","timestamp":1648858389,"volume":"0.02072056","buyTxId":"67ec3e1701f75b8a4fd109002269a84a2c09cbd3","sellTxId":"e033f0c2c9bf972ff9f9b0fd0f6e5708d6b99b92-0"}
{"index": {"_index":"sim","_id":"3108674"}}
	{"id":3108674,"type":"buy","buyer":"quantumg","seller":"brofi-market","symbol":"SIM","quantity":"0.003","price":"0.00037001","timestamp":1648858389,"volume":"0.00000111","buyTxId":"67ec3e1701f75b8a4fd109002269a84a2c09cbd3","sellTxId":"83da21d762e33fc55754c72c37275eae36333e71"}
{"index": {"_index":"sim","_id":"3108675"}}
	{"id":3108675,"type":"buy","buyer":"quantumg","seller":"pi-trader","symbol":"SIM","quantity":"2835.734","price":"0.00037002","timestamp":1648858389,"volume":"1.04927833","buyTxId":"67ec3e1701f75b8a4fd109002269a84a2c09cbd3","sellTxId":"b20f8bc92f4498136dd30fc698ce3d84b79e27b4-5"}
{"index": {"_index":"sim","_id":"3108698"}}
	{"id":3108698,"type":"buy","buyer":"quantumgee","seller":"pi-trader","symbol":"SIM","quantity":"10915.626","price":"0.00037002","timestamp":1648858743,"volume":"4.039","buyTxId":"2fde222765b99371a3f5bcf7eecd6dc6dd43d792","sellTxId":"6c0afb53bdf99a2dcae7825fb21c2bcf626f2f25-5"}
{"index": {"_index":"sim","_id":"3108743"}}
	{"id":3108743,"type":"buy","buyer":"cabalcoffers","seller":"nftmart.fees","symbol":"SIM","quantity":"48.000","price":"0.00037001","timestamp":1648859292,"volume":"0.01776048","buyTxId":"674cb5fd3f5f583f093bcd1870f3ad48382ac799","sellTxId":"4b691fd4cf6f895a6812275475e4f50b634cda36-0"}
{"index": {"_index":"sim","_id":"3108744"}}
	{"id":3108744,"type":"buy","buyer":"cabalcoffers","seller":"pi-trader","symbol":"SIM","quantity":"19952.000","price":"0.00037002","timestamp":1648859292,"volume":"7.38263904","buyTxId":"674cb5fd3f5f583f093bcd1870f3ad48382ac799","sellTxId":"faa547ce054972f02c6579a341c6f513bd2dbc1d-4"}
{"index": {"_index":"sim","_id":"3108818"}}
	{"id":3108818,"type":"sell","buyer":"pi-trader","seller":"dhedge-drips","symbol":"SIM","quantity":"8.500","price":"0.00035003","timestamp":1648860318,"volume":"0.00297526","buyTxId":"26592ba497b024b173d218c71580a0c7c84c3b45-1","sellTxId":"def0a4b94b9c1a0e340ad1c0a2288e84908adf56"}
