{"index": {"_index":"sim","_id":"4076296"}}
	{"id":4076296,"type":"buy","buyer":"soteyapanbot","seller":"nftmart.fees","symbol":"SIM","quantity":"4.000","price":"0.00041390","timestamp":1659755115,"volume":"0.00165560","buyTxId":"e211abff7f60f9fadc5287785fbe99e26c6d83c9","sellTxId":"eb9a69671d362645e20e333c699e96d0db7c7324-0"}
{"index": {"_index":"sim","_id":"4076297"}}
	{"id":4076297,"type":"sell","buyer":"soteyapanbot","seller":"god0","symbol":"SIM","quantity":"17171.999","price":"0.00041390","timestamp":1659755115,"volume":"7.10749039","buyTxId":"e211abff7f60f9fadc5287785fbe99e26c6d83c9","sellTxId":"7da03a8ad2c36894a49238c00b91a10d84e4d162-1"}
{"index": {"_index":"sim","_id":"4076298"}}
	{"id":4076298,"type":"sell","buyer":"soteyapanbot","seller":"svirus","symbol":"SIM","quantity":"0.001","price":"0.00041390","timestamp":1659755118,"volume":"0.00000041","buyTxId":"e211abff7f60f9fadc5287785fbe99e26c6d83c9","sellTxId":"d47053de58955fb21b8577035e5d1ecaaf2a9b03-1"}
{"index": {"_index":"sim","_id":"4076313"}}
	{"id":4076313,"type":"sell","buyer":"looftee","seller":"thatcryptodave","symbol":"SIM","quantity":"750.152","price":"0.00040500","timestamp":1659755301,"volume":"0.30381156","buyTxId":"3cb61b6e1f50df70a552c14cd2f5c3cc6d1f8fce","sellTxId":"2b4a6ab9ec715aa71395a5d055211d5a57464f7d"}
{"index": {"_index":"sim","_id":"4076532"}}
	{"id":4076532,"type":"sell","buyer":"looftee","seller":"themarkymark","symbol":"SIM","quantity":"333.503","price":"0.00040500","timestamp":1659758313,"volume":"0.13506872","buyTxId":"3cb61b6e1f50df70a552c14cd2f5c3cc6d1f8fce","sellTxId":"5af10b82f3165a3803db2334baab5046da46bc3f"}
{"index": {"_index":"sim","_id":"4076538"}}
	{"id":4076538,"type":"sell","buyer":"looftee","seller":"nftmart.fees","symbol":"SIM","quantity":"27.849","price":"0.00040500","timestamp":1659758352,"volume":"0.01127885","buyTxId":"3cb61b6e1f50df70a552c14cd2f5c3cc6d1f8fce","sellTxId":"c65dd9dd904be5a4496e5197d9f6806c0692b5ba"}
{"index": {"_index":"sim","_id":"4076817"}}
	{"id":4076817,"type":"buy","buyer":"oople","seller":"pi-trader","symbol":"SIM","quantity":"1688.000","price":"0.00041385","timestamp":1659761325,"volume":"0.69857880","buyTxId":"c16aa43377f5dd9ffe55d6ec1965148fbeba25d3","sellTxId":"46d7f4237fb2682ef15d993addcb3ed98a0f11a2-1"}
{"index": {"_index":"sim","_id":"4076903"}}
	{"id":4076903,"type":"sell","buyer":"looftee","seller":"j85063","symbol":"SIM","quantity":"50000.000","price":"0.00040500","timestamp":1659762690,"volume":"20.25000000","buyTxId":"3cb61b6e1f50df70a552c14cd2f5c3cc6d1f8fce","sellTxId":"c6c493f6375f38c0ea79c40a7215b6cb46ab69f3"}
{"index": {"_index":"sim","_id":"4077092"}}
	{"id":4077092,"type":"sell","buyer":"looftee","seller":"floki-skarsgaard","symbol":"SIM","quantity":"34187.300","price":"0.00040500","timestamp":1659765966,"volume":"13.84585650","buyTxId":"3cb61b6e1f50df70a552c14cd2f5c3cc6d1f8fce","sellTxId":"e6b0ff324c7fbe1d3fc6dee51dacc8129acd2452"}
{"index": {"_index":"sim","_id":"4077218"}}
	{"id":4077218,"type":"sell","buyer":"looftee","seller":"dhedge-drips","symbol":"SIM","quantity":"0.001","price":"0.00040500","timestamp":1659768318,"volume":"0.00000041","buyTxId":"3cb61b6e1f50df70a552c14cd2f5c3cc6d1f8fce","sellTxId":"a823c9acfb338db6c65038b6bf5d0f7ff6cd5788"}
{"index": {"_index":"sim","_id":"4077245"}}
	{"id":4077245,"type":"buy","buyer":"boycharlieplays","seller":"nftmart.fees","symbol":"SIM","quantity":"4.000","price":"0.00041381","timestamp":1659768780,"volume":"0.00165524","buyTxId":"3b2cdb4cecca0fdd63b6d628ba9d09f3d047af62","sellTxId":"75954f452f90226d3d3d6202bc2b1efa8e9521d5-0"}
{"index": {"_index":"sim","_id":"4077246"}}
	{"id":4077246,"type":"buy","buyer":"boycharlieplays","seller":"pi-trader","symbol":"SIM","quantity":"13021.301","price":"0.00041381","timestamp":1659768780,"volume":"5.38834457","buyTxId":"3b2cdb4cecca0fdd63b6d628ba9d09f3d047af62","sellTxId":"531c94b7f1ed547dc0915ef43e04e24fc642f1e2-1"}
{"index": {"_index":"sim","_id":"4077637"}}
	{"id":4077637,"type":"sell","buyer":"he-index","seller":"brutalmonkey","symbol":"SIM","quantity":"23.991","price":"0.00040500","timestamp":1659774375,"volume":"0.00971636","buyTxId":"bc3b90f993cf4fe63f6c7f39c77d1052197ace1d","sellTxId":"3eecc4ff282c4630478e87a8449e93e155f4f014"}
{"index": {"_index":"sim","_id":"4077895"}}
	{"id":4077895,"type":"buy","buyer":"hafiz34","seller":"nftmart.fees","symbol":"SIM","quantity":"3.000","price":"0.00041377","timestamp":1659778257,"volume":"0.00124131","buyTxId":"b92f6870e05b473b57d159c76832ba51ee48aee8","sellTxId":"b424699b06b9019868524ea12998479034303abe-0"}
{"index": {"_index":"sim","_id":"4077896"}}
	{"id":4077896,"type":"buy","buyer":"hafiz34","seller":"pi-trader","symbol":"SIM","quantity":"111.000","price":"0.00041379","timestamp":1659778257,"volume":"0.04593069","buyTxId":"b92f6870e05b473b57d159c76832ba51ee48aee8","sellTxId":"4078af8fbc7d165ee921b7fa65573f49b80f7d40-3"}
{"index": {"_index":"sim","_id":"4077952"}}
	{"id":4077952,"type":"sell","buyer":"he-index","seller":"brofundholdings","symbol":"SIM","quantity":"338.972","price":"0.00040500","timestamp":1659779154,"volume":"0.13728366","buyTxId":"bc3b90f993cf4fe63f6c7f39c77d1052197ace1d","sellTxId":"a227ee53f90f6b85ac2479ade5ca65d4d2deaa05"}
{"index": {"_index":"sim","_id":"4077953"}}
	{"id":4077953,"type":"sell","buyer":"he-index","seller":"brofundholdings","symbol":"SIM","quantity":"128.395","price":"0.00040500","timestamp":1659779154,"volume":"0.05199998","buyTxId":"09f21cf8e11c8bf8af3642dccaf308b481dac155","sellTxId":"a227ee53f90f6b85ac2479ade5ca65d4d2deaa05"}
{"index": {"_index":"sim","_id":"4077954"}}
	{"id":4077954,"type":"sell","buyer":"enginemaker","seller":"brofundholdings","symbol":"SIM","quantity":"16242.605","price":"0.00040400","timestamp":1659779154,"volume":"6.56201242","buyTxId":"MM-P-19730921-66725192-3-2-0","sellTxId":"a227ee53f90f6b85ac2479ade5ca65d4d2deaa05"}
{"index": {"_index":"sim","_id":"4077955"}}
	{"id":4077955,"type":"sell","buyer":"aay.life","seller":"brofundholdings","symbol":"SIM","quantity":"12000.000","price":"0.00040003","timestamp":1659779154,"volume":"4.80036000","buyTxId":"3592013d4a9be121daaf71f494d24b220e29235c","sellTxId":"a227ee53f90f6b85ac2479ade5ca65d4d2deaa05"}
{"index": {"_index":"sim","_id":"4077956"}}
	{"id":4077956,"type":"sell","buyer":"looftee","seller":"brofundholdings","symbol":"SIM","quantity":"36247.748","price":"0.00039600","timestamp":1659779154,"volume":"14.35410821","buyTxId":"dfe41a3d84ca5984e3f5f51d1afa6e0fb257f49f","sellTxId":"a227ee53f90f6b85ac2479ade5ca65d4d2deaa05"}
{"index": {"_index":"sim","_id":"4078051"}}
	{"id":4078051,"type":"sell","buyer":"pi-trader","seller":"steliosfan","symbol":"SIM","quantity":"9632.053","price":"0.00039601","timestamp":1659780663,"volume":"3.81438931","buyTxId":"d1748871a24c13e45f166365e18c6f8f24e88740","sellTxId":"ad493359e721d51c8abf65bbb1ac2695400f5990"}
{"index": {"_index":"sim","_id":"4078126"}}
	{"id":4078126,"type":"buy","buyer":"bionicpainter","seller":"nftmart.fees","symbol":"SIM","quantity":"3.000","price":"0.00040380","timestamp":1659781740,"volume":"0.00121140","buyTxId":"ede7c0d384f14e8b3c98522ce28f051761ad8de9","sellTxId":"382e8e2b15ae04fca3b30f96d7d2ed59807e983a-0"}
{"index": {"_index":"sim","_id":"4078127"}}
	{"id":4078127,"type":"buy","buyer":"bionicpainter","seller":"enginemaker","symbol":"SIM","quantity":"12394.003","price":"0.00040381","timestamp":1659781740,"volume":"5.00482235","buyTxId":"ede7c0d384f14e8b3c98522ce28f051761ad8de9","sellTxId":"MM-P-19783492-66777786-3-2-0"}
{"index": {"_index":"sim","_id":"4078128"}}
	{"id":4078128,"type":"buy","buyer":"bionicpainter","seller":"enginemaker","symbol":"SIM","quantity":"3848.602","price":"0.00040381","timestamp":1659781776,"volume":"1.55410397","buyTxId":"2cf206714721592eceada14adfbcb0b9e2beab99","sellTxId":"MM-P-19783492-66777786-3-2-0"}
{"index": {"_index":"sim","_id":"4078138"}}
	{"id":4078138,"type":"buy","buyer":"danilmaeorg","seller":"dhedge-drips","symbol":"SIM","quantity":"0.001","price":"0.00041382","timestamp":1659781926,"volume":"0.00000041","buyTxId":"b3bd2a9f0df8a976a63afc0e12203b3c965ad7f9","sellTxId":"6ec1e4e606d4d2b8a96312d2103aa6fbc6e2f93e"}
{"index": {"_index":"sim","_id":"4078139"}}
	{"id":4078139,"type":"buy","buyer":"danilmaeorg","seller":"knowhow92","symbol":"SIM","quantity":"823.622","price":"0.00041382","timestamp":1659781926,"volume":"0.34083126","buyTxId":"b3bd2a9f0df8a976a63afc0e12203b3c965ad7f9","sellTxId":"b447f9bde85d6701cb16e5e02b2b9361f3e319f8"}
{"index": {"_index":"sim","_id":"4078140"}}
	{"id":4078140,"type":"buy","buyer":"danilmaeorg","seller":"dhedge-drips","symbol":"SIM","quantity":"14.999","price":"0.00041394","timestamp":1659781926,"volume":"0.00620869","buyTxId":"b3bd2a9f0df8a976a63afc0e12203b3c965ad7f9","sellTxId":"6ae72ab1a4f9ecd02b73f48d9c224c67081fbb6a"}
{"index": {"_index":"sim","_id":"4078141"}}
	{"id":4078141,"type":"buy","buyer":"danilmaeorg","seller":"pi-trader","symbol":"SIM","quantity":"17803.702","price":"0.00041398","timestamp":1659781926,"volume":"7.37037655","buyTxId":"b3bd2a9f0df8a976a63afc0e12203b3c965ad7f9","sellTxId":"a09e15d0a7f3e397aa29c1c4362ad40399b46747-0"}
{"index": {"_index":"sim","_id":"4078255"}}
	{"id":4078255,"type":"buy","buyer":"adacardano","seller":"nftmart.fees","symbol":"SIM","quantity":"2.000","price":"0.00041397","timestamp":1659783522,"volume":"0.00082794","buyTxId":"af6ca83cf85817438488f4874fab2f1cf691992d","sellTxId":"754c5e13d317053527a0385232884bd23d7cd440-0"}
{"index": {"_index":"sim","_id":"4078256"}}
	{"id":4078256,"type":"buy","buyer":"adacardano","seller":"pi-trader","symbol":"SIM","quantity":"6401.382","price":"0.00041398","timestamp":1659783522,"volume":"2.65004412","buyTxId":"af6ca83cf85817438488f4874fab2f1cf691992d","sellTxId":"f84cca1a300bf69b9a27eb801f97aeb0b6c71bbc-4"}
{"index": {"_index":"sim","_id":"4078282"}}
	{"id":4078282,"type":"buy","buyer":"cryptogillone","seller":"pi-trader","symbol":"SIM","quantity":"481.631","price":"0.00041398","timestamp":1659783879,"volume":"0.19938567","buyTxId":"c62e114979ed75abce1a0d1fb934f633f238eaae","sellTxId":"0bbf2a79d22d41e81271ce410090cce5cfa22918-2"}
{"index": {"_index":"sim","_id":"4078423"}}
	{"id":4078423,"type":"sell","buyer":"pi-trader","seller":"heyantomei","symbol":"SIM","quantity":"23.000","price":"0.00039601","timestamp":1659786720,"volume":"0.00910823","buyTxId":"8f27fcb04370a8a5a45eb71181e0d6db5cbb8444-3","sellTxId":"4ba3e32cf3d9b2294e353ed3a38505b17a205a8b"}
{"index": {"_index":"sim","_id":"4078864"}}
	{"id":4078864,"type":"sell","buyer":"pi-trader","seller":"poliwalt10","symbol":"SIM","quantity":"393.000","price":"0.00039601","timestamp":1659792534,"volume":"0.15563193","buyTxId":"30e251e6d31ce92732e05831ce4c47ed5e65e1a4-4","sellTxId":"d0a2c19b456ad8949dba0a3c32aa4f6cb9b2bdc5"}
{"index": {"_index":"sim","_id":"4078865"}}
	{"id":4078865,"type":"sell","buyer":"pi-trader","seller":"gidlark","symbol":"SIM","quantity":"390.436","price":"0.00039601","timestamp":1659792552,"volume":"0.15461656","buyTxId":"30e251e6d31ce92732e05831ce4c47ed5e65e1a4-4","sellTxId":"09c02104d71f965986a8b2f211e889296a8c0670"}
{"index": {"_index":"sim","_id":"4079160"}}
	{"id":4079160,"type":"buy","buyer":"boycharlieplays","seller":"nftmart.fees","symbol":"SIM","quantity":"2.000","price":"0.00041391","timestamp":1659796251,"volume":"0.00082782","buyTxId":"bf1824a9f8daf8b77aab8276a25fcdf120b645f1","sellTxId":"2e7321c5544a0d0599cee9b851146898894d31dc-0"}
{"index": {"_index":"sim","_id":"4079161"}}
	{"id":4079161,"type":"buy","buyer":"boycharlieplays","seller":"pi-trader","symbol":"SIM","quantity":"4943.400","price":"0.00041392","timestamp":1659796251,"volume":"2.04617213","buyTxId":"bf1824a9f8daf8b77aab8276a25fcdf120b645f1","sellTxId":"51a694b674e4a4f7326e57f77425ecd5eb2c7dd9-1"}
{"index": {"_index":"sim","_id":"4079518"}}
	{"id":4079518,"type":"sell","buyer":"pi-trader","seller":"leontr","symbol":"SIM","quantity":"21525.499","price":"0.00039601","timestamp":1659800661,"volume":"8.52431286","buyTxId":"34370cfd2289de8dded0a122965ac882f6f1b83f-4","sellTxId":"596459dbd0ace16988919ac05e9c738ef2b86518"}
{"index": {"_index":"sim","_id":"4079626"}}
	{"id":4079626,"type":"sell","buyer":"pi-trader","seller":"elevator09","symbol":"SIM","quantity":"4747.798","price":"0.00039601","timestamp":1659802065,"volume":"1.88017549","buyTxId":"66f710e5206f2ca143c2d220d22cd2d6c36eb639-3","sellTxId":"5a4af56c0971d7c81653883d8f0843ba73fd2c00"}
{"index": {"_index":"sim","_id":"4079788"}}
	{"id":4079788,"type":"buy","buyer":"automaton","seller":"nftmart.fees","symbol":"SIM","quantity":"2.000","price":"0.00041387","timestamp":1659804210,"volume":"0.00082774","buyTxId":"3e1732eb42c4c556e763383687d3e7616bd57d23","sellTxId":"418560aaf614c6a8a5e032ec4bc0537ac34cda19-0"}
{"index": {"_index":"sim","_id":"4079789"}}
	{"id":4079789,"type":"buy","buyer":"automaton","seller":"pi-trader","symbol":"SIM","quantity":"2198.000","price":"0.00041388","timestamp":1659804210,"volume":"0.90970824","buyTxId":"3e1732eb42c4c556e763383687d3e7616bd57d23","sellTxId":"901b0ff2055095ffea019b735c412bd79fd5b547-3"}
{"index": {"_index":"sim","_id":"4080086"}}
	{"id":4080086,"type":"sell","buyer":"pi-trader","seller":"agreste","symbol":"SIM","quantity":"0.126","price":"0.00039601","timestamp":1659807972,"volume":"0.00004990","buyTxId":"bcbd064d2c2ac27b7a940195622777b66f8d52da-3","sellTxId":"26e20adca3e06e3cc8ab67cb27cce6a919def4cd"}
{"index": {"_index":"sim","_id":"4080178"}}
	{"id":4080178,"type":"sell","buyer":"pi-trader","seller":"damla","symbol":"SIM","quantity":"0.040","price":"0.00039601","timestamp":1659808617,"volume":"0.00001584","buyTxId":"a79f1cc66eeffc3469ff94e31aa5a37148a5e52e-1","sellTxId":"94e4653ded45983f64e2aef84b4ea3d028e5722a"}
{"index": {"_index":"sim","_id":"4080590"}}
	{"id":4080590,"type":"sell","buyer":"pi-trader","seller":"loganhate","symbol":"SIM","quantity":"20.000","price":"0.00039601","timestamp":1659811839,"volume":"0.00792020","buyTxId":"45402e7ca46fdaf86c5ab557534212700f8e8283-1","sellTxId":"6a78e01fa41b8e1252c2d1a9ac0bb7d000295503"}
{"index": {"_index":"sim","_id":"4080643"}}
	{"id":4080643,"type":"sell","buyer":"pi-trader","seller":"myvest","symbol":"SIM","quantity":"0.885","price":"0.00039601","timestamp":1659812502,"volume":"0.00035047","buyTxId":"4300c3cdb715943bc1a0ab30d2e8a62e7f20cc50-3","sellTxId":"59b8bed75846e2c7120e274d0c3fab06ae94ec3a"}
{"index": {"_index":"sim","_id":"4080843"}}
	{"id":4080843,"type":"buy","buyer":"maryjane.main","seller":"nftmart.fees","symbol":"SIM","quantity":"2.000","price":"0.00041383","timestamp":1659814791,"volume":"0.00082766","buyTxId":"11163693c7fb46fc28fc1f304e82a2d4569515bb","sellTxId":"008ed84923ee973e3b14edf33112543346981473-0"}
{"index": {"_index":"sim","_id":"4080844"}}
	{"id":4080844,"type":"buy","buyer":"maryjane.main","seller":"pi-trader","symbol":"SIM","quantity":"10998.000","price":"0.00041384","timestamp":1659814791,"volume":"4.55141232","buyTxId":"11163693c7fb46fc28fc1f304e82a2d4569515bb","sellTxId":"3c5e3b4165b62a5a2e43ec6f03c461217eb4e07f-2"}
{"index": {"_index":"sim","_id":"4080854"}}
	{"id":4080854,"type":"sell","buyer":"pi-trader","seller":"mango-juice","symbol":"SIM","quantity":"390.000","price":"0.00039601","timestamp":1659814851,"volume":"0.15444390","buyTxId":"cc2def0d2fbe8e0fdb7f1ea1717fbbaf636decac-1","sellTxId":"7d09814e27e4ce5265227039163cc35978875ce4"}
{"index": {"_index":"sim","_id":"4081042"}}
	{"id":4081042,"type":"sell","buyer":"pi-trader","seller":"forsakensushi","symbol":"SIM","quantity":"13056.134","price":"0.00039601","timestamp":1659817176,"volume":"5.17035963","buyTxId":"dd43e4a5d942c00c1494e7bb948328257b99c3da-6","sellTxId":"b19936c6a148742b0830d3351236f19129616986"}
{"index": {"_index":"sim","_id":"4081202"}}
	{"id":4081202,"type":"buy","buyer":"cryptogillone","seller":"nftmart.fees","symbol":"SIM","quantity":"1.000","price":"0.00041381","timestamp":1659819066,"volume":"0.00041381","buyTxId":"4349b16e709710c8ec48e3955e76212fe3fb202a","sellTxId":"768e432d632a8443202be9be373ae6b831269aa4-0"}
{"index": {"_index":"sim","_id":"4081203"}}
	{"id":4081203,"type":"buy","buyer":"cryptogillone","seller":"pi-trader","symbol":"SIM","quantity":"501.210","price":"0.00041382","timestamp":1659819066,"volume":"0.20741075","buyTxId":"4349b16e709710c8ec48e3955e76212fe3fb202a","sellTxId":"d111ffeeb0981c73cc97cae6e8cb1fd5bdc6c796-1"}
{"index": {"_index":"sim","_id":"4081385"}}
	{"id":4081385,"type":"buy","buyer":"frugal-fun","seller":"nftmart.fees","symbol":"SIM","quantity":"1.000","price":"0.00041378","timestamp":1659822480,"volume":"0.00041378","buyTxId":"124b304aed132dc92db7a197e51ab0bd65132fd3","sellTxId":"fe55994cd2bb2c54db9da2958949fad9dfc87917-0"}
{"index": {"_index":"sim","_id":"4081386"}}
	{"id":4081386,"type":"buy","buyer":"frugal-fun","seller":"pi-trader","symbol":"SIM","quantity":"20057.713","price":"0.00041380","timestamp":1659822480,"volume":"8.29988164","buyTxId":"124b304aed132dc92db7a197e51ab0bd65132fd3","sellTxId":"a804f025ef603b559851a504657a8b3413d9436d-1"}
{"index": {"_index":"sim","_id":"4081474"}}
	{"id":4081474,"type":"buy","buyer":"he-index","seller":"nftmart.fees","symbol":"SIM","quantity":"1.000","price":"0.00041379","timestamp":1659824193,"volume":"0.00041379","buyTxId":"144f1e20d57bbac62fc75c62c3e7073909355421","sellTxId":"7d59ee1e2a3406dcc9b60c7aa01b9521123797e9-0"}
{"index": {"_index":"sim","_id":"4081475"}}
	{"id":4081475,"type":"buy","buyer":"he-index","seller":"pi-trader","symbol":"SIM","quantity":"530.658","price":"0.00041380","timestamp":1659824193,"volume":"0.21958628","buyTxId":"144f1e20d57bbac62fc75c62c3e7073909355421","sellTxId":"ba6eb16f55a725af3151b26725c210ec0de29950-2"}
{"index": {"_index":"sim","_id":"4081724"}}
	{"id":4081724,"type":"sell","buyer":"pi-trader","seller":"bitcoinflood","symbol":"SIM","quantity":"578.761","price":"0.00039601","timestamp":1659827226,"volume":"0.22919514","buyTxId":"d7b35126a684bcf5c26475f71fc99fab105d49c0-3","sellTxId":"449d9521b3fb0d60d3ccb84372bf983f9cf0078a"}
{"index": {"_index":"sim","_id":"4081783"}}
	{"id":4081783,"type":"buy","buyer":"ana-maria","seller":"nftmart.fees","symbol":"SIM","quantity":"1.000","price":"0.00041377","timestamp":1659827877,"volume":"0.00041377","buyTxId":"aa9545b4aca704a84d33045315d88a51546ed19d","sellTxId":"98d4b19badbb40c536c7f021ded44ff13b85b10a-0"}
{"index": {"_index":"sim","_id":"4081785"}}
	{"id":4081785,"type":"buy","buyer":"ana-maria","seller":"pi-trader","symbol":"SIM","quantity":"395.000","price":"0.00041378","timestamp":1659827904,"volume":"0.16344310","buyTxId":"47fc954af4f942d1459ce4de9b0d7f2bcec31c17","sellTxId":"e7b65d5e3ad3031bf609d87b40239133bc8d4326-5"}
{"index": {"_index":"sim","_id":"4082031"}}
	{"id":4082031,"type":"sell","buyer":"pi-trader","seller":"laritheghost","symbol":"SIM","quantity":"63.153","price":"0.00039601","timestamp":1659830985,"volume":"0.02500922","buyTxId":"aa8eb5507e20efcbf6d08cadf6260556fccde5f2-3","sellTxId":"8429968aa77fea09522ca5a0a100d1a712e0540d"}
{"index": {"_index":"sim","_id":"4082043"}}
	{"id":4082043,"type":"buy","buyer":"frugal-fun","seller":"nftmart.fees","symbol":"SIM","quantity":"14.000","price":"0.00041375","timestamp":1659831183,"volume":"0.00579250","buyTxId":"d7c6b075440bad8bce43ef0c2fbcbe1c036c9414","sellTxId":"4b6f457cb7578c909e2b55f4e49286fcf6fb7192-0"}
{"index": {"_index":"sim","_id":"4082044"}}
	{"id":4082044,"type":"buy","buyer":"frugal-fun","seller":"pi-trader","symbol":"SIM","quantity":"32794.263","price":"0.00041376","timestamp":1659831183,"volume":"13.56895426","buyTxId":"d7c6b075440bad8bce43ef0c2fbcbe1c036c9414","sellTxId":"af3ea38dddd91151afaf245a5c16931ce6fca4cf-5"}
{"index": {"_index":"sim","_id":"4082162"}}
	{"id":4082162,"type":"sell","buyer":"pi-trader","seller":"dhedge-drips","symbol":"SIM","quantity":"15.499","price":"0.00039601","timestamp":1659833118,"volume":"0.00613776","buyTxId":"bdebca91af6818ab86710a21ad6750672aaa8b59-1","sellTxId":"a441e1176cb60433ce5efcf153b3cafc105a4304"}
{"index": {"_index":"sim","_id":"4082354"}}
	{"id":4082354,"type":"sell","buyer":"pi-trader","seller":"weldmaster","symbol":"SIM","quantity":"286.000","price":"0.00039601","timestamp":1659834681,"volume":"0.11325886","buyTxId":"3da4af709adbc5e855d3f5496da45224a982af06-5","sellTxId":"3ee23febb82085de3c7ccce83f95dcb8d8ae018e"}
{"index": {"_index":"sim","_id":"4082411"}}
	{"id":4082411,"type":"sell","buyer":"pi-trader","seller":"themarkymark","symbol":"SIM","quantity":"333.504","price":"0.00039601","timestamp":1659835089,"volume":"0.13207092","buyTxId":"5d9bf9764bdff4ed580af218abea0fd9bbbed318-3","sellTxId":"b26df83576cb70a9ade47d263e0b26b54d8158ef"}
{"index": {"_index":"sim","_id":"4082478"}}
	{"id":4082478,"type":"sell","buyer":"pi-trader","seller":"steem82868","symbol":"SIM","quantity":"0.010","price":"0.00039602","timestamp":1659835986,"volume":"0.00000396","buyTxId":"78a5ad565f489338f92185d8c5f8db9d7bb01861-4","sellTxId":"adcc73728b95c4c9a0f683c9df069ebfa6d1f2b0"}
{"index": {"_index":"sim","_id":"4082755"}}
	{"id":4082755,"type":"buy","buyer":"frugal-fun","seller":"pi-trader","symbol":"SIM","quantity":"1013.232","price":"0.00041372","timestamp":1659839187,"volume":"0.41919434","buyTxId":"b6e6ea56031e8da843e8b35ab4ac7423c9169262","sellTxId":"97ef146f1eb7353ce95f61a92c30803e538973f6-4"}
{"index": {"_index":"sim","_id":"4082804"}}
	{"id":4082804,"type":"sell","buyer":"pi-trader","seller":"loganhate","symbol":"SIM","quantity":"78.000","price":"0.00039602","timestamp":1659840105,"volume":"0.03088956","buyTxId":"fb56219817a79f0d9d54cc49911242feb1829cd4-4","sellTxId":"e16275d2b7261a5a7423310bfd2dfafb61ab80fb"}
