{"index": {"_index":"sim","_id":"2964207"}}
	{"id":2964207,"type":"sell","buyer":"pi-trader","seller":"brofi-market","symbol":"SIM","quantity":"0.001","price":"0.00048002","timestamp":1647144675,"volume":"0.00000048","buyTxId":"f4e6700e474fe60ce3928b2a2722eb06ddcf7011-1","sellTxId":"c5f21db10792df2408c6ca61f6c93c5647b70c43"}
{"index": {"_index":"sim","_id":"2964286"}}
	{"id":2964286,"type":"sell","buyer":"pi-trader","seller":"theguruasia","symbol":"SIM","quantity":"736.217","price":"0.00048002","timestamp":1647145674,"volume":"0.35339888","buyTxId":"33d3d18793e270a8d1d0d25cac8d0a9340325617-1","sellTxId":"8107f88fbdc2208a5797fcea506713bbbfc4e02c"}
{"index": {"_index":"sim","_id":"2964303"}}
	{"id":2964303,"type":"buy","buyer":"quickdrawchev","seller":"nftmart.fees","symbol":"SIM","quantity":"25.000","price":"0.00049035","timestamp":1647145947,"volume":"0.01225875","buyTxId":"1aec4b76ce9fe4e55525f3e41f5e4ef056e6064e","sellTxId":"9b0fcf3f3ba928bff7d20f7cb325ee81c0d1d31c-0"}
{"index": {"_index":"sim","_id":"2964327"}}
	{"id":2964327,"type":"sell","buyer":"quickdrawchev","seller":"nftmart.fees","symbol":"SIM","quantity":"25.000","price":"0.00049035","timestamp":1647146697,"volume":"0.01225875","buyTxId":"1aec4b76ce9fe4e55525f3e41f5e4ef056e6064e","sellTxId":"4c9f7c2505e35315f6d850692f57aaa6ec90242a-0"}
{"index": {"_index":"sim","_id":"2964405"}}
	{"id":2964405,"type":"sell","buyer":"quickdrawchev","seller":"nftmart.fees","symbol":"SIM","quantity":"21.000","price":"0.00049035","timestamp":1647147894,"volume":"0.01029735","buyTxId":"1aec4b76ce9fe4e55525f3e41f5e4ef056e6064e","sellTxId":"68957300a1156c747398dc00cb74e7f4b8e0d21d-0"}
{"index": {"_index":"sim","_id":"2964416"}}
	{"id":2964416,"type":"buy","buyer":"iamraincrystal","seller":"brofi-market","symbol":"SIM","quantity":"0.001","price":"0.00049036","timestamp":1647148068,"volume":"0.00000049","buyTxId":"84b1dacd0bf387135fafdc4d7781026624d1890a","sellTxId":"e7b7959ee91d9ad2c45b92c965e34b32f0c6f601"}
{"index": {"_index":"sim","_id":"2964417"}}
	{"id":2964417,"type":"buy","buyer":"iamraincrystal","seller":"bitcoinflood","symbol":"SIM","quantity":"439.999","price":"0.00049038","timestamp":1647148068,"volume":"0.21576671","buyTxId":"84b1dacd0bf387135fafdc4d7781026624d1890a","sellTxId":"d789afff348fd28fd3be0af43ed4b22956bd0682"}
{"index": {"_index":"sim","_id":"2964481"}}
	{"id":2964481,"type":"sell","buyer":"quickdrawchev","seller":"thatcryptodave","symbol":"SIM","quantity":"529.525","price":"0.00049035","timestamp":1647149073,"volume":"0.25965258","buyTxId":"1aec4b76ce9fe4e55525f3e41f5e4ef056e6064e","sellTxId":"07063fc837333de553eedfdeaa5d18f3b56a8a4a"}
{"index": {"_index":"sim","_id":"2964612"}}
	{"id":2964612,"type":"sell","buyer":"quickdrawchev","seller":"nftmart.fees","symbol":"SIM","quantity":"17.000","price":"0.00049035","timestamp":1647151494,"volume":"0.00833595","buyTxId":"1aec4b76ce9fe4e55525f3e41f5e4ef056e6064e","sellTxId":"859c3a460a5afbbfb7106d7dcb2d8d51f9ff9a1c-0"}
{"index": {"_index":"sim","_id":"2964614"}}
	{"id":2964614,"type":"sell","buyer":"quickdrawchev","seller":"jelly-cz","symbol":"SIM","quantity":"2082.475","price":"0.00049035","timestamp":1647151509,"volume":"1.02114162","buyTxId":"1aec4b76ce9fe4e55525f3e41f5e4ef056e6064e","sellTxId":"MM-P-15590886-62578913-3-31-0"}
{"index": {"_index":"sim","_id":"2964834"}}
	{"id":2964834,"type":"sell","buyer":"crypto-futurist","seller":"nftmart.fees","symbol":"SIM","quantity":"24.365","price":"0.00048001","timestamp":1647154698,"volume":"0.01169544","buyTxId":"81c6aeb68144b42c98494c22bdf4d825e6b4b43c","sellTxId":"b11b8765408b02e5ccc6f9e16baae28bea494abb"}
{"index": {"_index":"sim","_id":"2964835"}}
	{"id":2964835,"type":"sell","buyer":"pi-trader","seller":"nftmart.fees","symbol":"SIM","quantity":"92.050","price":"0.00045603","timestamp":1647154698,"volume":"0.04197756","buyTxId":"a487cea89796316aba5d3f839b6f2d98a4602390-3","sellTxId":"b11b8765408b02e5ccc6f9e16baae28bea494abb"}
{"index": {"_index":"sim","_id":"2964844"}}
	{"id":2964844,"type":"buy","buyer":"libert","seller":"pi-trader","symbol":"SIM","quantity":"13886.309","price":"0.00048465","timestamp":1647154752,"volume":"6.73","buyTxId":"137815074daa81cc4e712865bf0c6767cc9fdfb6","sellTxId":"8292531d0782a44ed78a32e9139f780087008f3e-3"}
{"index": {"_index":"sim","_id":"2964955"}}
	{"id":2964955,"type":"sell","buyer":"pi-trader","seller":"zakludick","symbol":"SIM","quantity":"7.106","price":"0.00045603","timestamp":1647157431,"volume":"0.00324055","buyTxId":"fa9ca35d8d35c8b09fbc5fb5647a701aadc56a8d-1","sellTxId":"9203d7305fe3af86c88d70ac6617e66bcd7bd648"}
{"index": {"_index":"sim","_id":"2965122"}}
	{"id":2965122,"type":"sell","buyer":"pi-trader","seller":"independance","symbol":"SIM","quantity":"0.156","price":"0.00045603","timestamp":1647160278,"volume":"0.00007114","buyTxId":"368ce674a04c169c898421e4b433277c7a3e0089-1","sellTxId":"35ad2b5bbfa6cba230bb9f6a78ead5282dd13221"}
{"index": {"_index":"sim","_id":"2965231"}}
	{"id":2965231,"type":"buy","buyer":"thatcryptodave","seller":"nftmart.fees","symbol":"SIM","quantity":"1.000","price":"0.00048409","timestamp":1647161667,"volume":"0.00048409","buyTxId":"c54c036af0df7bfa4c6c2e462fcc87c141650d29","sellTxId":"66fc9294e83c03b8d09b0ce5e03c17c6357e7fa8-0"}
{"index": {"_index":"sim","_id":"2965235"}}
	{"id":2965235,"type":"buy","buyer":"thatcryptodave","seller":"jelly-cz","symbol":"SIM","quantity":"3675.000","price":"0.00048414","timestamp":1647161718,"volume":"1.77921450","buyTxId":"aec539069120685bb3ee1b60265b5654014ea15b","sellTxId":"MM-P-15591983-62580010-3-31-0"}
{"index": {"_index":"sim","_id":"2965287"}}
	{"id":2965287,"type":"buy","buyer":"thatcryptodave","seller":"nftmart.fees","symbol":"SIM","quantity":"1.000","price":"0.00048413","timestamp":1647162750,"volume":"0.00048413","buyTxId":"8b914001c3ab9752372c5d4a7c705d79196f4c73","sellTxId":"179d752b9b3a184d1af6e8a9294db0d99a10344e-0"}
{"index": {"_index":"sim","_id":"2965288"}}
	{"id":2965288,"type":"buy","buyer":"thatcryptodave","seller":"jelly-cz","symbol":"SIM","quantity":"499.000","price":"0.00048414","timestamp":1647162750,"volume":"0.24158586","buyTxId":"8b914001c3ab9752372c5d4a7c705d79196f4c73","sellTxId":"MM-P-15591983-62580010-3-31-0"}
{"index": {"_index":"sim","_id":"2966377"}}
	{"id":2966377,"type":"sell","buyer":"pi-trader","seller":"lrekt01","symbol":"SIM","quantity":"36.617","price":"0.00045603","timestamp":1647179985,"volume":"0.01669845","buyTxId":"15de59908a66305af9d702ea08790d85fefe7884-0","sellTxId":"b555cfd7eadc515e95e161b490fa505432231cbe"}
{"index": {"_index":"sim","_id":"2966449"}}
	{"id":2966449,"type":"buy","buyer":"d35tr0","seller":"nftmart.fees","symbol":"SIM","quantity":"52.000","price":"0.00047995","timestamp":1647181083,"volume":"0.02495740","buyTxId":"61adee72bde69d585adfde34be0b1ff35b00c5d7","sellTxId":"2c499113f0803a695ec77d0fcfbc91b796f856e2-0"}
{"index": {"_index":"sim","_id":"2966453"}}
	{"id":2966453,"type":"buy","buyer":"d35tr0","seller":"lammbock","symbol":"SIM","quantity":"110.000","price":"0.00048000","timestamp":1647181107,"volume":"0.05280000","buyTxId":"e554a8bc6ecfcfb34ec7fed50d2be6f1da1e8203","sellTxId":"5b93784a6fd0835676d251d54ea9c1c70f37261c"}
{"index": {"_index":"sim","_id":"2966454"}}
	{"id":2966454,"type":"buy","buyer":"d35tr0","seller":"jelly-cz","symbol":"SIM","quantity":"300.000","price":"0.00048362","timestamp":1647181131,"volume":"0.14508600","buyTxId":"9bd5d97e9fe0dbaccb0c362c1886da8be5ca5177","sellTxId":"MM-P-15597054-62585093-3-31-0"}
{"index": {"_index":"sim","_id":"2966609"}}
	{"id":2966609,"type":"buy","buyer":"d35tr0","seller":"nftmart.fees","symbol":"SIM","quantity":"48.000","price":"0.00048360","timestamp":1647183129,"volume":"0.02321280","buyTxId":"01bdd508c8e4983a877be665c3210dda393b3308","sellTxId":"e4f7efccd4fb68839d81335c5b8004cb86028b58-0"}
{"index": {"_index":"sim","_id":"2966610"}}
	{"id":2966610,"type":"buy","buyer":"d35tr0","seller":"jelly-cz","symbol":"SIM","quantity":"2952.000","price":"0.00048362","timestamp":1647183129,"volume":"1.42764624","buyTxId":"01bdd508c8e4983a877be665c3210dda393b3308","sellTxId":"MM-P-15597054-62585093-3-31-0"}
{"index": {"_index":"sim","_id":"2966617"}}
	{"id":2966617,"type":"buy","buyer":"d35tr0","seller":"jelly-cz","symbol":"SIM","quantity":"1000.000","price":"0.00048362","timestamp":1647183264,"volume":"0.48362000","buyTxId":"f10405cf53092c26223c1606ede1099079408706","sellTxId":"MM-P-15597054-62585093-3-31-0"}
{"index": {"_index":"sim","_id":"2966620"}}
	{"id":2966620,"type":"buy","buyer":"d35tr0","seller":"jelly-cz","symbol":"SIM","quantity":"1800.000","price":"0.00048362","timestamp":1647183411,"volume":"0.87051600","buyTxId":"8c6939303366eeb7c8fbda6ade93d8b6f6b726ce","sellTxId":"MM-P-15597054-62585093-3-31-0"}
{"index": {"_index":"sim","_id":"2966789"}}
	{"id":2966789,"type":"sell","buyer":"pi-trader","seller":"pinkfloyd878","symbol":"SIM","quantity":"5000.000","price":"0.00045603","timestamp":1647185787,"volume":"2.28015000","buyTxId":"22cf3e687afe5362c1a0330847b6f43faa9a5a20-1","sellTxId":"a4268266e47c81f89eeb213b40cc10efea8ae7a3"}
{"index": {"_index":"sim","_id":"2966870"}}
	{"id":2966870,"type":"buy","buyer":"quinnertronics","seller":"nftmart.fees","symbol":"SIM","quantity":"30.000","price":"0.00048310","timestamp":1647186786,"volume":"0.01449300","buyTxId":"0f9a8300c78e1c16ea0406e7e194faa4d51f783d","sellTxId":"65d602b6da50309b4a09e753cdd603a95ef12524-0"}
{"index": {"_index":"sim","_id":"2966956"}}
	{"id":2966956,"type":"sell","buyer":"pi-trader","seller":"brofi-market","symbol":"SIM","quantity":"0.003","price":"0.00045603","timestamp":1647188382,"volume":"0.00000137","buyTxId":"254d08fb98fb6fefcebcdffe3d3cda51a92a043b-3","sellTxId":"732622fd0accd811b13963b53dc5ed496545dd97"}
{"index": {"_index":"sim","_id":"2967033"}}
	{"id":2967033,"type":"buy","buyer":"d35tr0","seller":"nftmart.fees","symbol":"SIM","quantity":"72.000","price":"0.00048308","timestamp":1647189546,"volume":"0.03478176","buyTxId":"6bfea757e0d5ce95a805f3e9478d75d869e69a3b","sellTxId":"6603534eb0a4d9d507f7ab188591a4e5ec7d1b16-0"}
{"index": {"_index":"sim","_id":"2967034"}}
	{"id":2967034,"type":"buy","buyer":"d35tr0","seller":"brofi-market","symbol":"SIM","quantity":"0.003","price":"0.00048309","timestamp":1647189546,"volume":"0.00000145","buyTxId":"6bfea757e0d5ce95a805f3e9478d75d869e69a3b","sellTxId":"f6cfa1e1afdaf84fb11266e30106106c79758bde"}
{"index": {"_index":"sim","_id":"2967035"}}
	{"id":2967035,"type":"buy","buyer":"d35tr0","seller":"jelly-cz","symbol":"SIM","quantity":"7927.997","price":"0.00048311","timestamp":1647189546,"volume":"3.83009463","buyTxId":"6bfea757e0d5ce95a805f3e9478d75d869e69a3b","sellTxId":"MM-P-15602304-62590367-3-31-0"}
{"index": {"_index":"sim","_id":"2967097"}}
	{"id":2967097,"type":"sell","buyer":"pi-trader","seller":"chekohler","symbol":"SIM","quantity":"7.754","price":"0.00045603","timestamp":1647190278,"volume":"0.00353606","buyTxId":"aa440ce956147cf558389ab02e8da40c2e9890d1-6","sellTxId":"2c59c16b2c181280104d75bc846064dd5379d877"}
{"index": {"_index":"sim","_id":"2967190"}}
	{"id":2967190,"type":"buy","buyer":"cardi0","seller":"nftmart.fees","symbol":"SIM","quantity":"63.000","price":"0.00048309","timestamp":1647191241,"volume":"0.03043467","buyTxId":"aa69def8f841e44d412af2606474bcae43604738","sellTxId":"50fb62f38de5eb673c16bd73b3a77a8298458ccb-0"}
{"index": {"_index":"sim","_id":"2967209"}}
	{"id":2967209,"type":"sell","buyer":"cardi0","seller":"willsaldeno","symbol":"SIM","quantity":"15937.000","price":"0.00048309","timestamp":1647191415,"volume":"7.69900533","buyTxId":"aa69def8f841e44d412af2606474bcae43604738","sellTxId":"95a7378bb40f7ac5de873e65c5113e015a429e39"}
{"index": {"_index":"sim","_id":"2967231"}}
	{"id":2967231,"type":"sell","buyer":"pi-trader","seller":"willsaldeno","symbol":"SIM","quantity":"11614.000","price":"0.00045603","timestamp":1647191610,"volume":"5.29633242","buyTxId":"da454adeb89867edadefb5d7fb90724c4c2162e4-2","sellTxId":"3527ac6f2026467105fa0af0bcd4b3a2115f2c87"}
{"index": {"_index":"sim","_id":"2967595"}}
	{"id":2967595,"type":"sell","buyer":"pi-trader","seller":"jrcornel","symbol":"SIM","quantity":"11236.000","price":"0.00045603","timestamp":1647196005,"volume":"5.12395308","buyTxId":"063949ed24dfda9c46405e7a76a51f073f2a771b-3","sellTxId":"d88fa23bb399bce42be7f4814c7c00f74c251e7a"}
{"index": {"_index":"sim","_id":"2968129"}}
	{"id":2968129,"type":"sell","buyer":"pi-trader","seller":"brofi-market","symbol":"SIM","quantity":"0.001","price":"0.00045603","timestamp":1647202407,"volume":"0.00000046","buyTxId":"99e47a8b5ac7b35fc1713c1ab733da55546ea8d1-5","sellTxId":"794408048b097c4a1f624d6e3a6a13e313d691fc"}
{"index": {"_index":"sim","_id":"2968201"}}
	{"id":2968201,"type":"buy","buyer":"emergehealthier","seller":"nftmart.fees","symbol":"SIM","quantity":"50.000","price":"0.00048309","timestamp":1647203658,"volume":"0.02415450","buyTxId":"585da2f92854257dd013ccb425a72c7e93d50b2e","sellTxId":"cc731de6f3a4b5ea8820172c54d5a077292041c4-0"}
{"index": {"_index":"sim","_id":"2968210"}}
	{"id":2968210,"type":"buy","buyer":"maryjane.main","seller":"nftmart.fees","symbol":"SIM","quantity":"7.000","price":"0.00048309","timestamp":1647203760,"volume":"0.00338163","buyTxId":"1231072448689df9e3b2eb1ec3695a8aadc3ec7b","sellTxId":"cc731de6f3a4b5ea8820172c54d5a077292041c4-0"}
{"index": {"_index":"sim","_id":"2968211"}}
	{"id":2968211,"type":"buy","buyer":"maryjane.main","seller":"brofi-market","symbol":"SIM","quantity":"0.001","price":"0.00048310","timestamp":1647203760,"volume":"0.00000048","buyTxId":"1231072448689df9e3b2eb1ec3695a8aadc3ec7b","sellTxId":"16943d66866725379991bbc1bfee0f4c8c17d530"}
{"index": {"_index":"sim","_id":"2968212"}}
	{"id":2968212,"type":"buy","buyer":"maryjane.main","seller":"jelly-cz","symbol":"SIM","quantity":"8992.999","price":"0.00048311","timestamp":1647203760,"volume":"4.34460775","buyTxId":"1231072448689df9e3b2eb1ec3695a8aadc3ec7b","sellTxId":"MM-P-15607186-62595253-3-31-0"}
{"index": {"_index":"sim","_id":"2968287"}}
	{"id":2968287,"type":"sell","buyer":"pi-trader","seller":"florian-glechner","symbol":"SIM","quantity":"60.030","price":"0.00045603","timestamp":1647204570,"volume":"0.02737548","buyTxId":"8bffb1b409f2b89774358ff4bf3da4eebc4e70cd-4","sellTxId":"0d1c2cae7a4d8fe0c3b3400cf45f775c87a4e627"}
{"index": {"_index":"sim","_id":"2968300"}}
	{"id":2968300,"type":"sell","buyer":"pi-trader","seller":"bitcoinflood","symbol":"SIM","quantity":"762.317","price":"0.00045603","timestamp":1647204765,"volume":"0.34763942","buyTxId":"030b89df7ab444408665a88c5f4d12f1625be000-1","sellTxId":"60aae31117567ad2095d089a55f202b6e8538ba3"}
{"index": {"_index":"sim","_id":"2968320"}}
	{"id":2968320,"type":"sell","buyer":"pi-trader","seller":"rarej","symbol":"SIM","quantity":"2292.582","price":"0.00045603","timestamp":1647204888,"volume":"1.04548617","buyTxId":"8e1db6f601391932975e11672330a19b6bf002c9-3","sellTxId":"bd3f332fa6b6f49954b9a49cc79834b6e4a9123d"}
{"index": {"_index":"sim","_id":"2968400"}}
	{"id":2968400,"type":"buy","buyer":"maryjane.main","seller":"nftmart.fees","symbol":"SIM","quantity":"49.000","price":"0.00048309","timestamp":1647205602,"volume":"0.02367141","buyTxId":"7c3f74ea6f6824352b88102c423a5ac4eba7f084","sellTxId":"f61860f8f68f99502ab2f81db6e314d34c0ef27e-0"}
{"index": {"_index":"sim","_id":"2968401"}}
	{"id":2968401,"type":"buy","buyer":"maryjane.main","seller":"jelly-cz","symbol":"SIM","quantity":"7951.000","price":"0.00048311","timestamp":1647205602,"volume":"3.84120761","buyTxId":"7c3f74ea6f6824352b88102c423a5ac4eba7f084","sellTxId":"MM-P-15607186-62595253-3-31-0"}
{"index": {"_index":"sim","_id":"2968535"}}
	{"id":2968535,"type":"buy","buyer":"gsauce1989","seller":"nftmart.fees","symbol":"SIM","quantity":"50.000","price":"0.00048310","timestamp":1647207768,"volume":"0.02415500","buyTxId":"cd0fa739b66ed65342215c46f830fc6cfc4d69b5","sellTxId":"6203e903c272fff3eefe3ed4278379c0155a8beb-0"}
{"index": {"_index":"sim","_id":"2968536"}}
	{"id":2968536,"type":"buy","buyer":"gsauce1989","seller":"jelly-cz","symbol":"SIM","quantity":"7950.000","price":"0.00048311","timestamp":1647207768,"volume":"3.84072450","buyTxId":"cd0fa739b66ed65342215c46f830fc6cfc4d69b5","sellTxId":"MM-P-15607186-62595253-3-31-0"}
{"index": {"_index":"sim","_id":"2968829"}}
	{"id":2968829,"type":"sell","buyer":"pi-trader","seller":"dswap","symbol":"SIM","quantity":"181.735","price":"0.00045603","timestamp":1647211272,"volume":"0.08287661","buyTxId":"9cb16aac1deca691e7d2d84b1ddceb745df8ed72-3","sellTxId":"ab72af718ecd1be029988870802207f5fc31d96c"}
{"index": {"_index":"sim","_id":"2968897"}}
	{"id":2968897,"type":"buy","buyer":"svirus","seller":"arpuch","symbol":"SIM","quantity":"14208.690","price":"0.00045630","timestamp":1647212412,"volume":"6.48342525","buyTxId":"b479efd92141ca56e04c5322a1a144ea11434bc0-0","sellTxId":"8cac7b74555243542885dd0c530b4722c3b39603"}
{"index": {"_index":"sim","_id":"2968898"}}
	{"id":2968898,"type":"buy","buyer":"konvik","seller":"arpuch","symbol":"SIM","quantity":"0.008","price":"0.00045630","timestamp":1647212412,"volume":"0.00000365","buyTxId":"346410449b974711746fc4f0b648810a7a1ac874-0","sellTxId":"8cac7b74555243542885dd0c530b4722c3b39603"}
{"index": {"_index":"sim","_id":"2968928"}}
	{"id":2968928,"type":"sell","buyer":"pi-trader","seller":"valor2s","symbol":"SIM","quantity":"43.000","price":"0.00045603","timestamp":1647212925,"volume":"0.01960929","buyTxId":"4938ead010ae4347fd472d117830fc5e52e34ba8-5","sellTxId":"07a6ccf5d31e67b99810ec1221eae5db8519f16e"}
{"index": {"_index":"sim","_id":"2969225"}}
	{"id":2969225,"type":"sell","buyer":"pi-trader","seller":"brofi-market","symbol":"SIM","quantity":"0.003","price":"0.00045603","timestamp":1647216831,"volume":"0.00000137","buyTxId":"bb9d8cfa1a48ca1fb4cf8fbce974063ba43371ed-1","sellTxId":"55490c34d1820e0718939986a81c3a56c14ae5ab"}
{"index": {"_index":"sim","_id":"2969370"}}
	{"id":2969370,"type":"buy","buyer":"thatcryptodave","seller":"nftmart.fees","symbol":"SIM","quantity":"62.000","price":"0.00048253","timestamp":1647218634,"volume":"0.02991686","buyTxId":"5637b658fb8274554dc60eb4740198d46d587a8f","sellTxId":"83b04f1a52493ac42a88e818cfacd528d99dc375-0"}
{"index": {"_index":"sim","_id":"2969371"}}
	{"id":2969371,"type":"buy","buyer":"thatcryptodave","seller":"brofi-market","symbol":"SIM","quantity":"0.003","price":"0.00048254","timestamp":1647218634,"volume":"0.00000145","buyTxId":"5637b658fb8274554dc60eb4740198d46d587a8f","sellTxId":"5a28afb3fb348be04ac86767e9326d60cdf748d7"}
{"index": {"_index":"sim","_id":"2969380"}}
	{"id":2969380,"type":"buy","buyer":"thatcryptodave","seller":"nftmart.fees","symbol":"SIM","quantity":"62.000","price":"0.00048256","timestamp":1647218703,"volume":"0.02991872","buyTxId":"4a62fdde1c07bb783880ae32d9352c5cc5c19701","sellTxId":"8894752a3011f3abe0da8c91597cdb614b408b4d-0"}
{"index": {"_index":"sim","_id":"2969381"}}
	{"id":2969381,"type":"buy","buyer":"thatcryptodave","seller":"medaymane","symbol":"SIM","quantity":"1064.000","price":"0.00048257","timestamp":1647218703,"volume":"0.51345448","buyTxId":"4a62fdde1c07bb783880ae32d9352c5cc5c19701","sellTxId":"2b8b04e82ec0b1ecc52509574791e6b07e8bf2fd"}
{"index": {"_index":"sim","_id":"2969382"}}
	{"id":2969382,"type":"buy","buyer":"thatcryptodave","seller":"jelly-cz","symbol":"SIM","quantity":"17304.489","price":"0.00048260","timestamp":1647218703,"volume":"8.35114639","buyTxId":"4a62fdde1c07bb783880ae32d9352c5cc5c19701","sellTxId":"MM-P-15609973-62598044-3-31-0"}
{"index": {"_index":"sim","_id":"2969531"}}
	{"id":2969531,"type":"buy","buyer":"maryjane.main","seller":"nftmart.fees","symbol":"SIM","quantity":"54.000","price":"0.00048259","timestamp":1647220626,"volume":"0.02605986","buyTxId":"b326e6201c170dda08a715acdd81c728ea2d83e8","sellTxId":"ab589b27bfdbd7b214da61d7ad3329b1ac861c34-0"}
{"index": {"_index":"sim","_id":"2969532"}}
	{"id":2969532,"type":"buy","buyer":"maryjane.main","seller":"jelly-cz","symbol":"SIM","quantity":"18946.000","price":"0.00048260","timestamp":1647220626,"volume":"9.14333960","buyTxId":"b326e6201c170dda08a715acdd81c728ea2d83e8","sellTxId":"MM-P-15609973-62598044-3-31-0"}
{"index": {"_index":"sim","_id":"2969570"}}
	{"id":2969570,"type":"buy","buyer":"maryjane.main","seller":"nftmart.fees","symbol":"SIM","quantity":"47.000","price":"0.00048259","timestamp":1647221289,"volume":"0.02268173","buyTxId":"0aac22b69542b8f55d6bcc211185206b944d143f","sellTxId":"4aef7dc108bbc3f636b94a7c0c97da3cad62c1f9-0"}
{"index": {"_index":"sim","_id":"2969571"}}
	{"id":2969571,"type":"buy","buyer":"maryjane.main","seller":"jelly-cz","symbol":"SIM","quantity":"2553.000","price":"0.00048260","timestamp":1647221289,"volume":"1.23207780","buyTxId":"0aac22b69542b8f55d6bcc211185206b944d143f","sellTxId":"MM-P-15609973-62598044-3-31-0"}
{"index": {"_index":"sim","_id":"2969704"}}
	{"id":2969704,"type":"buy","buyer":"gsauce1989","seller":"nftmart.fees","symbol":"SIM","quantity":"40.000","price":"0.00048259","timestamp":1647223482,"volume":"0.01930360","buyTxId":"1ee854a87161cedada4abe6148d0bfda094d21a1","sellTxId":"f7adb24e2a55c420a9f58ada06ce63045ba2d9b4-0"}
{"index": {"_index":"sim","_id":"2969705"}}
	{"id":2969705,"type":"buy","buyer":"gsauce1989","seller":"jelly-cz","symbol":"SIM","quantity":"9960.000","price":"0.00048260","timestamp":1647223482,"volume":"4.80669600","buyTxId":"1ee854a87161cedada4abe6148d0bfda094d21a1","sellTxId":"MM-P-15609973-62598044-3-31-0"}
{"index": {"_index":"sim","_id":"2969776"}}
	{"id":2969776,"type":"sell","buyer":"pi-trader","seller":"andy4475","symbol":"SIM","quantity":"244.677","price":"0.00045603","timestamp":1647224646,"volume":"0.11158005","buyTxId":"60bc527dae21a0936416ae2f9b4f90997e157726-3","sellTxId":"fbf023c235f77cb034568cdf920a4a7f9ebb15ef"}
{"index": {"_index":"sim","_id":"2969805"}}
	{"id":2969805,"type":"sell","buyer":"pi-trader","seller":"dkid14","symbol":"SIM","quantity":"150000.000","price":"0.00045603","timestamp":1647225342,"volume":"68.40450000","buyTxId":"2b82bd009b38f95aa8657ec1fe7ae488fcb1f594-3","sellTxId":"f64373af6c8ef4c6506a1aa62553957543f4970d"}
{"index": {"_index":"sim","_id":"2969927"}}
	{"id":2969927,"type":"sell","buyer":"pi-trader","seller":"theshaki","symbol":"SIM","quantity":"77.000","price":"0.00045603","timestamp":1647227331,"volume":"0.03511431","buyTxId":"e8c7dbae2e20e850da289685197ff7750fa15ebe-2","sellTxId":"1e19abcc49c59815cee0cbfd0f5208f977d15cc0"}
{"index": {"_index":"sim","_id":"2970042"}}
	{"id":2970042,"type":"sell","buyer":"pi-trader","seller":"hive.miner","symbol":"SIM","quantity":"265.000","price":"0.00045603","timestamp":1647229194,"volume":"0.12084795","buyTxId":"212a2552a0953d4fbc70387c32beb3fdda0c3096-1","sellTxId":"8fe54dc15909f2a0cf1ad6ca9c4134b7b18515f1"}
{"index": {"_index":"sim","_id":"2970104"}}
	{"id":2970104,"type":"buy","buyer":"boycharlieplays","seller":"nftmart.fees","symbol":"SIM","quantity":"37.000","price":"0.00048254","timestamp":1647229974,"volume":"0.01785398","buyTxId":"8bc6a9e3333b961aaf822cd197e083618806f2fa","sellTxId":"4f389e23603fbf4c1902b68abb1f4ee9fd8509c9-0"}
{"index": {"_index":"sim","_id":"2970110"}}
	{"id":2970110,"type":"buy","buyer":"boycharlieplays","seller":"jelly-cz","symbol":"SIM","quantity":"4500.000","price":"0.00048260","timestamp":1647230013,"volume":"2.17170000","buyTxId":"5c9750fa9290768c27cea76c5bbb41cbc6da584a","sellTxId":"MM-P-15609973-62598044-3-31-0"}
{"index": {"_index":"sim","_id":"2970111"}}
	{"id":2970111,"type":"buy","buyer":"theclasser1","seller":"jelly-cz","symbol":"SIM","quantity":"16496.065","price":"0.00048260","timestamp":1647230022,"volume":"7.96100115","buyTxId":"ee9a9280e68b8503303515ba0ba50963dd146372","sellTxId":"MM-P-15609973-62598044-3-31-0"}
