{"index": {"_index":"sim","_id":"3254158"}}
	{"id":3254158,"type":"buy","buyer":"artemis0922","seller":"jelly-cz","symbol":"SIM","quantity":"2.000","price":"0.00039800","timestamp":1650600927,"volume":"0.00079600","buyTxId":"946a39f0ebfcb18af8ad19a65ce6eecf6a32e7df","sellTxId":"MM-P-16730680-63720141-3-28-0"}
{"index": {"_index":"sim","_id":"3254161"}}
	{"id":3254161,"type":"buy","buyer":"prometheus0622","seller":"jelly-cz","symbol":"SIM","quantity":"2.000","price":"0.00039800","timestamp":1650600978,"volume":"0.00079600","buyTxId":"5044893c94bb47b435f00f66a62c466d2028fa06","sellTxId":"MM-P-16730680-63720141-3-28-0"}
{"index": {"_index":"sim","_id":"3254424"}}
	{"id":3254424,"type":"sell","buyer":"pi-trader","seller":"nftmart.fees","symbol":"SIM","quantity":"101.150","price":"0.00039001","timestamp":1650605160,"volume":"0.03944951","buyTxId":"2260a9c5a735a185f59a8f45f3620741b405d624-1","sellTxId":"1d1e69e05d2e66509d6f43554112cc260384ae14"}
{"index": {"_index":"sim","_id":"3254832"}}
	{"id":3254832,"type":"sell","buyer":"pi-trader","seller":"dswap","symbol":"SIM","quantity":"0.204","price":"0.00039001","timestamp":1650610482,"volume":"0.00007956","buyTxId":"e203d7683b4eada03657f2ef0e31341903b940e5-1","sellTxId":"37915965a9197616d52eab685113ca3086f335d8"}
{"index": {"_index":"sim","_id":"3254864"}}
	{"id":3254864,"type":"sell","buyer":"pi-trader","seller":"anderssinho","symbol":"SIM","quantity":"0.026","price":"0.00039001","timestamp":1650610953,"volume":"0.00001014","buyTxId":"2c9a14d77bca736f4d53678f7a7586b2c37ac9bf-1","sellTxId":"4100265ba5aee19b6c588b3b25e6384e4b99209f"}
{"index": {"_index":"sim","_id":"3255039"}}
	{"id":3255039,"type":"sell","buyer":"catotune","seller":"lammbock","symbol":"SIM","quantity":"200.000","price":"0.00039500","timestamp":1650613347,"volume":"0.07900000","buyTxId":"ea222bfdf795214b0eb7cae4adc0e704c6c9c148","sellTxId":"cde77a20addc1de99641918b4f25830feaf00a70"}
{"index": {"_index":"sim","_id":"3255534"}}
	{"id":3255534,"type":"sell","buyer":"catotune","seller":"beco132","symbol":"SIM","quantity":"5089.000","price":"0.00039500","timestamp":1650621882,"volume":"2.01015500","buyTxId":"ea222bfdf795214b0eb7cae4adc0e704c6c9c148","sellTxId":"a49200cb99c4487a2e3aaa5a5098cfe8a857cbce"}
{"index": {"_index":"sim","_id":"3255698"}}
	{"id":3255698,"type":"buy","buyer":"ragnarokdel","seller":"jelly-cz","symbol":"SIM","quantity":"5000.000","price":"0.00039800","timestamp":1650624780,"volume":"1.99000000","buyTxId":"b4f698b028358e15c06a610ee536c829140986c1","sellTxId":"MM-P-16743332-63732809-3-28-0"}
{"index": {"_index":"sim","_id":"3255704"}}
	{"id":3255704,"type":"sell","buyer":"catotune","seller":"hive-127788","symbol":"SIM","quantity":"0.190","price":"0.00039500","timestamp":1650624840,"volume":"0.00007505","buyTxId":"ea222bfdf795214b0eb7cae4adc0e704c6c9c148","sellTxId":"bb3bc84bad2d6544ed2c4b45c232ac5edf3eaa61"}
{"index": {"_index":"sim","_id":"3255904"}}
	{"id":3255904,"type":"sell","buyer":"catotune","seller":"andy4475","symbol":"SIM","quantity":"9.352","price":"0.00039500","timestamp":1650626946,"volume":"0.00369404","buyTxId":"ea222bfdf795214b0eb7cae4adc0e704c6c9c148","sellTxId":"5f6f0e1403531c6c88d9db18a037a7314d6f5f12"}
{"index": {"_index":"sim","_id":"3256019"}}
	{"id":3256019,"type":"sell","buyer":"catotune","seller":"thegoliath","symbol":"SIM","quantity":"17493.863","price":"0.00039500","timestamp":1650628203,"volume":"6.91007589","buyTxId":"ea222bfdf795214b0eb7cae4adc0e704c6c9c148","sellTxId":"f61e9037a5ed1292ec816f8251b72f7ac3a6ca64"}
{"index": {"_index":"sim","_id":"3256024"}}
	{"id":3256024,"type":"sell","buyer":"pi-trader","seller":"thegoliath","symbol":"SIM","quantity":"61600.000","price":"0.00039101","timestamp":1650628248,"volume":"24.08621600","buyTxId":"d93219bbf1b9b77f9d5e20220a52b640bbb06744","sellTxId":"3370a0fb9accec1a6571ac0485d6f40177368cef"}
{"index": {"_index":"sim","_id":"3256097"}}
	{"id":3256097,"type":"sell","buyer":"beco132","seller":"thegoliath","symbol":"SIM","quantity":"5089.000","price":"0.00039100","timestamp":1650629334,"volume":"1.98979900","buyTxId":"5b2aba226a7fa35bb1b365ca05803d1a3397593f","sellTxId":"66d67cb60e8d86306e85a3e0c006173f83e67182"}
{"index": {"_index":"sim","_id":"3256098"}}
	{"id":3256098,"type":"sell","buyer":"meanbees","seller":"thegoliath","symbol":"SIM","quantity":"69968.633","price":"0.00039000","timestamp":1650629334,"volume":"27.28776687","buyTxId":"948359df1f5f741a11fc249661f6d8c2bb7eee56","sellTxId":"66d67cb60e8d86306e85a3e0c006173f83e67182"}
{"index": {"_index":"sim","_id":"3256099"}}
	{"id":3256099,"type":"sell","buyer":"beco132","seller":"thegoliath","symbol":"SIM","quantity":"5115.000","price":"0.00038900","timestamp":1650629334,"volume":"1.98973500","buyTxId":"57e01f626f91bcf23fc73b11f41e26a6588d3e23","sellTxId":"66d67cb60e8d86306e85a3e0c006173f83e67182"}
{"index": {"_index":"sim","_id":"3256100"}}
	{"id":3256100,"type":"sell","buyer":"beco132","seller":"thegoliath","symbol":"SIM","quantity":"5115.000","price":"0.00038900","timestamp":1650629334,"volume":"1.98973500","buyTxId":"af33379b4a5b3ae0e2d513a80c08d6831a735582","sellTxId":"66d67cb60e8d86306e85a3e0c006173f83e67182"}
{"index": {"_index":"sim","_id":"3256101"}}
	{"id":3256101,"type":"sell","buyer":"beco132","seller":"thegoliath","symbol":"SIM","quantity":"5141.000","price":"0.00038700","timestamp":1650629334,"volume":"1.98956700","buyTxId":"924caf109523e38717ace783322d5cc48d32289b","sellTxId":"66d67cb60e8d86306e85a3e0c006173f83e67182"}
{"index": {"_index":"sim","_id":"3256102"}}
	{"id":3256102,"type":"sell","buyer":"d-pend","seller":"thegoliath","symbol":"SIM","quantity":"64871.367","price":"0.00038600","timestamp":1650629334,"volume":"25.04034766","buyTxId":"25ca688027f876d2caa24e794cea886e9a592e15","sellTxId":"66d67cb60e8d86306e85a3e0c006173f83e67182"}
{"index": {"_index":"sim","_id":"3256141"}}
	{"id":3256141,"type":"sell","buyer":"pi-trader","seller":"pele23","symbol":"SIM","quantity":"0.003","price":"0.00038601","timestamp":1650629856,"volume":"0.00000116","buyTxId":"40d06f0b7c800c6c18b6e409f7ed1e09c1e6803f","sellTxId":"329b3aa4feba7c72e9ed78dde55f88aafd3b0fb5"}
{"index": {"_index":"sim","_id":"3256169"}}
	{"id":3256169,"type":"sell","buyer":"pi-trader","seller":"thegoliath","symbol":"SIM","quantity":"136090.000","price":"0.00038601","timestamp":1650630366,"volume":"52.53210090","buyTxId":"075371b955bff3f74c15a745fc9a3ee9f74382a5-1","sellTxId":"72016f45caf37fc212657dcbfd2025ccd134f12b"}
{"index": {"_index":"sim","_id":"3256246"}}
	{"id":3256246,"type":"buy","buyer":"dswap","seller":"pi-trader","symbol":"SIM","quantity":"906.957","price":"0.00039799","timestamp":1650631212,"volume":"0.36096015","buyTxId":"35846640c2e4cbdb1e01b9f33a2ecf554c6ef592","sellTxId":"8830775ef737faaa6098167d12e39ec57a71776e-1"}
{"index": {"_index":"sim","_id":"3256286"}}
	{"id":3256286,"type":"sell","buyer":"pi-trader","seller":"thegoliath","symbol":"SIM","quantity":"105550.000","price":"0.00038601","timestamp":1650631884,"volume":"40.74335550","buyTxId":"fe789d0b6bc87421175be9458e028a593eea56b3-4","sellTxId":"bce180f1e85c99b6cc22993144a25424157148a7"}
{"index": {"_index":"sim","_id":"3256390"}}
	{"id":3256390,"type":"sell","buyer":"pi-trader","seller":"thegoliath","symbol":"SIM","quantity":"42220.000","price":"0.00038601","timestamp":1650633090,"volume":"16.29734220","buyTxId":"b0bf4cc4e0ce0e012c0fee21a254cba05570e6c6-3","sellTxId":"51104c557fe5102ff325f73be261ff974e11f1fe"}
{"index": {"_index":"sim","_id":"3256414"}}
	{"id":3256414,"type":"buy","buyer":"maryjane.main","seller":"pi-trader","symbol":"SIM","quantity":"2775.314","price":"0.00039799","timestamp":1650633510,"volume":"1.10454722","buyTxId":"f713e00c543236d1d155987be0770ac426f901f1","sellTxId":"939c073708c99457423887e3d632487ac6bfec48-4"}
{"index": {"_index":"sim","_id":"3256667"}}
	{"id":3256667,"type":"sell","buyer":"pi-trader","seller":"thegoliath","symbol":"SIM","quantity":"15290.000","price":"0.00038601","timestamp":1650635568,"volume":"5.90209290","buyTxId":"116962a108b211471728c69e3a6f719f07ef956c-3","sellTxId":"dad15e2d91c6c2c135eab9e9562afc20e1ad02b5"}
{"index": {"_index":"sim","_id":"3257148"}}
	{"id":3257148,"type":"sell","buyer":"pi-trader","seller":"adalger","symbol":"SIM","quantity":"0.012","price":"0.00038601","timestamp":1650640230,"volume":"0.00000463","buyTxId":"80056648c35e4ac2beafb11a2fc76143d93822e7-2","sellTxId":"8fab6232f656405b4cfb4d4c348f7524fafb3097"}
{"index": {"_index":"sim","_id":"3257192"}}
	{"id":3257192,"type":"sell","buyer":"pi-trader","seller":"medaymane","symbol":"SIM","quantity":"798.000","price":"0.00038601","timestamp":1650640689,"volume":"0.30803598","buyTxId":"c032c74d5aaedfdb8203a01eda7d0872902e3a86-1","sellTxId":"5d70e8889a84232f01d28c7b766b53417b08dbee"}
{"index": {"_index":"sim","_id":"3257198"}}
	{"id":3257198,"type":"sell","buyer":"pi-trader","seller":"crypto-dz","symbol":"SIM","quantity":"0.650","price":"0.00038601","timestamp":1650640803,"volume":"0.00025091","buyTxId":"1ecbd94dbda58cb6735c68ccc2cbedbf4fb1c44b-3","sellTxId":"0da5ff7f5270d706a9709d14fc1c45520a9e191c"}
{"index": {"_index":"sim","_id":"3257268"}}
	{"id":3257268,"type":"sell","buyer":"pi-trader","seller":"nftmart.fees","symbol":"SIM","quantity":"635.930","price":"0.00038601","timestamp":1650641841,"volume":"0.24547534","buyTxId":"4335baf29aae8a9dbd541cb2c62660eb9b2d16fa-4","sellTxId":"44a6453afc86bbae2b4528c6b007353d7b040b9a"}
{"index": {"_index":"sim","_id":"3257356"}}
	{"id":3257356,"type":"buy","buyer":"animocin","seller":"pi-trader","symbol":"SIM","quantity":"733.374","price":"0.00039799","timestamp":1650643023,"volume":"0.29187552","buyTxId":"8459e473963e5a99a95df00a4cc47f6bf07c8c00","sellTxId":"88334a09886cdd82a0c8a994efc397e43d1cfd84-4"}
{"index": {"_index":"sim","_id":"3257409"}}
	{"id":3257409,"type":"sell","buyer":"pi-trader","seller":"dswap","symbol":"SIM","quantity":"6.647","price":"0.00038601","timestamp":1650643644,"volume":"0.00256581","buyTxId":"073befca02395f605895910a06c2691fda52a5c1-3","sellTxId":"44e7951a0310d1218ef28129da550b5bf5bef8cf"}
{"index": {"_index":"sim","_id":"3257441"}}
	{"id":3257441,"type":"sell","buyer":"pi-trader","seller":"curatorcat","symbol":"SIM","quantity":"0.663","price":"0.00038601","timestamp":1650644205,"volume":"0.00025592","buyTxId":"dbfaf6ad9f124c4b99d02db66f8abae3cd6cdc85-1","sellTxId":"2d08076251f2832085d212f5b2b857b42bc3e8df"}
{"index": {"_index":"sim","_id":"3257699"}}
	{"id":3257699,"type":"sell","buyer":"pi-trader","seller":"nicotronik","symbol":"SIM","quantity":"1108.680","price":"0.00038601","timestamp":1650646437,"volume":"0.42796157","buyTxId":"26332207f2612967ad463c0e8c288ac2a4be134a-1","sellTxId":"2675bdee798617c0654131d8fff96ee75b4b5d21"}
{"index": {"_index":"sim","_id":"3257853"}}
	{"id":3257853,"type":"sell","buyer":"pi-trader","seller":"weldmaster","symbol":"SIM","quantity":"152.410","price":"0.00038601","timestamp":1650647439,"volume":"0.05883178","buyTxId":"a318f60f660009cb752de2fdfdf8d7e048d7aff2-3","sellTxId":"6008a3802a3fc18ad08fe394fafcb4a2ceb98a51"}
{"index": {"_index":"sim","_id":"3257879"}}
	{"id":3257879,"type":"sell","buyer":"pi-trader","seller":"itharagaian","symbol":"SIM","quantity":"8.000","price":"0.00038601","timestamp":1650647700,"volume":"0.00308808","buyTxId":"e648808b34b92e5fbf129dbbd8d398b46343de96-1","sellTxId":"6f9bbb967f4e14f66e32d85636452f59bf8bb5d0"}
{"index": {"_index":"sim","_id":"3258000"}}
	{"id":3258000,"type":"sell","buyer":"pi-trader","seller":"rjongg","symbol":"SIM","quantity":"777.876","price":"0.00038601","timestamp":1650648558,"volume":"0.30026791","buyTxId":"e2ed4197683d73bbe24fd575bed244df328f6869-5","sellTxId":"712c2738eecf7d3cd243634d5cbf6cdb64967271"}
{"index": {"_index":"sim","_id":"3258049"}}
	{"id":3258049,"type":"sell","buyer":"pi-trader","seller":"nftmart.fees","symbol":"SIM","quantity":"59.000","price":"0.00038601","timestamp":1650648960,"volume":"0.02277459","buyTxId":"a9407d6620b99b9e7efe07ff5db4353854df1f36-6","sellTxId":"c0a27f89d39c06858ae206d6e03ea608723d0024"}
{"index": {"_index":"sim","_id":"3258053"}}
	{"id":3258053,"type":"sell","buyer":"pi-trader","seller":"desro","symbol":"SIM","quantity":"2145.000","price":"0.00038601","timestamp":1650649035,"volume":"0.82799145","buyTxId":"3ed6b94b41e523d970a192e1ec63983d982c23a0-1","sellTxId":"381ae031e5cda98936ebed252be411c5bbbd5ff4"}
{"index": {"_index":"sim","_id":"3258078"}}
	{"id":3258078,"type":"sell","buyer":"pi-trader","seller":"monsterjamgold","symbol":"SIM","quantity":"682.625","price":"0.00038601","timestamp":1650649344,"volume":"0.26350008","buyTxId":"ea8914564f9849b524fd1c5a649a3a15976281d5-3","sellTxId":"29ca982944d95ce243b02884528788282c4f87e2"}
{"index": {"_index":"sim","_id":"3258121"}}
	{"id":3258121,"type":"sell","buyer":"pi-trader","seller":"jwjqu.wam","symbol":"SIM","quantity":"5000","price":"0.00038601","timestamp":1650649938,"volume":"1.93005000","buyTxId":"041a804200ceaed15f06b34c26dfa345fbf19e32-3","sellTxId":"3bdb73e49bcef8df403a6acdbbfbfa19575f72b1"}
{"index": {"_index":"sim","_id":"3258468"}}
	{"id":3258468,"type":"buy","buyer":"mengao","seller":"crypto-dz","symbol":"SIM","quantity":"20.000","price":"0.00039799","timestamp":1650653454,"volume":"0.00795980","buyTxId":"6642d4fa25d151a83a337c6fa3bdcf68413da579","sellTxId":"03cbbf63e4221e8de29825c30714b37fa522da2c"}
{"index": {"_index":"sim","_id":"3258484"}}
	{"id":3258484,"type":"buy","buyer":"boycharlieplays","seller":"pi-trader","symbol":"SIM","quantity":"50000.000","price":"0.00039798","timestamp":1650653610,"volume":"19.89900000","buyTxId":"f33d1160dc1a5be6f2f61221cd144f525ea50aff","sellTxId":"662786fe321e9f20d5f0cbc6fdb79dc7afd218e4-2"}
{"index": {"_index":"sim","_id":"3258485"}}
	{"id":3258485,"type":"buy","buyer":"mengao","seller":"crypto-dz","symbol":"SIM","quantity":"10.000","price":"0.00039799","timestamp":1650653613,"volume":"0.00397990","buyTxId":"180540ca320087ad6ac2002525367bf8d357a080","sellTxId":"03cbbf63e4221e8de29825c30714b37fa522da2c"}
{"index": {"_index":"sim","_id":"3258492"}}
	{"id":3258492,"type":"sell","buyer":"boycharlieplays","seller":"konvik","symbol":"SIM","quantity":"49950.434","price":"0.00039798","timestamp":1650653658,"volume":"19.87927372","buyTxId":"8a63f430defb7b6254df3f9e168cedfa54dca36a","sellTxId":"714372d124a9d8a74164d4473c544e0b1539c5df-1"}
{"index": {"_index":"sim","_id":"3258494"}}
	{"id":3258494,"type":"buy","buyer":"boycharlieplays","seller":"crypto-dz","symbol":"SIM","quantity":"9487.000","price":"0.00039799","timestamp":1650653670,"volume":"3.77573113","buyTxId":"770baa60319b3e2efa0cde799fa5d42ecfc2c7f7","sellTxId":"03cbbf63e4221e8de29825c30714b37fa522da2c"}
{"index": {"_index":"sim","_id":"3258496"}}
	{"id":3258496,"type":"sell","buyer":"boycharlieplays","seller":"frawdielp","symbol":"SIM","quantity":"49.566","price":"0.00039798","timestamp":1650653673,"volume":"0.01972628","buyTxId":"8a63f430defb7b6254df3f9e168cedfa54dca36a","sellTxId":"081157ee54ddb4868293a6fb112c53193cf5608a"}
{"index": {"_index":"sim","_id":"3258499"}}
	{"id":3258499,"type":"buy","buyer":"boycharlieplays","seller":"frawdielp","symbol":"SIM","quantity":"122.950","price":"0.00039798","timestamp":1650653685,"volume":"0.04893164","buyTxId":"79bfddec0aa9d95d892b2d72a2b9415757c88752","sellTxId":"081157ee54ddb4868293a6fb112c53193cf5608a"}
{"index": {"_index":"sim","_id":"3258503"}}
	{"id":3258503,"type":"buy","buyer":"boycharlieplays","seller":"frawdielp","symbol":"SIM","quantity":"49827.483","price":"0.00039798","timestamp":1650653709,"volume":"19.83034168","buyTxId":"21c2a22903a8e77ffe13b438bde6d3bc6e22d8f9","sellTxId":"081157ee54ddb4868293a6fb112c53193cf5608a"}
{"index": {"_index":"sim","_id":"3258509"}}
	{"id":3258509,"type":"buy","buyer":"boycharlieplays","seller":"haitch","symbol":"SIM","quantity":"122.950","price":"0.00039800","timestamp":1650653736,"volume":"0.04893410","buyTxId":"c0dda68049b37189559f63f7620272c6eed50bbd","sellTxId":"a54aea68d04311e5ca71e17def5793565d77eddf"}
{"index": {"_index":"sim","_id":"3258524"}}
	{"id":3258524,"type":"buy","buyer":"boycharlieplays","seller":"pi-trader","symbol":"SIM","quantity":"37800.894","price":"0.00041314","timestamp":1650653826,"volume":"15.61706135","buyTxId":"7dcdf9be489992901e9db6d1467530a03d3c18df","sellTxId":"eb511514ce4fedfb29a3c375da15078b25a6af25"}
{"index": {"_index":"sim","_id":"3258591"}}
	{"id":3258591,"type":"buy","buyer":"maryjane.main","seller":"pi-trader","symbol":"SIM","quantity":"22492.421","price":"0.00041314","timestamp":1650654807,"volume":"9.29251881","buyTxId":"28765f789a9a4dfab52e8d38ba4c267964d78449","sellTxId":"8e53e3b6dcabeed2afbe6bc7e5b69a93df4d5ed6-4"}
{"index": {"_index":"sim","_id":"3258650"}}
	{"id":3258650,"type":"buy","buyer":"assassyn","seller":"pi-trader","symbol":"SIM","quantity":"100.000","price":"0.00042227","timestamp":1650655479,"volume":"0.04222700","buyTxId":"183fb54df6e96eca0b86f4c29cd3529b5d7faac8","sellTxId":"43cac1134074a1102221c6f1a52e955e834acb9a-1"}
{"index": {"_index":"sim","_id":"3258750"}}
	{"id":3258750,"type":"sell","buyer":"pi-trader","seller":"thatcryptodave","symbol":"SIM","quantity":"400.036","price":"0.00038601","timestamp":1650656295,"volume":"0.15441790","buyTxId":"5f1687ff056b02fb488f4763100be1a7e7ea8b59-5","sellTxId":"cb009c2a2473f2d23aedf6a7fcd1ebf14c363c5d"}
{"index": {"_index":"sim","_id":"3258818"}}
	{"id":3258818,"type":"buy","buyer":"bassilus90","seller":"pi-trader","symbol":"SIM","quantity":"10757.664","price":"0.00042227","timestamp":1650657096,"volume":"4.54263878","buyTxId":"9e9a3a0e9446f9cb60c87976ba5048ba828471bf","sellTxId":"bdd64b59e8881089459cc328f5d6bcb000eb20bb-2"}
{"index": {"_index":"sim","_id":"3258864"}}
	{"id":3258864,"type":"sell","buyer":"pi-trader","seller":"desro","symbol":"SIM","quantity":"2155.000","price":"0.00038601","timestamp":1650657591,"volume":"0.83185155","buyTxId":"c891ec9620ae4a6eb91c23dd45d301b7301ba0a4-5","sellTxId":"2985c436fc21b338c6fb689a99f2a049d6b2731b"}
{"index": {"_index":"sim","_id":"3258934"}}
	{"id":3258934,"type":"buy","buyer":"bassilus90","seller":"pi-trader","symbol":"SIM","quantity":"3800.769","price":"0.00042227","timestamp":1650658830,"volume":"1.60495073","buyTxId":"8b1b147300f4138bfa56c88d2d6efec6f89acb23","sellTxId":"74cb138e7891cf4fd9c6506125f56805df58ebe9-4"}
{"index": {"_index":"sim","_id":"3258985"}}
	{"id":3258985,"type":"sell","buyer":"pi-trader","seller":"bassilus90","symbol":"SIM","quantity":"3362.383","price":"0.00038601","timestamp":1650659778,"volume":"1.29791346","buyTxId":"2eeb00bdc0b9edc3b034750dd56cac826420d400-5","sellTxId":"016ac17b42d7799000763851047d58a84f43d0a0"}
{"index": {"_index":"sim","_id":"3259346"}}
	{"id":3259346,"type":"sell","buyer":"metzli","seller":"he-index","symbol":"SIM","quantity":"28.125","price":"0.00040000","timestamp":1650664869,"volume":"0.01125000","buyTxId":"6281a799697545a1d736a4f8e601b18c54787bcc","sellTxId":"5cccff75769f7831bc01d39b6d02af052462411b"}
{"index": {"_index":"sim","_id":"3259361"}}
	{"id":3259361,"type":"sell","buyer":"metzli","seller":"jimy1111","symbol":"SIM","quantity":"324.000","price":"0.00040000","timestamp":1650665046,"volume":"0.12960000","buyTxId":"6281a799697545a1d736a4f8e601b18c54787bcc","sellTxId":"117d1b2b27dce287c7c4d7d68269650b3d90d078"}
{"index": {"_index":"sim","_id":"3259868"}}
	{"id":3259868,"type":"sell","buyer":"metzli","seller":"powerpaul","symbol":"SIM","quantity":"326.573","price":"0.00040000","timestamp":1650671583,"volume":"0.13062920","buyTxId":"6281a799697545a1d736a4f8e601b18c54787bcc","sellTxId":"01219fa8004369bb635dcdbb4a4aca80b5fb8d8c"}
{"index": {"_index":"sim","_id":"3260207"}}
	{"id":3260207,"type":"sell","buyer":"johnripper","seller":"forsakensushi","symbol":"SIM","quantity":"3902.138","price":"0.00040010","timestamp":1650676383,"volume":"1.56124541","buyTxId":"59d89ff15b4ebae449f5e8b43040addef7483a21","sellTxId":"8d10626e3ad32a513f27f57c634d41b8bc4feb93"}
{"index": {"_index":"sim","_id":"3260360"}}
	{"id":3260360,"type":"buy","buyer":"libert","seller":"medaymane","symbol":"SIM","quantity":"3360.000","price":"0.00040250","timestamp":1650678558,"volume":"1.35240000","buyTxId":"f564d5b2cc87bb95fdded4f2b0ab08b17c591268","sellTxId":"0b088ac4d1ce6860681280b80e4612744c27e591"}
{"index": {"_index":"sim","_id":"3260361"}}
	{"id":3260361,"type":"buy","buyer":"libert","seller":"crypto-dz","symbol":"SIM","quantity":"5065.000","price":"0.00040250","timestamp":1650678558,"volume":"2.03866250","buyTxId":"f564d5b2cc87bb95fdded4f2b0ab08b17c591268","sellTxId":"c918c1119481badef5450b4e3bc92389b039182a"}
{"index": {"_index":"sim","_id":"3260362"}}
	{"id":3260362,"type":"buy","buyer":"libert","seller":"jelly-cz","symbol":"SIM","quantity":"2556.239","price":"0.00040252","timestamp":1650678558,"volume":"1.02893750","buyTxId":"f564d5b2cc87bb95fdded4f2b0ab08b17c591268","sellTxId":"MM-P-16757194-63746677-3-28-0"}
{"index": {"_index":"sim","_id":"3260375"}}
	{"id":3260375,"type":"sell","buyer":"lookplz","seller":"dswap","symbol":"SIM","quantity":"0.103","price":"0.00040020","timestamp":1650678711,"volume":"0.00004122","buyTxId":"f6de7d054dc9c063c79762be0c8b684bb4d73187","sellTxId":"84b762ac986cc5f084ba66743588ace98582d769"}
{"index": {"_index":"sim","_id":"3260418"}}
	{"id":3260418,"type":"sell","buyer":"lookplz","seller":"mryoung1979","symbol":"SIM","quantity":"24.507","price":"0.00040020","timestamp":1650679221,"volume":"0.00980770","buyTxId":"f6de7d054dc9c063c79762be0c8b684bb4d73187","sellTxId":"f51bc44e218a803e45a7d13350a307025459780f"}
{"index": {"_index":"sim","_id":"3260596"}}
	{"id":3260596,"type":"buy","buyer":"maryjane.main","seller":"jelly-cz","symbol":"SIM","quantity":"1800.000","price":"0.00040252","timestamp":1650682335,"volume":"0.72453600","buyTxId":"58ea91a4a5d2166a1c7ebe3d196e56a9969c3d94","sellTxId":"MM-P-16757194-63746677-3-28-0"}
