{"index": {"_index":"sim","_id":"1380701"}}
	{"id":1380701,"type":"sell","buyer":"pi-trader","seller":"winebank","symbol":"SIM","quantity":"1455.000","price":"0.00222001","timestamp":1629340332,"volume":"3.23011455","buyTxId":"02526aefc0f6c86d244df26013d2e26971f38a8c-1","sellTxId":"aa77c32da7833bdb63e2ec5794c73984637a8544"}
{"index": {"_index":"sim","_id":"1380732"}}
	{"id":1380732,"type":"sell","buyer":"pi-trader","seller":"goldcoin","symbol":"SIM","quantity":"53.082","price":"0.00222001","timestamp":1629340905,"volume":"0.11784257","buyTxId":"2026085b8cd1d3869d0bbb61db6f550598401260-1","sellTxId":"a0832f334557ef11fab0dfeef202b2d89d220ef8"}
{"index": {"_index":"sim","_id":"1380776"}}
	{"id":1380776,"type":"sell","buyer":"pi-trader","seller":"joshh71390","symbol":"SIM","quantity":"2700.000","price":"0.00222001","timestamp":1629341715,"volume":"5.99402700","buyTxId":"3495f4c83a3a83796a76fc952596558485f1b796-1","sellTxId":"87e18859f707f4d452f8b8b9de1465814e854f1a"}
{"index": {"_index":"sim","_id":"1380784"}}
	{"id":1380784,"type":"sell","buyer":"pi-trader","seller":"bitcoinflood","symbol":"SIM","quantity":"66.480","price":"0.00199001","timestamp":1629341805,"volume":"0.13229586","buyTxId":"39a843f9df6e26d0a21138cbf1dd071a689f0650-1","sellTxId":"f04268ededd84810b2effae3522103d866bf9a59"}
{"index": {"_index":"sim","_id":"1380799"}}
	{"id":1380799,"type":"buy","buyer":"eythorphoto","seller":"nftmart.fees","symbol":"SIM","quantity":"104.000","price":"0.00228995","timestamp":1629342120,"volume":"0.23815480","buyTxId":"6f8b42e73efeeb8843632444a4f1c5ace3a870bb","sellTxId":"78289fd9c042e491b85f88b3a62db06088a4630c-0"}
{"index": {"_index":"sim","_id":"1380800"}}
	{"id":1380800,"type":"buy","buyer":"eythorphoto","seller":"solovey6o2","symbol":"SIM","quantity":"1466.000","price":"0.00228999","timestamp":1629342120,"volume":"3.35712534","buyTxId":"6f8b42e73efeeb8843632444a4f1c5ace3a870bb","sellTxId":"bbaaa3e24e9ada97d17809e074ea1c92fa59bf8c"}
{"index": {"_index":"sim","_id":"1380823"}}
	{"id":1380823,"type":"sell","buyer":"pi-trader","seller":"theguruasia","symbol":"SIM","quantity":"154.069","price":"0.00199001","timestamp":1629342702,"volume":"0.30659885","buyTxId":"866d2f75cae6175374bd3be43df256802daa8c7e-1","sellTxId":"d41d5a694bf9c4721f00f8ea8c05a527700cc6a3"}
{"index": {"_index":"sim","_id":"1380888"}}
	{"id":1380888,"type":"buy","buyer":"eythorphoto","seller":"nftmart.fees","symbol":"SIM","quantity":"105.000","price":"0.00228998","timestamp":1629343377,"volume":"0.24044790","buyTxId":"fcc689f7a7f2c7e72826f1ae704ec981939278cc","sellTxId":"018e3f8464745784778192ba045c3a1726b155d3-0"}
{"index": {"_index":"sim","_id":"1380889"}}
	{"id":1380889,"type":"buy","buyer":"eythorphoto","seller":"solovey6o2","symbol":"SIM","quantity":"12695.000","price":"0.00228999","timestamp":1629343377,"volume":"29.07142305","buyTxId":"fcc689f7a7f2c7e72826f1ae704ec981939278cc","sellTxId":"bbaaa3e24e9ada97d17809e074ea1c92fa59bf8c"}
{"index": {"_index":"sim","_id":"1380984"}}
	{"id":1380984,"type":"sell","buyer":"pi-trader","seller":"wizzitywillican","symbol":"SIM","quantity":"5000.000","price":"0.00213001","timestamp":1629344463,"volume":"10.65005000","buyTxId":"533153b9a631622ceeec1ae60b70cd04bc1fd00a-1","sellTxId":"431d28de5ab8fdaa8e7242fd9b5fcb9ae75b986a"}
{"index": {"_index":"sim","_id":"1381009"}}
	{"id":1381009,"type":"sell","buyer":"pi-trader","seller":"theshaki","symbol":"SIM","quantity":"85.148","price":"0.00213001","timestamp":1629345039,"volume":"0.18136609","buyTxId":"630630744dcf3d3375df15862afe9fc5ccf3a311","sellTxId":"2e033b5d3697d589a14e81d149af2c048200389e"}
{"index": {"_index":"sim","_id":"1381088"}}
	{"id":1381088,"type":"sell","buyer":"pi-trader","seller":"brofi-market","symbol":"SIM","quantity":"120.739","price":"0.00213001","timestamp":1629346446,"volume":"0.25717528","buyTxId":"b9357b327092b5cd89ad917ff63d75b6092b6270-1","sellTxId":"48e9ed1ba4c6eb7ae5c68350df2809432484f084"}
{"index": {"_index":"sim","_id":"1381146"}}
	{"id":1381146,"type":"sell","buyer":"pi-trader","seller":"oahb132","symbol":"SIM","quantity":"14.000","price":"0.00213001","timestamp":1629346965,"volume":"0.02982014","buyTxId":"ffe361e4200959fec6b9637b6e5a3c190392b5ef-1","sellTxId":"1fb0b6d295d3213a47351558ad47b969c1137aa2"}
{"index": {"_index":"sim","_id":"1381147"}}
	{"id":1381147,"type":"sell","buyer":"pi-trader","seller":"he-index","symbol":"SIM","quantity":"868.478","price":"0.00213001","timestamp":1629346986,"volume":"1.84986682","buyTxId":"ffe361e4200959fec6b9637b6e5a3c190392b5ef-1","sellTxId":"01fd309a7a41fb1b2c1cb440bce012dfb7d65ff0"}
{"index": {"_index":"sim","_id":"1381162"}}
	{"id":1381162,"type":"sell","buyer":"pi-trader","seller":"jjb777","symbol":"SIM","quantity":"2076.131","price":"0.00213001","timestamp":1629347292,"volume":"4.42217979","buyTxId":"65c593bbd1ab7e8770282599c94cb0379a525cf5-1","sellTxId":"8c041de31abc32dd57826610a171928f332bf101"}
{"index": {"_index":"sim","_id":"1381257"}}
	{"id":1381257,"type":"sell","buyer":"pi-trader","seller":"justinparke","symbol":"SIM","quantity":"5000.000","price":"0.00213001","timestamp":1629348762,"volume":"10.65005000","buyTxId":"fdbd9cce1a79feef50fdde74d9ef667641625b0f-1","sellTxId":"9fd0a46e0d64f5670b82b0099feaeee07fe4b76b"}
{"index": {"_index":"sim","_id":"1381258"}}
	{"id":1381258,"type":"sell","buyer":"joshh71390","seller":"justinparke","symbol":"SIM","quantity":"2500.000","price":"0.00213000","timestamp":1629348762,"volume":"5.32500000","buyTxId":"343f4a3c345fd293695d753bd5e184a956452ff8","sellTxId":"9fd0a46e0d64f5670b82b0099feaeee07fe4b76b"}
{"index": {"_index":"sim","_id":"1381259"}}
	{"id":1381259,"type":"sell","buyer":"joshh71390","seller":"justinparke","symbol":"SIM","quantity":"3500.000","price":"0.00203000","timestamp":1629348762,"volume":"7.10500000","buyTxId":"beff52523198e3657c0aed19f98d09b67d9b1971","sellTxId":"9fd0a46e0d64f5670b82b0099feaeee07fe4b76b"}
{"index": {"_index":"sim","_id":"1381260"}}
	{"id":1381260,"type":"sell","buyer":"gerber","seller":"justinparke","symbol":"SIM","quantity":"27286.484","price":"0.00199000","timestamp":1629348762,"volume":"54.30010316","buyTxId":"b00b786a133c08fa42efefa63faf3b672a197c49","sellTxId":"9fd0a46e0d64f5670b82b0099feaeee07fe4b76b"}
{"index": {"_index":"sim","_id":"1381326"}}
	{"id":1381326,"type":"sell","buyer":"pi-trader","seller":"evernoticethat","symbol":"SIM","quantity":"651.021","price":"0.00199001","timestamp":1629349593,"volume":"1.29553830","buyTxId":"009bd4d55d6475dbbe2a7a18f45af12181c58ddf","sellTxId":"7f3138328efcc4d3d15d9a24cc366d7fbe04a4ca"}
{"index": {"_index":"sim","_id":"1381426"}}
	{"id":1381426,"type":"sell","buyer":"pi-trader","seller":"motu1","symbol":"SIM","quantity":"5000.000","price":"0.00199001","timestamp":1629350988,"volume":"9.95005000","buyTxId":"0def662cea8b0fa48475a09a8c35232258204f69-1","sellTxId":"8bd68623916e29ab483e70fe7f091a13b5d4e121"}
{"index": {"_index":"sim","_id":"1381481"}}
	{"id":1381481,"type":"sell","buyer":"pi-trader","seller":"anosys","symbol":"SIM","quantity":"39.014","price":"0.00199001","timestamp":1629351906,"volume":"0.07763825","buyTxId":"f973297a516d6e8930a664d8945356a7d6621e16","sellTxId":"321e5d2c6d92339bf7027798ccdca12d3d0b7d85"}
{"index": {"_index":"sim","_id":"1381617"}}
	{"id":1381617,"type":"sell","buyer":"pi-trader","seller":"resiliencia","symbol":"SIM","quantity":"786.892","price":"0.00199001","timestamp":1629353886,"volume":"1.56592295","buyTxId":"70f53942bb304442fddc8e578b830159837e0ba1-1","sellTxId":"0840eda185b38f827883b0988f96658f14c2f608"}
{"index": {"_index":"sim","_id":"1381627"}}
	{"id":1381627,"type":"buy","buyer":"muenchen","seller":"joshh71390","symbol":"SIM","quantity":"93.424","price":"0.00226000","timestamp":1629354000,"volume":"0.21113824","buyTxId":"7119680d34039dc4c0b8e8ac7c1cc4b76d8e43c5","sellTxId":"0f694b06af4eaf2f9b81b509793e9c5b855e2d34"}
{"index": {"_index":"sim","_id":"1381648"}}
	{"id":1381648,"type":"buy","buyer":"konvik","seller":"jywahaha","symbol":"SIM","quantity":"28815.400","price":"0.00223000","timestamp":1629354612,"volume":"64.25834200","buyTxId":"1d580c4706b5a135a5522dcc64e46135c68ab25a-0","sellTxId":"f68b207c1d8eca4a1bbd47878598936c3d034bad"}
{"index": {"_index":"sim","_id":"1381691"}}
	{"id":1381691,"type":"sell","buyer":"pi-trader","seller":"dhedge-drips","symbol":"SIM","quantity":"11.306","price":"0.00203001","timestamp":1629355530,"volume":"0.02295129","buyTxId":"b6c72ac8d94e68f21f7dcc3ac92b152bb7e7b1b6-1","sellTxId":"cdb45e1343d0d783504cdd7a7fa39179423ecff0"}
{"index": {"_index":"sim","_id":"1381819"}}
	{"id":1381819,"type":"sell","buyer":"pi-trader","seller":"trumpman","symbol":"SIM","quantity":"1558.379","price":"0.00203003","timestamp":1629357270,"volume":"3.16355612","buyTxId":"27ebd9de096072120c840115085fba68ae227c7c-1","sellTxId":"ca96b74ae77f7e079348d846c901d700eb59eb0d"}
{"index": {"_index":"sim","_id":"1381890"}}
	{"id":1381890,"type":"sell","buyer":"pi-trader","seller":"ericburgoyne","symbol":"SIM","quantity":"90.430","price":"0.00203001","timestamp":1629358764,"volume":"0.18357380","buyTxId":"c46cacba43cf8c2a05ca15ba38b37583bf0c4711-1","sellTxId":"5d2caf3772ef92c7f7ccdb4ffb8784a26ced4dfc"}
{"index": {"_index":"sim","_id":"1381914"}}
	{"id":1381914,"type":"sell","buyer":"pi-trader","seller":"lightcaptured","symbol":"SIM","quantity":"993.045","price":"0.00203001","timestamp":1629359358,"volume":"2.01589128","buyTxId":"c4caa229bd371532d6864dc9219d7f6aa4dc1780-1","sellTxId":"74caf8eefe107a0c43a46f6c555862f7fa5f4725"}
{"index": {"_index":"sim","_id":"1381961"}}
	{"id":1381961,"type":"sell","buyer":"pi-trader","seller":"brofi-market","symbol":"SIM","quantity":"0.001","price":"0.00203003","timestamp":1629360603,"volume":"0.00000203","buyTxId":"c7e9e4acc21ac9b8925c8b33f3d79227d7b2469d-1","sellTxId":"328869a351c5fa0012d8f1a8d27b9c0eb9dd14a0"}
{"index": {"_index":"sim","_id":"1381992"}}
	{"id":1381992,"type":"buy","buyer":"stickupboys","seller":"nftmart.fees","symbol":"SIM","quantity":"91.000","price":"0.00225997","timestamp":1629360867,"volume":"0.20565727","buyTxId":"a82055138c952e30b450c6354ddb323087ae8bca","sellTxId":"66702249901fb6e9c8307440be6bfc3c044061e2-0"}
{"index": {"_index":"sim","_id":"1381993"}}
	{"id":1381993,"type":"buy","buyer":"stickupboys","seller":"brofi-market","symbol":"SIM","quantity":"0.001","price":"0.00225997","timestamp":1629360867,"volume":"0.00000226","buyTxId":"a82055138c952e30b450c6354ddb323087ae8bca","sellTxId":"5720005216c5589b6177d4e34baf13122bb3b955"}
{"index": {"_index":"sim","_id":"1381994"}}
	{"id":1381994,"type":"buy","buyer":"stickupboys","seller":"dhedge-drips","symbol":"SIM","quantity":"11.306","price":"0.00225998","timestamp":1629360867,"volume":"0.02555133","buyTxId":"a82055138c952e30b450c6354ddb323087ae8bca","sellTxId":"88b013356bf891da9c97af273766f0bcf7bea1ac"}
{"index": {"_index":"sim","_id":"1381995"}}
	{"id":1381995,"type":"buy","buyer":"stickupboys","seller":"joshh71390","symbol":"SIM","quantity":"2906.576","price":"0.00226000","timestamp":1629360867,"volume":"6.56886176","buyTxId":"a82055138c952e30b450c6354ddb323087ae8bca","sellTxId":"0f694b06af4eaf2f9b81b509793e9c5b855e2d34"}
{"index": {"_index":"sim","_id":"1381998"}}
	{"id":1381998,"type":"buy","buyer":"juanmiguelsalas","seller":"brofi-market","symbol":"SIM","quantity":"120.739","price":"0.00228998","timestamp":1629360939,"volume":"0.27648990","buyTxId":"8ba4d5b8768108db9129ec76b71f751349e27166","sellTxId":"85e88579f48fd75290de0bfb290cdc9906b7bcff"}
{"index": {"_index":"sim","_id":"1381999"}}
	{"id":1381999,"type":"buy","buyer":"juanmiguelsalas","seller":"solovey6o2","symbol":"SIM","quantity":"6658.261","price":"0.00228999","timestamp":1629360939,"volume":"15.24735111","buyTxId":"8ba4d5b8768108db9129ec76b71f751349e27166","sellTxId":"40b2df8a2f1687fa6b074c607e275dcaf1ff8515"}
{"index": {"_index":"sim","_id":"1382011"}}
	{"id":1382011,"type":"sell","buyer":"pi-trader","seller":"kobusu","symbol":"SIM","quantity":"5000.000","price":"0.00203003","timestamp":1629361050,"volume":"10.15015000","buyTxId":"66adf55631b6fcda1a5449b7028320ee1c2661d6","sellTxId":"ca19a894d08a34a24fed5a0f460a824b40f94e06"}
{"index": {"_index":"sim","_id":"1382012"}}
	{"id":1382012,"type":"sell","buyer":"hamsterpoweriii","seller":"kobusu","symbol":"SIM","quantity":"5000.000","price":"0.00203002","timestamp":1629361050,"volume":"10.15010000","buyTxId":"474fc4ff3cc900586781e5297612c55cc0c1a763","sellTxId":"ca19a894d08a34a24fed5a0f460a824b40f94e06"}
{"index": {"_index":"sim","_id":"1382084"}}
	{"id":1382084,"type":"sell","buyer":"pi-trader","seller":"pimpstudio","symbol":"SIM","quantity":"5000.000","price":"0.00203003","timestamp":1629362490,"volume":"10.15015000","buyTxId":"1f456b075b84741972d87c9ebc6771ca4c3e1e81","sellTxId":"f4eba5e64987e12e15454604a16a9a85c69021a8"}
{"index": {"_index":"sim","_id":"1382085"}}
	{"id":1382085,"type":"buy","buyer":"konvik","seller":"pimpstudio","symbol":"SIM","quantity":"3885.000","price":"0.00203003","timestamp":1629362493,"volume":"7.88666655","buyTxId":"3019b806069e5b6f2e126a8ccce910201074ddbf-0","sellTxId":"f4eba5e64987e12e15454604a16a9a85c69021a8"}
{"index": {"_index":"sim","_id":"1382147"}}
	{"id":1382147,"type":"sell","buyer":"pi-trader","seller":"hive.miner","symbol":"SIM","quantity":"57.000","price":"0.00203003","timestamp":1629363849,"volume":"0.11571171","buyTxId":"b4cc1c88e6d2365175e73f4568cc4d51c817dcc4","sellTxId":"8fb153d0272ab6383ad1532cfa4b77c190ddd550"}
{"index": {"_index":"sim","_id":"1382194"}}
	{"id":1382194,"type":"buy","buyer":"stickupboys","seller":"nftmart.fees","symbol":"SIM","quantity":"79.000","price":"0.00224399","timestamp":1629364872,"volume":"0.17727521","buyTxId":"57931c59c5c41248c810e5c6c18c4932a3d676fd","sellTxId":"802e6038ecda9670b199a344618fa658db36eb64-0"}
{"index": {"_index":"sim","_id":"1382195"}}
	{"id":1382195,"type":"buy","buyer":"stickupboys","seller":"pinkfloyd878","symbol":"SIM","quantity":"1800.000","price":"0.00224400","timestamp":1629364908,"volume":"4.03920000","buyTxId":"db142f2559c76645a99106803101225ed2f1acb4","sellTxId":"c8593fcd3438c6b37cfab6dc0e2735c0a46cfa94"}
{"index": {"_index":"sim","_id":"1382202"}}
	{"id":1382202,"type":"sell","buyer":"pi-trader","seller":"megalithic","symbol":"SIM","quantity":"5000.000","price":"0.00203004","timestamp":1629365010,"volume":"10.15020000","buyTxId":"81046499629f45548df0a33dd555ef8752926e45-1","sellTxId":"f86664eb8ac349826bdb90578a5d5326049b046f"}
{"index": {"_index":"sim","_id":"1382203"}}
	{"id":1382203,"type":"sell","buyer":"solovey6o2","seller":"megalithic","symbol":"SIM","quantity":"3000.000","price":"0.00203003","timestamp":1629365010,"volume":"6.09009000","buyTxId":"593a9d56161ee2368952b740a71038db144f4f11","sellTxId":"f86664eb8ac349826bdb90578a5d5326049b046f"}
{"index": {"_index":"sim","_id":"1382302"}}
	{"id":1382302,"type":"sell","buyer":"pi-trader","seller":"motu1","symbol":"SIM","quantity":"5000.000","price":"0.00203004","timestamp":1629366321,"volume":"10.15020000","buyTxId":"b34304034ad5f12a8d35848587be26a2ade8da83","sellTxId":"4ae88fdf883d796fbb1f5191115cb0057ee74377"}
{"index": {"_index":"sim","_id":"1382309"}}
	{"id":1382309,"type":"sell","buyer":"pi-trader","seller":"motu1","symbol":"SIM","quantity":"5000.000","price":"0.00203004","timestamp":1629366534,"volume":"10.15020000","buyTxId":"41f14bfa4377085cef0260a7aa245800f7a99eeb","sellTxId":"00f293a2ec5579392f645b8f223e0e6663d4fdf6"}
{"index": {"_index":"sim","_id":"1382316"}}
	{"id":1382316,"type":"sell","buyer":"pi-trader","seller":"motu1","symbol":"SIM","quantity":"1910.000","price":"0.00203004","timestamp":1629366579,"volume":"3.87737640","buyTxId":"b8754df02d5b3b515faceac82aeb822a03077032","sellTxId":"23b9f2efd26dc3904b4f256eadab0858f61be881"}
{"index": {"_index":"sim","_id":"1382442"}}
	{"id":1382442,"type":"sell","buyer":"pi-trader","seller":"manoldonchev","symbol":"SIM","quantity":"5000.000","price":"0.00203004","timestamp":1629368868,"volume":"10.15020000","buyTxId":"2732647c611bde426413774ecc289928487592e0-1","sellTxId":"69f6acfe52c19af461d081d71946f718e3df29eb"}
{"index": {"_index":"sim","_id":"1382443"}}
	{"id":1382443,"type":"sell","buyer":"solovey6o2","seller":"manoldonchev","symbol":"SIM","quantity":"25050.374","price":"0.00203003","timestamp":1629368868,"volume":"50.85301073","buyTxId":"593a9d56161ee2368952b740a71038db144f4f11","sellTxId":"69f6acfe52c19af461d081d71946f718e3df29eb"}
{"index": {"_index":"sim","_id":"1382444"}}
	{"id":1382444,"type":"sell","buyer":"hamsterpoweriii","seller":"manoldonchev","symbol":"SIM","quantity":"19673.626","price":"0.00203002","timestamp":1629368868,"volume":"39.93785425","buyTxId":"474fc4ff3cc900586781e5297612c55cc0c1a763","sellTxId":"69f6acfe52c19af461d081d71946f718e3df29eb"}
{"index": {"_index":"sim","_id":"1382473"}}
	{"id":1382473,"type":"buy","buyer":"konvik","seller":"vincentnijman","symbol":"SIM","quantity":"12760.538","price":"0.00222200","timestamp":1629369249,"volume":"28.35391544","buyTxId":"dc89b13cbcd54818e1f74bdd0c7d96f878dfa05c-0","sellTxId":"de246cdef95ab4479a575a69aef41bde20b12ecd"}
{"index": {"_index":"sim","_id":"1382500"}}
	{"id":1382500,"type":"sell","buyer":"pi-trader","seller":"lulu-the-fizzgig","symbol":"SIM","quantity":"55.000","price":"0.00203003","timestamp":1629369477,"volume":"0.11165165","buyTxId":"036f42c58e2d4b9526cf9db32c5a2f0dd9e94bbd","sellTxId":"0b505034e41910c549e7a5f9748893ce784a1627"}
{"index": {"_index":"sim","_id":"1382640"}}
	{"id":1382640,"type":"sell","buyer":"pi-trader","seller":"rgondie","symbol":"SIM","quantity":"5000.000","price":"0.00203003","timestamp":1629371766,"volume":"10.15015000","buyTxId":"c5f64eb3cdfd39f471d5e2f269ce4d201a2a7f12-1","sellTxId":"dd8f9a6636d4baee6c05f3531908f38ce34abf89"}
{"index": {"_index":"sim","_id":"1382645"}}
	{"id":1382645,"type":"buy","buyer":"konvik","seller":"rivalzzz","symbol":"SIM","quantity":"81700.000","price":"0.00222000","timestamp":1629371886,"volume":"181.37400000","buyTxId":"1715c8120ba356f6b008aa29a99efd18ef468ee9-0","sellTxId":"8872f290df663c585e27d83068462d7b82f5f7a2"}
{"index": {"_index":"sim","_id":"1382647"}}
	{"id":1382647,"type":"sell","buyer":"pi-trader","seller":"rgondie","symbol":"SIM","quantity":"5000.000","price":"0.00203003","timestamp":1629371901,"volume":"10.15015000","buyTxId":"c9c87c204031c75d90fc64456afab761c2ba9054","sellTxId":"67047f7f4335619dd01d772c0955abe328096311"}
{"index": {"_index":"sim","_id":"1382658"}}
	{"id":1382658,"type":"sell","buyer":"pi-trader","seller":"rgondie","symbol":"SIM","quantity":"5000.000","price":"0.00203003","timestamp":1629372006,"volume":"10.15015000","buyTxId":"759193c22b270a6f887fc68b427c99a9bfad52cc","sellTxId":"c6e42a99c153eab0edd30ea1510718af846f2f79"}
{"index": {"_index":"sim","_id":"1382728"}}
	{"id":1382728,"type":"sell","buyer":"pi-trader","seller":"andy4475","symbol":"SIM","quantity":"62.631","price":"0.00203003","timestamp":1629372966,"volume":"0.12714281","buyTxId":"5a0de08b55af297704d682373caaf016455295da","sellTxId":"531a3cd1e436defa7e0c48156fe7ddc30df4d663"}
{"index": {"_index":"sim","_id":"1382760"}}
	{"id":1382760,"type":"sell","buyer":"pi-trader","seller":"wine-token","symbol":"SIM","quantity":"83.334","price":"0.00203005","timestamp":1629373425,"volume":"0.16917219","buyTxId":"1e91929209da31a935821032bd7a94df03845394-1","sellTxId":"246a0282dd2481ea5b12acf22a6da544e473545b"}
{"index": {"_index":"sim","_id":"1382896"}}
	{"id":1382896,"type":"buy","buyer":"adexbafo","seller":"tonytrillions","symbol":"SIM","quantity":"0.002","price":"0.00213007","timestamp":1629374955,"volume":"0.00000426","buyTxId":"e461a5b7bdbc55c59d5e2773a94e8ed6303857a4","sellTxId":"ac2e436fd6517ac7456193b09ca9089c06055139"}
{"index": {"_index":"sim","_id":"1382903"}}
	{"id":1382903,"type":"sell","buyer":"pi-trader","seller":"brofi-market","symbol":"SIM","quantity":"0.001","price":"0.00213008","timestamp":1629375027,"volume":"0.00000213","buyTxId":"1d413668fbd614b7a00479614e601e8284962d59-1","sellTxId":"60158774d82189b9628ecbcfba059c51aef44304"}
{"index": {"_index":"sim","_id":"1382955"}}
	{"id":1382955,"type":"buy","buyer":"adexbafo","seller":"nftmart.fees","symbol":"SIM","quantity":"60.000","price":"0.00224398","timestamp":1629375351,"volume":"0.13463880","buyTxId":"bae59ad728eeb8e8df290dcf660e1377e83df785","sellTxId":"0a84c475c960ed80ea66c9ecd3e75080b6966205-0"}
{"index": {"_index":"sim","_id":"1382956"}}
	{"id":1382956,"type":"buy","buyer":"adexbafo","seller":"brofi-market","symbol":"SIM","quantity":"0.001","price":"0.00224398","timestamp":1629375351,"volume":"0.00000224","buyTxId":"bae59ad728eeb8e8df290dcf660e1377e83df785","sellTxId":"bf877c13d8588adc66e502413215c2b2872665bd"}
{"index": {"_index":"sim","_id":"1382957"}}
	{"id":1382957,"type":"buy","buyer":"adexbafo","seller":"pinkfloyd878","symbol":"SIM","quantity":"200.000","price":"0.00224400","timestamp":1629375351,"volume":"0.44880000","buyTxId":"bae59ad728eeb8e8df290dcf660e1377e83df785","sellTxId":"c8593fcd3438c6b37cfab6dc0e2735c0a46cfa94"}
{"index": {"_index":"sim","_id":"1382958"}}
	{"id":1382958,"type":"buy","buyer":"adexbafo","seller":"desyfit","symbol":"SIM","quantity":"1739.999","price":"0.00224500","timestamp":1629375351,"volume":"3.90629776","buyTxId":"bae59ad728eeb8e8df290dcf660e1377e83df785","sellTxId":"5156486a0f9260485090a8a5d6496fd7e5768802"}
{"index": {"_index":"sim","_id":"1382997"}}
	{"id":1382997,"type":"sell","buyer":"pi-trader","seller":"phoenixwren","symbol":"SIM","quantity":"0.035","price":"0.00203005","timestamp":1629375936,"volume":"0.00007105","buyTxId":"2eb6f3101ec2bd9357196d1d0ba1b8192efa3984-1","sellTxId":"150cd2c189ae168964ae2e4d581e7b2308c4c716"}
{"index": {"_index":"sim","_id":"1383051"}}
	{"id":1383051,"type":"sell","buyer":"pi-trader","seller":"drew0","symbol":"SIM","quantity":"5000.000","price":"0.00203005","timestamp":1629376905,"volume":"10.15025000","buyTxId":"9f5138310976ff016d218efebef1c7b9dd78874b-1","sellTxId":"8b8eb6b90a78fe762061a5892168df6687df48c0"}
{"index": {"_index":"sim","_id":"1383055"}}
	{"id":1383055,"type":"buy","buyer":"pi-trader","seller":"drew0","symbol":"SIM","quantity":"592.051","price":"0.00203005","timestamp":1629376938,"volume":"1.20189313","buyTxId":"1307f5eb079725dc9674cd74ad45149bf0165495","sellTxId":"8b8eb6b90a78fe762061a5892168df6687df48c0"}
{"index": {"_index":"sim","_id":"1383140"}}
	{"id":1383140,"type":"sell","buyer":"pi-trader","seller":"fiberfrau","symbol":"SIM","quantity":"43.000","price":"0.00203005","timestamp":1629377682,"volume":"0.08729215","buyTxId":"8634b781093e192b7c22eb4414b12723712d1951-1","sellTxId":"cd4c3ac830f0a0cf7f71eba6dffb12c769518541"}
{"index": {"_index":"sim","_id":"1383171"}}
	{"id":1383171,"type":"sell","buyer":"pi-trader","seller":"dannychain","symbol":"SIM","quantity":"4750.25","price":"0.00203005","timestamp":1629378081,"volume":"9.64324501","buyTxId":"5633c50edb233777a0cb4eb8e8f386681b3d9f1d-1","sellTxId":"e96c82eeb4cba21818693c04b53dcb816aaeba83"}
{"index": {"_index":"sim","_id":"1383261"}}
	{"id":1383261,"type":"sell","buyer":"pi-trader","seller":"maini","symbol":"SIM","quantity":"3350.000","price":"0.00203005","timestamp":1629378972,"volume":"6.80066750","buyTxId":"f47e934febc6ef74a76db899905bbe154ae8a082-1","sellTxId":"4970531300d764cf4aee30ceffd6db692a2d0fd6"}
{"index": {"_index":"sim","_id":"1383268"}}
	{"id":1383268,"type":"sell","buyer":"pi-trader","seller":"kater2","symbol":"SIM","quantity":"5000.000","price":"0.00203005","timestamp":1629379029,"volume":"10.15025000","buyTxId":"c2029f5a0e7ec3111a1fb037b5cb18cd43a53153-1","sellTxId":"876ba2ca012d1c4b1c240e6fc60b791a92383923"}
{"index": {"_index":"sim","_id":"1383269"}}
	{"id":1383269,"type":"buy","buyer":"konvik","seller":"kater2","symbol":"SIM","quantity":"16227.810","price":"0.00203005","timestamp":1629379032,"volume":"32.94326569","buyTxId":"202ae05e435e4780c4f048fc7d37aa20aa34acf1-0","sellTxId":"876ba2ca012d1c4b1c240e6fc60b791a92383923"}
{"index": {"_index":"sim","_id":"1383276"}}
	{"id":1383276,"type":"sell","buyer":"pi-trader","seller":"kater1","symbol":"SIM","quantity":"5000.000","price":"0.00203005","timestamp":1629379083,"volume":"10.15025000","buyTxId":"95bbdf3b2f4e3a22655cfb878ea5184efe8f1e2b","sellTxId":"cee02670ab02b77c4c3ebabfde16d267d2a1eb56"}
{"index": {"_index":"sim","_id":"1383277"}}
	{"id":1383277,"type":"buy","buyer":"konvik","seller":"kater1","symbol":"SIM","quantity":"41526.250","price":"0.00203005","timestamp":1629379086,"volume":"84.30036381","buyTxId":"0c2fe1d9ffff949cb0a7e037c291861a106ab893-0","sellTxId":"cee02670ab02b77c4c3ebabfde16d267d2a1eb56"}
{"index": {"_index":"sim","_id":"1383466"}}
	{"id":1383466,"type":"sell","buyer":"pi-trader","seller":"themightyvolcano","symbol":"SIM","quantity":"5000.000","price":"0.00203009","timestamp":1629381612,"volume":"10.15045000","buyTxId":"b10abc09f90be5074aa29ba439c7557854b10725-1","sellTxId":"ce47a0b31be65b47e2d805a63f1b2ccb4ffb6160"}
{"index": {"_index":"sim","_id":"1383467"}}
	{"id":1383467,"type":"sell","buyer":"jacques0829","seller":"themightyvolcano","symbol":"SIM","quantity":"48067.000","price":"0.00203008","timestamp":1629381612,"volume":"97.57985536","buyTxId":"f50a5ca5b8954e3e7c091e8dae596090c359e48b","sellTxId":"ce47a0b31be65b47e2d805a63f1b2ccb4ffb6160"}
{"index": {"_index":"sim","_id":"1383477"}}
	{"id":1383477,"type":"sell","buyer":"pi-trader","seller":"juanvegetarian","symbol":"SIM","quantity":"3500.000","price":"0.00203011","timestamp":1629381795,"volume":"7.10538500","buyTxId":"b2c19980a47ae8313c0f6cd7dc03729980e7230e-1","sellTxId":"beebaf85846d3cc409fe6b78b1a6e8a329c3c17d"}
{"index": {"_index":"sim","_id":"1383494"}}
	{"id":1383494,"type":"buy","buyer":"pi-trader","seller":"nftmart.fees","symbol":"SIM","quantity":"54.000","price":"0.00213001","timestamp":1629382095,"volume":"0.11502054","buyTxId":"17b20722a28039a4af9c17ce022da08e02b37663-1","sellTxId":"7298bc49545963734ad3da729c70e84760ac3563-0"}
{"index": {"_index":"sim","_id":"1383511"}}
	{"id":1383511,"type":"buy","buyer":"jacques0829","seller":"tonytrillions","symbol":"SIM","quantity":"0.036","price":"0.00213005","timestamp":1629382287,"volume":"0.00007668","buyTxId":"f3e52e256aced4ac62be8b5265d1e7cf8bea059a","sellTxId":"9b5d416ab46f9c0282c8eadecf9523f5bde6bb35"}
{"index": {"_index":"sim","_id":"1383582"}}
	{"id":1383582,"type":"buy","buyer":"nyxlabs","seller":"nftmart.fees","symbol":"SIM","quantity":"54.000","price":"0.00224002","timestamp":1629383103,"volume":"0.12096108","buyTxId":"f6abdc5eeb9c9901243c8d772ca26413426691cd","sellTxId":"21e5330cfc7787355f15814fe73d1cfc6aeeb0ff-0"}
{"index": {"_index":"sim","_id":"1383583"}}
	{"id":1383583,"type":"buy","buyer":"nyxlabs","seller":"solovey6o2","symbol":"SIM","quantity":"1946.000","price":"0.00224003","timestamp":1629383103,"volume":"4.35909838","buyTxId":"f6abdc5eeb9c9901243c8d772ca26413426691cd","sellTxId":"751bc6954ad4f588980b86c13137dbaa9a480c3c"}
{"index": {"_index":"sim","_id":"1383653"}}
	{"id":1383653,"type":"sell","buyer":"pi-trader","seller":"rebet","symbol":"SIM","quantity":"1.168","price":"0.00213003","timestamp":1629384105,"volume":"0.00248788","buyTxId":"48b43055507c3bc2aa6923cc4420fdd5617d36a0-1","sellTxId":"2923b57264c0ec6550df2d5397c90d81a8caa8e1"}
{"index": {"_index":"sim","_id":"1383657"}}
	{"id":1383657,"type":"sell","buyer":"pi-trader","seller":"bosmob","symbol":"SIM","quantity":"4998.832","price":"0.00213003","timestamp":1629384129,"volume":"10.64766212","buyTxId":"48b43055507c3bc2aa6923cc4420fdd5617d36a0-1","sellTxId":"512deadd6f1b9fcc73ad5be50f32e34e8d2f9774"}
{"index": {"_index":"sim","_id":"1383658"}}
	{"id":1383658,"type":"sell","buyer":"jacques0829","seller":"bosmob","symbol":"SIM","quantity":"54.000","price":"0.00213001","timestamp":1629384129,"volume":"0.11502054","buyTxId":"9adba08858b6b9f049e1f986f5fe73d1d0cac738","sellTxId":"512deadd6f1b9fcc73ad5be50f32e34e8d2f9774"}
{"index": {"_index":"sim","_id":"1383659"}}
	{"id":1383659,"type":"sell","buyer":"jacques0829","seller":"bosmob","symbol":"SIM","quantity":"54.036","price":"0.00213000","timestamp":1629384129,"volume":"0.11509668","buyTxId":"f7a250edef655231e918aa412a6183a794e74147","sellTxId":"512deadd6f1b9fcc73ad5be50f32e34e8d2f9774"}
{"index": {"_index":"sim","_id":"1383660"}}
	{"id":1383660,"type":"sell","buyer":"jacques0829","seller":"bosmob","symbol":"SIM","quantity":"4113.138","price":"0.00203010","timestamp":1629384129,"volume":"8.35008145","buyTxId":"bd9dbd0c3f19a1262bf0e7c59ef2f0a23f0f94b0","sellTxId":"512deadd6f1b9fcc73ad5be50f32e34e8d2f9774"}
{"index": {"_index":"sim","_id":"1383722"}}
	{"id":1383722,"type":"sell","buyer":"pi-trader","seller":"wearealive","symbol":"SIM","quantity":"35.722","price":"0.00203005","timestamp":1629384795,"volume":"0.07251745","buyTxId":"1124f8c540f6767b6c504ea079708e7578cef3dc-1","sellTxId":"6351c89b0d697063dbf5412daa6b9d6c64c34121"}
{"index": {"_index":"sim","_id":"1383737"}}
	{"id":1383737,"type":"buy","buyer":"stickupboys","seller":"nftmart.fees","symbol":"SIM","quantity":"47.000","price":"0.00224000","timestamp":1629384954,"volume":"0.10528000","buyTxId":"2105d22c86622a357112ed6a41b2b1b7414eccb7","sellTxId":"3e31e735ce7ee6ce66b299c2e20f2fc530cb4933-0"}
{"index": {"_index":"sim","_id":"1383741"}}
	{"id":1383741,"type":"sell","buyer":"stickupboys","seller":"jacques0829","symbol":"SIM","quantity":"283.000","price":"0.00224000","timestamp":1629385044,"volume":"0.63392000","buyTxId":"2105d22c86622a357112ed6a41b2b1b7414eccb7","sellTxId":"1d37b785c64a9bc75110f227d3e113107a60373f"}
{"index": {"_index":"sim","_id":"1383775"}}
	{"id":1383775,"type":"sell","buyer":"pi-trader","seller":"willsaldeno","symbol":"SIM","quantity":"290.000","price":"0.00203041","timestamp":1629385443,"volume":"0.58881890","buyTxId":"164ce044e6037016ec533af9fb1e3152f20c93c0","sellTxId":"a88110f59788dbb3b4d90f3de18433880a0a051a"}
{"index": {"_index":"sim","_id":"1383786"}}
	{"id":1383786,"type":"buy","buyer":"stickupboys","seller":"nftmart.fees","symbol":"SIM","quantity":"41.000","price":"0.00224004","timestamp":1629385584,"volume":"0.09184164","buyTxId":"10a7b90cd79b4a3d535ee8aa4e6e1ec319a0c5db","sellTxId":"aab6c531b3661d31b244f2243e152ce7d7574ed2-0"}
{"index": {"_index":"sim","_id":"1383787"}}
	{"id":1383787,"type":"sell","buyer":"stickupboys","seller":"jacques0829","symbol":"SIM","quantity":"323.000","price":"0.00224004","timestamp":1629385593,"volume":"0.72353292","buyTxId":"10a7b90cd79b4a3d535ee8aa4e6e1ec319a0c5db","sellTxId":"f08273747ab7b0031f55eb4c5186ef4cb2d37803"}
{"index": {"_index":"sim","_id":"1383892"}}
	{"id":1383892,"type":"sell","buyer":"pi-trader","seller":"trayan","symbol":"SIM","quantity":"20.558","price":"0.00203041","timestamp":1629386784,"volume":"0.04174117","buyTxId":"ff1ac3557e57fac12a499ecb397ba43f62e7e7aa-1","sellTxId":"901c782011fb4a99d5f2031f3d1c65777d81a487"}
{"index": {"_index":"sim","_id":"1384468"}}
	{"id":1384468,"type":"sell","buyer":"pi-trader","seller":"curatorcat","symbol":"SIM","quantity":"120.174","price":"0.00203042","timestamp":1629391653,"volume":"0.24400369","buyTxId":"1f6b013659c648c9f3fb079c86bf3895e4c73be9-1","sellTxId":"91f07e02f1597225ef567f5a85f3b9711070854b"}
{"index": {"_index":"sim","_id":"1384478"}}
	{"id":1384478,"type":"buy","buyer":"wolfninja","seller":"nftmart.fees","symbol":"SIM","quantity":"31.000","price":"0.00223398","timestamp":1629391725,"volume":"0.06925338","buyTxId":"b4d70ff1b61040f0deaae71c66bda951167bac26","sellTxId":"722fd4b2dc60eeb16b4ec87351c4c828d704843f-0"}
{"index": {"_index":"sim","_id":"1384479"}}
	{"id":1384479,"type":"sell","buyer":"wolfninja","seller":"konvik","symbol":"SIM","quantity":"4636.405","price":"0.00223398","timestamp":1629391728,"volume":"10.35763604","buyTxId":"b4d70ff1b61040f0deaae71c66bda951167bac26","sellTxId":"9171426659266216916f37af7a8ef836cfcda2cf-1"}
{"index": {"_index":"sim","_id":"1384684"}}
	{"id":1384684,"type":"buy","buyer":"stickupboys","seller":"nftmart.fees","symbol":"SIM","quantity":"27.000","price":"0.00223398","timestamp":1629393810,"volume":"0.06031746","buyTxId":"fba841d8b275acecfc0e7be660efd75f40e8d1c8","sellTxId":"a4790d7faa1ebee4472dabeef8910e65ef46916c-0"}
{"index": {"_index":"sim","_id":"1384685"}}
	{"id":1384685,"type":"buy","buyer":"stickupboys","seller":"onecent","symbol":"SIM","quantity":"888.000","price":"0.00223400","timestamp":1629393810,"volume":"1.98379200","buyTxId":"fba841d8b275acecfc0e7be660efd75f40e8d1c8","sellTxId":"ead7ac847bb9b3871e58509775a90a001f11de60"}
{"index": {"_index":"sim","_id":"1384686"}}
	{"id":1384686,"type":"sell","buyer":"stickupboys","seller":"konvik","symbol":"SIM","quantity":"66019.573","price":"0.00224000","timestamp":1629393813,"volume":"147.88384352","buyTxId":"fba841d8b275acecfc0e7be660efd75f40e8d1c8","sellTxId":"712c14b81caae2058d932b1a85a9e64319873ec4-1"}
{"index": {"_index":"sim","_id":"1384699"}}
	{"id":1384699,"type":"sell","buyer":"eythorphoto","seller":"leizerstark","symbol":"SIM","quantity":"27.000","price":"0.00223000","timestamp":1629393930,"volume":"0.06021000","buyTxId":"b21a9e9d08cb49459c6cd93057e40c9106ff92d9","sellTxId":"2bafefb038490bb66304617dfbdb969b719bd06f"}
{"index": {"_index":"sim","_id":"1384701"}}
	{"id":1384701,"type":"buy","buyer":"stickupboys","seller":"leizerstark","symbol":"SIM","quantity":"64.000","price":"0.00220000","timestamp":1629393939,"volume":"0.14080000","buyTxId":"f99e3717f0d3529dfd3ba36e607255aaeb008c88","sellTxId":"2bafefb038490bb66304617dfbdb969b719bd06f"}
{"index": {"_index":"sim","_id":"1384785"}}
	{"id":1384785,"type":"buy","buyer":"senstless","seller":"nftmart.fees","symbol":"SIM","quantity":"28.000","price":"0.00219999","timestamp":1629394887,"volume":"0.06159972","buyTxId":"e9cd8ee6e9e2fbb04e6b0e4ab0de8eb5767a52d2","sellTxId":"a2cb9c42a45a1c42571fadaf424045e27aa64d2a-0"}
{"index": {"_index":"sim","_id":"1384786"}}
	{"id":1384786,"type":"buy","buyer":"senstless","seller":"leizerstark","symbol":"SIM","quantity":"447.000","price":"0.00220000","timestamp":1629394887,"volume":"0.98340000","buyTxId":"e9cd8ee6e9e2fbb04e6b0e4ab0de8eb5767a52d2","sellTxId":"2bafefb038490bb66304617dfbdb969b719bd06f"}
{"index": {"_index":"sim","_id":"1384810"}}
	{"id":1384810,"type":"sell","buyer":"senstless","seller":"joshh71390","symbol":"SIM","quantity":"2000.000","price":"0.00220000","timestamp":1629395337,"volume":"4.40000000","buyTxId":"e9cd8ee6e9e2fbb04e6b0e4ab0de8eb5767a52d2","sellTxId":"65091f7b9d0ba39b442d5ee87a7fe3ed083521a4"}
{"index": {"_index":"sim","_id":"1384816"}}
	{"id":1384816,"type":"sell","buyer":"senstless","seller":"joshh71390","symbol":"SIM","quantity":"1000.000","price":"0.00220000","timestamp":1629395373,"volume":"2.20000000","buyTxId":"e9cd8ee6e9e2fbb04e6b0e4ab0de8eb5767a52d2","sellTxId":"442033449dcaa616087bbf928c3c3c1b17cb4a97"}
{"index": {"_index":"sim","_id":"1384902"}}
	{"id":1384902,"type":"sell","buyer":"senstless","seller":"miketr","symbol":"SIM","quantity":"119.000","price":"0.00220000","timestamp":1629396558,"volume":"0.26180000","buyTxId":"e9cd8ee6e9e2fbb04e6b0e4ab0de8eb5767a52d2","sellTxId":"e82cf1b180f4ca759f1bcce18bd33358a39dde0b"}
{"index": {"_index":"sim","_id":"1384904"}}
	{"id":1384904,"type":"sell","buyer":"senstless","seller":"peerfinance","symbol":"SIM","quantity":"706.802","price":"0.00220000","timestamp":1629396576,"volume":"1.55496440","buyTxId":"e9cd8ee6e9e2fbb04e6b0e4ab0de8eb5767a52d2","sellTxId":"5bb65ac89f94f3979e0f608e0443e0c3e658afdf"}
{"index": {"_index":"sim","_id":"1384911"}}
	{"id":1384911,"type":"sell","buyer":"senstless","seller":"steem.services","symbol":"SIM","quantity":"1121.198","price":"0.00220000","timestamp":1629396693,"volume":"2.46663560","buyTxId":"e9cd8ee6e9e2fbb04e6b0e4ab0de8eb5767a52d2","sellTxId":"69c2596b8fa347ae4ebb58ba2ac132fa9e08d38d"}
{"index": {"_index":"sim","_id":"1384912"}}
	{"id":1384912,"type":"sell","buyer":"jacques0829","seller":"steem.services","symbol":"SIM","quantity":"100000.000","price":"0.00203039","timestamp":1629396693,"volume":"203.03900000","buyTxId":"71b317eefdc8cda65cf09afe05e80a072cc34b9c","sellTxId":"69c2596b8fa347ae4ebb58ba2ac132fa9e08d38d"}
{"index": {"_index":"sim","_id":"1384913"}}
	{"id":1384913,"type":"sell","buyer":"hamsterpoweriii","seller":"steem.services","symbol":"SIM","quantity":"1284.802","price":"0.00203004","timestamp":1629396693,"volume":"2.60819945","buyTxId":"53937e82593f115bc607abd51b20ac4ac44c68db","sellTxId":"69c2596b8fa347ae4ebb58ba2ac132fa9e08d38d"}
{"index": {"_index":"sim","_id":"1384918"}}
	{"id":1384918,"type":"buy","buyer":"konvik","seller":"jywahaha","symbol":"SIM","quantity":"49083.250","price":"0.00221000","timestamp":1629396852,"volume":"108.47398250","buyTxId":"b2baa01cbed984e82fe063c1f1dd85c7524b5618-0","sellTxId":"522f957205a01495133d29ae7cd0f28d4da1d8d3"}
{"index": {"_index":"sim","_id":"1384934"}}
	{"id":1384934,"type":"sell","buyer":"pi-trader","seller":"bitcoinflood","symbol":"SIM","quantity":"3244.681","price":"0.00203005","timestamp":1629396978,"volume":"6.58686466","buyTxId":"32afb6a31d2a92bac7f913130ac26a7f3814eece","sellTxId":"5276c7f5e762827c4a3f992f60478d65e6f75d7b"}
{"index": {"_index":"sim","_id":"1384939"}}
	{"id":1384939,"type":"sell","buyer":"pi-trader","seller":"valor2s","symbol":"SIM","quantity":"33.000","price":"0.00203005","timestamp":1629397038,"volume":"0.06699165","buyTxId":"3a2919ee740ac5e008e7dafe731001e18bf64f82-1","sellTxId":"78545820c3513a9ac6635a82752367da8ac00b89"}
{"index": {"_index":"sim","_id":"1384958"}}
	{"id":1384958,"type":"buy","buyer":"konvik","seller":"dera123","symbol":"SIM","quantity":"20725.056","price":"0.00220000","timestamp":1629397266,"volume":"45.59512320","buyTxId":"1c235924f34ae815f305cd1a11e7924103188cc7-0","sellTxId":"cac9e6902803e4e8f8fe7519386aa5a382d0561c"}
{"index": {"_index":"sim","_id":"1384973"}}
	{"id":1384973,"type":"sell","buyer":"pi-trader","seller":"gamsam","symbol":"SIM","quantity":"5000.000","price":"0.00203005","timestamp":1629397359,"volume":"10.15025000","buyTxId":"33b18266a551f39fdc6fb90bfae8cb0d0c1e9012-1","sellTxId":"888e02e68d8c1c3d06a7b81f824729a89f4c47bb"}
{"index": {"_index":"sim","_id":"1384974"}}
	{"id":1384974,"type":"sell","buyer":"hamsterpoweriii","seller":"gamsam","symbol":"SIM","quantity":"23388.824","price":"0.00203004","timestamp":1629397359,"volume":"47.48024827","buyTxId":"53937e82593f115bc607abd51b20ac4ac44c68db","sellTxId":"888e02e68d8c1c3d06a7b81f824729a89f4c47bb"}
{"index": {"_index":"sim","_id":"1384975"}}
	{"id":1384975,"type":"sell","buyer":"hamsterpoweriii","seller":"gamsam","symbol":"SIM","quantity":"5326.374","price":"0.00203002","timestamp":1629397359,"volume":"10.81264575","buyTxId":"474fc4ff3cc900586781e5297612c55cc0c1a763","sellTxId":"888e02e68d8c1c3d06a7b81f824729a89f4c47bb"}
{"index": {"_index":"sim","_id":"1384976"}}
	{"id":1384976,"type":"sell","buyer":"gerber","seller":"gamsam","symbol":"SIM","quantity":"7635.802","price":"0.00199000","timestamp":1629397359,"volume":"15.19524598","buyTxId":"b00b786a133c08fa42efefa63faf3b672a197c49","sellTxId":"888e02e68d8c1c3d06a7b81f824729a89f4c47bb"}
{"index": {"_index":"sim","_id":"1384988"}}
	{"id":1384988,"type":"sell","buyer":"pi-trader","seller":"dustindivitto","symbol":"SIM","quantity":"5000.000","price":"0.00200001","timestamp":1629397536,"volume":"10.00005000","buyTxId":"70ea469d55bf4884f08b86352b0d36e24904bb54-1","sellTxId":"9cc1303d9f74f6483660fde079041de2ffbcdad0"}
{"index": {"_index":"sim","_id":"1384989"}}
	{"id":1384989,"type":"sell","buyer":"dera123","seller":"dustindivitto","symbol":"SIM","quantity":"28803.000","price":"0.00200000","timestamp":1629397536,"volume":"57.60600000","buyTxId":"10d264e93f68d26cb613fcfd7471016ca2514074","sellTxId":"9cc1303d9f74f6483660fde079041de2ffbcdad0"}
{"index": {"_index":"sim","_id":"1384994"}}
	{"id":1384994,"type":"buy","buyer":"konvik","seller":"medaymane","symbol":"SIM","quantity":"2441.000","price":"0.00222899","timestamp":1629397566,"volume":"5.44096459","buyTxId":"61c1a6ab59395196ccd46fdf44eda8f87a23bd11-0","sellTxId":"e1484bfcc21d21309519405fdf476e4891f6a501"}
{"index": {"_index":"sim","_id":"1384996"}}
	{"id":1384996,"type":"buy","buyer":"konvik","seller":"nftmart.fees","symbol":"SIM","quantity":"21.000","price":"0.00222999","timestamp":1629397569,"volume":"0.04682979","buyTxId":"f203b6d1c2867d8a6a3dfc35ce7e5296ab8d9441-0","sellTxId":"96780f398788bd65428626c39f4fdf8558009e26-0"}
{"index": {"_index":"sim","_id":"1384997"}}
	{"id":1384997,"type":"buy","buyer":"konvik","seller":"adamdabeast","symbol":"SIM","quantity":"15025.150","price":"0.00223000","timestamp":1629397569,"volume":"33.50608450","buyTxId":"f203b6d1c2867d8a6a3dfc35ce7e5296ab8d9441-0","sellTxId":"62cf47b5cec8d9e023e9da47d0e02c162b21207d"}
{"index": {"_index":"sim","_id":"1384998"}}
	{"id":1384998,"type":"buy","buyer":"konvik","seller":"adamdabeast","symbol":"SIM","quantity":"20.850","price":"0.00223000","timestamp":1629397572,"volume":"0.04649550","buyTxId":"2180b63246a1931970e74b80cee3882d2aa36c45-0","sellTxId":"62cf47b5cec8d9e023e9da47d0e02c162b21207d"}
{"index": {"_index":"sim","_id":"1384999"}}
	{"id":1384999,"type":"buy","buyer":"konvik","seller":"tussar11","symbol":"SIM","quantity":"4696.197","price":"0.00224000","timestamp":1629397572,"volume":"10.51948128","buyTxId":"2180b63246a1931970e74b80cee3882d2aa36c45-0","sellTxId":"aac019351f5c2a5c0b3c62e59847e878d57a4ac3"}
{"index": {"_index":"sim","_id":"1385000"}}
	{"id":1385000,"type":"buy","buyer":"konvik","seller":"tussar11","symbol":"SIM","quantity":"20.803","price":"0.00224000","timestamp":1629397575,"volume":"0.04659872","buyTxId":"b3b7630e607f9b957b3ff3422383753e46586b85-0","sellTxId":"aac019351f5c2a5c0b3c62e59847e878d57a4ac3"}
{"index": {"_index":"sim","_id":"1385001"}}
	{"id":1385001,"type":"buy","buyer":"konvik","seller":"medaymane","symbol":"SIM","quantity":"6427.861","price":"0.00224005","timestamp":1629397575,"volume":"14.39873003","buyTxId":"b3b7630e607f9b957b3ff3422383753e46586b85-0","sellTxId":"5a4b1fae10b9949034fc9df9eba5260328c147ea"}
{"index": {"_index":"sim","_id":"1385002"}}
	{"id":1385002,"type":"buy","buyer":"konvik","seller":"medaymane","symbol":"SIM","quantity":"20.739","price":"0.00224005","timestamp":1629397578,"volume":"0.04645640","buyTxId":"cd276c60d34c8ef0ca7f2d43e2396027ce6ec620-0","sellTxId":"5a4b1fae10b9949034fc9df9eba5260328c147ea"}
{"index": {"_index":"sim","_id":"1385003"}}
	{"id":1385003,"type":"buy","buyer":"konvik","seller":"solovey6o2","symbol":"SIM","quantity":"225636.853","price":"0.00224499","timestamp":1629397578,"volume":"506.55247862","buyTxId":"cd276c60d34c8ef0ca7f2d43e2396027ce6ec620-0","sellTxId":"24f2e5f4e49bb1c5fe396e4b5f8618aae93b43a3"}
{"index": {"_index":"sim","_id":"1385010"}}
	{"id":1385010,"type":"sell","buyer":"pi-trader","seller":"dustindivitto","symbol":"SIM","quantity":"5000.000","price":"0.00202001","timestamp":1629397683,"volume":"10.10005000","buyTxId":"57f4b5ae1ea84bf2ed908b9095508d4116b61414-1","sellTxId":"940a535c383c70ffc69f1dcbd8d2d08fada7bbb1"}
{"index": {"_index":"sim","_id":"1385011"}}
	{"id":1385011,"type":"sell","buyer":"joshh71390","seller":"dustindivitto","symbol":"SIM","quantity":"8000.000","price":"0.00202000","timestamp":1629397683,"volume":"16.16000000","buyTxId":"321d0da034041be7e5557b614771df66f20a8a88","sellTxId":"940a535c383c70ffc69f1dcbd8d2d08fada7bbb1"}
{"index": {"_index":"sim","_id":"1385012"}}
	{"id":1385012,"type":"sell","buyer":"dera123","seller":"dustindivitto","symbol":"SIM","quantity":"6550.000","price":"0.00200000","timestamp":1629397683,"volume":"13.10000000","buyTxId":"10d264e93f68d26cb613fcfd7471016ca2514074","sellTxId":"940a535c383c70ffc69f1dcbd8d2d08fada7bbb1"}
{"index": {"_index":"sim","_id":"1385013"}}
	{"id":1385013,"type":"sell","buyer":"dera123","seller":"topdollar001","symbol":"SIM","quantity":"1313","price":"0.00200000","timestamp":1629397686,"volume":"2.62600000","buyTxId":"10d264e93f68d26cb613fcfd7471016ca2514074","sellTxId":"93a5b93e1f8cdf4b05e5e7fee17cef323834ac0a"}
{"index": {"_index":"sim","_id":"1385014"}}
	{"id":1385014,"type":"buy","buyer":"konvik","seller":"jywahaha","symbol":"SIM","quantity":"11526.000","price":"0.00221000","timestamp":1629397695,"volume":"25.47246000","buyTxId":"a6f7866847bd6835bc3d245f9bda4c801eacda51-0","sellTxId":"1c2653acfc0b78fbcc84945d0891755265db3e71"}
{"index": {"_index":"sim","_id":"1385015"}}
	{"id":1385015,"type":"sell","buyer":"pi-trader","seller":"steem.services","symbol":"SIM","quantity":"5000.000","price":"0.00200001","timestamp":1629397725,"volume":"10.00005000","buyTxId":"7781250d8d64e3e85c3622a42e3d00e9b04fb126","sellTxId":"31e317ec4a6b22281c967f4a387ba1839ff22afb"}
{"index": {"_index":"sim","_id":"1385016"}}
	{"id":1385016,"type":"sell","buyer":"dera123","seller":"steem.services","symbol":"SIM","quantity":"25347.000","price":"0.00200000","timestamp":1629397725,"volume":"50.69400000","buyTxId":"10d264e93f68d26cb613fcfd7471016ca2514074","sellTxId":"31e317ec4a6b22281c967f4a387ba1839ff22afb"}
{"index": {"_index":"sim","_id":"1385022"}}
	{"id":1385022,"type":"sell","buyer":"pi-trader","seller":"epilatero","symbol":"SIM","quantity":"2423","price":"0.00200001","timestamp":1629397824,"volume":"4.84602423","buyTxId":"48322fe5723f0942cc53c71204d899619583d7e1","sellTxId":"2231466a3574e0c42f967b42a3088318962d7f87"}
{"index": {"_index":"sim","_id":"1385033"}}
	{"id":1385033,"type":"buy","buyer":"konvik","seller":"solovey6o2","symbol":"SIM","quantity":"402213.791","price":"0.00224499","timestamp":1629397869,"volume":"902.96593866","buyTxId":"b696a69b44ce6ac047e6431d291d9d2f49a46ec9-0","sellTxId":"24f2e5f4e49bb1c5fe396e4b5f8618aae93b43a3"}
{"index": {"_index":"sim","_id":"1385034"}}
	{"id":1385034,"type":"buy","buyer":"konvik","seller":"solovey6o2","symbol":"SIM","quantity":"38424.761","price":"0.00224499","timestamp":1629397872,"volume":"86.26320420","buyTxId":"8c827d446523312e53d38fe236664512960f351e-0","sellTxId":"24f2e5f4e49bb1c5fe396e4b5f8618aae93b43a3"}
{"index": {"_index":"sim","_id":"1385043"}}
	{"id":1385043,"type":"sell","buyer":"pi-trader","seller":"jrcornel","symbol":"SIM","quantity":"10000.000","price":"0.00200001","timestamp":1629397950,"volume":"20.00010000","buyTxId":"955eb5ea2b2ad731bfb6814ab374fbb8af59b4c3-1","sellTxId":"0f3cba953205734b3164730143eb1a06e26c7353"}
{"index": {"_index":"sim","_id":"1385044"}}
	{"id":1385044,"type":"sell","buyer":"dera123","seller":"jrcornel","symbol":"SIM","quantity":"12987.000","price":"0.00200000","timestamp":1629397950,"volume":"25.97400000","buyTxId":"10d264e93f68d26cb613fcfd7471016ca2514074","sellTxId":"0f3cba953205734b3164730143eb1a06e26c7353"}
{"index": {"_index":"sim","_id":"1385045"}}
	{"id":1385045,"type":"sell","buyer":"solovey6o2","seller":"jrcornel","symbol":"SIM","quantity":"63726.000","price":"0.00199001","timestamp":1629397950,"volume":"126.81537726","buyTxId":"cbee10b9ecd2062c6fbe6c297c874df412639c7b","sellTxId":"0f3cba953205734b3164730143eb1a06e26c7353"}
{"index": {"_index":"sim","_id":"1385047"}}
	{"id":1385047,"type":"buy","buyer":"konvik","seller":"mary.janikowski","symbol":"SIM","quantity":"37839.000","price":"0.00224000","timestamp":1629397962,"volume":"84.75936000","buyTxId":"76e0b481b79e52183e98ba77da8efab1c8404026-0","sellTxId":"85385ff63760e48fb9f247f553acd2a4512d42f1"}
{"index": {"_index":"sim","_id":"1385048"}}
	{"id":1385048,"type":"buy","buyer":"konvik","seller":"broncnutz","symbol":"SIM","quantity":"48.813","price":"0.00200000","timestamp":1629397980,"volume":"0.09762600","buyTxId":"73d4135729e0c260311a14c45ecb61f80f4efcb9-0","sellTxId":"c1ad807276fba411405fb9a32d6e849d99f1ea9e"}
{"index": {"_index":"sim","_id":"1385049"}}
	{"id":1385049,"type":"buy","buyer":"konvik","seller":"dera123","symbol":"SIM","quantity":"77358.961","price":"0.00220000","timestamp":1629397980,"volume":"170.18971420","buyTxId":"73d4135729e0c260311a14c45ecb61f80f4efcb9-0","sellTxId":"c7fd3f53b31fcc15d9b0b8f6cd81f6644c799c05"}
{"index": {"_index":"sim","_id":"1385060"}}
	{"id":1385060,"type":"sell","buyer":"pi-trader","seller":"fitcoin","symbol":"SIM","quantity":"509.000","price":"0.00199002","timestamp":1629398208,"volume":"1.01292018","buyTxId":"084b569fe8c4480ef3947bacdbe94866efe1a9dd-1","sellTxId":"0511df9a7240401b72c90181ef295e9ee9915d90"}
{"index": {"_index":"sim","_id":"1385095"}}
	{"id":1385095,"type":"sell","buyer":"pi-trader","seller":"florian-glechner","symbol":"SIM","quantity":"49.000","price":"0.00200001","timestamp":1629398682,"volume":"0.09800049","buyTxId":"0f26d56ccba85cb2852a8cd9fca11e489328c45a-1","sellTxId":"957342d8d1889c574ddc4bb072b41f07e2fa8c73"}
{"index": {"_index":"sim","_id":"1385097"}}
	{"id":1385097,"type":"sell","buyer":"pi-trader","seller":"dhedge-drips","symbol":"SIM","quantity":"0.005","price":"0.00200002","timestamp":1629398718,"volume":"0.00001000","buyTxId":"7e3323e5e150457b55d317d83d34f603a12b21c1-1","sellTxId":"2740db7fe8d1beeb0777bb528f5a55a5fe6ac0f8"}
{"index": {"_index":"sim","_id":"1385184"}}
	{"id":1385184,"type":"sell","buyer":"pi-trader","seller":"stolas","symbol":"SIM","quantity":"345.699","price":"0.00200002","timestamp":1629399693,"volume":"0.69140491","buyTxId":"d76b303e094a28fc566086782fe51ba1a3f59682-1","sellTxId":"4ad71df09d183acbed7cbf0e9330f70514275f80"}
{"index": {"_index":"sim","_id":"1385189"}}
	{"id":1385189,"type":"buy","buyer":"konvik","seller":"flauwy","symbol":"SIM","quantity":"47595.000","price":"0.00219970","timestamp":1629399804,"volume":"104.69472150","buyTxId":"b7a91f245c51cfe94bc0127841ab5d2cde90119d-0","sellTxId":"c49a65ab2f1e08065d9f30334558334418a5c49e"}
{"index": {"_index":"sim","_id":"1385211"}}
	{"id":1385211,"type":"sell","buyer":"pi-trader","seller":"onealfa","symbol":"SIM","quantity":"15000.000","price":"0.00200002","timestamp":1629400251,"volume":"30.00030000","buyTxId":"a337a10530ddac2ee0a91e4f21ee401bf85d420d-1","sellTxId":"599f38722ea5ab1c47c4058a35f2dd426dc1a159"}
{"index": {"_index":"sim","_id":"1385212"}}
	{"id":1385212,"type":"sell","buyer":"solovey6o2","seller":"onealfa","symbol":"SIM","quantity":"13761.000","price":"0.00200001","timestamp":1629400251,"volume":"27.52213761","buyTxId":"61733647f27a14e325a71573a2a40a8a0e21bc93","sellTxId":"599f38722ea5ab1c47c4058a35f2dd426dc1a159"}
{"index": {"_index":"sim","_id":"1385215"}}
	{"id":1385215,"type":"sell","buyer":"solovey6o2","seller":"eldonburr","symbol":"SIM","quantity":"114","price":"0.00200001","timestamp":1629400281,"volume":"0.22800114","buyTxId":"61733647f27a14e325a71573a2a40a8a0e21bc93","sellTxId":"cc1733e984c4fff24ed71a7e7a12efd3862d51ba"}
{"index": {"_index":"sim","_id":"1385220"}}
	{"id":1385220,"type":"buy","buyer":"konvik","seller":"hamsterpoweriii","symbol":"SIM","quantity":"31092.887","price":"0.00219997","timestamp":1629400332,"volume":"68.40341861","buyTxId":"e7744dc6b2c7fd7587140f71fe0b37c65a81e3d3-0","sellTxId":"e4e62399762727f4b383a7fd2266f86b555f60ca"}
{"index": {"_index":"sim","_id":"1385236"}}
	{"id":1385236,"type":"sell","buyer":"pi-trader","seller":"innyc","symbol":"SIM","quantity":"1520.020","price":"0.00200002","timestamp":1629400449,"volume":"3.04007040","buyTxId":"c3300c808ee6b9582edba87e34bd33fb0a8aa39f","sellTxId":"8ce8ff547d4144cd0da0deeb9ca3470bfa88f5ee"}
{"index": {"_index":"sim","_id":"1385289"}}
	{"id":1385289,"type":"sell","buyer":"pi-trader","seller":"balte","symbol":"SIM","quantity":"15000.000","price":"0.00200002","timestamp":1629401223,"volume":"30.00030000","buyTxId":"18284cee5f46210006cdd53c8e40878e0d2067f3-1","sellTxId":"d2fa660c21b9c41830d4602ed1f06ad45352dbb2"}
{"index": {"_index":"sim","_id":"1385290"}}
	{"id":1385290,"type":"sell","buyer":"solovey6o2","seller":"balte","symbol":"SIM","quantity":"16000.000","price":"0.00200001","timestamp":1629401223,"volume":"32.00016000","buyTxId":"61733647f27a14e325a71573a2a40a8a0e21bc93","sellTxId":"d2fa660c21b9c41830d4602ed1f06ad45352dbb2"}
{"index": {"_index":"sim","_id":"1385297"}}
	{"id":1385297,"type":"buy","buyer":"konvik","seller":"axeman","symbol":"SIM","quantity":"45000.000","price":"0.00219990","timestamp":1629401454,"volume":"98.99550000","buyTxId":"f7cee0a820641b0d596734ca2815d259fd45b050-0","sellTxId":"d0e5000dede2b510025343374b6ecaadbac72225"}
{"index": {"_index":"sim","_id":"1385311"}}
	{"id":1385311,"type":"sell","buyer":"pi-trader","seller":"automaton","symbol":"SIM","quantity":"1800.000","price":"0.00200002","timestamp":1629401757,"volume":"3.60003600","buyTxId":"5144ad908a8d972fc9e30c2c0686853449f496f2","sellTxId":"03f7845bc8e7709c7045556ad18f63d05d333df8"}
{"index": {"_index":"sim","_id":"1385320"}}
	{"id":1385320,"type":"sell","buyer":"pi-trader","seller":"jjprac","symbol":"SIM","quantity":"54.420","price":"0.00200002","timestamp":1629401841,"volume":"0.10884109","buyTxId":"24c6419e89559ce8aca0cd5b5ddc393bb07f12db-1","sellTxId":"7a7691a9cf09973563f8645bd012c1535a5c71b4"}
{"index": {"_index":"sim","_id":"1385413"}}
	{"id":1385413,"type":"sell","buyer":"pi-trader","seller":"willsaldeno","symbol":"SIM","quantity":"4082.000","price":"0.00200004","timestamp":1629403185,"volume":"8.16416328","buyTxId":"e4dd47d4379babec61be673dcfc33ace14b2ed17-1","sellTxId":"1fc1c5d626094a633cea172d1ba266dcde089e82"}
{"index": {"_index":"sim","_id":"1385531"}}
	{"id":1385531,"type":"sell","buyer":"pi-trader","seller":"bitcoinflood","symbol":"SIM","quantity":"1824.000","price":"0.00200005","timestamp":1629404310,"volume":"3.64809120","buyTxId":"0a73b2eb92f74a45356b1278169f5622b72a25c0-1","sellTxId":"d593fd3300733d71f4443cddbe2044ee4966bc97"}
{"index": {"_index":"sim","_id":"1385536"}}
	{"id":1385536,"type":"buy","buyer":"nshow","seller":"nftmart.fees","symbol":"SIM","quantity":"19.000","price":"0.00219995","timestamp":1629404376,"volume":"0.04179905","buyTxId":"3c5ec796fea7c428de939c350e5eebd6fdfec04e","sellTxId":"2bb908f5bf59fb5f4461eae3a2b4fafb412983c8-0"}
{"index": {"_index":"sim","_id":"1385556"}}
	{"id":1385556,"type":"buy","buyer":"eythorphoto","seller":"nftmart.fees","symbol":"SIM","quantity":"31.000","price":"0.00219998","timestamp":1629404646,"volume":"0.06819938","buyTxId":"4f31ccc928a939ef1a397903953d286b3c86f023","sellTxId":"fa4a6ea7ae13081fd6bb0ca7e3adbe03a475a309-0"}
{"index": {"_index":"sim","_id":"1385557"}}
	{"id":1385557,"type":"buy","buyer":"eythorphoto","seller":"dhedge-drips","symbol":"SIM","quantity":"0.005","price":"0.00219999","timestamp":1629404646,"volume":"0.00001100","buyTxId":"4f31ccc928a939ef1a397903953d286b3c86f023","sellTxId":"2aade40275039effc2610f185c8c88e11f0b0a76"}
{"index": {"_index":"sim","_id":"1385558"}}
	{"id":1385558,"type":"buy","buyer":"eythorphoto","seller":"dera123","symbol":"SIM","quantity":"48.039","price":"0.00220000","timestamp":1629404646,"volume":"0.10568580","buyTxId":"4f31ccc928a939ef1a397903953d286b3c86f023","sellTxId":"c7fd3f53b31fcc15d9b0b8f6cd81f6644c799c05"}
{"index": {"_index":"sim","_id":"1385559"}}
	{"id":1385559,"type":"buy","buyer":"eythorphoto","seller":"kaseldz","symbol":"SIM","quantity":"1478.000","price":"0.00220000","timestamp":1629404646,"volume":"3.25160000","buyTxId":"4f31ccc928a939ef1a397903953d286b3c86f023","sellTxId":"23f1f5672268c6c33d4eee2c292655ffbda54b4c"}
{"index": {"_index":"sim","_id":"1385567"}}
	{"id":1385567,"type":"buy","buyer":"eythorphoto","seller":"cryptofiloz","symbol":"SIM","quantity":"1874.000","price":"0.00223501","timestamp":1629404721,"volume":"4.18840874","buyTxId":"ef033453ad3ec6c9b15cf29291b6f8ae763d605d","sellTxId":"5b48477e7e35199e0a0becb42590a0822d0063c0"}
{"index": {"_index":"sim","_id":"1385568"}}
	{"id":1385568,"type":"sell","buyer":"eythorphoto","seller":"konvik","symbol":"SIM","quantity":"5320.727","price":"0.00224000","timestamp":1629404724,"volume":"11.91842848","buyTxId":"ef033453ad3ec6c9b15cf29291b6f8ae763d605d","sellTxId":"929ac8439f3ec7ba793529e61b626c00cd2c4e32-1"}
{"index": {"_index":"sim","_id":"1385618"}}
	{"id":1385618,"type":"buy","buyer":"eythorphoto","seller":"lestrange","symbol":"SIM","quantity":"1031.000","price":"0.00224490","timestamp":1629404940,"volume":"2.31449190","buyTxId":"76d2abe4cd628e91c54fbefcdcd9c60a33629003","sellTxId":"98e23ab806124489161e4abcbe9473344550494b"}
{"index": {"_index":"sim","_id":"1385631"}}
	{"id":1385631,"type":"sell","buyer":"eythorphoto","seller":"rilo","symbol":"SIM","quantity":"74.035","price":"0.00224490","timestamp":1629405177,"volume":"0.16620117","buyTxId":"76d2abe4cd628e91c54fbefcdcd9c60a33629003","sellTxId":"93249cd69f0cfc54ec019bfa4aef97712870999e"}
{"index": {"_index":"sim","_id":"1385759"}}
	{"id":1385759,"type":"sell","buyer":"nshow","seller":"leizerstark","symbol":"SIM","quantity":"279.003","price":"0.00219995","timestamp":1629406395,"volume":"0.61379265","buyTxId":"3c5ec796fea7c428de939c350e5eebd6fdfec04e","sellTxId":"d00e2e5ef44cc47224b37519147b281377c31ff8"}
{"index": {"_index":"sim","_id":"1385768"}}
	{"id":1385768,"type":"sell","buyer":"nshow","seller":"deathwing","symbol":"SIM","quantity":"1153","price":"0.00219995","timestamp":1629406506,"volume":"2.53654235","buyTxId":"3c5ec796fea7c428de939c350e5eebd6fdfec04e","sellTxId":"15533a94546ad4f41d2ea870fdcc005890f15cb6-0"}
{"index": {"_index":"sim","_id":"1385801"}}
	{"id":1385801,"type":"sell","buyer":"nshow","seller":"captaincryptic","symbol":"SIM","quantity":"444.048","price":"0.00219995","timestamp":1629406950,"volume":"0.97688340","buyTxId":"3c5ec796fea7c428de939c350e5eebd6fdfec04e","sellTxId":"6cf594c1bd119dd389a292622d1caf7ed03f049a"}
{"index": {"_index":"sim","_id":"1385802"}}
	{"id":1385802,"type":"sell","buyer":"solovey6o2","seller":"captaincryptic","symbol":"SIM","quantity":"954.367","price":"0.00200006","timestamp":1629406950,"volume":"1.90879126","buyTxId":"8af8ac092c89f23a110654934665d7f461331875","sellTxId":"6cf594c1bd119dd389a292622d1caf7ed03f049a"}
{"index": {"_index":"sim","_id":"1385805"}}
	{"id":1385805,"type":"sell","buyer":"pi-trader","seller":"aleister","symbol":"SIM","quantity":"4705.467","price":"0.00200007","timestamp":1629407001,"volume":"9.41126338","buyTxId":"5fbd91f92d34f3ca479a5d0a017c2be36a066eac","sellTxId":"f45d1b3bb417bbecf389a5461b7cdc1b168060ff"}
{"index": {"_index":"sim","_id":"1385821"}}
	{"id":1385821,"type":"sell","buyer":"pi-trader","seller":"fantasycrypto","symbol":"SIM","quantity":"15000.000","price":"0.00200007","timestamp":1629407187,"volume":"30.00105000","buyTxId":"f3754733dc04fe67ab09f92c0e28ba0bd28cbb6a-1","sellTxId":"0a9575d4275eec0a81d466a2e57051f0c78f3158"}
{"index": {"_index":"sim","_id":"1385822"}}
	{"id":1385822,"type":"sell","buyer":"solovey6o2","seller":"fantasycrypto","symbol":"SIM","quantity":"21980.624","price":"0.00200006","timestamp":1629407187,"volume":"43.96256684","buyTxId":"8af8ac092c89f23a110654934665d7f461331875","sellTxId":"0a9575d4275eec0a81d466a2e57051f0c78f3158"}
{"index": {"_index":"sim","_id":"1385841"}}
	{"id":1385841,"type":"buy","buyer":"konvik","seller":"joshh71390","symbol":"SIM","quantity":"2000.000","price":"0.00218000","timestamp":1629407529,"volume":"4.36000000","buyTxId":"b7c1be690625e51238591e0ab47bcba45a30808e-0","sellTxId":"31a9d8df8b698875aefe52727a324194215572fa"}
{"index": {"_index":"sim","_id":"1385903"}}
	{"id":1385903,"type":"sell","buyer":"pi-trader","seller":"trentonlundy1","symbol":"SIM","quantity":"0.278","price":"0.00200007","timestamp":1629408123,"volume":"0.00055602","buyTxId":"6b40f9d3b3f98a14b9bc7925cb55bd22104daf87","sellTxId":"f4270d769eb988cfa26eab24471cf9466fe0115f"}
{"index": {"_index":"sim","_id":"1385976"}}
	{"id":1385976,"type":"sell","buyer":"pi-trader","seller":"lammbock","symbol":"SIM","quantity":"239.440","price":"0.00203001","timestamp":1629408969,"volume":"0.48606559","buyTxId":"4f6632333f8bb1fcb420b4336e393445d02acb02-1","sellTxId":"54ffd0405b694b8d196c51933d9614b43cd44532"}
{"index": {"_index":"sim","_id":"1386171"}}
	{"id":1386171,"type":"sell","buyer":"pi-trader","seller":"hirohurl","symbol":"SIM","quantity":"86.420","price":"0.00209001","timestamp":1629412278,"volume":"0.18061866","buyTxId":"abb968c4daf2b7f1a371133260b9e87c01820c17-1","sellTxId":"aa0e6846336a0e558735f85c746946046124a18f"}
{"index": {"_index":"sim","_id":"1386190"}}
	{"id":1386190,"type":"sell","buyer":"pi-trader","seller":"tsnaks","symbol":"SIM","quantity":"1546.002","price":"0.00209001","timestamp":1629412782,"volume":"3.23115964","buyTxId":"9c030a3b5cd6b615ff4a7d8414b6b188e50144fb-1","sellTxId":"ba7ac846c8148f8ff1da404d3a21049f1a593cec"}
{"index": {"_index":"sim","_id":"1386254"}}
	{"id":1386254,"type":"sell","buyer":"pi-trader","seller":"thatcryptodave","symbol":"SIM","quantity":"3536.720","price":"0.00209001","timestamp":1629414072,"volume":"7.39178017","buyTxId":"96407aaae6297ac419c893e2273b3684eb86a1be-1","sellTxId":"5915ea9dea6db26ba81dedefaa86fc92306a63c6"}
{"index": {"_index":"sim","_id":"1386260"}}
	{"id":1386260,"type":"sell","buyer":"pi-trader","seller":"dotwin1981","symbol":"SIM","quantity":"0.008","price":"0.00209001","timestamp":1629414198,"volume":"0.00001672","buyTxId":"fd76d0f88fc8c4959c4120acebfaa26d33199e0d-1","sellTxId":"44cd19d2e9e6c5f644fd3783eb21d457463996d1"}
{"index": {"_index":"sim","_id":"1386313"}}
	{"id":1386313,"type":"buy","buyer":"juanmiguelsalas","seller":"eshr92","symbol":"SIM","quantity":"115.000","price":"0.00217000","timestamp":1629414726,"volume":"0.24955000","buyTxId":"a7e82da06ff1427c2d21922609c4e815e2a44fc3","sellTxId":"431d234b07fd0131fb2db4a2f4d10811541f7ef8"}
{"index": {"_index":"sim","_id":"1386314"}}
	{"id":1386314,"type":"buy","buyer":"juanmiguelsalas","seller":"nftmart.fees","symbol":"SIM","quantity":"398.000","price":"0.00217998","timestamp":1629414726,"volume":"0.86763204","buyTxId":"a7e82da06ff1427c2d21922609c4e815e2a44fc3","sellTxId":"6d1b650bc4615fa689559ec2e5bbdd05ca63b031-0"}
{"index": {"_index":"sim","_id":"1386315"}}
	{"id":1386315,"type":"buy","buyer":"juanmiguelsalas","seller":"joshh71390","symbol":"SIM","quantity":"444.000","price":"0.00218000","timestamp":1629414726,"volume":"0.96792000","buyTxId":"a7e82da06ff1427c2d21922609c4e815e2a44fc3","sellTxId":"373e7b77736f5e4fbeab2ee850bdcb4a025c3fe8"}
{"index": {"_index":"sim","_id":"1386372"}}
	{"id":1386372,"type":"buy","buyer":"he-index","seller":"nftmart.fees","symbol":"SIM","quantity":"303.211","price":"0.00217999","timestamp":1629415593,"volume":"0.66099695","buyTxId":"071f96ec00694f3086cf06e6fe3cc9e5ac748805","sellTxId":"5c854b44d728f09d7c386ed6876b69c6ec74ae41-0"}
{"index": {"_index":"sim","_id":"1386495"}}
	{"id":1386495,"type":"sell","buyer":"pi-trader","seller":"egistar","symbol":"SIM","quantity":"874","price":"0.00209003","timestamp":1629417681,"volume":"1.82668622","buyTxId":"87b0d6ad331db23b2f270f048b663ce47dc73988-1","sellTxId":"3141be9ea9b0613a1660e70c31445f7c878d9e92"}
{"index": {"_index":"sim","_id":"1386517"}}
	{"id":1386517,"type":"sell","buyer":"pi-trader","seller":"silverstackeruk","symbol":"SIM","quantity":"4807.733","price":"0.00209003","timestamp":1629417855,"volume":"10.04830620","buyTxId":"01fd10f7d04a8448d42188b1b64b3a208a90bb1e-1","sellTxId":"a9c5b23407b0c13568e355471ad250c044cc7199"}
{"index": {"_index":"sim","_id":"1386520"}}
	{"id":1386520,"type":"buy","buyer":"elricmoonslayer","seller":"nftmart.fees","symbol":"SIM","quantity":"100.000","price":"0.00217997","timestamp":1629417897,"volume":"0.21799700","buyTxId":"5a47b8a93039d294e0fe4d94cf77e2791c04be7c","sellTxId":"8e696743ef649176140ea308d1652a6f98f31a4d-0"}
{"index": {"_index":"sim","_id":"1386573"}}
	{"id":1386573,"type":"sell","buyer":"pi-trader","seller":"megalithic","symbol":"SIM","quantity":"15000.000","price":"0.00209001","timestamp":1629418527,"volume":"31.35015000","buyTxId":"ac80c10c5e39717c534879bcd1be5baac88236e2-1","sellTxId":"988d305334f7d4ffd2f0864f8ea83afd5793797c"}
{"index": {"_index":"sim","_id":"1386574"}}
	{"id":1386574,"type":"sell","buyer":"joshh71390","seller":"megalithic","symbol":"SIM","quantity":"275.000","price":"0.00209000","timestamp":1629418527,"volume":"0.57475000","buyTxId":"277cdaa7e75c1c2395b6d0dca6c6097cd8384c93","sellTxId":"988d305334f7d4ffd2f0864f8ea83afd5793797c"}
{"index": {"_index":"sim","_id":"1386575"}}
	{"id":1386575,"type":"sell","buyer":"joshh71390","seller":"megalithic","symbol":"SIM","quantity":"100.000","price":"0.00207000","timestamp":1629418527,"volume":"0.20700000","buyTxId":"1c4e6ac16d737aebd10d5aa00a24f9f9b0abd35a","sellTxId":"988d305334f7d4ffd2f0864f8ea83afd5793797c"}
{"index": {"_index":"sim","_id":"1386576"}}
	{"id":1386576,"type":"sell","buyer":"joshh71390","seller":"megalithic","symbol":"SIM","quantity":"750.000","price":"0.00204000","timestamp":1629418527,"volume":"1.53000000","buyTxId":"9585d58291d6249f43381b9891808fabcc72875c","sellTxId":"988d305334f7d4ffd2f0864f8ea83afd5793797c"}
{"index": {"_index":"sim","_id":"1386577"}}
	{"id":1386577,"type":"sell","buyer":"solovey6o2","seller":"megalithic","symbol":"SIM","quantity":"10443.000","price":"0.00200006","timestamp":1629418527,"volume":"20.88662658","buyTxId":"8af8ac092c89f23a110654934665d7f461331875","sellTxId":"988d305334f7d4ffd2f0864f8ea83afd5793797c"}
{"index": {"_index":"sim","_id":"1386629"}}
	{"id":1386629,"type":"buy","buyer":"danewilliams","seller":"nftmart.fees","symbol":"SIM","quantity":"317.000","price":"0.00217996","timestamp":1629419805,"volume":"0.69104732","buyTxId":"7439c3c14c4d3ce441c75870129a6a4695cb5538","sellTxId":"b4db1e0390b3a1a643ed403817370712d7eb8423-0"}
{"index": {"_index":"sim","_id":"1386630"}}
	{"id":1386630,"type":"buy","buyer":"danewilliams","seller":"joshh71390","symbol":"SIM","quantity":"3556.000","price":"0.00218000","timestamp":1629419805,"volume":"7.75208000","buyTxId":"7439c3c14c4d3ce441c75870129a6a4695cb5538","sellTxId":"373e7b77736f5e4fbeab2ee850bdcb4a025c3fe8"}
{"index": {"_index":"sim","_id":"1386631"}}
	{"id":1386631,"type":"buy","buyer":"danewilliams","seller":"ironshield","symbol":"SIM","quantity":"5295.744","price":"0.00219000","timestamp":1629419805,"volume":"11.59767936","buyTxId":"7439c3c14c4d3ce441c75870129a6a4695cb5538","sellTxId":"dcdc4e376b8d35144261b52bcc76109448712729"}
{"index": {"_index":"sim","_id":"1386632"}}
	{"id":1386632,"type":"buy","buyer":"danewilliams","seller":"vincentnijman","symbol":"SIM","quantity":"831.256","price":"0.00219998","timestamp":1629419805,"volume":"1.82874657","buyTxId":"7439c3c14c4d3ce441c75870129a6a4695cb5538","sellTxId":"95442aab151de85eb410a802b3c9f0f40c9c21b0"}
{"index": {"_index":"sim","_id":"1386645"}}
	{"id":1386645,"type":"sell","buyer":"pi-trader","seller":"travelgirl","symbol":"SIM","quantity":"11817.014","price":"0.00200007","timestamp":1629420102,"volume":"23.63485519","buyTxId":"8bf4f7669518a55bb15eb89f9c0f9b0e271f9b56","sellTxId":"2ef25eda9649cf513b0a0dd2e04001db5efa77c9"}
{"index": {"_index":"sim","_id":"1386648"}}
	{"id":1386648,"type":"sell","buyer":"pi-trader","seller":"bitcoinflood","symbol":"SIM","quantity":"64.035","price":"0.00200007","timestamp":1629420168,"volume":"0.12807448","buyTxId":"b4ead0715efe0fcf36a320da73672181891df577-1","sellTxId":"7847eb4172dc19db3e7cb741f1428e47bdb788f5"}
{"index": {"_index":"sim","_id":"1386651"}}
	{"id":1386651,"type":"sell","buyer":"pi-trader","seller":"dhedge-drips","symbol":"SIM","quantity":"2.922","price":"0.00200007","timestamp":1629420321,"volume":"0.00584420","buyTxId":"aa09675475891a66b702d35303edd1dd783b83e1-1","sellTxId":"0dde971665072b29618bef497850194917c41058"}
{"index": {"_index":"sim","_id":"1386701"}}
	{"id":1386701,"type":"buy","buyer":"emergehealthier","seller":"nftmart.fees","symbol":"SIM","quantity":"303.000","price":"0.00219997","timestamp":1629420897,"volume":"0.66659091","buyTxId":"747333645d3ec8841d64ab047aa2ac0dbb27f311","sellTxId":"2a96ca764362161038a352ac6f218bc4833d7f5c-0"}
{"index": {"_index":"sim","_id":"1386702"}}
	{"id":1386702,"type":"buy","buyer":"emergehealthier","seller":"dhedge-drips","symbol":"SIM","quantity":"2.922","price":"0.00219997","timestamp":1629420897,"volume":"0.00642831","buyTxId":"747333645d3ec8841d64ab047aa2ac0dbb27f311","sellTxId":"2db835f41e36bcdb6e01db76aa15c57282596889"}
{"index": {"_index":"sim","_id":"1386707"}}
	{"id":1386707,"type":"buy","buyer":"emergehealthier","seller":"vincentnijman","symbol":"SIM","quantity":"600.000","price":"0.00219998","timestamp":1629420960,"volume":"1.31998800","buyTxId":"1ff4d7b8af18c2044815e62beb1525026d715e15","sellTxId":"95442aab151de85eb410a802b3c9f0f40c9c21b0"}
{"index": {"_index":"sim","_id":"1386712"}}
	{"id":1386712,"type":"sell","buyer":"pi-trader","seller":"simplegame","symbol":"SIM","quantity":"33.154","price":"0.00200007","timestamp":1629421050,"volume":"0.06631032","buyTxId":"d814e1e18dbcffac0f68dccc93372549e6191069","sellTxId":"2d00bc01dc5535706af5a2a21ec12b5f91174798"}
{"index": {"_index":"sim","_id":"1386726"}}
	{"id":1386726,"type":"buy","buyer":"cryptobandito01","seller":"jywahaha","symbol":"SIM","quantity":"4000.000","price":"0.00218000","timestamp":1629421128,"volume":"8.72000000","buyTxId":"e55092f58cdac95a96e9e0176ccdfee0f01d16c6","sellTxId":"25f82c77b146b54a16bef1e54b55ee8c766027ef"}
{"index": {"_index":"sim","_id":"1386728"}}
	{"id":1386728,"type":"sell","buyer":"pi-trader","seller":"jesuscarrion","symbol":"SIM","quantity":"4875.100","price":"0.00200007","timestamp":1629421155,"volume":"9.75054126","buyTxId":"2e0196a9b803aad82549e594376fd41db92116d0-1","sellTxId":"3f42d994e21d4376101fb50827cae5aaadc3c095"}
{"index": {"_index":"sim","_id":"1386730"}}
	{"id":1386730,"type":"buy","buyer":"konvik","seller":"jywahaha","symbol":"SIM","quantity":"59011.600","price":"0.00217000","timestamp":1629421185,"volume":"128.05517200","buyTxId":"6e4f47fc74aed9f56b4355600e1bb7c361ae77d4-0","sellTxId":"df11f59316a62d83491817209ec8be164785b0b2"}
{"index": {"_index":"sim","_id":"1386743"}}
	{"id":1386743,"type":"sell","buyer":"pi-trader","seller":"spinvest","symbol":"SIM","quantity":"5208.843","price":"0.00200007","timestamp":1629421380,"volume":"10.41805062","buyTxId":"514972e775e2bc7f588d90f185a322346041024f-1","sellTxId":"70cf91a18df469ab7c9efec85a7f64af0776b280"}
{"index": {"_index":"sim","_id":"1386754"}}
	{"id":1386754,"type":"sell","buyer":"pi-trader","seller":"oahb132","symbol":"SIM","quantity":"16.090","price":"0.00200007","timestamp":1629421512,"volume":"0.03218113","buyTxId":"082a7058141bc6853ab165182da42ba09d0d2c04-1","sellTxId":"fb7b016a028565bb2334dfb3f43ae95a5fdf15c8"}
{"index": {"_index":"sim","_id":"1386906"}}
	{"id":1386906,"type":"sell","buyer":"pi-trader","seller":"bitcoinflood","symbol":"SIM","quantity":"6.911","price":"0.00203001","timestamp":1629424866,"volume":"0.01402940","buyTxId":"503ad71096988fe77c67aa9f7634d9f6cbd80712-1","sellTxId":"b312a0b07a73772e1d669eba38b3dc1a769d77f4"}
{"index": {"_index":"sim","_id":"1386935"}}
	{"id":1386935,"type":"buy","buyer":"eythorphoto","seller":"nftmart.fees","symbol":"SIM","quantity":"230.000","price":"0.00216999","timestamp":1629425736,"volume":"0.49909770","buyTxId":"ad4aba8903e72632cebb43a1bc45487ebfea7555","sellTxId":"b8b2d7181ec7ae818e636d86e3a1410b7ccff277-0"}
{"index": {"_index":"sim","_id":"1386937"}}
	{"id":1386937,"type":"buy","buyer":"eythorphoto","seller":"joshh71390","symbol":"SIM","quantity":"2000.000","price":"0.00217000","timestamp":1629425763,"volume":"4.34000000","buyTxId":"5a4048b4807f5900e38bbfee5bd9ffb6b1bc32b2","sellTxId":"dc1bbe4270590c2809f9532114ea552d1e25bffa"}
{"index": {"_index":"sim","_id":"1386939"}}
	{"id":1386939,"type":"buy","buyer":"eythorphoto","seller":"solovey6o2","symbol":"SIM","quantity":"6000.000","price":"0.00218999","timestamp":1629425790,"volume":"13.13994000","buyTxId":"13d27e02103cb93aa051778f0a870acd8428b302","sellTxId":"f6d3d44be0c96f6d681ba82166853ba34b4da1b7"}
{"index": {"_index":"sim","_id":"1386946"}}
	{"id":1386946,"type":"buy","buyer":"eythorphoto","seller":"solovey6o2","symbol":"SIM","quantity":"1125.000","price":"0.00218999","timestamp":1629425991,"volume":"2.46373875","buyTxId":"d4f957ef1adb40416d70e5b62f6f6e512ce4e011","sellTxId":"f6d3d44be0c96f6d681ba82166853ba34b4da1b7"}
{"index": {"_index":"sim","_id":"1386952"}}
	{"id":1386952,"type":"sell","buyer":"pi-trader","seller":"thesimguru","symbol":"SIM","quantity":"3128.373","price":"0.00203001","timestamp":1629426309,"volume":"6.35062847","buyTxId":"d3cc60c262a62c505021ebf82bb81a943e5d0490-1","sellTxId":"2855aaad250faa5eaa6bdb18af1595307f11f571"}
{"index": {"_index":"sim","_id":"1386961"}}
	{"id":1386961,"type":"sell","buyer":"pi-trader","seller":"winebank","symbol":"SIM","quantity":"1569.000","price":"0.00203001","timestamp":1629426648,"volume":"3.18508569","buyTxId":"eabdab8b3df70c6b1ad37ccda70a8c8e37e33e96-1","sellTxId":"55520dcb9a8b7ae574a33701bd63d6e2999f8fcc"}
