{"index": {"_index":"sim","_id":"1216077"}}
	{"id":1216077,"type":"buy","buyer":"rilo","seller":"mmrx","symbol":"SIM","quantity":"1194.000","price":"0.00109373","timestamp":1626144900,"volume":"1.30591362","buyTxId":"3d55d1e78121af683dd59d3cbd92e24a85c8df8e","sellTxId":"MM-P-8614912-55594845-3-15-0"}
{"index": {"_index":"sim","_id":"1216138"}}
	{"id":1216138,"type":"sell","buyer":"mmrx","seller":"rilo","symbol":"SIM","quantity":"6943.917","price":"0.00108001","timestamp":1626147168,"volume":"7.49949980","buyTxId":"MM-P-8615709-55595642-3-15-0","sellTxId":"dcac2afad2a539983dc1983e7f9e0011bc088553"}
{"index": {"_index":"sim","_id":"1216139"}}
	{"id":1216139,"type":"sell","buyer":"d-pend","seller":"rilo","symbol":"SIM","quantity":"23442.331","price":"0.00108000","timestamp":1626147168,"volume":"25.31771748","buyTxId":"2fa411a9a3f43bd15e31a78739c8c783417e7443","sellTxId":"dcac2afad2a539983dc1983e7f9e0011bc088553"}
{"index": {"_index":"sim","_id":"1216146"}}
	{"id":1216146,"type":"sell","buyer":"d-pend","seller":"rilo","symbol":"SIM","quantity":"2221.956","price":"0.00108000","timestamp":1626147615,"volume":"2.39971248","buyTxId":"2fa411a9a3f43bd15e31a78739c8c783417e7443","sellTxId":"eccbb68fc649d717e10ea44ea56bd56240d67bf3"}
{"index": {"_index":"sim","_id":"1216147"}}
	{"id":1216147,"type":"buy","buyer":"konvik","seller":"rilo","symbol":"SIM","quantity":"3778.044","price":"0.00108000","timestamp":1626147618,"volume":"4.08028752","buyTxId":"df91be3c066c3e7a24ab310d6223a22993afee3b-0","sellTxId":"eccbb68fc649d717e10ea44ea56bd56240d67bf3"}
{"index": {"_index":"sim","_id":"1216155"}}
	{"id":1216155,"type":"sell","buyer":"d-pend","seller":"manoldonchev","symbol":"SIM","quantity":"24787.000","price":"0.00107000","timestamp":1626148011,"volume":"26.52209000","buyTxId":"e01001ce8b1a6fe0ed9b756d77a4277c42cbc075","sellTxId":"38b0401cbea108d26c0b798cee8dc41bb6b88b78"}
{"index": {"_index":"sim","_id":"1216173"}}
	{"id":1216173,"type":"sell","buyer":"d-pend","seller":"hive.miner","symbol":"SIM","quantity":"150.985","price":"0.00107000","timestamp":1626148980,"volume":"0.16155395","buyTxId":"e01001ce8b1a6fe0ed9b756d77a4277c42cbc075","sellTxId":"5787cd8ea70ecad5d6623e394a76506840486711"}
{"index": {"_index":"sim","_id":"1216250"}}
	{"id":1216250,"type":"sell","buyer":"d-pend","seller":"farm1","symbol":"SIM","quantity":"72033.045","price":"0.00107000","timestamp":1626150528,"volume":"77.07535815","buyTxId":"e01001ce8b1a6fe0ed9b756d77a4277c42cbc075","sellTxId":"c970af33b0028ecc6e20c1b03937f1be6177145a"}
{"index": {"_index":"sim","_id":"1216251"}}
	{"id":1216251,"type":"sell","buyer":"lookplz","seller":"farm1","symbol":"SIM","quantity":"22812.258","price":"0.00106000","timestamp":1626150528,"volume":"24.18099348","buyTxId":"de2b86987f0271026399dd0884094ce0f242036e","sellTxId":"c970af33b0028ecc6e20c1b03937f1be6177145a"}
{"index": {"_index":"sim","_id":"1216252"}}
	{"id":1216252,"type":"sell","buyer":"enginemaker","seller":"farm1","symbol":"SIM","quantity":"23806.576","price":"0.00105013","timestamp":1626150528,"volume":"24.99999965","buyTxId":"MM-P-8606083-55586001-3-2-0","sellTxId":"c970af33b0028ecc6e20c1b03937f1be6177145a"}
{"index": {"_index":"sim","_id":"1216253"}}
	{"id":1216253,"type":"sell","buyer":"aggroed","seller":"farm1","symbol":"SIM","quantity":"141348.121","price":"0.00104013","timestamp":1626150528,"volume":"147.02042110","buyTxId":"48a220ea42d3bae5c013e98f874220a7381060b8","sellTxId":"c970af33b0028ecc6e20c1b03937f1be6177145a"}
{"index": {"_index":"sim","_id":"1216262"}}
	{"id":1216262,"type":"buy","buyer":"vcelier","seller":"mmrx","symbol":"SIM","quantity":"1307.246","price":"0.00109365","timestamp":1626150948,"volume":"1.42966959","buyTxId":"db5b55948a093579db5ebdf7540cd0ade306fccd","sellTxId":"MM-P-8616498-55596435-3-15-0"}
{"index": {"_index":"sim","_id":"1216265"}}
	{"id":1216265,"type":"sell","buyer":"enginemaker","seller":"vcelier","symbol":"SIM","quantity":"6900.000","price":"0.00105013","timestamp":1626151218,"volume":"7.24589700","buyTxId":"MM-P-8616996-55596937-3-2-0","sellTxId":"cd42f444e06151067fee23c7504b0bfd6b195eb4"}
{"index": {"_index":"sim","_id":"1216304"}}
	{"id":1216304,"type":"sell","buyer":"enginemaker","seller":"juanvegetarian","symbol":"SIM","quantity":"983.000","price":"0.00105013","timestamp":1626152484,"volume":"1.03227779","buyTxId":"MM-P-8616996-55596937-3-2-0","sellTxId":"df9e8435519d01d702b95737b6b153ac627e3d86"}
{"index": {"_index":"sim","_id":"1216347"}}
	{"id":1216347,"type":"sell","buyer":"enginemaker","seller":"onealfa","symbol":"SIM","quantity":"9841","price":"0.00105013","timestamp":1626153582,"volume":"10.33432933","buyTxId":"MM-P-8616996-55596937-3-2-0","sellTxId":"37e497abaccd826bcc004e8f9daf8163a1376060"}
{"index": {"_index":"sim","_id":"1216382"}}
	{"id":1216382,"type":"sell","buyer":"enginemaker","seller":"imperij4427","symbol":"SIM","quantity":"6082.576","price":"0.00105013","timestamp":1626155934,"volume":"6.38749553","buyTxId":"MM-P-8616996-55596937-3-2-0","sellTxId":"ebfd69d92cfd819ca4ea6eb0db2aec4915fd778b"}
{"index": {"_index":"sim","_id":"1216383"}}
	{"id":1216383,"type":"sell","buyer":"aggroed","seller":"imperij4427","symbol":"SIM","quantity":"15708.424","price":"0.00104013","timestamp":1626155934,"volume":"16.33880306","buyTxId":"48a220ea42d3bae5c013e98f874220a7381060b8","sellTxId":"ebfd69d92cfd819ca4ea6eb0db2aec4915fd778b"}
{"index": {"_index":"sim","_id":"1216389"}}
	{"id":1216389,"type":"sell","buyer":"enginemaker","seller":"looftee","symbol":"SIM","quantity":"10720.056","price":"0.00105013","timestamp":1626156336,"volume":"11.25745241","buyTxId":"MM-P-8618780-55598727-3-2-0","sellTxId":"31dff3a585a74fe4066f596f84d919cc094cf9ab"}
{"index": {"_index":"sim","_id":"1216418"}}
	{"id":1216418,"type":"buy","buyer":"looftee","seller":"nftmart.fees","symbol":"SIM","quantity":"50.000","price":"0.00109356","timestamp":1626157410,"volume":"0.05467800","buyTxId":"e8df2ce58f1f68c74ad2e806c475c6b2c334bd4a","sellTxId":"280eb46e107f9878c064a2b76aa4b5b9fdc01218-0"}
{"index": {"_index":"sim","_id":"1216422"}}
	{"id":1216422,"type":"buy","buyer":"zelensky","seller":"mmrx","symbol":"SIM","quantity":"165.022","price":"0.00109355","timestamp":1626157677,"volume":"0.18045981","buyTxId":"58f537269b87553898deb58311962811e0ab963d","sellTxId":"MM-P-8619274-55599223-3-15-0"}
{"index": {"_index":"sim","_id":"1216466"}}
	{"id":1216466,"type":"sell","buyer":"enginemaker","seller":"jywahaha","symbol":"SIM","quantity":"13086.520","price":"0.00105013","timestamp":1626159255,"volume":"13.74254724","buyTxId":"MM-P-8618780-55598727-3-2-0","sellTxId":"3e053a9d3c9dfb5076f4160d36f78c66fb2fb436"}
{"index": {"_index":"sim","_id":"1216467"}}
	{"id":1216467,"type":"sell","buyer":"aggroed","seller":"jywahaha","symbol":"SIM","quantity":"59545.480","price":"0.00104013","timestamp":1626159255,"volume":"61.93504011","buyTxId":"48a220ea42d3bae5c013e98f874220a7381060b8","sellTxId":"3e053a9d3c9dfb5076f4160d36f78c66fb2fb436"}
{"index": {"_index":"sim","_id":"1216474"}}
	{"id":1216474,"type":"sell","buyer":"enginemaker","seller":"looftee","symbol":"SIM","quantity":"23806.576","price":"0.00105013","timestamp":1626159552,"volume":"24.99999965","buyTxId":"MM-P-8619869-55599824-3-2-0","sellTxId":"0402ab171c74a97dab85d47d29878304dffd4315"}
{"index": {"_index":"sim","_id":"1216475"}}
	{"id":1216475,"type":"sell","buyer":"aggroed","seller":"looftee","symbol":"SIM","quantity":"16083.424","price":"0.00104013","timestamp":1626159552,"volume":"16.72885181","buyTxId":"48a220ea42d3bae5c013e98f874220a7381060b8","sellTxId":"0402ab171c74a97dab85d47d29878304dffd4315"}
{"index": {"_index":"sim","_id":"1216479"}}
	{"id":1216479,"type":"sell","buyer":"aggroed","seller":"binong","symbol":"SIM","quantity":"29046.069","price":"0.00104013","timestamp":1626159660,"volume":"30.21168775","buyTxId":"48a220ea42d3bae5c013e98f874220a7381060b8","sellTxId":"cff58b72a6a176cc58e15a28bb7ea5d878c14fcb"}
{"index": {"_index":"sim","_id":"1216596"}}
	{"id":1216596,"type":"sell","buyer":"mmrx","seller":"ericburgoyne","symbol":"SIM","quantity":"96.416","price":"0.00105014","timestamp":1626164013,"volume":"0.10125030","buyTxId":"MM-P-8620364-55600320-3-15-0","sellTxId":"9b345a84c2c045c11c147a53bf86f729ec1825e5"}
{"index": {"_index":"sim","_id":"1216608"}}
	{"id":1216608,"type":"buy","buyer":"konvik","seller":"mmrx","symbol":"SIM","quantity":"6535.241","price":"0.00107999","timestamp":1626164493,"volume":"7.05799493","buyTxId":"265a2f9885351f4c812a34f9755e78e5c836fccc-0","sellTxId":"MM-P-8621547-55601514-3-15-0"}
{"index": {"_index":"sim","_id":"1216609"}}
	{"id":1216609,"type":"sell","buyer":"konvik","seller":"nftmart.fees","symbol":"SIM","quantity":"0.065","price":"0.00107999","timestamp":1626164493,"volume":"0.00007020","buyTxId":"265a2f9885351f4c812a34f9755e78e5c836fccc-0","sellTxId":"0383f7833ede8c5b62bb296156275166172d505f-0"}
{"index": {"_index":"sim","_id":"1216622"}}
	{"id":1216622,"type":"sell","buyer":"mmrx","seller":"aliveprojects","symbol":"SIM","quantity":"1425.021","price":"0.00105014","timestamp":1626164889,"volume":"1.49647155","buyTxId":"MM-P-8620364-55600320-3-15-0","sellTxId":"8ca8f2de77ed1edadbc0bf8b4311e8f4b8848416"}
{"index": {"_index":"sim","_id":"1216672"}}
	{"id":1216672,"type":"sell","buyer":"mmrx","seller":"alive.chat","symbol":"SIM","quantity":"0.002","price":"0.00105014","timestamp":1626167205,"volume":"0.00000210","buyTxId":"MM-P-8620364-55600320-3-15-0","sellTxId":"eb4ec41c9c26cb24e2535bf64338cc3f542a3e47"}
{"index": {"_index":"sim","_id":"1216783"}}
	{"id":1216783,"type":"buy","buyer":"toni.curation","seller":"mmrx","symbol":"SIM","quantity":"1425.022","price":"0.00105099","timestamp":1626172620,"volume":"1.49768387","buyTxId":"3e87a4c6b1e79b1133a265d91c3f6a472d802ea7-0","sellTxId":"MM-P-8624206-55604202-3-15-0"}
{"index": {"_index":"sim","_id":"1216790"}}
	{"id":1216790,"type":"buy","buyer":"toni.curation","seller":"nftmart.fees","symbol":"SIM","quantity":"136.999","price":"0.00105098","timestamp":1626172944,"volume":"0.14398321","buyTxId":"feda7aa81ff06b90c644aa2b57ae4608b95fcf05-0","sellTxId":"d7eb32e9dc0c16629f7266d863d205e0c76d14ff-0"}
{"index": {"_index":"sim","_id":"1216804"}}
	{"id":1216804,"type":"sell","buyer":"mmrx","seller":"anosys","symbol":"SIM","quantity":"13.025","price":"0.00105014","timestamp":1626173454,"volume":"0.01367807","buyTxId":"MM-P-8620364-55600320-3-15-0","sellTxId":"a78e4842d7fdcc99ff3c45f817a2d0ca92c8f505"}
{"index": {"_index":"sim","_id":"1216844"}}
	{"id":1216844,"type":"buy","buyer":"toni.curation","seller":"nftmart.fees","symbol":"SIM","quantity":"118.999","price":"0.00105098","timestamp":1626174543,"volume":"0.12506557","buyTxId":"c0c5de1412c2e863ebb2e1045f11a05682afc9b6-0","sellTxId":"6dba5ec13d0fc1a4551d4f7a75448e774e7f1a1d-0"}
{"index": {"_index":"sim","_id":"1216851"}}
	{"id":1216851,"type":"sell","buyer":"mmrx","seller":"spinvest","symbol":"SIM","quantity":"7570.102","price":"0.00105014","timestamp":1626174900,"volume":"7.94966691","buyTxId":"MM-P-8620364-55600320-3-15-0","sellTxId":"7072e7ac1ca39bf4914972e0a73206720de8138c"}
{"index": {"_index":"sim","_id":"1216852"}}
	{"id":1216852,"type":"sell","buyer":"enginemaker","seller":"spinvest","symbol":"SIM","quantity":"12136.108","price":"0.00105013","timestamp":1626174900,"volume":"12.74449109","buyTxId":"MM-P-8619969-55599924-3-2-0","sellTxId":"7072e7ac1ca39bf4914972e0a73206720de8138c"}
{"index": {"_index":"sim","_id":"1216898"}}
	{"id":1216898,"type":"buy","buyer":"konvik","seller":"mmrx","symbol":"SIM","quantity":"7583.128","price":"0.00105097","timestamp":1626175893,"volume":"7.96964003","buyTxId":"8a674e82215c3e8ab5d2b05b905970218852e071-0","sellTxId":"MM-P-8625300-55605297-3-15-0"}
{"index": {"_index":"sim","_id":"1216964"}}
	{"id":1216964,"type":"buy","buyer":"eythorphoto","seller":"nftmart.fees","symbol":"SIM","quantity":"104.000","price":"0.00105099","timestamp":1626178284,"volume":"0.10930296","buyTxId":"3f24b2c0af785761aad26c24177fcc2dc0bbe2d6","sellTxId":"5acfb9c0fb9e44820a268d3acc2d25ff8a82a058-0"}
{"index": {"_index":"sim","_id":"1216968"}}
	{"id":1216968,"type":"sell","buyer":"enginemaker","seller":"megalithic","symbol":"SIM","quantity":"11670.468","price":"0.00105013","timestamp":1626178641,"volume":"12.25550856","buyTxId":"MM-P-8619969-55599924-3-2-0","sellTxId":"87349ef586e8880cf4b5965745f9c72d2eb1b8f8"}
{"index": {"_index":"sim","_id":"1216969"}}
	{"id":1216969,"type":"sell","buyer":"aggroed","seller":"megalithic","symbol":"SIM","quantity":"36329.532","price":"0.00104013","timestamp":1626178641,"volume":"37.78743612","buyTxId":"48a220ea42d3bae5c013e98f874220a7381060b8","sellTxId":"87349ef586e8880cf4b5965745f9c72d2eb1b8f8"}
{"index": {"_index":"sim","_id":"1216979"}}
	{"id":1216979,"type":"sell","buyer":"aggroed","seller":"steem-hodler","symbol":"SIM","quantity":"188000.000","price":"0.00104013","timestamp":1626179142,"volume":"195.54444000","buyTxId":"48a220ea42d3bae5c013e98f874220a7381060b8","sellTxId":"ccef7b050adb2830b7e9debc98d0bcdf460bcc09"}
{"index": {"_index":"sim","_id":"1216987"}}
	{"id":1216987,"type":"sell","buyer":"aggroed","seller":"xves","symbol":"SIM","quantity":"96549.970","price":"0.00104013","timestamp":1626179274,"volume":"100.42452030","buyTxId":"48a220ea42d3bae5c013e98f874220a7381060b8","sellTxId":"9a6b908a26566514dae744db135c79b711662fb5"}
{"index": {"_index":"sim","_id":"1217040"}}
	{"id":1217040,"type":"sell","buyer":"aggroed","seller":"bhoa","symbol":"SIM","quantity":"5836.647","price":"0.00104013","timestamp":1626182271,"volume":"6.07087164","buyTxId":"48a220ea42d3bae5c013e98f874220a7381060b8","sellTxId":"626368797bfbc81feee07e57a9e789e31fd56ad2"}
{"index": {"_index":"sim","_id":"1217131"}}
	{"id":1217131,"type":"sell","buyer":"aggroed","seller":"florian-glechner","symbol":"SIM","quantity":"55.000","price":"0.00104013","timestamp":1626185172,"volume":"0.05720715","buyTxId":"48a220ea42d3bae5c013e98f874220a7381060b8","sellTxId":"cdbfef325e4de68d6efed2d1801fa14a9cff00d4"}
{"index": {"_index":"sim","_id":"1217148"}}
	{"id":1217148,"type":"sell","buyer":"aggroed","seller":"trentonlundy1","symbol":"SIM","quantity":"0.165","price":"0.00104013","timestamp":1626185775,"volume":"0.00017162","buyTxId":"48a220ea42d3bae5c013e98f874220a7381060b8","sellTxId":"478845ff6a7d21cab70adbb9ed5e01f59122359c"}
{"index": {"_index":"sim","_id":"1217182"}}
	{"id":1217182,"type":"sell","buyer":"aggroed","seller":"thesimguru","symbol":"SIM","quantity":"1905.000","price":"0.00104013","timestamp":1626187482,"volume":"1.98144765","buyTxId":"48a220ea42d3bae5c013e98f874220a7381060b8","sellTxId":"b9d3f31818290e5026be210e1c7cb1c7459f95d6"}
{"index": {"_index":"sim","_id":"1217192"}}
	{"id":1217192,"type":"sell","buyer":"aggroed","seller":"theguruasia","symbol":"SIM","quantity":"161.446","price":"0.00104013","timestamp":1626187827,"volume":"0.16792483","buyTxId":"48a220ea42d3bae5c013e98f874220a7381060b8","sellTxId":"40158c262bebef78ae20733ace5a3c666b02dadd"}
{"index": {"_index":"sim","_id":"1217194"}}
	{"id":1217194,"type":"sell","buyer":"aggroed","seller":"epilatero","symbol":"SIM","quantity":"846","price":"0.00104013","timestamp":1626187956,"volume":"0.87994998","buyTxId":"48a220ea42d3bae5c013e98f874220a7381060b8","sellTxId":"811aa6baf969d38a3cb858c0095055bfb321a167"}
{"index": {"_index":"sim","_id":"1217261"}}
	{"id":1217261,"type":"sell","buyer":"aggroed","seller":"lifeskills-tv","symbol":"SIM","quantity":"2539.532","price":"0.00104013","timestamp":1626190263,"volume":"2.64144342","buyTxId":"48a220ea42d3bae5c013e98f874220a7381060b8","sellTxId":"c773f621f09b020cb1d1dce277cdf1bac5541598"}
{"index": {"_index":"sim","_id":"1217338"}}
	{"id":1217338,"type":"sell","buyer":"aggroed","seller":"pele23","symbol":"SIM","quantity":"0.120","price":"0.00104013","timestamp":1626191832,"volume":"0.00012482","buyTxId":"48a220ea42d3bae5c013e98f874220a7381060b8","sellTxId":"9a7ca66895d90f435b3f21e0f8819e8cca0b113e"}
{"index": {"_index":"sim","_id":"1217345"}}
	{"id":1217345,"type":"sell","buyer":"aggroed","seller":"themightyvolcano","symbol":"SIM","quantity":"17021.000","price":"0.00104013","timestamp":1626192255,"volume":"17.70405273","buyTxId":"48a220ea42d3bae5c013e98f874220a7381060b8","sellTxId":"add53d5eb6f9d3da5fbd97e41ae2a967c1ab7fd8"}
{"index": {"_index":"sim","_id":"1217367"}}
	{"id":1217367,"type":"sell","buyer":"aggroed","seller":"thepredator04","symbol":"SIM","quantity":"771.000","price":"0.00104013","timestamp":1626193218,"volume":"0.80194023","buyTxId":"48a220ea42d3bae5c013e98f874220a7381060b8","sellTxId":"981eedd5d0a00c614982b0200255a9fb3e8cf83e"}
{"index": {"_index":"sim","_id":"1217506"}}
	{"id":1217506,"type":"sell","buyer":"mmrx","seller":"ikaro","symbol":"SIM","quantity":"15974.558","price":"0.00104014","timestamp":1626198441,"volume":"16.61577676","buyTxId":"MM-P-8631365-55611375-3-15-0","sellTxId":"c3aac1f8c4201af3923ebebeb46f3409ee767f2d"}
{"index": {"_index":"sim","_id":"1217507"}}
	{"id":1217507,"type":"sell","buyer":"aggroed","seller":"ikaro","symbol":"SIM","quantity":"35534.562","price":"0.00104013","timestamp":1626198441,"volume":"36.96056397","buyTxId":"48a220ea42d3bae5c013e98f874220a7381060b8","sellTxId":"c3aac1f8c4201af3923ebebeb46f3409ee767f2d"}
{"index": {"_index":"sim","_id":"1217511"}}
	{"id":1217511,"type":"buy","buyer":"konvik","seller":"mmrx","symbol":"SIM","quantity":"15974.558","price":"0.00105098","timestamp":1626198696,"volume":"16.78894097","buyTxId":"2361be91f791aa18feff5edd587cf69af92f551b-0","sellTxId":"MM-P-8632857-55612870-3-15-0"}
{"index": {"_index":"sim","_id":"1217566"}}
	{"id":1217566,"type":"sell","buyer":"mmrx","seller":"willsaldeno","symbol":"SIM","quantity":"2339.000","price":"0.00104014","timestamp":1626200466,"volume":"2.43288746","buyTxId":"MM-P-8633257-55613270-3-15-0","sellTxId":"eceac6a196183dc5993cda6368575c19b70623ff"}
{"index": {"_index":"sim","_id":"1217570"}}
	{"id":1217570,"type":"buy","buyer":"toni.curation","seller":"mmrx","symbol":"SIM","quantity":"2338.999","price":"0.00105098","timestamp":1626200514,"volume":"2.45824117","buyTxId":"46c8592c978122d82a14ea48159be68c6ff8b744-0","sellTxId":"MM-P-8633455-55613468-3-15-0"}
{"index": {"_index":"sim","_id":"1217574"}}
	{"id":1217574,"type":"sell","buyer":"mmrx","seller":"bluenarcolepsy","symbol":"SIM","quantity":"57.020","price":"0.00104014","timestamp":1626200985,"volume":"0.05930878","buyTxId":"MM-P-8633257-55613270-3-15-0","sellTxId":"8ffac0ccdb12b7a659de983ff2e436afc65d2c8e"}
{"index": {"_index":"sim","_id":"1217583"}}
	{"id":1217583,"type":"sell","buyer":"mmrx","seller":"rilo","symbol":"SIM","quantity":"1486.000","price":"0.00104014","timestamp":1626201366,"volume":"1.54564804","buyTxId":"MM-P-8633257-55613270-3-15-0","sellTxId":"e588e864ac5009f7ddf8b4e040df660e584e95b9"}
{"index": {"_index":"sim","_id":"1217585"}}
	{"id":1217585,"type":"buy","buyer":"toni.curation","seller":"mmrx","symbol":"SIM","quantity":"1543.020","price":"0.00105096","timestamp":1626201435,"volume":"1.62165230","buyTxId":"053cbe723cccf6d8ea0a52aba1c67bc03210300d-0","sellTxId":"MM-P-8633752-55613765-3-15-0"}
{"index": {"_index":"sim","_id":"1217593"}}
	{"id":1217593,"type":"sell","buyer":"mmrx","seller":"imperij4427","symbol":"SIM","quantity":"12259.021","price":"0.00104014","timestamp":1626201558,"volume":"12.75109810","buyTxId":"MM-P-8633257-55613270-3-15-0","sellTxId":"b957e449592a80790c09bcedbbd2595703acf08a"}
{"index": {"_index":"sim","_id":"1217594"}}
	{"id":1217594,"type":"sell","buyer":"aggroed","seller":"imperij4427","symbol":"SIM","quantity":"10114.979","price":"0.00104013","timestamp":1626201558,"volume":"10.52089311","buyTxId":"48a220ea42d3bae5c013e98f874220a7381060b8","sellTxId":"b957e449592a80790c09bcedbbd2595703acf08a"}
{"index": {"_index":"sim","_id":"1217610"}}
	{"id":1217610,"type":"sell","buyer":"aggroed","seller":"automaton","symbol":"SIM","quantity":"2100.000","price":"0.00104013","timestamp":1626201906,"volume":"2.18427300","buyTxId":"48a220ea42d3bae5c013e98f874220a7381060b8","sellTxId":"e22e0e50dffd5562aeb07829ed3a560f542d8f8d"}
{"index": {"_index":"sim","_id":"1217612"}}
	{"id":1217612,"type":"sell","buyer":"aggroed","seller":"chorock","symbol":"SIM","quantity":"75280.000","price":"0.00104013","timestamp":1626201993,"volume":"78.30098640","buyTxId":"48a220ea42d3bae5c013e98f874220a7381060b8","sellTxId":"4583f3f09842eea112c0329b637b5bba208c1ae8"}
{"index": {"_index":"sim","_id":"1217652"}}
	{"id":1217652,"type":"buy","buyer":"konvik","seller":"mmrx","symbol":"SIM","quantity":"12259.022","price":"0.00105094","timestamp":1626203496,"volume":"12.88349658","buyTxId":"057b29b64b1c31e448296a55f2d6b05bd97566a0-0","sellTxId":"MM-P-8634442-55614462-3-15-1"}
{"index": {"_index":"sim","_id":"1217689"}}
	{"id":1217689,"type":"sell","buyer":"aggroed","seller":"accelerator","symbol":"SIM","quantity":"333.000","price":"0.00104013","timestamp":1626205269,"volume":"0.34636329","buyTxId":"48a220ea42d3bae5c013e98f874220a7381060b8","sellTxId":"28b64552f9b0b914639f2b6423d5acd7914da072"}
{"index": {"_index":"sim","_id":"1217694"}}
	{"id":1217694,"type":"buy","buyer":"frugal-fun","seller":"nftmart.fees","symbol":"SIM","quantity":"95.000","price":"0.00105099","timestamp":1626205380,"volume":"0.09984405","buyTxId":"d35dbcb5dab43802a0638bcbdba79c8f2aa77c55","sellTxId":"72e02fd1fc5ee2869648eda72d7e997467f631fe-0"}
{"index": {"_index":"sim","_id":"1217695"}}
	{"id":1217695,"type":"buy","buyer":"frugal-fun","seller":"fiberfrau","symbol":"SIM","quantity":"82.000","price":"0.00105100","timestamp":1626205380,"volume":"0.08618200","buyTxId":"d35dbcb5dab43802a0638bcbdba79c8f2aa77c55","sellTxId":"3133da2d2699c300610ba22105c8068b824cdd88"}
{"index": {"_index":"sim","_id":"1217743"}}
	{"id":1217743,"type":"buy","buyer":"eythorphoto","seller":"nftmart.fees","symbol":"SIM","quantity":"83.000","price":"0.00107799","timestamp":1626206643,"volume":"0.08947317","buyTxId":"c101722f340ba6daff86477810ed5db81b46bf06","sellTxId":"06c6561d6556dc95afb537075e8d1bc226bbd4e2-0"}
{"index": {"_index":"sim","_id":"1217753"}}
	{"id":1217753,"type":"sell","buyer":"eythorphoto","seller":"bwar-gg","symbol":"SIM","quantity":"15.000","price":"0.00107799","timestamp":1626206811,"volume":"0.01616985","buyTxId":"c101722f340ba6daff86477810ed5db81b46bf06","sellTxId":"e20591b8222f1d2ad854cd73b8761f751afa932d"}
{"index": {"_index":"sim","_id":"1217754"}}
	{"id":1217754,"type":"sell","buyer":"eythorphoto","seller":"fantasycrypto","symbol":"SIM","quantity":"270.000","price":"0.00107799","timestamp":1626206829,"volume":"0.29105730","buyTxId":"c101722f340ba6daff86477810ed5db81b46bf06","sellTxId":"5683dec6dc30372b09d0d293d7615fb396f3887a"}
{"index": {"_index":"sim","_id":"1217755"}}
	{"id":1217755,"type":"sell","buyer":"aggroed","seller":"fantasycrypto","symbol":"SIM","quantity":"22713.000","price":"0.00104013","timestamp":1626206829,"volume":"23.62447269","buyTxId":"48a220ea42d3bae5c013e98f874220a7381060b8","sellTxId":"5683dec6dc30372b09d0d293d7615fb396f3887a"}
{"index": {"_index":"sim","_id":"1217772"}}
	{"id":1217772,"type":"sell","buyer":"aggroed","seller":"barrenwolfsbane","symbol":"SIM","quantity":"294.000","price":"0.00104013","timestamp":1626207180,"volume":"0.30579822","buyTxId":"48a220ea42d3bae5c013e98f874220a7381060b8","sellTxId":"a441089c9cde0ef1107628d846d0a4111a79d3e0"}
{"index": {"_index":"sim","_id":"1217779"}}
	{"id":1217779,"type":"sell","buyer":"aggroed","seller":"loganhate","symbol":"SIM","quantity":"272.000","price":"0.00104013","timestamp":1626207420,"volume":"0.28291536","buyTxId":"48a220ea42d3bae5c013e98f874220a7381060b8","sellTxId":"5da54d0c1f19c976a41f3b33ac4cc4454f693625"}
{"index": {"_index":"sim","_id":"1217796"}}
	{"id":1217796,"type":"sell","buyer":"aggroed","seller":"daveks","symbol":"SIM","quantity":"10000.000","price":"0.00104013","timestamp":1626207915,"volume":"10.40130000","buyTxId":"48a220ea42d3bae5c013e98f874220a7381060b8","sellTxId":"7b0a6b2bff1b5ae3a78b5af378a14632528008ae"}
{"index": {"_index":"sim","_id":"1217797"}}
	{"id":1217797,"type":"sell","buyer":"aggroed","seller":"andy4475","symbol":"SIM","quantity":"42.583","price":"0.00104013","timestamp":1626207930,"volume":"0.04429186","buyTxId":"48a220ea42d3bae5c013e98f874220a7381060b8","sellTxId":"0221bfb348cef14e6f39722a39229140c1e00b86"}
{"index": {"_index":"sim","_id":"1217802"}}
	{"id":1217802,"type":"sell","buyer":"aggroed","seller":"balte","symbol":"SIM","quantity":"25220.000","price":"0.00104013","timestamp":1626208128,"volume":"26.23207860","buyTxId":"48a220ea42d3bae5c013e98f874220a7381060b8","sellTxId":"81f6183f5df32687ffefdfd7ed58e9f40f1c2556"}
{"index": {"_index":"sim","_id":"1217838"}}
	{"id":1217838,"type":"sell","buyer":"aggroed","seller":"deathwing","symbol":"SIM","quantity":"785","price":"0.00104013","timestamp":1626209706,"volume":"0.81650205","buyTxId":"48a220ea42d3bae5c013e98f874220a7381060b8","sellTxId":"d9e3e69be192d33bade6229f4425204eef80308c-0"}
{"index": {"_index":"sim","_id":"1217861"}}
	{"id":1217861,"type":"buy","buyer":"emergehealthier","seller":"nftmart.fees","symbol":"SIM","quantity":"50.000","price":"0.00107799","timestamp":1626211071,"volume":"0.05389950","buyTxId":"b24cf4446cebd874143bcaa65b712672381b3d24","sellTxId":"02e92f73cb056af9a3250001f8fe59a73616b844-0"}
{"index": {"_index":"sim","_id":"1217898"}}
	{"id":1217898,"type":"sell","buyer":"aggroed","seller":"thranax","symbol":"SIM","quantity":"42.035","price":"0.00104013","timestamp":1626211884,"volume":"0.04372186","buyTxId":"48a220ea42d3bae5c013e98f874220a7381060b8","sellTxId":"363e1d43a0bff6335d9da7ed366e79aed59b2651"}
{"index": {"_index":"sim","_id":"1217970"}}
	{"id":1217970,"type":"sell","buyer":"mmrx","seller":"fmbs25","symbol":"SIM","quantity":"1922.831","price":"0.00104014","timestamp":1626214833,"volume":"2.00001344","buyTxId":"MM-P-8637416-55617447-3-15-0","sellTxId":"af70f2fa0a97bf25576bb77f959ce3e362a0f5c2"}
{"index": {"_index":"sim","_id":"1217971"}}
	{"id":1217971,"type":"sell","buyer":"aggroed","seller":"fmbs25","symbol":"SIM","quantity":"4082.362","price":"0.00104013","timestamp":1626214833,"volume":"4.24618719","buyTxId":"48a220ea42d3bae5c013e98f874220a7381060b8","sellTxId":"af70f2fa0a97bf25576bb77f959ce3e362a0f5c2"}
{"index": {"_index":"sim","_id":"1217992"}}
	{"id":1217992,"type":"sell","buyer":"mmrx","seller":"dannychain","symbol":"SIM","quantity":"14389.389","price":"0.00104014","timestamp":1626215499,"volume":"14.96697907","buyTxId":"MM-P-8638214-55618246-3-15-0","sellTxId":"afe7ebed77dfcc8fad6f987772065ddd5533b07e"}
{"index": {"_index":"sim","_id":"1217993"}}
	{"id":1217993,"type":"sell","buyer":"aggroed","seller":"dannychain","symbol":"SIM","quantity":"26971.611","price":"0.00104013","timestamp":1626215499,"volume":"28.05398175","buyTxId":"48a220ea42d3bae5c013e98f874220a7381060b8","sellTxId":"afe7ebed77dfcc8fad6f987772065ddd5533b07e"}
{"index": {"_index":"sim","_id":"1217996"}}
	{"id":1217996,"type":"sell","buyer":"aggroed","seller":"stardust97","symbol":"SIM","quantity":"15738","price":"0.00104013","timestamp":1626215763,"volume":"16.36956594","buyTxId":"48a220ea42d3bae5c013e98f874220a7381060b8","sellTxId":"30a6f7bfd7627179cf1a62571f8b54a96ac02e06"}
{"index": {"_index":"sim","_id":"1217999"}}
	{"id":1217999,"type":"buy","buyer":"konvik","seller":"mmrx","symbol":"SIM","quantity":"16312.220","price":"0.00107011","timestamp":1626215796,"volume":"17.45586974","buyTxId":"13ea4f1c4efbf563a1289d3d011d408d1f0dac76-0","sellTxId":"MM-P-8638508-55618543-3-15-0"}
{"index": {"_index":"sim","_id":"1218059"}}
	{"id":1218059,"type":"buy","buyer":"cryptoninjaz","seller":"nftmart.fees","symbol":"SIM","quantity":"70.000","price":"0.00107012","timestamp":1626219111,"volume":"0.07490840","buyTxId":"cc29cb9d0ca346f264df8604f515b237f0f01ac3","sellTxId":"a8f13d4465eaea308ecbe1e92ef916805ba70b25-0"}
{"index": {"_index":"sim","_id":"1218060"}}
	{"id":1218060,"type":"sell","buyer":"cryptoninjaz","seller":"enforcer48","symbol":"SIM","quantity":"2884.812","price":"0.00107012","timestamp":1626219204,"volume":"3.08709502","buyTxId":"cc29cb9d0ca346f264df8604f515b237f0f01ac3","sellTxId":"86086dfb1c7dc9577f96a692b9a0df921c753340"}
{"index": {"_index":"sim","_id":"1218061"}}
	{"id":1218061,"type":"sell","buyer":"mmrx","seller":"enforcer48","symbol":"SIM","quantity":"6880.645","price":"0.00104014","timestamp":1626219204,"volume":"7.15683409","buyTxId":"MM-P-8638807-55618843-3-15-0","sellTxId":"86086dfb1c7dc9577f96a692b9a0df921c753340"}
{"index": {"_index":"sim","_id":"1218062"}}
	{"id":1218062,"type":"sell","buyer":"aggroed","seller":"enforcer48","symbol":"SIM","quantity":"3634.543","price":"0.00104013","timestamp":1626219204,"volume":"3.78039721","buyTxId":"48a220ea42d3bae5c013e98f874220a7381060b8","sellTxId":"86086dfb1c7dc9577f96a692b9a0df921c753340"}
{"index": {"_index":"sim","_id":"1218064"}}
	{"id":1218064,"type":"buy","buyer":"konvik","seller":"mmrx","symbol":"SIM","quantity":"6880.645","price":"0.00107012","timestamp":1626219396,"volume":"7.36311583","buyTxId":"2fcc06674c4256832cb39307f5443d67b7d20ce7-0","sellTxId":"MM-P-8639698-55619739-3-15-0"}
{"index": {"_index":"sim","_id":"1218074"}}
	{"id":1218074,"type":"sell","buyer":"konvik","seller":"bragurr","symbol":"SIM","quantity":"0.068","price":"0.00107012","timestamp":1626219708,"volume":"0.00007277","buyTxId":"2fcc06674c4256832cb39307f5443d67b7d20ce7-0","sellTxId":"348cd03543716b9030df4c07d1eff06e7b64bcec"}
{"index": {"_index":"sim","_id":"1218075"}}
	{"id":1218075,"type":"buy","buyer":"konvik","seller":"bragurr","symbol":"SIM","quantity":"38109.795","price":"0.00107012","timestamp":1626219711,"volume":"40.78205383","buyTxId":"5872ae85470f4ed161e535e629bd1de22ece5b56-0","sellTxId":"348cd03543716b9030df4c07d1eff06e7b64bcec"}
{"index": {"_index":"sim","_id":"1218078"}}
	{"id":1218078,"type":"sell","buyer":"konvik","seller":"nftmart.fees","symbol":"SIM","quantity":"0.381","price":"0.00107012","timestamp":1626219822,"volume":"0.00040771","buyTxId":"5872ae85470f4ed161e535e629bd1de22ece5b56-0","sellTxId":"ce6a4c8cf489107363d5027c9cb8a0dd49f5877f-0"}
{"index": {"_index":"sim","_id":"1218105"}}
	{"id":1218105,"type":"buy","buyer":"cryptoninjaz","seller":"nftmart.fees","symbol":"SIM","quantity":"60.619","price":"0.00107012","timestamp":1626220578,"volume":"0.06486960","buyTxId":"f21ac4ee57e9d5b12881129377fc072ebf57a51c","sellTxId":"ce6a4c8cf489107363d5027c9cb8a0dd49f5877f-0"}
{"index": {"_index":"sim","_id":"1218108"}}
	{"id":1218108,"type":"buy","buyer":"cryptoninjaz","seller":"medaymane","symbol":"SIM","quantity":"2114.000","price":"0.00107013","timestamp":1626220707,"volume":"2.26225482","buyTxId":"f3155c609f66fe1124a74d1326145fe953badd1f","sellTxId":"671df7c7e1508f1a2159e0b079dc9f3c04e98730"}
{"index": {"_index":"sim","_id":"1218112"}}
	{"id":1218112,"type":"buy","buyer":"cryptoninjaz","seller":"onecent","symbol":"SIM","quantity":"333.000","price":"0.00107800","timestamp":1626220773,"volume":"0.35897400","buyTxId":"110ce49284a5a140f4952f9ba84d6b2a83f1c1e7","sellTxId":"1d8b144d4a4f5e66d1c3dae9ed927cea4142b3fd"}
{"index": {"_index":"sim","_id":"1218137"}}
	{"id":1218137,"type":"buy","buyer":"cryptoninjaz","seller":"nftmart.fees","symbol":"SIM","quantity":"53.000","price":"0.00107979","timestamp":1626221421,"volume":"0.05722887","buyTxId":"90d885eeb6246a04350f0c0351994d1368ad4f31","sellTxId":"e546b2bce4cde63689829c0d6f5a890908ce9990-0"}
{"index": {"_index":"sim","_id":"1218139"}}
	{"id":1218139,"type":"buy","buyer":"cryptoninjaz","seller":"mapac","symbol":"SIM","quantity":"555.000","price":"0.00107980","timestamp":1626221451,"volume":"0.59928900","buyTxId":"2868557a3c77cc50f3ce8b841ce5e5fbd4cbb956","sellTxId":"9158cb2cd339e98dcf0104b423da5e885dab085b"}
{"index": {"_index":"sim","_id":"1218141"}}
	{"id":1218141,"type":"buy","buyer":"cryptoninjaz","seller":"atomcollector","symbol":"SIM","quantity":"3281.015","price":"0.00108000","timestamp":1626221490,"volume":"3.54349620","buyTxId":"3dfbe04073cffee393e75e1ceb826ef2ffa69402","sellTxId":"5c8a44d8b9b01f80a34833f8d0293a73ccb008ba"}
{"index": {"_index":"sim","_id":"1218149"}}
	{"id":1218149,"type":"buy","buyer":"cryptoninjaz","seller":"tussar11","symbol":"SIM","quantity":"15551.000","price":"0.00108000","timestamp":1626221547,"volume":"16.79508000","buyTxId":"22b90ae322c9b46f494565fce05114a0c128b540","sellTxId":"ab24c753dec75360da4988d4ac98fa777536d030"}
{"index": {"_index":"sim","_id":"1218202"}}
	{"id":1218202,"type":"buy","buyer":"cryptoninjaz","seller":"nftmart.fees","symbol":"SIM","quantity":"46.000","price":"0.00108999","timestamp":1626222990,"volume":"0.05013954","buyTxId":"52c5c0ecd9ffd939860d7c5e9dc8cf11d066c838","sellTxId":"1949ea8a3f07c62ea47e8ed91760161c198edc57-0"}
{"index": {"_index":"sim","_id":"1218203"}}
	{"id":1218203,"type":"buy","buyer":"cryptoninjaz","seller":"dera123","symbol":"SIM","quantity":"10299.333","price":"0.00109000","timestamp":1626223029,"volume":"11.22627297","buyTxId":"8e2242ef7c6e5d65f3904bf10b76fbe9d7ff9938","sellTxId":"050b23a095073629b904110dd2dbce1070e6a431"}
{"index": {"_index":"sim","_id":"1218221"}}
	{"id":1218221,"type":"sell","buyer":"enginemaker","seller":"brofi-market","symbol":"SIM","quantity":"92.718","price":"0.00105013","timestamp":1626223365,"volume":"0.09736595","buyTxId":"MM-P-8640498-55620541-3-2-0","sellTxId":"b5046118b3f7c00e49c720619e336aacbbecf290"}
{"index": {"_index":"sim","_id":"1218231"}}
	{"id":1218231,"type":"buy","buyer":"cryptoninjaz","seller":"nftmart.fees","symbol":"SIM","quantity":"40.000","price":"0.00108999","timestamp":1626223440,"volume":"0.04359960","buyTxId":"521d26f76bdc0f2a28ae69c8d6e5b8ba9f137b13","sellTxId":"45bbf35f4753305340dc5c2287183aa84eb34471-0"}
{"index": {"_index":"sim","_id":"1218232"}}
	{"id":1218232,"type":"buy","buyer":"cryptoninjaz","seller":"onecent","symbol":"SIM","quantity":"293.000","price":"0.00109000","timestamp":1626223440,"volume":"0.31937000","buyTxId":"521d26f76bdc0f2a28ae69c8d6e5b8ba9f137b13","sellTxId":"ec1cd3ae801cec48814c4ff27aa20bf499d6f551"}
{"index": {"_index":"sim","_id":"1218309"}}
	{"id":1218309,"type":"buy","buyer":"cryptoninjaz","seller":"nftmart.fees","symbol":"SIM","quantity":"35.000","price":"0.00108999","timestamp":1626225609,"volume":"0.03814965","buyTxId":"c2b6b363e09ec6d83be4a5b3996cb3a26130e0e4","sellTxId":"ec71df2daa940daa7b0999eac4af14fee2be3a27-0"}
{"index": {"_index":"sim","_id":"1218311"}}
	{"id":1218311,"type":"buy","buyer":"cryptoninjaz","seller":"onecent","symbol":"SIM","quantity":"40.000","price":"0.00109000","timestamp":1626225639,"volume":"0.04360000","buyTxId":"eae01368500368309dd930cba387aa58631416ce","sellTxId":"ec1cd3ae801cec48814c4ff27aa20bf499d6f551"}
{"index": {"_index":"sim","_id":"1218312"}}
	{"id":1218312,"type":"buy","buyer":"cryptoninjaz","seller":"accelerator","symbol":"SIM","quantity":"92.718","price":"0.00109000","timestamp":1626225669,"volume":"0.10106262","buyTxId":"d4cc07b8ad9565bba0637338c982a007bb9d6b4e","sellTxId":"8019299622dd336d8f6061e4a7ca265ad865169d"}
{"index": {"_index":"sim","_id":"1218313"}}
	{"id":1218313,"type":"buy","buyer":"cryptoninjaz","seller":"accelerator","symbol":"SIM","quantity":"141.282","price":"0.00109000","timestamp":1626225729,"volume":"0.15399738","buyTxId":"1afc1daf693b9c300f11b01372cb37f804b5fddc","sellTxId":"8019299622dd336d8f6061e4a7ca265ad865169d"}
{"index": {"_index":"sim","_id":"1218314"}}
	{"id":1218314,"type":"buy","buyer":"cryptoninjaz","seller":"brofi-market","symbol":"SIM","quantity":"92.718","price":"0.00109000","timestamp":1626225729,"volume":"0.10106262","buyTxId":"1afc1daf693b9c300f11b01372cb37f804b5fddc","sellTxId":"721c126eb4c30a279e6b19be008df3fdbe665014"}
{"index": {"_index":"sim","_id":"1218315"}}
	{"id":1218315,"type":"sell","buyer":"cryptoninjaz","seller":"konvik","symbol":"SIM","quantity":"15058.208","price":"0.00109000","timestamp":1626225732,"volume":"16.41344672","buyTxId":"1afc1daf693b9c300f11b01372cb37f804b5fddc","sellTxId":"3c5d5880c3ab79695dba2a7c95b452e5a296f595-1"}
{"index": {"_index":"sim","_id":"1218366"}}
	{"id":1218366,"type":"sell","buyer":"cryptoninjaz","seller":"justinparke","symbol":"SIM","quantity":"14.923","price":"0.00109000","timestamp":1626227574,"volume":"0.01626607","buyTxId":"1afc1daf693b9c300f11b01372cb37f804b5fddc","sellTxId":"ac34c82333bb616fb3f2c81709c44ff566e6b639"}
{"index": {"_index":"sim","_id":"1218367"}}
	{"id":1218367,"type":"sell","buyer":"enginemaker","seller":"justinparke","symbol":"SIM","quantity":"23713.858","price":"0.00105013","timestamp":1626227574,"volume":"24.90263370","buyTxId":"MM-P-8640498-55620541-3-2-0","sellTxId":"ac34c82333bb616fb3f2c81709c44ff566e6b639"}
{"index": {"_index":"sim","_id":"1218368"}}
	{"id":1218368,"type":"sell","buyer":"freebornsociety","seller":"justinparke","symbol":"SIM","quantity":"1950.000","price":"0.00104500","timestamp":1626227574,"volume":"2.03775000","buyTxId":"cdece4a072d8f1b7d91066be37bffbf52daa6360","sellTxId":"ac34c82333bb616fb3f2c81709c44ff566e6b639"}
{"index": {"_index":"sim","_id":"1218369"}}
	{"id":1218369,"type":"sell","buyer":"aggroed","seller":"justinparke","symbol":"SIM","quantity":"10357.395","price":"0.00104013","timestamp":1626227574,"volume":"10.77303726","buyTxId":"48a220ea42d3bae5c013e98f874220a7381060b8","sellTxId":"ac34c82333bb616fb3f2c81709c44ff566e6b639"}
{"index": {"_index":"sim","_id":"1218371"}}
	{"id":1218371,"type":"buy","buyer":"cryptoninjaz","seller":"freebornsociety","symbol":"SIM","quantity":"1950.000","price":"0.00109370","timestamp":1626227646,"volume":"2.13271500","buyTxId":"f490a458f81cc5be467d33081a686d1cdc01e20f","sellTxId":"MM-P-8642425-55622470-3-4-0"}
{"index": {"_index":"sim","_id":"1218372"}}
	{"id":1218372,"type":"buy","buyer":"cryptoninjaz","seller":"nftmart.fees","symbol":"SIM","quantity":"26.000","price":"0.00109380","timestamp":1626227691,"volume":"0.02843880","buyTxId":"f5863490e99e77432da1ac3af196f1bdc11e641b","sellTxId":"89344a97141cf7c5c8b008080b176ce1dc48ca4a-0"}
{"index": {"_index":"sim","_id":"1218373"}}
	{"id":1218373,"type":"buy","buyer":"cryptoninjaz","seller":"brofi-market","symbol":"SIM","quantity":"89.349","price":"0.00109382","timestamp":1626227727,"volume":"0.09773172","buyTxId":"7b679e2f16bf64818c865632215707805bdcee6d","sellTxId":"0b1c2ee14343b4356aaf029e75b8303e089fa2b9"}
{"index": {"_index":"sim","_id":"1218374"}}
	{"id":1218374,"type":"buy","buyer":"cryptoninjaz","seller":"barrenwolfsbane","symbol":"SIM","quantity":"1409.509","price":"0.00109391","timestamp":1626227766,"volume":"1.54187599","buyTxId":"3881d23db3cb10e1120c622141598ce2524ad2b6","sellTxId":"d90c51ad1200a23e47f8e54a5f0cc27d9315c7f1"}
{"index": {"_index":"sim","_id":"1218383"}}
	{"id":1218383,"type":"buy","buyer":"cryptoninjaz","seller":"mpath","symbol":"SIM","quantity":"333.000","price":"0.00109400","timestamp":1626227826,"volume":"0.36430200","buyTxId":"f9d68ec3af3c4819358bf22ed2e016e8c8ab46cc","sellTxId":"4537cf3edba4a00877be88187b987ffcccaf5d4c"}
{"index": {"_index":"sim","_id":"1218384"}}
	{"id":1218384,"type":"buy","buyer":"cryptoninjaz","seller":"enginemaker","symbol":"SIM","quantity":"10747.545","price":"0.00109890","timestamp":1626227895,"volume":"11.81047720","buyTxId":"c80c480696b7e12f40c59185ae04fb172e86845e","sellTxId":"MM-P-8616996-55596937-3-2-1"}
{"index": {"_index":"sim","_id":"1218392"}}
	{"id":1218392,"type":"sell","buyer":"enginemaker","seller":"justinparke","symbol":"SIM","quantity":"14121.750","price":"0.00105013","timestamp":1626228486,"volume":"14.82967333","buyTxId":"MM-P-8642486-55622534-3-2-0","sellTxId":"2fe9730d6deae09ffb8ca3ac4e42a2c6f623f240"}
{"index": {"_index":"sim","_id":"1218419"}}
	{"id":1218419,"type":"sell","buyer":"enginemaker","seller":"thesimguru","symbol":"SIM","quantity":"1967.400","price":"0.00105013","timestamp":1626229413,"volume":"2.06602576","buyTxId":"MM-P-8642486-55622534-3-2-0","sellTxId":"82fe267effe3e9991265b894148e7cd878379cf2"}
{"index": {"_index":"sim","_id":"1218424"}}
	{"id":1218424,"type":"sell","buyer":"enginemaker","seller":"theshaki","symbol":"SIM","quantity":"57.734","price":"0.00105013","timestamp":1626229851,"volume":"0.06062821","buyTxId":"MM-P-8642486-55622534-3-2-0","sellTxId":"b395cc993debf5418f33dd689c92a2d3d158f64b"}
{"index": {"_index":"sim","_id":"1218425"}}
	{"id":1218425,"type":"sell","buyer":"enginemaker","seller":"theguruasia","symbol":"SIM","quantity":"106.000","price":"0.00105013","timestamp":1626229899,"volume":"0.11131378","buyTxId":"MM-P-8642486-55622534-3-2-0","sellTxId":"ea0b13905c2e2ec9855389a7739a15bf9d76085f"}
{"index": {"_index":"sim","_id":"1218445"}}
	{"id":1218445,"type":"buy","buyer":"libert","seller":"nftmart.fees","symbol":"SIM","quantity":"23.000","price":"0.00108999","timestamp":1626230604,"volume":"0.02506977","buyTxId":"6d1d46ebc50f350a8e97bd4687dc956a59da9e06","sellTxId":"5cc4cfa51f833bd3e939afa6bb819be169d8248f-0"}
{"index": {"_index":"sim","_id":"1218446"}}
	{"id":1218446,"type":"buy","buyer":"libert","seller":"taitux","symbol":"SIM","quantity":"9490.761","price":"0.00109000","timestamp":1626230604,"volume":"10.34493023","buyTxId":"6d1d46ebc50f350a8e97bd4687dc956a59da9e06","sellTxId":"a7a9053d627515d2da4c7834915e10afcbb216b2"}
{"index": {"_index":"sim","_id":"1218450"}}
	{"id":1218450,"type":"sell","buyer":"enginemaker","seller":"theguruasia","symbol":"SIM","quantity":"189.895","price":"0.00105013","timestamp":1626230925,"volume":"0.19941444","buyTxId":"MM-P-8642486-55622534-3-2-0","sellTxId":"435d79628d8828ab73355702b4c4619b64393ed5"}
