{"index": {"_index":"sim","_id":"3869072"}}
	{"id":3869072,"type":"buy","buyer":"barefoot488","seller":"nftmart.fees","symbol":"SIM","quantity":"3.000","price":"0.00040499","timestamp":1657333311,"volume":"0.00121497","buyTxId":"335798e2f86075d373f1ba51071d287744540f8e","sellTxId":"b657e6e254b4ec6a58f41cf6ea0cdfe46b055754-0"}
{"index": {"_index":"sim","_id":"3869073"}}
	{"id":3869073,"type":"buy","buyer":"barefoot488","seller":"forsakensushi","symbol":"SIM","quantity":"1477.000","price":"0.00040500","timestamp":1657333311,"volume":"0.59818500","buyTxId":"335798e2f86075d373f1ba51071d287744540f8e","sellTxId":"16bccbcee964e12fef1a4223f301f322768c7610"}
{"index": {"_index":"sim","_id":"3869118"}}
	{"id":3869118,"type":"buy","buyer":"nastyforce","seller":"nftmart.fees","symbol":"SIM","quantity":"3.000","price":"0.00040499","timestamp":1657333983,"volume":"0.00121497","buyTxId":"bf534452ddaf1ae42bcea991588e91deb730fb03","sellTxId":"7a560f899e66532cd8363844fdfa25e414eb195b-0"}
{"index": {"_index":"sim","_id":"3869165"}}
	{"id":3869165,"type":"buy","buyer":"nastyforce","seller":"nftmart.fees","symbol":"SIM","quantity":"2.000","price":"0.00040499","timestamp":1657334913,"volume":"0.00080998","buyTxId":"077266e22fa8d3023697dab59229531a0115e0e1","sellTxId":"8d97051573fa1a180b27686ec8e762413b444aed-0"}
{"index": {"_index":"sim","_id":"3869280"}}
	{"id":3869280,"type":"buy","buyer":"libert","seller":"nftmart.fees","symbol":"SIM","quantity":"2.000","price":"0.00040499","timestamp":1657336569,"volume":"0.00080998","buyTxId":"9ab265d1220a98b470a558b362d075927a4e076a","sellTxId":"9820362b78deb8ff59d0e7fd1878ebb1647faac1-0"}
{"index": {"_index":"sim","_id":"3869281"}}
	{"id":3869281,"type":"buy","buyer":"libert","seller":"forsakensushi","symbol":"SIM","quantity":"4541.209","price":"0.00040500","timestamp":1657336569,"volume":"1.83919002","buyTxId":"9ab265d1220a98b470a558b362d075927a4e076a","sellTxId":"16bccbcee964e12fef1a4223f301f322768c7610"}
{"index": {"_index":"sim","_id":"3869323"}}
	{"id":3869323,"type":"sell","buyer":"pi-trader","seller":"rishi556","symbol":"SIM","quantity":"166.950","price":"0.00039207","timestamp":1657337193,"volume":"0.06545609","buyTxId":"1b333464adf88496afc07bf458e996fec8eae384-2","sellTxId":"972cc097c01aca180f0cc547b070fe4419717697"}
{"index": {"_index":"sim","_id":"3869384"}}
	{"id":3869384,"type":"sell","buyer":"pi-trader","seller":"lifeskills-tv","symbol":"SIM","quantity":"605.000","price":"0.00039207","timestamp":1657339005,"volume":"0.23720235","buyTxId":"08869576886425094c4b19cc3c22e74efa17489a-3","sellTxId":"edd3634ec1deb8e822119c7b8e5ca0927012a6d1"}
{"index": {"_index":"sim","_id":"3869883"}}
	{"id":3869883,"type":"buy","buyer":"ana-maria","seller":"nftmart.fees","symbol":"SIM","quantity":"435.000","price":"0.00040499","timestamp":1657347897,"volume":"0.17617065","buyTxId":"bedabc00dc356df54c839f76c33a2be7953fc052","sellTxId":"e146771445d5c37d2f0334f0149ed91ac7908c36-0"}
{"index": {"_index":"sim","_id":"3870403"}}
	{"id":3870403,"type":"sell","buyer":"pi-trader","seller":"medaymane","symbol":"SIM","quantity":"36854.300","price":"0.00039207","timestamp":1657354467,"volume":"14.44946540","buyTxId":"7a17bcd6fa617b32e120d3e53f6a60cfdbe867c0-3","sellTxId":"41ac84df21efaa7b26f5748a629114c3ab42ec37"}
{"index": {"_index":"sim","_id":"3870589"}}
	{"id":3870589,"type":"buy","buyer":"pompeylad","seller":"nftmart.fees","symbol":"SIM","quantity":"461.000","price":"0.00040499","timestamp":1657357416,"volume":"0.18670039","buyTxId":"d80aad6823ab1456b6703b90f5b3a01efc098c3d","sellTxId":"ab43e2ee88f80246dc4a29bbc93aaa95344bb828-0"}
{"index": {"_index":"sim","_id":"3870623"}}
	{"id":3870623,"type":"sell","buyer":"pompeylad","seller":"nftmart.fees","symbol":"SIM","quantity":"401.000","price":"0.00040499","timestamp":1657357653,"volume":"0.16240099","buyTxId":"d80aad6823ab1456b6703b90f5b3a01efc098c3d","sellTxId":"0ef81b678e40ee689f1710784d90b362cdb61ab3-0"}
{"index": {"_index":"sim","_id":"3870697"}}
	{"id":3870697,"type":"sell","buyer":"pompeylad","seller":"nftmart.fees","symbol":"SIM","quantity":"349.000","price":"0.00040499","timestamp":1657358853,"volume":"0.14134151","buyTxId":"d80aad6823ab1456b6703b90f5b3a01efc098c3d","sellTxId":"2213d74add16a9ab2f93738296d1d89b13d4b0a4-0"}
{"index": {"_index":"sim","_id":"3870760"}}
	{"id":3870760,"type":"sell","buyer":"pompeylad","seller":"nftmart.fees","symbol":"SIM","quantity":"303.000","price":"0.00040499","timestamp":1657360053,"volume":"0.12271197","buyTxId":"d80aad6823ab1456b6703b90f5b3a01efc098c3d","sellTxId":"bde524eee8f4f42b0f4f28a5dcdc47413c842cda-0"}
{"index": {"_index":"sim","_id":"3870837"}}
	{"id":3870837,"type":"sell","buyer":"pompeylad","seller":"nftmart.fees","symbol":"SIM","quantity":"264.000","price":"0.00040499","timestamp":1657361259,"volume":"0.10691736","buyTxId":"d80aad6823ab1456b6703b90f5b3a01efc098c3d","sellTxId":"c2b5f28120f8b7e0eb38bb23c7f5ab50341d177c-0"}
{"index": {"_index":"sim","_id":"3870869"}}
	{"id":3870869,"type":"sell","buyer":"pompeylad","seller":"deepresearch","symbol":"SIM","quantity":"48000.000","price":"0.00040499","timestamp":1657361862,"volume":"19.43952000","buyTxId":"d80aad6823ab1456b6703b90f5b3a01efc098c3d","sellTxId":"6d10aa51b0d1dd0a8f58b9de8d2d5cade73b71d4"}
{"index": {"_index":"sim","_id":"3870897"}}
	{"id":3870897,"type":"buy","buyer":"cryptogillone","seller":"forsakensushi","symbol":"SIM","quantity":"825.234","price":"0.00040500","timestamp":1657362330,"volume":"0.33422","buyTxId":"cdd98dac317688c4523931d38c54f296e44a649e","sellTxId":"16bccbcee964e12fef1a4223f301f322768c7610"}
{"index": {"_index":"sim","_id":"3870903"}}
	{"id":3870903,"type":"sell","buyer":"pompeylad","seller":"nftmart.fees","symbol":"SIM","quantity":"222.000","price":"0.00040499","timestamp":1657362453,"volume":"0.08990778","buyTxId":"d80aad6823ab1456b6703b90f5b3a01efc098c3d","sellTxId":"6d3f08e2cbf4bc17b6aaa3cb1f7fd05cb039bb4a-0"}
{"index": {"_index":"sim","_id":"3870930"}}
	{"id":3870930,"type":"buy","buyer":"nastyforce","seller":"nftmart.fees","symbol":"SIM","quantity":"8.000","price":"0.00040499","timestamp":1657363107,"volume":"0.00323992","buyTxId":"41676efeb05ddb52db6d9c64869058baf6675487","sellTxId":"6d3f08e2cbf4bc17b6aaa3cb1f7fd05cb039bb4a-0"}
{"index": {"_index":"sim","_id":"3871045"}}
	{"id":3871045,"type":"sell","buyer":"ben.haase","seller":"medaymane","symbol":"SIM","quantity":"3.478","price":"0.00039210","timestamp":1657364820,"volume":"0.00136372","buyTxId":"e835f9884980d9fda075c94ca0b4acf56b1557f5","sellTxId":"b89bf55557f514969ccd23eef4b818fc6f338681"}
{"index": {"_index":"sim","_id":"3871046"}}
	{"id":3871046,"type":"sell","buyer":"pi-trader","seller":"medaymane","symbol":"SIM","quantity":"6029.022","price":"0.00039208","timestamp":1657364820,"volume":"2.36385895","buyTxId":"f9b7b1305eca8cea3887e9f35ccc8947db074bbb-0","sellTxId":"b89bf55557f514969ccd23eef4b818fc6f338681"}
{"index": {"_index":"sim","_id":"3871139"}}
	{"id":3871139,"type":"sell","buyer":"pi-trader","seller":"travelgirl","symbol":"SIM","quantity":"5499.000","price":"0.00039208","timestamp":1657366884,"volume":"2.15604792","buyTxId":"4a2fbfba8ef81f955417ab49e17a44efb2261a3d-5","sellTxId":"cf0bacd5f8a4b3d2816bdc3220f8e2b1fa9f56cc"}
{"index": {"_index":"sim","_id":"3871459"}}
	{"id":3871459,"type":"sell","buyer":"pi-trader","seller":"dswap","symbol":"SIM","quantity":"0.032","price":"0.00039208","timestamp":1657370322,"volume":"0.00001255","buyTxId":"f3e15275dc17dd35f7e628fc36da515bc441f78d-3","sellTxId":"577c40a44ab245fe157d1de1d396fa76df82f459"}
{"index": {"_index":"sim","_id":"3871463"}}
	{"id":3871463,"type":"buy","buyer":"assassyn","seller":"nftmart.fees","symbol":"SIM","quantity":"200.000","price":"0.00040499","timestamp":1657370385,"volume":"0.08099800","buyTxId":"34e41032cac46654c932515906356a841ca28264","sellTxId":"eb22a6df9d7307ae94e9e19aa2415a099e80ea13-0"}
{"index": {"_index":"sim","_id":"3871497"}}
	{"id":3871497,"type":"sell","buyer":"assassyn","seller":"nftmart.fees","symbol":"SIM","quantity":"174.000","price":"0.00040499","timestamp":1657370853,"volume":"0.07046826","buyTxId":"34e41032cac46654c932515906356a841ca28264","sellTxId":"ceff0e487bdea276d40e075115640d8c06af776f-0"}
{"index": {"_index":"sim","_id":"3871699"}}
	{"id":3871699,"type":"sell","buyer":"assassyn","seller":"nftmart.fees","symbol":"SIM","quantity":"151.000","price":"0.00040499","timestamp":1657372053,"volume":"0.06115349","buyTxId":"34e41032cac46654c932515906356a841ca28264","sellTxId":"c03635d2151f9901a612e65e7a8f71fb57339aef-0"}
{"index": {"_index":"sim","_id":"3871771"}}
	{"id":3871771,"type":"sell","buyer":"assassyn","seller":"nftmart.fees","symbol":"SIM","quantity":"1013.750","price":"0.00040499","timestamp":1657372830,"volume":"0.41055861","buyTxId":"34e41032cac46654c932515906356a841ca28264","sellTxId":"ffe9d622298b11e1a58f6c47a0a439ddc6500d30"}
{"index": {"_index":"sim","_id":"3871937"}}
	{"id":3871937,"type":"sell","buyer":"assassyn","seller":"bilpcoinbpc","symbol":"SIM","quantity":"17.174","price":"0.00040499","timestamp":1657374561,"volume":"0.00695530","buyTxId":"34e41032cac46654c932515906356a841ca28264","sellTxId":"0cede3c6cf4a9e55af5961604406815e63ec603e"}
{"index": {"_index":"sim","_id":"3872020"}}
	{"id":3872020,"type":"buy","buyer":"bambukah","seller":"forsakensushi","symbol":"SIM","quantity":"11000.000","price":"0.00040500","timestamp":1657375215,"volume":"4.45500000","buyTxId":"3a456801845012d46f23daa76526da933dcf4381","sellTxId":"16bccbcee964e12fef1a4223f301f322768c7610"}
{"index": {"_index":"sim","_id":"3872244"}}
	{"id":3872244,"type":"sell","buyer":"assassyn","seller":"engilhramn","symbol":"SIM","quantity":"1.040","price":"0.00040499","timestamp":1657377309,"volume":"0.00042119","buyTxId":"34e41032cac46654c932515906356a841ca28264","sellTxId":"a048d7eac2774167561cd47e91e7507c9578e7b7"}
{"index": {"_index":"sim","_id":"3872274"}}
	{"id":3872274,"type":"buy","buyer":"pi-trader","seller":"forsakensushi","symbol":"SIM","quantity":"315.640","price":"0.00040500","timestamp":1657377564,"volume":"0.12783420","buyTxId":"04e0e4f37cf01938511dd8430ccb7e3f9a4823ff","sellTxId":"16bccbcee964e12fef1a4223f301f322768c7610"}
{"index": {"_index":"sim","_id":"3872275"}}
	{"id":3872275,"type":"buy","buyer":"pi-trader","seller":"dhedge-drips","symbol":"SIM","quantity":"0.001","price":"0.00040500","timestamp":1657377564,"volume":"0.00000041","buyTxId":"04e0e4f37cf01938511dd8430ccb7e3f9a4823ff","sellTxId":"3289f5f58322ea96ae7a891ae986c24021d47525"}
{"index": {"_index":"sim","_id":"3872546"}}
	{"id":3872546,"type":"buy","buyer":"bhattg","seller":"teikn","symbol":"SIM","quantity":"870.093","price":"0.00041296","timestamp":1657379580,"volume":"0.35931361","buyTxId":"c806fc2b4580640a3d096f91e8ea8d013405ba58","sellTxId":"06242465d9675865765e5fbf4e88857f3c600f52"}
{"index": {"_index":"sim","_id":"3872601"}}
	{"id":3872601,"type":"buy","buyer":"bhattg","seller":"evilisme","symbol":"SIM","quantity":"959.208","price":"0.00041299","timestamp":1657380942,"volume":"0.39614331","buyTxId":"edece93972fb5fa4fb01ee19972145ef85ad4462","sellTxId":"1cfc4d81196f13e9921c81dc518b2440ef6881b5"}
{"index": {"_index":"sim","_id":"3872602"}}
	{"id":3872602,"type":"buy","buyer":"bhattg","seller":"medaymane","symbol":"SIM","quantity":"39040.792","price":"0.00041299","timestamp":1657380942,"volume":"16.12345669","buyTxId":"edece93972fb5fa4fb01ee19972145ef85ad4462","sellTxId":"1bf01b03b487680ad31e88eff64873b4a3dbd0df"}
{"index": {"_index":"sim","_id":"3872809"}}
	{"id":3872809,"type":"buy","buyer":"dswap","seller":"medaymane","symbol":"SIM","quantity":"3147.775","price":"0.00041299","timestamp":1657382991,"volume":"1.3","buyTxId":"703099f217eec0b04b5f34873b005c7b119065ee","sellTxId":"1bf01b03b487680ad31e88eff64873b4a3dbd0df"}
{"index": {"_index":"sim","_id":"3872961"}}
	{"id":3872961,"type":"sell","buyer":"pi-trader","seller":"denmarkguy","symbol":"SIM","quantity":"5.396","price":"0.00040500","timestamp":1657384764,"volume":"0.00218538","buyTxId":"b9d266cabf4a8e532e14cceb0673a53b102070ee-0","sellTxId":"f5ce9515f040544671e6f8c7a5ae056239efd855"}
{"index": {"_index":"sim","_id":"3873014"}}
	{"id":3873014,"type":"sell","buyer":"pi-trader","seller":"reddragonfly","symbol":"SIM","quantity":"2.078","price":"0.00040500","timestamp":1657385160,"volume":"0.00084159","buyTxId":"79aa19d78e5c5a5dbc086a50501a19b70d97cb84-1","sellTxId":"1c221044cb2ed88346d80d04731619ddaaaabd88"}
{"index": {"_index":"sim","_id":"3873079"}}
	{"id":3873079,"type":"sell","buyer":"pi-trader","seller":"curatorcat","symbol":"SIM","quantity":"3.894","price":"0.00040500","timestamp":1657385517,"volume":"0.00157707","buyTxId":"604c2b9a33924808a8509a8a304870c562c469e2-1","sellTxId":"78a296cf57417be21f4a8f73da9c822d1e64d8cc"}
{"index": {"_index":"sim","_id":"3873147"}}
	{"id":3873147,"type":"sell","buyer":"pi-trader","seller":"whitelightxpress","symbol":"SIM","quantity":"1.229","price":"0.00040500","timestamp":1657386222,"volume":"0.00049775","buyTxId":"8f095573015e91bc18131429284ea38c5f07347c-1","sellTxId":"74b2df3aa4c027af5bd6c859b879db9ca3886562"}
{"index": {"_index":"sim","_id":"3873429"}}
	{"id":3873429,"type":"sell","buyer":"pi-trader","seller":"gamsam","symbol":"SIM","quantity":"78448","price":"0.00040500","timestamp":1657390347,"volume":"31.77144000","buyTxId":"0c289d21f3f977fcbff4624be3c149df472e9604-1","sellTxId":"58ca09055f1303face8c501283711695f83fb2c2"}
{"index": {"_index":"sim","_id":"3873456"}}
	{"id":3873456,"type":"sell","buyer":"pi-trader","seller":"thatcryptodave","symbol":"SIM","quantity":"500.000","price":"0.00040500","timestamp":1657390791,"volume":"0.20250000","buyTxId":"9b419cc2f37877d48ce624fc36711530fbd505a4-3","sellTxId":"56c1783c5a1432f955daa4482b6b46328d84f7ba"}
{"index": {"_index":"sim","_id":"3873514"}}
	{"id":3873514,"type":"sell","buyer":"pi-trader","seller":"farm1","symbol":"SIM","quantity":"31653.000","price":"0.00040500","timestamp":1657391727,"volume":"12.81946500","buyTxId":"debbe76f56888db7fdf046304e3bfbd810bd638a-3","sellTxId":"9737f2c9837231ed74f85d2fc129250fe2763844"}
{"index": {"_index":"sim","_id":"3873549"}}
	{"id":3873549,"type":"sell","buyer":"pi-trader","seller":"dhedge-drips","symbol":"SIM","quantity":"48.499","price":"0.00040500","timestamp":1657392318,"volume":"0.01964210","buyTxId":"68d660be13891bd9546cc0298cb75974b7170533-3","sellTxId":"4646c0eb0041c030423b8280e6d7c1f52bcb9fd5"}
{"index": {"_index":"sim","_id":"3873559"}}
	{"id":3873559,"type":"sell","buyer":"pi-trader","seller":"myothuzar","symbol":"SIM","quantity":"25000.000","price":"0.00040500","timestamp":1657392336,"volume":"10.12500000","buyTxId":"68d660be13891bd9546cc0298cb75974b7170533-3","sellTxId":"43aceb2706062bff05b6719a208e2e22d481d482"}
{"index": {"_index":"sim","_id":"3873563"}}
	{"id":3873563,"type":"buy","buyer":"konvik","seller":"dadspardan","symbol":"SIM","quantity":"141390.151","price":"0.00041000","timestamp":1657392360,"volume":"57.96996191","buyTxId":"d6338fb8583fddc5cc4a31ad9075ae735948f3a1-0","sellTxId":"25a65febac34cd2bb7f214f512e46441b1fb325e"}
{"index": {"_index":"sim","_id":"3873564"}}
	{"id":3873564,"type":"buy","buyer":"konvik","seller":"dadspardan","symbol":"SIM","quantity":"113.849","price":"0.00041000","timestamp":1657392363,"volume":"0.04667809","buyTxId":"a89f61a40fa23b37653d403b0af878d0bb9eeec1-0","sellTxId":"25a65febac34cd2bb7f214f512e46441b1fb325e"}
{"index": {"_index":"sim","_id":"3873607"}}
	{"id":3873607,"type":"sell","buyer":"pi-trader","seller":"forsakensushi","symbol":"SIM","quantity":"26824.000","price":"0.00040500","timestamp":1657392732,"volume":"10.86372000","buyTxId":"5cbf61cc0605945cd99ed15b0b19b55d0a8de817-4","sellTxId":"8b30cde786ae2da3b7926336fbb98b35e9cbd927"}
{"index": {"_index":"sim","_id":"3873668"}}
	{"id":3873668,"type":"sell","buyer":"pi-trader","seller":"gamsam","symbol":"SIM","quantity":"15502","price":"0.00040500","timestamp":1657393632,"volume":"6.27831000","buyTxId":"c72b49310dfbbd365e89f551717338ed2c90ccca-3","sellTxId":"d20370f03816e0190d2289d882252d28b67ac3d9"}
{"index": {"_index":"sim","_id":"3873749"}}
	{"id":3873749,"type":"sell","buyer":"pi-trader","seller":"piotr42","symbol":"SIM","quantity":"163.000","price":"0.00040500","timestamp":1657394481,"volume":"0.06601500","buyTxId":"55b4b24186a5e0d05c7a93648cc97ed3ded0337f-3","sellTxId":"7ea5e8424c988a581069a203710a80303528ad02"}
{"index": {"_index":"sim","_id":"3873861"}}
	{"id":3873861,"type":"sell","buyer":"pi-trader","seller":"cosmictriage","symbol":"SIM","quantity":"2.548","price":"0.00040500","timestamp":1657395552,"volume":"0.00103194","buyTxId":"102a2dcb2be06d6d733dc189e707338693e2ad9e-3","sellTxId":"10efc971e732463f8b0e5f0feb9bdfb609be1e9a"}
{"index": {"_index":"sim","_id":"3873920"}}
	{"id":3873920,"type":"buy","buyer":"cryptogillone","seller":"medaymane","symbol":"SIM","quantity":"438.274","price":"0.00041299","timestamp":1657396407,"volume":"0.18100308","buyTxId":"98f351955fb9472e3ded9721a0e8510f0f8ae830","sellTxId":"1bf01b03b487680ad31e88eff64873b4a3dbd0df"}
{"index": {"_index":"sim","_id":"3874031"}}
	{"id":3874031,"type":"sell","buyer":"pi-trader","seller":"poliwalt10","symbol":"SIM","quantity":"3117.000","price":"0.00040500","timestamp":1657398378,"volume":"1.26238500","buyTxId":"39673ccf6f14b3acffb758b98b65f58f344aebda-1","sellTxId":"5d3f4a78d0a8e4113c3320fc6e5a69f3252cc106"}
{"index": {"_index":"sim","_id":"3874127"}}
	{"id":3874127,"type":"sell","buyer":"pi-trader","seller":"thranax","symbol":"SIM","quantity":"34.000","price":"0.00040500","timestamp":1657399929,"volume":"0.01377000","buyTxId":"120c6e6758c578377935738ff07e70cac4098764-3","sellTxId":"24130474a6b70c0ea61df355005e77ed73386cb0"}
{"index": {"_index":"sim","_id":"3874243"}}
	{"id":3874243,"type":"buy","buyer":"ana-maria","seller":"nftmart.fees","symbol":"SIM","quantity":"18.000","price":"0.00041298","timestamp":1657401900,"volume":"0.00743364","buyTxId":"3b08220724e77e7c5d2185f42b62486a5ca32f0b","sellTxId":"b0c0ef25f06e3ff32f14160e7ea2f043ae2175d9-0"}
{"index": {"_index":"sim","_id":"3874246"}}
	{"id":3874246,"type":"buy","buyer":"ana-maria","seller":"medaymane","symbol":"SIM","quantity":"408.000","price":"0.00041299","timestamp":1657401942,"volume":"0.16849992","buyTxId":"b87a9d4ffb098e2a28da159e82c9bbb6d1ad0cff","sellTxId":"1bf01b03b487680ad31e88eff64873b4a3dbd0df"}
{"index": {"_index":"sim","_id":"3874433"}}
	{"id":3874433,"type":"sell","buyer":"ana-maria","seller":"nftmart.fees","symbol":"SIM","quantity":"16.000","price":"0.00041298","timestamp":1657404453,"volume":"0.00660768","buyTxId":"8177be0fb74dd34410735e72524888cd7d34a183","sellTxId":"74388eea891467d20dfe285314020c833c596928-0"}
{"index": {"_index":"sim","_id":"3874435"}}
	{"id":3874435,"type":"buy","buyer":"ana-maria","seller":"medaymane","symbol":"SIM","quantity":"1048.000","price":"0.00041299","timestamp":1657404468,"volume":"0.43281352","buyTxId":"0bf1dbb56cb2f7bbeaeab9312c881ad957fe4c0e","sellTxId":"1bf01b03b487680ad31e88eff64873b4a3dbd0df"}
{"index": {"_index":"sim","_id":"3874437"}}
	{"id":3874437,"type":"buy","buyer":"ana-maria","seller":"medaymane","symbol":"SIM","quantity":"1064.000","price":"0.00041299","timestamp":1657404522,"volume":"0.43942136","buyTxId":"23bd6c2efd11d107f04f60626125022b3013519a","sellTxId":"1bf01b03b487680ad31e88eff64873b4a3dbd0df"}
{"index": {"_index":"sim","_id":"3874444"}}
	{"id":3874444,"type":"buy","buyer":"ana-maria","seller":"medaymane","symbol":"SIM","quantity":"976.091","price":"0.00041299","timestamp":1657404687,"volume":"0.40311582","buyTxId":"e1929101be0d3b31b2bf1855d8bbc7ab9b1ddc17","sellTxId":"1bf01b03b487680ad31e88eff64873b4a3dbd0df"}
{"index": {"_index":"sim","_id":"3874473"}}
	{"id":3874473,"type":"buy","buyer":"ana-maria","seller":"medaymane","symbol":"SIM","quantity":"1189.000","price":"0.00041299","timestamp":1657405176,"volume":"0.49104511","buyTxId":"7964d75210b325606e58b7a8c4dd3320aeed0861","sellTxId":"1bf01b03b487680ad31e88eff64873b4a3dbd0df"}
{"index": {"_index":"sim","_id":"3874476"}}
	{"id":3874476,"type":"buy","buyer":"ana-maria","seller":"medaymane","symbol":"SIM","quantity":"665.000","price":"0.00041299","timestamp":1657405239,"volume":"0.27463835","buyTxId":"7a0b4bd99b7f0fb8e5c2362bab7190df26e1a142","sellTxId":"1bf01b03b487680ad31e88eff64873b4a3dbd0df"}
{"index": {"_index":"sim","_id":"3874487"}}
	{"id":3874487,"type":"buy","buyer":"ana-maria","seller":"medaymane","symbol":"SIM","quantity":"2280.000","price":"0.00041299","timestamp":1657405386,"volume":"0.94161720","buyTxId":"6c2d73bd968a4d69785217ab45ea862da9061294","sellTxId":"1bf01b03b487680ad31e88eff64873b4a3dbd0df"}
{"index": {"_index":"sim","_id":"3874506"}}
	{"id":3874506,"type":"buy","buyer":"ana-maria","seller":"medaymane","symbol":"SIM","quantity":"1330.000","price":"0.00041299","timestamp":1657405458,"volume":"0.54927670","buyTxId":"039335ea4ec4bb79bd325027e1382e8cfb6c5dfb","sellTxId":"1bf01b03b487680ad31e88eff64873b4a3dbd0df"}
{"index": {"_index":"sim","_id":"3874511"}}
	{"id":3874511,"type":"buy","buyer":"ana-maria","seller":"medaymane","symbol":"SIM","quantity":"665.000","price":"0.00041299","timestamp":1657405527,"volume":"0.27463835","buyTxId":"419f534d6dd13a87de27711f108ad17460e88ecb","sellTxId":"1bf01b03b487680ad31e88eff64873b4a3dbd0df"}
{"index": {"_index":"sim","_id":"3874521"}}
	{"id":3874521,"type":"buy","buyer":"ana-maria","seller":"medaymane","symbol":"SIM","quantity":"1064.000","price":"0.00041299","timestamp":1657405620,"volume":"0.43942136","buyTxId":"af6f896329dcdc98bdb4f04f82bd0e0d47b032cb","sellTxId":"1bf01b03b487680ad31e88eff64873b4a3dbd0df"}
{"index": {"_index":"sim","_id":"3874578"}}
	{"id":3874578,"type":"sell","buyer":"pi-trader","seller":"bitcoinflood","symbol":"SIM","quantity":"1564.457","price":"0.00040500","timestamp":1657406415,"volume":"0.63360509","buyTxId":"52f3b2bf6f46ce89b3f8f7a1978277e508aea6b6-1","sellTxId":"c7eeac434674103ac9758aefd9f85c879c9731b2"}
{"index": {"_index":"sim","_id":"3874580"}}
	{"id":3874580,"type":"sell","buyer":"pi-trader","seller":"dadspardan","symbol":"SIM","quantity":"7367.000","price":"0.00040500","timestamp":1657406433,"volume":"2.98363500","buyTxId":"52f3b2bf6f46ce89b3f8f7a1978277e508aea6b6-1","sellTxId":"04fb906657567ff62e0bcf6ab129bc3c181d69e1"}
{"index": {"_index":"sim","_id":"3874777"}}
	{"id":3874777,"type":"buy","buyer":"maryjane.main","seller":"nftmart.fees","symbol":"SIM","quantity":"14.000","price":"0.00041298","timestamp":1657409379,"volume":"0.00578172","buyTxId":"93efaad3fdbcc10a74cf6675f0c94aa3295a1885","sellTxId":"7c1dbe9d7dff525da954f3634465612a4368e8a8-0"}
{"index": {"_index":"sim","_id":"3874778"}}
	{"id":3874778,"type":"buy","buyer":"maryjane.main","seller":"medaymane","symbol":"SIM","quantity":"4212.318","price":"0.00041299","timestamp":1657409379,"volume":"1.73964521","buyTxId":"93efaad3fdbcc10a74cf6675f0c94aa3295a1885","sellTxId":"1bf01b03b487680ad31e88eff64873b4a3dbd0df"}
{"index": {"_index":"sim","_id":"3874779"}}
	{"id":3874779,"type":"buy","buyer":"maryjane.main","seller":"dhedge-drips","symbol":"SIM","quantity":"48.499","price":"0.00041299","timestamp":1657409379,"volume":"0.02002960","buyTxId":"93efaad3fdbcc10a74cf6675f0c94aa3295a1885","sellTxId":"3a47dfaf984c63d3cc01d1227904cf75255251b1"}
{"index": {"_index":"sim","_id":"3874780"}}
	{"id":3874780,"type":"buy","buyer":"maryjane.main","seller":"he-index","symbol":"SIM","quantity":"186.466","price":"0.00041299","timestamp":1657409379,"volume":"0.07700859","buyTxId":"93efaad3fdbcc10a74cf6675f0c94aa3295a1885","sellTxId":"1a46ccb05f28a0c6b2cf42467e4a41fb444a5566"}
{"index": {"_index":"sim","_id":"3874781"}}
	{"id":3874781,"type":"buy","buyer":"maryjane.main","seller":"desyfit","symbol":"SIM","quantity":"13038.717","price":"0.00041300","timestamp":1657409379,"volume":"5.38499012","buyTxId":"93efaad3fdbcc10a74cf6675f0c94aa3295a1885","sellTxId":"7f8466bf1f23d08aa89b122375e3387c364676c8"}
{"index": {"_index":"sim","_id":"3874823"}}
	{"id":3874823,"type":"buy","buyer":"maryjane.main","seller":"desyfit","symbol":"SIM","quantity":"20000.000","price":"0.00041300","timestamp":1657410429,"volume":"8.26000000","buyTxId":"6744fa2a1c14684b52eda0ec5830efb533001194","sellTxId":"7f8466bf1f23d08aa89b122375e3387c364676c8"}
{"index": {"_index":"sim","_id":"3874857"}}
	{"id":3874857,"type":"buy","buyer":"maryjane.main","seller":"nftmart.fees","symbol":"SIM","quantity":"12.000","price":"0.00041299","timestamp":1657411065,"volume":"0.00495588","buyTxId":"4188523e167da35e31ab39d8967d0fd73789e886","sellTxId":"edf985d0cecc235472aec78c89dcaacf81319db3-0"}
{"index": {"_index":"sim","_id":"3874858"}}
	{"id":3874858,"type":"buy","buyer":"maryjane.main","seller":"desyfit","symbol":"SIM","quantity":"1288.000","price":"0.00041300","timestamp":1657411065,"volume":"0.53194400","buyTxId":"4188523e167da35e31ab39d8967d0fd73789e886","sellTxId":"7f8466bf1f23d08aa89b122375e3387c364676c8"}
{"index": {"_index":"sim","_id":"3875036"}}
	{"id":3875036,"type":"sell","buyer":"pi-trader","seller":"dhedge-drips","symbol":"SIM","quantity":"0.001","price":"0.00040501","timestamp":1657413918,"volume":"0.00000041","buyTxId":"f0f3cab35dc19cc111fd576cbc52af79b7b1ee08-3","sellTxId":"22ebb54e68916d28d70b71b4b05e975ae3fd5bf4"}
{"index": {"_index":"sim","_id":"3875104"}}
	{"id":3875104,"type":"buy","buyer":"gessha","seller":"nftmart.fees","symbol":"SIM","quantity":"10.000","price":"0.00041298","timestamp":1657414986,"volume":"0.00412980","buyTxId":"482d237cd1b970b88cf3508e15fc5a96f045947f","sellTxId":"7ab8428d04d33cc9520a7b54df9d0806c49cfbc1-0"}
{"index": {"_index":"sim","_id":"3875105"}}
	{"id":3875105,"type":"buy","buyer":"gessha","seller":"dhedge-drips","symbol":"SIM","quantity":"0.001","price":"0.00041299","timestamp":1657414986,"volume":"0.00000041","buyTxId":"482d237cd1b970b88cf3508e15fc5a96f045947f","sellTxId":"a82dcb4d8a492849b6eeec8523af7558cd232981"}
{"index": {"_index":"sim","_id":"3875125"}}
	{"id":3875125,"type":"sell","buyer":"gessha","seller":"nftmart.fees","symbol":"SIM","quantity":"9.000","price":"0.00041299","timestamp":1657415253,"volume":"0.00371691","buyTxId":"482d237cd1b970b88cf3508e15fc5a96f045947f","sellTxId":"79d9756fe4db985ccf47a914aa5dcec5cf16a7b0-0"}
{"index": {"_index":"sim","_id":"3875177"}}
	{"id":3875177,"type":"buy","buyer":"gessha","seller":"desyfit","symbol":"SIM","quantity":"1580.999","price":"0.00041300","timestamp":1657415955,"volume":"0.65295259","buyTxId":"a17cbe57c6e73845480b5fe7f4303076bcd9635d","sellTxId":"7f8466bf1f23d08aa89b122375e3387c364676c8"}
{"index": {"_index":"sim","_id":"3875272"}}
	{"id":3875272,"type":"sell","buyer":"pi-trader","seller":"papacrusher","symbol":"SIM","quantity":"240.100","price":"0.00040501","timestamp":1657417374,"volume":"0.09724290","buyTxId":"70dafdba7599990eccf473b7de4e45839aef5de4-0","sellTxId":"6bc99c6c1887fc55e39d5be4b3ac93368466553d"}
{"index": {"_index":"sim","_id":"3875420"}}
	{"id":3875420,"type":"buy","buyer":"floki-skarsgaard","seller":"nftmart.fees","symbol":"SIM","quantity":"8.000","price":"0.00041299","timestamp":1657418526,"volume":"0.00330392","buyTxId":"c8d7cfa891c97b92060954763eb0ab2bb2c7a63e","sellTxId":"c7fd34625ae2e8a27f5cba7e96812121b916f859-0"}
{"index": {"_index":"sim","_id":"3875421"}}
	{"id":3875421,"type":"buy","buyer":"floki-skarsgaard","seller":"desyfit","symbol":"SIM","quantity":"89286.715","price":"0.00041300","timestamp":1657418526,"volume":"36.87541330","buyTxId":"c8d7cfa891c97b92060954763eb0ab2bb2c7a63e","sellTxId":"7f8466bf1f23d08aa89b122375e3387c364676c8"}
