{"index": {"_index":"sim","_id":"2787493"}}
	{"id":2787493,"type":"buy","buyer":"jakkal","seller":"jelly-cz","symbol":"SIM","quantity":"1210.000","price":"0.00049398","timestamp":1644983769,"volume":"0.59771580","buyTxId":"75bfd767d22ed1d45423e2a7a60f174ad89873f1","sellTxId":"MM-P-14865290-61852703-3-29-0"}
{"index": {"_index":"sim","_id":"2787554"}}
	{"id":2787554,"type":"sell","buyer":"pi-trader","seller":"theguruasia","symbol":"SIM","quantity":"814.611","price":"0.00048004","timestamp":1644984453,"volume":"0.39104586","buyTxId":"1ab83f49ee3738becdb224912c06740bb4f5da60-4","sellTxId":"7f4f92ec022abe74b7b6b99fe6fdca7334c81729"}
{"index": {"_index":"sim","_id":"2787590"}}
	{"id":2787590,"type":"sell","buyer":"pi-trader","seller":"brofi-market","symbol":"SIM","quantity":"0.003","price":"0.00048004","timestamp":1644984807,"volume":"0.00000144","buyTxId":"a8f452004f7e5909d2bfd8125f237122586e70b4-3","sellTxId":"96ed3699c9a8240aa308e0e7064ec180f3ffb235"}
{"index": {"_index":"sim","_id":"2787682"}}
	{"id":2787682,"type":"sell","buyer":"pi-trader","seller":"bitcoinflood","symbol":"SIM","quantity":"1697.996","price":"0.00048004","timestamp":1644985905,"volume":"0.81510600","buyTxId":"5680a968f86fdc5e3a8e26da7db021b81f9725ad-1","sellTxId":"bf3ab472515bacaf0e8c147a1312a2f646a3a4c0"}
{"index": {"_index":"sim","_id":"2788031"}}
	{"id":2788031,"type":"sell","buyer":"pi-trader","seller":"imperij4427","symbol":"SIM","quantity":"24983.000","price":"0.00048004","timestamp":1644992310,"volume":"11.99283932","buyTxId":"2843fb2b8bf9c5fc2c18f4ec13515f901ff7eaac-3","sellTxId":"6fdc96a75a18ddce0ca03220e07255c9504f7206"}
{"index": {"_index":"sim","_id":"2788368"}}
	{"id":2788368,"type":"buy","buyer":"dustindivitto","seller":"jelly-cz","symbol":"SIM","quantity":"90000.000","price":"0.00049347","timestamp":1644998376,"volume":"44.41230000","buyTxId":"a9d8fa4920fcf6c18feeb2bafd73cbe96b166fe5","sellTxId":"MM-P-14871370-61858793-3-29-0"}
{"index": {"_index":"sim","_id":"2788419"}}
	{"id":2788419,"type":"sell","buyer":"pi-trader","seller":"brofi-market","symbol":"SIM","quantity":"0.001","price":"0.00048004","timestamp":1644998925,"volume":"0.00000048","buyTxId":"311c3ec805bcb9f9cfa7443a56ccd27b072653b7-3","sellTxId":"5b6ec8c07d85f9c6d5fb21fdf141c8fcb3a76713"}
{"index": {"_index":"sim","_id":"2788860"}}
	{"id":2788860,"type":"sell","buyer":"pi-trader","seller":"monsterjamgold","symbol":"SIM","quantity":"765.665","price":"0.00048004","timestamp":1645005018,"volume":"0.36754983","buyTxId":"f68d6f7fe5fba6042da1136f438f699107a21924-1","sellTxId":"03bc8b476375b6e699057457802a58d30f063468"}
{"index": {"_index":"sim","_id":"2789331"}}
	{"id":2789331,"type":"sell","buyer":"pi-trader","seller":"frugal-fun","symbol":"SIM","quantity":"150000.000","price":"0.00048004","timestamp":1645012203,"volume":"72.00600000","buyTxId":"47b94ea3051ec4193b0076854ef0f0e4940f6131-3","sellTxId":"ae4995d4c43f87fec60bc9f06e95a2bcd0ffe468"}
{"index": {"_index":"sim","_id":"2789332"}}
	{"id":2789332,"type":"sell","buyer":"master-lamps","seller":"frugal-fun","symbol":"SIM","quantity":"1348.660","price":"0.00048003","timestamp":1645012203,"volume":"0.64739726","buyTxId":"253cc69d3bf19e079d19768c4bfe183669462b13","sellTxId":"ae4995d4c43f87fec60bc9f06e95a2bcd0ffe468"}
{"index": {"_index":"sim","_id":"2789333"}}
	{"id":2789333,"type":"sell","buyer":"lammbock","seller":"frugal-fun","symbol":"SIM","quantity":"1000.000","price":"0.00048002","timestamp":1645012203,"volume":"0.48002000","buyTxId":"dc45918c2b649fc1f13d14e75740ef2b6781b772","sellTxId":"ae4995d4c43f87fec60bc9f06e95a2bcd0ffe468"}
{"index": {"_index":"sim","_id":"2789334"}}
	{"id":2789334,"type":"sell","buyer":"forsakensushi","seller":"frugal-fun","symbol":"SIM","quantity":"13239.993","price":"0.00048000","timestamp":1645012203,"volume":"6.35519664","buyTxId":"1172d1100642d4bbfe547b28f0ebbc3feba35d11","sellTxId":"ae4995d4c43f87fec60bc9f06e95a2bcd0ffe468"}
{"index": {"_index":"sim","_id":"2789365"}}
	{"id":2789365,"type":"sell","buyer":"pi-trader","seller":"b3npurple","symbol":"SIM","quantity":"800.000","price":"0.00048001","timestamp":1645012542,"volume":"0.38400800","buyTxId":"d75aaadfd72f45241851aa6b632922f280948678-2","sellTxId":"792ab9541c47011b2ab57a245df02d07113cf318"}
{"index": {"_index":"sim","_id":"2789386"}}
	{"id":2789386,"type":"sell","buyer":"pi-trader","seller":"romiferns","symbol":"SIM","quantity":"210.130","price":"0.00048001","timestamp":1645012686,"volume":"0.10086450","buyTxId":"04de3a79deb85e357176e7f7882237f8b0937b32-3","sellTxId":"703da13a434e7af9d2d08ed51f8eb4e9e0c13ceb"}
{"index": {"_index":"sim","_id":"2789467"}}
	{"id":2789467,"type":"sell","buyer":"pi-trader","seller":"brofi-market","symbol":"SIM","quantity":"0.003","price":"0.00048001","timestamp":1645013739,"volume":"0.00000144","buyTxId":"bffe29a786100ddaf8f6faf8f0d235f2f9b9ce5d-3","sellTxId":"3a232a376fa9060c0bee4bd6378010ae2a284fe8"}
{"index": {"_index":"sim","_id":"2789488"}}
	{"id":2789488,"type":"sell","buyer":"pi-trader","seller":"kasaisoul","symbol":"SIM","quantity":"0.343","price":"0.00048001","timestamp":1645013883,"volume":"0.00016464","buyTxId":"a04d58b5953b71bfced8d888607bb42beff6754d-1","sellTxId":"c7b44f3e05a6a089acdc83c08fdd85b09d3c8e3d"}
{"index": {"_index":"sim","_id":"2789715"}}
	{"id":2789715,"type":"sell","buyer":"pi-trader","seller":"pompeylad","symbol":"SIM","quantity":"1026.000","price":"0.00048001","timestamp":1645015986,"volume":"0.49249026","buyTxId":"a46723df7797f08c15e49fa3ec5c3c5e68629171-3","sellTxId":"d5a4ec9c23309c52bd9e8532062ef788fa33f883"}
{"index": {"_index":"sim","_id":"2789861"}}
	{"id":2789861,"type":"buy","buyer":"gondek","seller":"master-lamps","symbol":"SIM","quantity":"1438.926","price":"0.00048999","timestamp":1645018023,"volume":"0.70505935","buyTxId":"b53140fd779d2d1f24295b29dd38d5164f364099","sellTxId":"28389cd14a823b59e15af07909d3b44394278dcf"}
{"index": {"_index":"sim","_id":"2789862"}}
	{"id":2789862,"type":"buy","buyer":"gondek","seller":"brofi-market","symbol":"SIM","quantity":"0.003","price":"0.00048999","timestamp":1645018023,"volume":"0.00000147","buyTxId":"b53140fd779d2d1f24295b29dd38d5164f364099","sellTxId":"b5efd43346ddd71038f0bdaf1bb92d88a55cec95"}
{"index": {"_index":"sim","_id":"2789868"}}
	{"id":2789868,"type":"buy","buyer":"gondek","seller":"lammbock","symbol":"SIM","quantity":"999.000","price":"0.00049000","timestamp":1645018137,"volume":"0.48951000","buyTxId":"c0cab9e1f672c01a8352f93f20ee8c143b494fd4","sellTxId":"23cc8192ca5968063ad139d81fa8f38999ed5495"}
{"index": {"_index":"sim","_id":"2789870"}}
	{"id":2789870,"type":"buy","buyer":"gondek","seller":"jelly-cz","symbol":"SIM","quantity":"7683.000","price":"0.00049296","timestamp":1645018167,"volume":"3.78741168","buyTxId":"11d59ae8792b73939965eefd572cd8f76485f551","sellTxId":"MM-P-14876052-61863481-3-29-0"}
{"index": {"_index":"sim","_id":"2789975"}}
	{"id":2789975,"type":"sell","buyer":"pi-trader","seller":"elevator09","symbol":"SIM","quantity":"1619.231","price":"0.00048001","timestamp":1645019634,"volume":"0.77724707","buyTxId":"1c4eadac93d8210042eca8a8428ce68b465d5e6e","sellTxId":"2646bc5589d5d493655d5ba1058466a670cc74a3"}
{"index": {"_index":"sim","_id":"2790019"}}
	{"id":2790019,"type":"sell","buyer":"pi-trader","seller":"pompeylad","symbol":"SIM","quantity":"856.913","price":"0.00048001","timestamp":1645020144,"volume":"0.41132681","buyTxId":"103b0107baf10887d9bc7630c6a6b7a7324c72fd-4","sellTxId":"d63cc967ea60759d4bf2ff02b5526b9569e00065"}
{"index": {"_index":"sim","_id":"2790176"}}
	{"id":2790176,"type":"sell","buyer":"pi-trader","seller":"andy4475","symbol":"SIM","quantity":"18.188","price":"0.00048001","timestamp":1645022364,"volume":"0.00873042","buyTxId":"b002b85a9103a535d0dc4675f1079b485ee5102e-3","sellTxId":"4ad1ce964b4659b7919cf7f5f6a40c8ffa41409a"}
{"index": {"_index":"sim","_id":"2790434"}}
	{"id":2790434,"type":"sell","buyer":"pi-trader","seller":"miketr","symbol":"SIM","quantity":"223.000","price":"0.00048251","timestamp":1645025331,"volume":"0.10759973","buyTxId":"3cf727be5172e98a9b364a15a635418d9fa92987-1","sellTxId":"010c2462e63db2a2df29f24501424840fe819ebd"}
{"index": {"_index":"sim","_id":"2790474"}}
	{"id":2790474,"type":"sell","buyer":"pi-trader","seller":"bearbear613","symbol":"SIM","quantity":"935.012","price":"0.00048251","timestamp":1645025952,"volume":"0.45115264","buyTxId":"32f43ee72a4d934dc322dff837bc9818211587ef-3","sellTxId":"3d1559f651b6b9409a3f931e4cde3e0bb4f82bcf"}
{"index": {"_index":"sim","_id":"2790593"}}
	{"id":2790593,"type":"sell","buyer":"pi-trader","seller":"thatcryptodave","symbol":"SIM","quantity":"522.446","price":"0.00048251","timestamp":1645027182,"volume":"0.25208542","buyTxId":"c1e16001a785996e52df021c74f846483813ea7e-3","sellTxId":"39e06c7fa975eb4c165838091beacd808e082f9a"}
{"index": {"_index":"sim","_id":"2790662"}}
	{"id":2790662,"type":"sell","buyer":"pi-trader","seller":"brofi-market","symbol":"SIM","quantity":"0.001","price":"0.00048251","timestamp":1645027860,"volume":"0.00000048","buyTxId":"009be3663400209eba1066c1258907e7bbdbdf8a-3","sellTxId":"f9c17d7f9ac27ed4c82699b90dd99844d5fb6b27"}
{"index": {"_index":"sim","_id":"2790816"}}
	{"id":2790816,"type":"buy","buyer":"nyxlabs","seller":"jelly-cz","symbol":"SIM","quantity":"3500.000","price":"0.00049245","timestamp":1645029834,"volume":"1.72357500","buyTxId":"8acfb9e8308eb5c6b029e9c53e4447cae9083b0a","sellTxId":"MM-P-14885618-61873056-3-29-0"}
{"index": {"_index":"sim","_id":"2791108"}}
	{"id":2791108,"type":"sell","buyer":"pi-trader","seller":"emsonic","symbol":"SIM","quantity":"7018.000","price":"0.00048251","timestamp":1645031019,"volume":"3.38625518","buyTxId":"8aebfa9a6672bf41f700f5a562fa9acc06dfbb66-3","sellTxId":"3e473f57cb4ededdc9ce4d05e44c27fc7915679a"}
{"index": {"_index":"sim","_id":"2791237"}}
	{"id":2791237,"type":"sell","buyer":"pi-trader","seller":"goldcoin","symbol":"SIM","quantity":"45.781","price":"0.00048251","timestamp":1645032489,"volume":"0.02208979","buyTxId":"f58ee72bd3041f75bea998a776f3a995bac8c0d0-5","sellTxId":"49f67188c04d22d28ff97ff1fb936f449a8129d1"}
{"index": {"_index":"sim","_id":"2791346"}}
	{"id":2791346,"type":"sell","buyer":"pi-trader","seller":"steemwija","symbol":"SIM","quantity":"312.902","price":"0.00048251","timestamp":1645033599,"volume":"0.15097834","buyTxId":"32dccde843419c233bc6991cf706fa0c921f75d5-1","sellTxId":"2eed79580d02b9bd20985c0b41eecb3ffa77a669"}
{"index": {"_index":"sim","_id":"2791684"}}
	{"id":2791684,"type":"sell","buyer":"pi-trader","seller":"gamsam","symbol":"SIM","quantity":"20462","price":"0.00048251","timestamp":1645037031,"volume":"9.87311962","buyTxId":"0cad744f0b77fe23cc593460f9b102dfeb36cf87-3","sellTxId":"163c1f7c9d1744e8a5d7355ae04405c42bdfa325"}
{"index": {"_index":"sim","_id":"2791878"}}
	{"id":2791878,"type":"sell","buyer":"pi-trader","seller":"pompeylad","symbol":"SIM","quantity":"864.604","price":"0.00048251","timestamp":1645039149,"volume":"0.41718008","buyTxId":"02612fb6ff325feb1124a9386206824b8874443f-3","sellTxId":"ff9e435ab193287c80dd5c2b6545edeeb67ecb67"}
{"index": {"_index":"sim","_id":"2791934"}}
	{"id":2791934,"type":"buy","buyer":"evernoticethat","seller":"lestrange","symbol":"SIM","quantity":"900.000","price":"0.00049199","timestamp":1645040268,"volume":"0.44279100","buyTxId":"8efab457a3ee2a015c94967b42195bceca13d1d6","sellTxId":"a64fc47e829ff2b809c4aceb40708e12591ed07a"}
{"index": {"_index":"sim","_id":"2792054"}}
	{"id":2792054,"type":"sell","buyer":"pi-trader","seller":"bearbear613","symbol":"SIM","quantity":"933.000","price":"0.00048251","timestamp":1645041420,"volume":"0.45018183","buyTxId":"b06d6ae7568337c78df0ad9931127f090f2d52b8-3","sellTxId":"aac9dcc08bb7a181bb1c1c2aa13ec9759d9427e6"}
{"index": {"_index":"sim","_id":"2792078"}}
	{"id":2792078,"type":"sell","buyer":"pi-trader","seller":"evernoticethat","symbol":"SIM","quantity":"700.000","price":"0.00048251","timestamp":1645041717,"volume":"0.33775700","buyTxId":"632a1e599b94cd36e9eb2ede24bea11036bd5094-4","sellTxId":"46645c9010753dd70f45dbb31dcc01c5789fd2b9"}
{"index": {"_index":"sim","_id":"2792211"}}
	{"id":2792211,"type":"sell","buyer":"pi-trader","seller":"desyfit","symbol":"SIM","quantity":"150000.000","price":"0.00048251","timestamp":1645043502,"volume":"72.37650000","buyTxId":"aca15f19d293051033d8dfc5e1de1a39aa92fcc1-3","sellTxId":"39d04cf69fc3949ed8d0ff66cca82ab46c88f495"}
{"index": {"_index":"sim","_id":"2792225"}}
	{"id":2792225,"type":"buy","buyer":"clapyyn","seller":"lestrange","symbol":"SIM","quantity":"54.031","price":"0.00049199","timestamp":1645043652,"volume":"0.02658271","buyTxId":"136d7e2ec8f0fae5fb7e1eae1a2d555b0637dae6","sellTxId":"a64fc47e829ff2b809c4aceb40708e12591ed07a"}
{"index": {"_index":"sim","_id":"2792244"}}
	{"id":2792244,"type":"buy","buyer":"monsterjamgold","seller":"lestrange","symbol":"SIM","quantity":"5176.969","price":"0.00049199","timestamp":1645044138,"volume":"2.54701698","buyTxId":"fa3dfa21eac7c2cff38ef05aca79760119ba00b0","sellTxId":"a64fc47e829ff2b809c4aceb40708e12591ed07a"}
{"index": {"_index":"sim","_id":"2792358"}}
	{"id":2792358,"type":"buy","buyer":"clapyyn","seller":"jelly-cz","symbol":"SIM","quantity":"1600.000","price":"0.00049200","timestamp":1645045122,"volume":"0.78720000","buyTxId":"d101ed797d6d1674469d0c3da3a9a58da31f8ac1","sellTxId":"MM-P-14887809-61875250-3-29-0"}
{"index": {"_index":"sim","_id":"2792372"}}
	{"id":2792372,"type":"sell","buyer":"monsterjamgold","seller":"medaymane","symbol":"SIM","quantity":"950.000","price":"0.00049199","timestamp":1645045383,"volume":"0.46739050","buyTxId":"fa3dfa21eac7c2cff38ef05aca79760119ba00b0","sellTxId":"0091f787528e8a23adde8ab3fc685961f5a0636b"}
{"index": {"_index":"sim","_id":"2792445"}}
	{"id":2792445,"type":"buy","buyer":"monsterjamgold","seller":"jelly-cz","symbol":"SIM","quantity":"167.135","price":"0.00049200","timestamp":1645046283,"volume":"0.08223042","buyTxId":"4d62c88522be4f97b2529b13f8c942a7019e7659","sellTxId":"MM-P-14887809-61875250-3-29-0"}
{"index": {"_index":"sim","_id":"2792453"}}
	{"id":2792453,"type":"buy","buyer":"clapyyn","seller":"jelly-cz","symbol":"SIM","quantity":"550.000","price":"0.00049200","timestamp":1645046370,"volume":"0.27060000","buyTxId":"61363b8edd56d08d8a9157b5085bc5fb7cb3a458","sellTxId":"MM-P-14887809-61875250-3-29-0"}
{"index": {"_index":"sim","_id":"2792533"}}
	{"id":2792533,"type":"buy","buyer":"clapyyn","seller":"jelly-cz","symbol":"SIM","quantity":"425.000","price":"0.00049200","timestamp":1645047282,"volume":"0.20910000","buyTxId":"15548dde77e46be2148f0dcd04874caaac3b949b","sellTxId":"MM-P-14887809-61875250-3-29-0"}
{"index": {"_index":"sim","_id":"2792540"}}
	{"id":2792540,"type":"buy","buyer":"clapyyn","seller":"jelly-cz","symbol":"SIM","quantity":"4.000","price":"0.00049200","timestamp":1645047345,"volume":"0.00196800","buyTxId":"4ea60f3c4eb4b940675e1536115be564d8a02148","sellTxId":"MM-P-14887809-61875250-3-29-0"}
{"index": {"_index":"sim","_id":"2792544"}}
	{"id":2792544,"type":"buy","buyer":"clapyyn","seller":"jelly-cz","symbol":"SIM","quantity":"350.000","price":"0.00049200","timestamp":1645047426,"volume":"0.17220000","buyTxId":"91326da877cdcb691741e679cf2a265af125704c","sellTxId":"MM-P-14887809-61875250-3-29-0"}
{"index": {"_index":"sim","_id":"2792553"}}
	{"id":2792553,"type":"sell","buyer":"monsterjamgold","seller":"darth-azrael","symbol":"SIM","quantity":"27.761","price":"0.00049199","timestamp":1645047480,"volume":"0.01365813","buyTxId":"fa3dfa21eac7c2cff38ef05aca79760119ba00b0","sellTxId":"0848fd15a6dab24ba5829e69720b09e6411c5556"}
{"index": {"_index":"sim","_id":"2792596"}}
	{"id":2792596,"type":"buy","buyer":"monsterjamgold","seller":"jelly-cz","symbol":"SIM","quantity":"28.000","price":"0.00049200","timestamp":1645047957,"volume":"0.01377600","buyTxId":"a245e20d25a37c55f280e6460d383fe1d718ea34","sellTxId":"MM-P-14887809-61875250-3-29-0"}
{"index": {"_index":"sim","_id":"2792607"}}
	{"id":2792607,"type":"sell","buyer":"monsterjamgold","seller":"threesteps","symbol":"SIM","quantity":"445.051","price":"0.00049199","timestamp":1645048035,"volume":"0.21896064","buyTxId":"fa3dfa21eac7c2cff38ef05aca79760119ba00b0","sellTxId":"ce0ed28af3acf5296b608e79e3a3a2164319fb91"}
{"index": {"_index":"sim","_id":"2792618"}}
	{"id":2792618,"type":"buy","buyer":"clapyyn","seller":"jelly-cz","symbol":"SIM","quantity":"800.000","price":"0.00049200","timestamp":1645048131,"volume":"0.39360000","buyTxId":"982e8936a4d206d2d364b9608f1caa374d841f6b","sellTxId":"MM-P-14887809-61875250-3-29-0"}
{"index": {"_index":"sim","_id":"2792662"}}
	{"id":2792662,"type":"buy","buyer":"clapyyn","seller":"jelly-cz","symbol":"SIM","quantity":"5.000","price":"0.00049200","timestamp":1645048620,"volume":"0.00246000","buyTxId":"91441bc8a449d0c4d3c9d1d48bde0f6afba45f7c","sellTxId":"MM-P-14887809-61875250-3-29-0"}
{"index": {"_index":"sim","_id":"2792664"}}
	{"id":2792664,"type":"buy","buyer":"maryjane.main","seller":"jelly-cz","symbol":"SIM","quantity":"15000.000","price":"0.00049200","timestamp":1645048653,"volume":"7.38000000","buyTxId":"ac22e33c1760a4de40d92720a44b52e592d752ab","sellTxId":"MM-P-14887809-61875250-3-29-0"}
{"index": {"_index":"sim","_id":"2792682"}}
	{"id":2792682,"type":"sell","buyer":"monsterjamgold","seller":"worldfinances","symbol":"SIM","quantity":"500.000","price":"0.00049199","timestamp":1645048860,"volume":"0.24599500","buyTxId":"fa3dfa21eac7c2cff38ef05aca79760119ba00b0","sellTxId":"b45d3c12baa382ea463cec243fe7b73258bd7c43"}
{"index": {"_index":"sim","_id":"2792728"}}
	{"id":2792728,"type":"buy","buyer":"theclasser1","seller":"jelly-cz","symbol":"SIM","quantity":"18110.698","price":"0.00049200","timestamp":1645049844,"volume":"8.91046342","buyTxId":"f8cbdd111cfa7c9c2d55ae2baa7385b01d018cfd","sellTxId":"MM-P-14887809-61875250-3-29-0"}
{"index": {"_index":"sim","_id":"2792876"}}
	{"id":2792876,"type":"sell","buyer":"monsterjamgold","seller":"nyxlabs","symbol":"SIM","quantity":"865.213","price":"0.00049199","timestamp":1645052016,"volume":"0.42567614","buyTxId":"fa3dfa21eac7c2cff38ef05aca79760119ba00b0","sellTxId":"565b614d0498fb395e5a7f80b4293e5c1012f037"}
{"index": {"_index":"sim","_id":"2792888"}}
	{"id":2792888,"type":"sell","buyer":"monsterjamgold","seller":"dreit","symbol":"SIM","quantity":"433.830","price":"0.00049199","timestamp":1645052208,"volume":"0.21344002","buyTxId":"fa3dfa21eac7c2cff38ef05aca79760119ba00b0","sellTxId":"a1f57325af94032c5640cc3cccc654e9bb79c11a"}
{"index": {"_index":"sim","_id":"2792910"}}
	{"id":2792910,"type":"buy","buyer":"forsakensushi","seller":"jelly-cz","symbol":"SIM","quantity":"100000.000","price":"0.00049200","timestamp":1645052556,"volume":"49.20000000","buyTxId":"97bb6284c2b74e090707fbf4f5aa63bde2c82bfd","sellTxId":"MM-P-14887809-61875250-3-29-0"}
{"index": {"_index":"sim","_id":"2793140"}}
	{"id":2793140,"type":"sell","buyer":"monsterjamgold","seller":"dswap","symbol":"SIM","quantity":"6.384","price":"0.00049199","timestamp":1645055856,"volume":"0.00314086","buyTxId":"fa3dfa21eac7c2cff38ef05aca79760119ba00b0","sellTxId":"f9cef5c6f870a6b679f3e4b741a8d44a3477f18e"}
{"index": {"_index":"sim","_id":"2793196"}}
	{"id":2793196,"type":"buy","buyer":"evernoticethat","seller":"jelly-cz","symbol":"SIM","quantity":"8844.167","price":"0.00049200","timestamp":1645056693,"volume":"4.35133016","buyTxId":"51101e4f37d53cd3fac00d2b88270bf737fef37e","sellTxId":"MM-P-14887809-61875250-3-29-0"}
{"index": {"_index":"sim","_id":"2793197"}}
	{"id":2793197,"type":"buy","buyer":"evernoticethat","seller":"he-index","symbol":"SIM","quantity":"44.522","price":"0.00049200","timestamp":1645056693,"volume":"0.02190482","buyTxId":"51101e4f37d53cd3fac00d2b88270bf737fef37e","sellTxId":"c4ba99de14efe9280c253a2a1c7d8f0e0bbb764c"}
{"index": {"_index":"sim","_id":"2793198"}}
	{"id":2793198,"type":"buy","buyer":"evernoticethat","seller":"robertkdk","symbol":"SIM","quantity":"6232.000","price":"0.00049245","timestamp":1645056693,"volume":"3.06894840","buyTxId":"51101e4f37d53cd3fac00d2b88270bf737fef37e","sellTxId":"676055722b41d956bacd5556b2266b95ab7d3a43"}
{"index": {"_index":"sim","_id":"2793199"}}
	{"id":2793199,"type":"buy","buyer":"evernoticethat","seller":"brofi-market","symbol":"SIM","quantity":"0.001","price":"0.00049296","timestamp":1645056693,"volume":"0.00000049","buyTxId":"51101e4f37d53cd3fac00d2b88270bf737fef37e","sellTxId":"3f58638b6ec9f5c71f48b1fe67ede8c78fb6cac4"}
{"index": {"_index":"sim","_id":"2793200"}}
	{"id":2793200,"type":"buy","buyer":"evernoticethat","seller":"brofi-market","symbol":"SIM","quantity":"0.001","price":"0.00049347","timestamp":1645056693,"volume":"0.00000049","buyTxId":"51101e4f37d53cd3fac00d2b88270bf737fef37e","sellTxId":"dfcf2054927724e1ab850d37d6bb691008e7b67a"}
{"index": {"_index":"sim","_id":"2793201"}}
	{"id":2793201,"type":"buy","buyer":"evernoticethat","seller":"brofi-market","symbol":"SIM","quantity":"0.003","price":"0.00049398","timestamp":1645056693,"volume":"0.00000148","buyTxId":"51101e4f37d53cd3fac00d2b88270bf737fef37e","sellTxId":"cd6017ddc7085603304bf00aa89b126f799cdd38"}
{"index": {"_index":"sim","_id":"2793216"}}
	{"id":2793216,"type":"buy","buyer":"evernoticethat","seller":"brofi-market","symbol":"SIM","quantity":"0.003","price":"0.00049400","timestamp":1645056783,"volume":"0.00000148","buyTxId":"4c097d46bd18a23d0dc7a5ab7e673973de9454e7","sellTxId":"7b7bba279c8ca8907c7b317e53360cf221354c77"}
{"index": {"_index":"sim","_id":"2793223"}}
	{"id":2793223,"type":"sell","buyer":"evernoticethat","seller":"jelly-cz","symbol":"SIM","quantity":"9999.997","price":"0.00049400","timestamp":1645056804,"volume":"4.93999852","buyTxId":"4c097d46bd18a23d0dc7a5ab7e673973de9454e7","sellTxId":"MM-P-14895188-61882631-3-29-0"}
{"index": {"_index":"sim","_id":"2793268"}}
	{"id":2793268,"type":"buy","buyer":"evernoticethat","seller":"jelly-cz","symbol":"SIM","quantity":"5000.000","price":"0.00049398","timestamp":1645057446,"volume":"2.46990000","buyTxId":"cbd1dc4849a0bcf911356179a37268da5a355077","sellTxId":"MM-P-14895188-61882631-3-29-0"}
{"index": {"_index":"sim","_id":"2793289"}}
	{"id":2793289,"type":"buy","buyer":"evernoticethat","seller":"jelly-cz","symbol":"SIM","quantity":"6000.000","price":"0.00049398","timestamp":1645057770,"volume":"2.96388000","buyTxId":"34038a852d558cfe2a107aa1aa8a74417b2c8cbc","sellTxId":"MM-P-14895188-61882631-3-29-0"}
{"index": {"_index":"sim","_id":"2793462"}}
	{"id":2793462,"type":"buy","buyer":"forsakensushi","seller":"jelly-cz","symbol":"SIM","quantity":"124884.003","price":"0.00049398","timestamp":1645059534,"volume":"61.69019980","buyTxId":"78adf908195ca6bee11cc95f14feaf3777319377","sellTxId":"MM-P-14895188-61882631-3-29-0"}
{"index": {"_index":"sim","_id":"2793468"}}
	{"id":2793468,"type":"buy","buyer":"forsakensushi","seller":"pokerarema","symbol":"SIM","quantity":"534487.000","price":"0.00049449","timestamp":1645059585,"volume":"264.29847663","buyTxId":"29db45d3a440813f12f5573b429354e993fdb6e7","sellTxId":"0ad91712f05fec19f1c3dcb51dff2ce60ca90815"}
{"index": {"_index":"sim","_id":"2793469"}}
	{"id":2793469,"type":"buy","buyer":"forsakensushi","seller":"brofi-market","symbol":"SIM","quantity":"0.003","price":"0.00049449","timestamp":1645059585,"volume":"0.00000148","buyTxId":"29db45d3a440813f12f5573b429354e993fdb6e7","sellTxId":"80a396a9346b066b8c6cb798a8d3857734c279e4"}
{"index": {"_index":"sim","_id":"2793470"}}
	{"id":2793470,"type":"buy","buyer":"forsakensushi","seller":"he-index","symbol":"SIM","quantity":"44.384","price":"0.00049920","timestamp":1645059585,"volume":"0.02215649","buyTxId":"29db45d3a440813f12f5573b429354e993fdb6e7","sellTxId":"83943609688f189909b868a8783ab64fbc9eba50"}
{"index": {"_index":"sim","_id":"2793471"}}
	{"id":2793471,"type":"buy","buyer":"forsakensushi","seller":"master-lamps","symbol":"SIM","quantity":"3577.124","price":"0.00049921","timestamp":1645059585,"volume":"1.78573607","buyTxId":"29db45d3a440813f12f5573b429354e993fdb6e7","sellTxId":"35b29d7ea9495e2db33f3b5d8db75a53786a0e6a"}
{"index": {"_index":"sim","_id":"2793472"}}
	{"id":2793472,"type":"buy","buyer":"forsakensushi","seller":"medaymane","symbol":"SIM","quantity":"1075.200","price":"0.00049921","timestamp":1645059585,"volume":"0.53675059","buyTxId":"29db45d3a440813f12f5573b429354e993fdb6e7","sellTxId":"eb03d83d0a76bab21ccad620253979a6fbf4cd58"}
{"index": {"_index":"sim","_id":"2793473"}}
	{"id":2793473,"type":"buy","buyer":"forsakensushi","seller":"eshr92","symbol":"SIM","quantity":"132.000","price":"0.00050000","timestamp":1645059585,"volume":"0.06600000","buyTxId":"29db45d3a440813f12f5573b429354e993fdb6e7","sellTxId":"7b5c345b2b6ea30f51fb27e07f817b9f241f8544"}
{"index": {"_index":"sim","_id":"2793474"}}
	{"id":2793474,"type":"buy","buyer":"forsakensushi","seller":"bala41288","symbol":"SIM","quantity":"10684.289","price":"0.00050000","timestamp":1645059585,"volume":"5.34214450","buyTxId":"29db45d3a440813f12f5573b429354e993fdb6e7","sellTxId":"1f71ea2554eca0ae99d95ad3f19fef4622c0dcf4"}
{"index": {"_index":"sim","_id":"2793488"}}
	{"id":2793488,"type":"buy","buyer":"forsakensushi","seller":"pi-trader","symbol":"SIM","quantity":"50000.000","price":"0.00049999","timestamp":1645059648,"volume":"24.99950000","buyTxId":"71b7d5aee612a4b016b2d7ffdb5712fdc99bd4c8","sellTxId":"2d4ca7491e9eb124a289f85573f5d0ec4c9646e5"}
{"index": {"_index":"sim","_id":"2793489"}}
	{"id":2793489,"type":"buy","buyer":"forsakensushi","seller":"bala41288","symbol":"SIM","quantity":"9315.711","price":"0.00050000","timestamp":1645059648,"volume":"4.65785550","buyTxId":"71b7d5aee612a4b016b2d7ffdb5712fdc99bd4c8","sellTxId":"1f71ea2554eca0ae99d95ad3f19fef4622c0dcf4"}
{"index": {"_index":"sim","_id":"2793508"}}
	{"id":2793508,"type":"buy","buyer":"forsakensushi","seller":"brofi-market","symbol":"SIM","quantity":"0.001","price":"0.00050390","timestamp":1645059801,"volume":"0.00000050","buyTxId":"d03dcdbb154526c092df9df5c1f1318a7678429f","sellTxId":"c6321ede3cf86afc9381197b6d8af3636869c68d"}
{"index": {"_index":"sim","_id":"2793509"}}
	{"id":2793509,"type":"buy","buyer":"forsakensushi","seller":"brofi-market","symbol":"SIM","quantity":"0.003","price":"0.00050441","timestamp":1645059801,"volume":"0.00000151","buyTxId":"d03dcdbb154526c092df9df5c1f1318a7678429f","sellTxId":"460595abcae9e256245b184d5a526385bb44adf1"}
{"index": {"_index":"sim","_id":"2793510"}}
	{"id":2793510,"type":"buy","buyer":"forsakensushi","seller":"pi-trader","symbol":"SIM","quantity":"50000.000","price":"0.00050999","timestamp":1645059801,"volume":"25.49950000","buyTxId":"d03dcdbb154526c092df9df5c1f1318a7678429f","sellTxId":"f6ab351fc05dbda80fc189a89ed92b2646c69778-6"}
{"index": {"_index":"sim","_id":"2793511"}}
	{"id":2793511,"type":"buy","buyer":"forsakensushi","seller":"wizzitywillican","symbol":"SIM","quantity":"72942.000","price":"0.00051000","timestamp":1645059801,"volume":"37.20042000","buyTxId":"d03dcdbb154526c092df9df5c1f1318a7678429f","sellTxId":"0b8402d03b4eb21877d8e377f736e5b8bd972a92"}
{"index": {"_index":"sim","_id":"2793512"}}
	{"id":2793512,"type":"sell","buyer":"forsakensushi","seller":"konvik","symbol":"SIM","quantity":"7051.986","price":"0.00051000","timestamp":1645059804,"volume":"3.59651286","buyTxId":"d03dcdbb154526c092df9df5c1f1318a7678429f","sellTxId":"2f78f837db5dcdc4a05a2c1bd80317fdfb1db626-1"}
{"index": {"_index":"sim","_id":"2793513"}}
	{"id":2793513,"type":"sell","buyer":"forsakensushi","seller":"genet","symbol":"SIM","quantity":"6.010","price":"0.00051000","timestamp":1645059804,"volume":"0.00306510","buyTxId":"d03dcdbb154526c092df9df5c1f1318a7678429f","sellTxId":"bba565efab0eddb1cd3ed210edb6fc88e5f425bd-1"}
{"index": {"_index":"sim","_id":"2793663"}}
	{"id":2793663,"type":"sell","buyer":"forsakensushi","seller":"linco","symbol":"SIM","quantity":"501.000","price":"0.00049400","timestamp":1645061670,"volume":"0.24749400","buyTxId":"78adf908195ca6bee11cc95f14feaf3777319377","sellTxId":"4ab8ac1675751319540cd2626dbe304aacc2dfa1"}
{"index": {"_index":"sim","_id":"2793774"}}
	{"id":2793774,"type":"buy","buyer":"forsakensushi","seller":"jelly-cz","symbol":"SIM","quantity":"145884.000","price":"0.00051828","timestamp":1645063131,"volume":"75.60875952","buyTxId":"d217bedba1e2daea4b18252297fdae7253de66f8","sellTxId":"MM-P-14897284-61884728-3-29-0"}
{"index": {"_index":"sim","_id":"2793775"}}
	{"id":2793775,"type":"buy","buyer":"forsakensushi","seller":"pi-trader","symbol":"SIM","quantity":"50000.000","price":"0.00051879","timestamp":1645063131,"volume":"25.93950000","buyTxId":"d217bedba1e2daea4b18252297fdae7253de66f8","sellTxId":"4123c49ee8aa5c74b77393b8cfae84e22d71fd3d-3"}
{"index": {"_index":"sim","_id":"2793777"}}
	{"id":2793777,"type":"sell","buyer":"forsakensushi","seller":"genet","symbol":"SIM","quantity":"4116.000","price":"0.00052000","timestamp":1645063134,"volume":"2.14032000","buyTxId":"d217bedba1e2daea4b18252297fdae7253de66f8","sellTxId":"4d64ad0740e8b1221e2ed25d8e31dde3c5c8bd84-1"}
{"index": {"_index":"sim","_id":"2793887"}}
	{"id":2793887,"type":"sell","buyer":"forsakensushi","seller":"konvik","symbol":"SIM","quantity":"199800.774","price":"0.00052000","timestamp":1645064562,"volume":"103.89640248","buyTxId":"ed03b81ad56062e865627ba0ff761ca58cb0b435","sellTxId":"7650aa92ccb20ae20f627733d921f5fd1ffb28bc-1"}
{"index": {"_index":"sim","_id":"2793888"}}
	{"id":2793888,"type":"sell","buyer":"forsakensushi","seller":"genet","symbol":"SIM","quantity":"199.226","price":"0.00052000","timestamp":1645064562,"volume":"0.10359752","buyTxId":"ed03b81ad56062e865627ba0ff761ca58cb0b435","sellTxId":"7772bff4a59ba5445ad1dd377ae667f76daa666a-2"}
{"index": {"_index":"sim","_id":"2794105"}}
	{"id":2794105,"type":"buy","buyer":"forsakensushi","seller":"pi-trader","symbol":"SIM","quantity":"50000.000","price":"0.00051723","timestamp":1645067184,"volume":"25.86150000","buyTxId":"94367d80985246d510ea1b80d0af002292086f79","sellTxId":"f24ca658a9de675e52c282861a10e9d2377919c6-3"}
{"index": {"_index":"sim","_id":"2794106"}}
	{"id":2794106,"type":"buy","buyer":"forsakensushi","seller":"jelly-cz","symbol":"SIM","quantity":"145884.000","price":"0.00051724","timestamp":1645067184,"volume":"75.45704016","buyTxId":"94367d80985246d510ea1b80d0af002292086f79","sellTxId":"MM-P-14898579-61886023-3-29-0"}
{"index": {"_index":"sim","_id":"2794107"}}
	{"id":2794107,"type":"sell","buyer":"forsakensushi","seller":"genet","symbol":"SIM","quantity":"4116.000","price":"0.00052000","timestamp":1645067187,"volume":"2.14032000","buyTxId":"94367d80985246d510ea1b80d0af002292086f79","sellTxId":"bdfe2fafabae5768939de46839e10b890bab8dae-1"}
{"index": {"_index":"sim","_id":"2794175"}}
	{"id":2794175,"type":"sell","buyer":"monsterjamgold","seller":"theshaki","symbol":"SIM","quantity":"59.296","price":"0.00049199","timestamp":1645068483,"volume":"0.02917304","buyTxId":"fa3dfa21eac7c2cff38ef05aca79760119ba00b0","sellTxId":"a9d54ac7b75ed5487ad9b68292c7c9cae9c1a836"}
