{"index": {"_index":"sim","_id":"1543594"}}
	{"id":1543594,"type":"sell","buyer":"pi-trader","seller":"themightyvolcano","symbol":"SIM","quantity":"33721.000","price":"0.00117410","timestamp":1631931843,"volume":"39.59182610","buyTxId":"996c5504471eeb840695d1171ffddd2a05f54b29-5","sellTxId":"ebc8b01c06a6c545110672c56a8a082893870966"}
{"index": {"_index":"sim","_id":"1543641"}}
	{"id":1543641,"type":"sell","buyer":"pi-trader","seller":"yintercept","symbol":"SIM","quantity":"2.362","price":"0.00117451","timestamp":1631933295,"volume":"0.00277419","buyTxId":"e141e86f100038524616484db315af5a4630c82f-5","sellTxId":"777d9b4884900ec2ab58fb095e1198860a5acc50"}
{"index": {"_index":"sim","_id":"1543717"}}
	{"id":1543717,"type":"sell","buyer":"pi-trader","seller":"travelgirl","symbol":"SIM","quantity":"5304.000","price":"0.00117482","timestamp":1631934501,"volume":"6.23124528","buyTxId":"f13c3fed4dca415057346b24b61292ac29f0d91c-5","sellTxId":"576de46a76e9654d226279af59064084b9950e26"}
{"index": {"_index":"sim","_id":"1543790"}}
	{"id":1543790,"type":"buy","buyer":"konvik","seller":"joshh71390","symbol":"SIM","quantity":"6000.000","price":"0.00118000","timestamp":1631936277,"volume":"7.08000000","buyTxId":"640185944b50fc56d9479d632d836e79737a2efb-0","sellTxId":"83c379a038428a17c3e632511b75ebdc49839784"}
{"index": {"_index":"sim","_id":"1543819"}}
	{"id":1543819,"type":"sell","buyer":"pi-trader","seller":"theguruasia","symbol":"SIM","quantity":"3154.799","price":"0.00117579","timestamp":1631938026,"volume":"3.70938112","buyTxId":"55f06ea7df50680fd1b37864855859d1da352c63-7","sellTxId":"46e0e2665fa8f238010613ce45f78653df390d09"}
{"index": {"_index":"sim","_id":"1543851"}}
	{"id":1543851,"type":"sell","buyer":"jelly-cz","seller":"pixaroma","symbol":"SIM","quantity":"69727.298","price":"0.00117601","timestamp":1631938881,"volume":"81.99999972","buyTxId":"MM-P-10537088-57521435-3-34-0","sellTxId":"f189c4059c70873a00e2467286b725ed4e5f0f78"}
{"index": {"_index":"sim","_id":"1543852"}}
	{"id":1543852,"type":"sell","buyer":"pi-trader","seller":"pixaroma","symbol":"SIM","quantity":"50000.000","price":"0.00117600","timestamp":1631938881,"volume":"58.80000000","buyTxId":"ad8ac52da20f2b937cd845a35f9225bf7fb18e77-5","sellTxId":"f189c4059c70873a00e2467286b725ed4e5f0f78"}
{"index": {"_index":"sim","_id":"1543853"}}
	{"id":1543853,"type":"sell","buyer":"solovey6o2","seller":"pixaroma","symbol":"SIM","quantity":"77340.353","price":"0.00117599","timestamp":1631938881,"volume":"90.95148172","buyTxId":"b5ce7ac525c3ecee92acd9df45c88e9bd8bca5e2","sellTxId":"f189c4059c70873a00e2467286b725ed4e5f0f78"}
{"index": {"_index":"sim","_id":"1543854"}}
	{"id":1543854,"type":"buy","buyer":"pi-trader","seller":"pixaroma","symbol":"SIM","quantity":"2932.349","price":"0.00117598","timestamp":1631938884,"volume":"3.44838378","buyTxId":"ef2c5cee7f3145b8345df751d8f3ec1919e6d723-7","sellTxId":"f189c4059c70873a00e2467286b725ed4e5f0f78"}
{"index": {"_index":"sim","_id":"1543857"}}
	{"id":1543857,"type":"sell","buyer":"pi-trader","seller":"forykw","symbol":"SIM","quantity":"50000.000","price":"0.00117001","timestamp":1631938995,"volume":"58.50050000","buyTxId":"883ad2561c8ef408aab9fdaef085010c7821754f-3","sellTxId":"8ee65da04da8d2b743174bcb765b25fd067033b0"}
{"index": {"_index":"sim","_id":"1543865"}}
	{"id":1543865,"type":"sell","buyer":"pi-trader","seller":"manoldonchev","symbol":"SIM","quantity":"4790.000","price":"0.00117004","timestamp":1631939301,"volume":"5.60449160","buyTxId":"c3a2891703f0ae427c351c0fa0b18e1a25c9783a-7","sellTxId":"93e77ec655bff5f951acb94513da31c0e4819bef"}
{"index": {"_index":"sim","_id":"1543868"}}
	{"id":1543868,"type":"sell","buyer":"pi-trader","seller":"justinparke","symbol":"SIM","quantity":"9479.706","price":"0.00117004","timestamp":1631939430,"volume":"11.09163521","buyTxId":"e1a5ae93707cec0a97063d33ac368fff31db18dd-3","sellTxId":"fe5911df6280d443645e0ada8c10e4f4fe3773b6"}
{"index": {"_index":"sim","_id":"1543870"}}
	{"id":1543870,"type":"sell","buyer":"jelly-cz","seller":"proxysnyder","symbol":"SIM","quantity":"330.800","price":"0.00117006","timestamp":1631939460,"volume":"0.38705585","buyTxId":"MM-P-10537288-57521635-3-34-0","sellTxId":"3f339efbb22a2981f0446cfae3285a6f7c2e1851"}
{"index": {"_index":"sim","_id":"1543934"}}
	{"id":1543934,"type":"sell","buyer":"pi-trader","seller":"trumpman","symbol":"SIM","quantity":"923.220","price":"0.00117016","timestamp":1631940582,"volume":"1.08031512","buyTxId":"010e736182b96fa2e11eef4c8a44a13c82ed46b5-5","sellTxId":"f02a13bd7fbfe576504f466677078b9a916ab550"}
{"index": {"_index":"sim","_id":"1543979"}}
	{"id":1543979,"type":"buy","buyer":"poseyman","seller":"nftmart.fees","symbol":"SIM","quantity":"20.000","price":"0.00123989","timestamp":1631941428,"volume":"0.02479780","buyTxId":"efc7af73f1a38eb1fe5003d380f3e70754c25f05","sellTxId":"f6cc36cff43dc21eaa0c7ebf8d44815a6d1845b5-0"}
{"index": {"_index":"sim","_id":"1543980"}}
	{"id":1543980,"type":"buy","buyer":"poseyman","seller":"dhedge-drips","symbol":"SIM","quantity":"0.001","price":"0.00123999","timestamp":1631941428,"volume":"0.00000124","buyTxId":"efc7af73f1a38eb1fe5003d380f3e70754c25f05","sellTxId":"85a92f315712141dec016a415bdb1f617dd437f6"}
{"index": {"_index":"sim","_id":"1543981"}}
	{"id":1543981,"type":"buy","buyer":"poseyman","seller":"eshr92","symbol":"SIM","quantity":"150.000","price":"0.00124000","timestamp":1631941428,"volume":"0.18600000","buyTxId":"efc7af73f1a38eb1fe5003d380f3e70754c25f05","sellTxId":"23f97a21f46ac58ae8ecfa7c62ecccf15efdc6ab"}
{"index": {"_index":"sim","_id":"1543982"}}
	{"id":1543982,"type":"buy","buyer":"poseyman","seller":"pinkfloyd878","symbol":"SIM","quantity":"129.999","price":"0.00124988","timestamp":1631941428,"volume":"0.16248315","buyTxId":"efc7af73f1a38eb1fe5003d380f3e70754c25f05","sellTxId":"1a2ef4ed5a80f312ffb3fad14d5d96f625098b80"}
{"index": {"_index":"sim","_id":"1543985"}}
	{"id":1543985,"type":"sell","buyer":"pi-trader","seller":"kreur","symbol":"SIM","quantity":"288.000","price":"0.00117025","timestamp":1631941509,"volume":"0.33703200","buyTxId":"d88cd495121410eaa47b404ef48669fc5c15553c-5","sellTxId":"d2417ad4ab162d72421979f9b91b0d8e37399d3b"}
{"index": {"_index":"sim","_id":"1543996"}}
	{"id":1543996,"type":"buy","buyer":"kevinnag58","seller":"holovision.list","symbol":"SIM","quantity":"2.600","price":"0.00120000","timestamp":1631941878,"volume":"0.00312000","buyTxId":"a439a0f95d1247f3c17ea6b9053456c495b66a95","sellTxId":"d1abc0953479db0a94f9bfa09f8a655c2a03b5c2"}
{"index": {"_index":"sim","_id":"1543997"}}
	{"id":1543997,"type":"buy","buyer":"kevinnag58","seller":"pinkfloyd878","symbol":"SIM","quantity":"20.001","price":"0.00124988","timestamp":1631941878,"volume":"0.02499885","buyTxId":"a439a0f95d1247f3c17ea6b9053456c495b66a95","sellTxId":"1a2ef4ed5a80f312ffb3fad14d5d96f625098b80"}
{"index": {"_index":"sim","_id":"1543998"}}
	{"id":1543998,"type":"buy","buyer":"kevinnag58","seller":"brofi-market","symbol":"SIM","quantity":"0.014","price":"0.00124988","timestamp":1631941878,"volume":"0.00001750","buyTxId":"a439a0f95d1247f3c17ea6b9053456c495b66a95","sellTxId":"f326dbbe6f02a60d5eaa93865ddaff8ce3399e18"}
{"index": {"_index":"sim","_id":"1543999"}}
	{"id":1543999,"type":"buy","buyer":"kevinnag58","seller":"pinkfloyd878","symbol":"SIM","quantity":"200.000","price":"0.00124998","timestamp":1631941878,"volume":"0.24999600","buyTxId":"a439a0f95d1247f3c17ea6b9053456c495b66a95","sellTxId":"28394e979fb9839a42136657a2551d03a141cde5"}
{"index": {"_index":"sim","_id":"1544000"}}
	{"id":1544000,"type":"buy","buyer":"kevinnag58","seller":"pinkfloyd878","symbol":"SIM","quantity":"250.000","price":"0.00125998","timestamp":1631941878,"volume":"0.31499500","buyTxId":"a439a0f95d1247f3c17ea6b9053456c495b66a95","sellTxId":"76fc364b008df97e95795e32eb1008e1ca413398"}
{"index": {"_index":"sim","_id":"1544001"}}
	{"id":1544001,"type":"buy","buyer":"kevinnag58","seller":"pinkfloyd878","symbol":"SIM","quantity":"252.000","price":"0.00125999","timestamp":1631941878,"volume":"0.31751748","buyTxId":"a439a0f95d1247f3c17ea6b9053456c495b66a95","sellTxId":"47cc497ce356125e563d70de72c92f07ff8b7865"}
{"index": {"_index":"sim","_id":"1544002"}}
	{"id":1544002,"type":"buy","buyer":"kevinnag58","seller":"solovey6o2","symbol":"SIM","quantity":"864.574","price":"0.00125999","timestamp":1631941878,"volume":"1.08935517","buyTxId":"a439a0f95d1247f3c17ea6b9053456c495b66a95","sellTxId":"800523d825c9699c56903b3e80de199030442fae"}
{"index": {"_index":"sim","_id":"1544032"}}
	{"id":1544032,"type":"buy","buyer":"kevinnag58","seller":"onecent","symbol":"SIM","quantity":"888.000","price":"0.00125490","timestamp":1631942322,"volume":"1.11435120","buyTxId":"3ad2b8977d9f9827092fce9f4fdb12501c93f9a0","sellTxId":"86d3db65d2c21fa2309388bdea1e77121a2f8798"}
{"index": {"_index":"sim","_id":"1544033"}}
	{"id":1544033,"type":"buy","buyer":"kevinnag58","seller":"solovey6o2","symbol":"SIM","quantity":"145.536","price":"0.00125999","timestamp":1631942322,"volume":"0.18337458","buyTxId":"3ad2b8977d9f9827092fce9f4fdb12501c93f9a0","sellTxId":"800523d825c9699c56903b3e80de199030442fae"}
{"index": {"_index":"sim","_id":"1544040"}}
	{"id":1544040,"type":"sell","buyer":"deepsafe","seller":"konvik","symbol":"SIM","quantity":"23976.239","price":"0.00125997","timestamp":1631942682,"volume":"30.20934185","buyTxId":"c7a3332e789b76e08b6afa5ccf90b38c2de1044b","sellTxId":"16645dd23ddf634c6d906e96eb2079460dec0728-1"}
{"index": {"_index":"sim","_id":"1544042"}}
	{"id":1544042,"type":"sell","buyer":"deepsafe","seller":"solovey6o2","symbol":"SIM","quantity":"23.761","price":"0.00125997","timestamp":1631942721,"volume":"0.02993815","buyTxId":"c7a3332e789b76e08b6afa5ccf90b38c2de1044b","sellTxId":"5a09535c99d36a9aa3231520a21fa54e6cc7cc68"}
{"index": {"_index":"sim","_id":"1544102"}}
	{"id":1544102,"type":"sell","buyer":"pi-trader","seller":"mawit07","symbol":"SIM","quantity":"10000.000","price":"0.00117054","timestamp":1631943978,"volume":"11.70540000","buyTxId":"7949574c61dcd8b09dd45a22e95006f14e3dc478-5","sellTxId":"77c990e928a038684f1436ab6880c83a2500d789"}
{"index": {"_index":"sim","_id":"1544294"}}
	{"id":1544294,"type":"buy","buyer":"deepsafe","seller":"nftmart.fees","symbol":"SIM","quantity":"20.000","price":"0.00117196","timestamp":1631947617,"volume":"0.02343920","buyTxId":"3f61c9abd297dae94add054a059b45ab4b65e152","sellTxId":"fb749d74a8947b5d12b7dd8ddcfe291d76eb57ba-0"}
{"index": {"_index":"sim","_id":"1544295"}}
	{"id":1544295,"type":"buy","buyer":"deepsafe","seller":"athomewithcraig","symbol":"SIM","quantity":"2170.160","price":"0.00117197","timestamp":1631947617,"volume":"2.54336242","buyTxId":"3f61c9abd297dae94add054a059b45ab4b65e152","sellTxId":"6e5c52cc665a76ddff4666c3542eae257e49d98b"}
{"index": {"_index":"sim","_id":"1544296"}}
	{"id":1544296,"type":"buy","buyer":"deepsafe","seller":"leizerstark","symbol":"SIM","quantity":"1909.840","price":"0.00120000","timestamp":1631947617,"volume":"2.29180800","buyTxId":"3f61c9abd297dae94add054a059b45ab4b65e152","sellTxId":"33319e1aae819adf41fc10d170692b87f5a5154a"}
{"index": {"_index":"sim","_id":"1544313"}}
	{"id":1544313,"type":"buy","buyer":"stickupboys","seller":"leizerstark","symbol":"SIM","quantity":"307.000","price":"0.00120000","timestamp":1631947998,"volume":"0.36840000","buyTxId":"48fe0e19f53d572015ab8b0099dd171bc9dbd469","sellTxId":"33319e1aae819adf41fc10d170692b87f5a5154a"}
{"index": {"_index":"sim","_id":"1544320"}}
	{"id":1544320,"type":"buy","buyer":"stickupboys","seller":"leizerstark","symbol":"SIM","quantity":"0.820","price":"0.00120000","timestamp":1631948028,"volume":"0.00098400","buyTxId":"ee376c8e3e41d8a3ede3596d22b85e7077458d12","sellTxId":"33319e1aae819adf41fc10d170692b87f5a5154a"}
{"index": {"_index":"sim","_id":"1544321"}}
	{"id":1544321,"type":"buy","buyer":"stickupboys","seller":"logicforce","symbol":"SIM","quantity":"5999.180","price":"0.00124000","timestamp":1631948028,"volume":"7.43898320","buyTxId":"ee376c8e3e41d8a3ede3596d22b85e7077458d12","sellTxId":"1903812e84985e72ffec2d6255cda53f4226687a"}
{"index": {"_index":"sim","_id":"1544495"}}
	{"id":1544495,"type":"sell","buyer":"pi-trader","seller":"razam","symbol":"SIM","quantity":"3.000","price":"0.00117133","timestamp":1631951577,"volume":"0.00351399","buyTxId":"3c7a3eb194af7e2e6c999614bb81db0478fcb104-7","sellTxId":"542dbface6f49071f85b6870c440e974615e67ef"}
{"index": {"_index":"sim","_id":"1544533"}}
	{"id":1544533,"type":"sell","buyer":"jelly-cz","seller":"muenchen","symbol":"SIM","quantity":"26537.700","price":"0.00117144","timestamp":1631952654,"volume":"31.08732329","buyTxId":"MM-P-10541675-57526030-3-34-0","sellTxId":"b50643933e3061312c8b093a0d6a7d4d7a455198"}
{"index": {"_index":"sim","_id":"1544559"}}
	{"id":1544559,"type":"buy","buyer":"stickupboys","seller":"nftmart.fees","symbol":"SIM","quantity":"15.000","price":"0.00123998","timestamp":1631953140,"volume":"0.01859970","buyTxId":"1d5125450f0013a8b746885726e9eae037da6caa","sellTxId":"10450f350a3ca33e3fcb02373129d99b252d916f-0"}
{"index": {"_index":"sim","_id":"1544560"}}
	{"id":1544560,"type":"buy","buyer":"stickupboys","seller":"logicforce","symbol":"SIM","quantity":"4000.820","price":"0.00124000","timestamp":1631953140,"volume":"4.96101680","buyTxId":"1d5125450f0013a8b746885726e9eae037da6caa","sellTxId":"1903812e84985e72ffec2d6255cda53f4226687a"}
{"index": {"_index":"sim","_id":"1544561"}}
	{"id":1544561,"type":"sell","buyer":"stickupboys","seller":"konvik","symbol":"SIM","quantity":"5978.255","price":"0.00124000","timestamp":1631953143,"volume":"7.41303620","buyTxId":"1d5125450f0013a8b746885726e9eae037da6caa","sellTxId":"7891fe3e52cdad615b9f383b55d261d948242ccf-1"}
{"index": {"_index":"sim","_id":"1544571"}}
	{"id":1544571,"type":"sell","buyer":"stickupboys","seller":"ericburgoyne","symbol":"SIM","quantity":"5.925","price":"0.00124000","timestamp":1631953338,"volume":"0.00734700","buyTxId":"1d5125450f0013a8b746885726e9eae037da6caa","sellTxId":"009a2a3a3782f24fc89c57432ccfe9cf45b90569"}
{"index": {"_index":"sim","_id":"1544574"}}
	{"id":1544574,"type":"sell","buyer":"pi-trader","seller":"ericburgoyne","symbol":"SIM","quantity":"47.568","price":"0.00117151","timestamp":1631953404,"volume":"0.05572639","buyTxId":"0d50dbc0078fbf81532dbca514a330ffba4f32eb-7","sellTxId":"9e6e0fb213e71a8638bc6f3ef044b824fd6dffac"}
{"index": {"_index":"sim","_id":"1544694"}}
	{"id":1544694,"type":"sell","buyer":"pi-trader","seller":"whatamidoing","symbol":"SIM","quantity":"7358.890","price":"0.00117186","timestamp":1631956611,"volume":"8.62358884","buyTxId":"3e91ff104e7b953eda0432eed260c1838781bf19-7","sellTxId":"e7849f3b4e04ae10e63e6fe8c39939d156e17c53"}
{"index": {"_index":"sim","_id":"1544761"}}
	{"id":1544761,"type":"sell","buyer":"pi-trader","seller":"heikki1337","symbol":"SIM","quantity":"3073.000","price":"0.00117210","timestamp":1631959050,"volume":"3.60186330","buyTxId":"64ca4f774c56c6010502264b7a6f64cd9480d85b-5","sellTxId":"2231cc913c27e4e052a15afc5847d1011c0e4740"}
{"index": {"_index":"sim","_id":"1544767"}}
	{"id":1544767,"type":"sell","buyer":"pi-trader","seller":"eythorphoto","symbol":"SIM","quantity":"31192.758","price":"0.00117210","timestamp":1631959176,"volume":"36.56103165","buyTxId":"2b26c50315aa0dd2bb3aeec15759d72d557d8026-5","sellTxId":"b314c4abbe9d6a69f9645fca52421b437ab5d0f5"}
{"index": {"_index":"sim","_id":"1544789"}}
	{"id":1544789,"type":"sell","buyer":"solovey6o2","seller":"amanda.yrr","symbol":"SIM","quantity":"16482.384","price":"0.00117220","timestamp":1631960097,"volume":"19.32065052","buyTxId":"b439e8d4752bcbe268393752162482bf83d363d9","sellTxId":"7a796486b53981fa0bcaf31f3e8d7a94a1b88253"}
{"index": {"_index":"sim","_id":"1544928"}}
	{"id":1544928,"type":"buy","buyer":"thegoliath","seller":"nftmart.fees","symbol":"SIM","quantity":"14.000","price":"0.00125997","timestamp":1631963871,"volume":"0.01763958","buyTxId":"368bfe170c2a6aa40785859df4fa7a5edffb9a43","sellTxId":"5c7df2430538a4526e7cddc87ffcf9aa04bfda7d-0"}
{"index": {"_index":"sim","_id":"1544929"}}
	{"id":1544929,"type":"buy","buyer":"thegoliath","seller":"mastergerund","symbol":"SIM","quantity":"53986.000","price":"0.00126000","timestamp":1631963871,"volume":"68.02236000","buyTxId":"368bfe170c2a6aa40785859df4fa7a5edffb9a43","sellTxId":"afb3e30aae7a3e5a3d2208dfcb28a45bf3ebc19f"}
{"index": {"_index":"sim","_id":"1544936"}}
	{"id":1544936,"type":"sell","buyer":"pi-trader","seller":"johannesboldt","symbol":"SIM","quantity":"15000.000","price":"0.00117264","timestamp":1631964240,"volume":"17.58960000","buyTxId":"ad0bfe9932bdb2fa98748eddac9bfda70a2699cb-7","sellTxId":"7678c422b235259927b1d766b4a4028ccc8a72f3"}
{"index": {"_index":"sim","_id":"1544958"}}
	{"id":1544958,"type":"sell","buyer":"pi-trader","seller":"rarej","symbol":"SIM","quantity":"4400.000","price":"0.00117270","timestamp":1631964720,"volume":"5.15988000","buyTxId":"21384cb8900cae46ebddcc2c937546de224e5922-5","sellTxId":"c42a15d7ebb3a7e157b1afaa858cf71926cba969"}
{"index": {"_index":"sim","_id":"1545045"}}
	{"id":1545045,"type":"sell","buyer":"jelly-cz","seller":"brofi-market","symbol":"SIM","quantity":"0.009","price":"0.00118002","timestamp":1631966997,"volume":"0.00001062","buyTxId":"MM-P-10546159-57530523-3-34-0","sellTxId":"a3116f21b812290e155bb60d49969c3ad2b90708"}
{"index": {"_index":"sim","_id":"1545084"}}
	{"id":1545084,"type":"buy","buyer":"stickupboys","seller":"nftmart.fees","symbol":"SIM","quantity":"89.000","price":"0.00125995","timestamp":1631967573,"volume":"0.11213555","buyTxId":"fb10df5bc465812c5ae8842ff5e910cfb1aa65f3","sellTxId":"49e418023cfbf2d90edff67f780893a4765033b5-0"}
{"index": {"_index":"sim","_id":"1545085"}}
	{"id":1545085,"type":"buy","buyer":"stickupboys","seller":"brofi-market","symbol":"SIM","quantity":"0.009","price":"0.00125995","timestamp":1631967573,"volume":"0.00001134","buyTxId":"fb10df5bc465812c5ae8842ff5e910cfb1aa65f3","sellTxId":"c29325ae69b65c17a745f8a3182109f3f0ea141a"}
{"index": {"_index":"sim","_id":"1545086"}}
	{"id":1545086,"type":"buy","buyer":"stickupboys","seller":"solovey6o2","symbol":"SIM","quantity":"7655.991","price":"0.00125999","timestamp":1631967573,"volume":"9.64647210","buyTxId":"fb10df5bc465812c5ae8842ff5e910cfb1aa65f3","sellTxId":"0ce008d97b61e5435a2c8f4b88ad7f0b2fd8f2c4"}
{"index": {"_index":"sim","_id":"1545093"}}
	{"id":1545093,"type":"buy","buyer":"stickupboys","seller":"nftmart.fees","symbol":"SIM","quantity":"293.000","price":"0.00125998","timestamp":1631967726,"volume":"0.36917414","buyTxId":"af1dc0bd66ce613128d957be051133bdded9b39a","sellTxId":"330a983e11310ae243a916005172d24b59e4a15d-0"}
{"index": {"_index":"sim","_id":"1545094"}}
	{"id":1545094,"type":"buy","buyer":"stickupboys","seller":"mastergerund","symbol":"SIM","quantity":"2207.000","price":"0.00126000","timestamp":1631967726,"volume":"2.78082000","buyTxId":"af1dc0bd66ce613128d957be051133bdded9b39a","sellTxId":"afb3e30aae7a3e5a3d2208dfcb28a45bf3ebc19f"}
{"index": {"_index":"sim","_id":"1545097"}}
	{"id":1545097,"type":"sell","buyer":"jelly-cz","seller":"anosys","symbol":"SIM","quantity":"22.070","price":"0.00118005","timestamp":1631967738,"volume":"0.02604370","buyTxId":"MM-P-10546558-57530922-3-34-0","sellTxId":"72f7f19fc8d5400dbacd1f01f7426cca7fa532be"}
{"index": {"_index":"sim","_id":"1545107"}}
	{"id":1545107,"type":"buy","buyer":"stickupboys","seller":"solovey6o2","symbol":"SIM","quantity":"1278.087","price":"0.00125999","timestamp":1631967801,"volume":"1.61037684","buyTxId":"6d5801fd1c19db317a28014d728cebbed8549c14","sellTxId":"237839ad20041e389a41fdc80e21c1752107ea6b"}
{"index": {"_index":"sim","_id":"1545109"}}
	{"id":1545109,"type":"sell","buyer":"jelly-cz","seller":"andy4475","symbol":"SIM","quantity":"46.102","price":"0.00118005","timestamp":1631967870,"volume":"0.05440267","buyTxId":"MM-P-10546558-57530922-3-34-0","sellTxId":"f0ddb704345191f302706a60357eb4550683117f"}
{"index": {"_index":"sim","_id":"1545120"}}
	{"id":1545120,"type":"buy","buyer":"stickupboys","seller":"solovey6o2","symbol":"SIM","quantity":"3800.000","price":"0.00125999","timestamp":1631967948,"volume":"4.78796200","buyTxId":"058ebef8e8611991bf898943ee371f38222cb71d","sellTxId":"237839ad20041e389a41fdc80e21c1752107ea6b"}
{"index": {"_index":"sim","_id":"1545134"}}
	{"id":1545134,"type":"sell","buyer":"jelly-cz","seller":"megalithic","symbol":"SIM","quantity":"69420.409","price":"0.00118005","timestamp":1631968104,"volume":"81.91955364","buyTxId":"MM-P-10546558-57530922-3-34-0","sellTxId":"f699c839014dab20fea713213291d2b0bc6883c1"}
{"index": {"_index":"sim","_id":"1545135"}}
	{"id":1545135,"type":"sell","buyer":"enginemaker","seller":"megalithic","symbol":"SIM","quantity":"21186.441","price":"0.00118000","timestamp":1631968104,"volume":"25.00000038","buyTxId":"MM-P-10546159-57530523-3-2-0","sellTxId":"f699c839014dab20fea713213291d2b0bc6883c1"}
{"index": {"_index":"sim","_id":"1545136"}}
	{"id":1545136,"type":"sell","buyer":"d-pend","seller":"megalithic","symbol":"SIM","quantity":"132.080","price":"0.00117000","timestamp":1631968104,"volume":"0.15453360","buyTxId":"d22350ff529d46ee6ff4e8fbf541a5842cc3a036","sellTxId":"f699c839014dab20fea713213291d2b0bc6883c1"}
{"index": {"_index":"sim","_id":"1545137"}}
	{"id":1545137,"type":"sell","buyer":"dustindivitto","seller":"megalithic","symbol":"SIM","quantity":"11644.070","price":"0.00117000","timestamp":1631968104,"volume":"13.62356190","buyTxId":"9158c8d0fd5e787003784b5fd6e8ba11cd937ac9","sellTxId":"f699c839014dab20fea713213291d2b0bc6883c1"}
{"index": {"_index":"sim","_id":"1545199"}}
	{"id":1545199,"type":"buy","buyer":"konvik","seller":"eythorphoto","symbol":"SIM","quantity":"8678.251","price":"0.00117013","timestamp":1631968902,"volume":"10.15468184","buyTxId":"13f3db2ac74a4eee9686a0ee51cc0adf6f635a2a-0","sellTxId":"934a230811247a066317543582d0de5876d00d7f"}
{"index": {"_index":"sim","_id":"1545224"}}
	{"id":1545224,"type":"sell","buyer":"pi-trader","seller":"worldfinances","symbol":"SIM","quantity":"2000.000","price":"0.00117024","timestamp":1631969286,"volume":"2.34048000","buyTxId":"4d17c5e8970ffb51c09e9c5d503d9971795807b9-7","sellTxId":"fefa3e5636be17ce6d68f5ef7dab976b6613ef03"}
{"index": {"_index":"sim","_id":"1545297"}}
	{"id":1545297,"type":"sell","buyer":"pi-trader","seller":"manoldonchev","symbol":"SIM","quantity":"18050.000","price":"0.00117054","timestamp":1631971470,"volume":"21.12824700","buyTxId":"92633cba4c626f7fe9d69ade909942aee95312d4-5","sellTxId":"35b1edc3d25a86cd437b061c3dfa23f4b9699e08"}
{"index": {"_index":"sim","_id":"1545321"}}
	{"id":1545321,"type":"sell","buyer":"pi-trader","seller":"cryptictruth","symbol":"SIM","quantity":"50000.000","price":"0.00117057","timestamp":1631971791,"volume":"58.52850000","buyTxId":"f6e6c1c82925661544c178c84624aca927dfad24-5","sellTxId":"3acb004bfed296dbc394b505131f1e79159ac1a5"}
{"index": {"_index":"sim","_id":"1545322"}}
	{"id":1545322,"type":"buy","buyer":"konvik","seller":"cryptictruth","symbol":"SIM","quantity":"8218.368","price":"0.00117057","timestamp":1631971794,"volume":"9.62017503","buyTxId":"460b8fa23d0706e5edf3c93a1776fb768206f32b-0","sellTxId":"3acb004bfed296dbc394b505131f1e79159ac1a5"}
{"index": {"_index":"sim","_id":"1545358"}}
	{"id":1545358,"type":"sell","buyer":"pi-trader","seller":"lammbock","symbol":"SIM","quantity":"127.000","price":"0.00117063","timestamp":1631972247,"volume":"0.14867001","buyTxId":"a571410473b22ec672057a4a6b19f9a43e204adf-5","sellTxId":"f47117591e765fba3d75cff67db4679a88d756b2"}
{"index": {"_index":"sim","_id":"1545392"}}
	{"id":1545392,"type":"sell","buyer":"pi-trader","seller":"remystar93","symbol":"SIM","quantity":"3308.000","price":"0.00117066","timestamp":1631972718,"volume":"3.87254328","buyTxId":"0966c73bf93da715b8a1033d6023c4172575ebeb-7","sellTxId":"5b8f029b3420a78408235dfdf56e415268b4ca0d"}
{"index": {"_index":"sim","_id":"1545414"}}
	{"id":1545414,"type":"sell","buyer":"jelly-cz","seller":"vempromundo","symbol":"SIM","quantity":"1769.000","price":"0.00117071","timestamp":1631973057,"volume":"2.07098599","buyTxId":"MM-P-10548455-57532819-3-34-0","sellTxId":"38a544a386ce82ed1b392ed488b2b15ca488d2ad"}
{"index": {"_index":"sim","_id":"1545494"}}
	{"id":1545494,"type":"sell","buyer":"pi-trader","seller":"lifeskills-tv","symbol":"SIM","quantity":"1406.538","price":"0.00117081","timestamp":1631974152,"volume":"1.64678876","buyTxId":"0a44ca45ea28a163a3504f619bca5455361e0d5a-5","sellTxId":"3cb341d1ff0d79f39bfe8e1c6a5c417d5fdb7fdc"}
{"index": {"_index":"sim","_id":"1545663"}}
	{"id":1545663,"type":"buy","buyer":"poseyman","seller":"nftmart.fees","symbol":"SIM","quantity":"255.000","price":"0.00119992","timestamp":1631976543,"volume":"0.30597960","buyTxId":"037fbbbdfa43a2e1f37e3f4bf2110d4fa4bd728e","sellTxId":"ea598d77ed3b9eebc37841c37b02ff6f9d4056af-0"}
{"index": {"_index":"sim","_id":"1545664"}}
	{"id":1545664,"type":"buy","buyer":"poseyman","seller":"enginemaker","symbol":"SIM","quantity":"345.000","price":"0.00119993","timestamp":1631976543,"volume":"0.41397585","buyTxId":"037fbbbdfa43a2e1f37e3f4bf2110d4fa4bd728e","sellTxId":"MM-P-10547355-57531719-3-2-1"}
{"index": {"_index":"sim","_id":"1545668"}}
	{"id":1545668,"type":"buy","buyer":"boycharliefamily","seller":"enginemaker","symbol":"SIM","quantity":"12771.190","price":"0.00119993","timestamp":1631976624,"volume":"15.32453402","buyTxId":"26185284a03a7a7892d4e4e9df8be590e1ee25ef","sellTxId":"MM-P-10547355-57531719-3-2-1"}
{"index": {"_index":"sim","_id":"1545731"}}
	{"id":1545731,"type":"sell","buyer":"pi-trader","seller":"iamalivechalleng","symbol":"SIM","quantity":"1.776","price":"0.00117117","timestamp":1631977596,"volume":"0.00208000","buyTxId":"bc36c36aff7edca5e669bddab96add91ba08ec6f-5","sellTxId":"500b32d49685b3f477fdc99229c961776f46d57a"}
{"index": {"_index":"sim","_id":"1545789"}}
	{"id":1545789,"type":"sell","buyer":"pi-trader","seller":"stardust97","symbol":"SIM","quantity":"14064","price":"0.00117126","timestamp":1631978616,"volume":"16.47260064","buyTxId":"2b49a1bc796f6e9897952c606ce79d7f69a96770-3","sellTxId":"e7704ffd14fff821c12b12d384aee13cb52309e1"}
{"index": {"_index":"sim","_id":"1545884"}}
	{"id":1545884,"type":"buy","buyer":"piotr42","seller":"nftmart.fees","symbol":"SIM","quantity":"193.000","price":"0.00119992","timestamp":1631979666,"volume":"0.23158456","buyTxId":"55af2e75542234de72d2863bca2d1398ec541ddf","sellTxId":"067f547b94634c7c4ef1be8d87b281f5298f29de-0"}
{"index": {"_index":"sim","_id":"1545889"}}
	{"id":1545889,"type":"buy","buyer":"piotr42","seller":"enginemaker","symbol":"SIM","quantity":"1870.000","price":"0.00119993","timestamp":1631979735,"volume":"2.24386910","buyTxId":"9075b3b4de85fc735fd272296766d351c0782bcc","sellTxId":"MM-P-10547355-57531719-3-2-1"}
{"index": {"_index":"sim","_id":"1545893"}}
	{"id":1545893,"type":"sell","buyer":"piotr42","seller":"manoldonchev","symbol":"SIM","quantity":"1788.046","price":"0.00119992","timestamp":1631979852,"volume":"2.14551216","buyTxId":"55af2e75542234de72d2863bca2d1398ec541ddf","sellTxId":"7eaf1a0cbfe1a803bdd8a5701af47c7196f05e72"}
{"index": {"_index":"sim","_id":"1545894"}}
	{"id":1545894,"type":"sell","buyer":"jelly-cz","seller":"manoldonchev","symbol":"SIM","quantity":"9706.954","price":"0.00117138","timestamp":1631979852,"volume":"11.37053178","buyTxId":"MM-P-10550653-57535017-3-34-0","sellTxId":"7eaf1a0cbfe1a803bdd8a5701af47c7196f05e72"}
{"index": {"_index":"sim","_id":"1546025"}}
	{"id":1546025,"type":"sell","buyer":"jelly-cz","seller":"brofi-market","symbol":"SIM","quantity":"0.001","price":"0.00117156","timestamp":1631981469,"volume":"0.00000117","buyTxId":"MM-P-10551251-57535615-3-34-0","sellTxId":"c2351ea16c9660c3bdb0df537403f9b050b2f171"}
{"index": {"_index":"sim","_id":"1546255"}}
	{"id":1546255,"type":"buy","buyer":"krodash","seller":"nftmart.fees","symbol":"SIM","quantity":"197.000","price":"0.00119991","timestamp":1631983464,"volume":"0.23638227","buyTxId":"1168a3cc414ce99cf38c75913167af3116c90d75","sellTxId":"5ef1b7a80adfb5371f065ad0d46797af63e89980-0"}
{"index": {"_index":"sim","_id":"1546256"}}
	{"id":1546256,"type":"buy","buyer":"krodash","seller":"brofi-market","symbol":"SIM","quantity":"0.001","price":"0.00119992","timestamp":1631983464,"volume":"0.00000120","buyTxId":"1168a3cc414ce99cf38c75913167af3116c90d75","sellTxId":"5b243fec18172415b53859a376b0da33df3a37a5"}
{"index": {"_index":"sim","_id":"1546257"}}
	{"id":1546257,"type":"buy","buyer":"krodash","seller":"enginemaker","symbol":"SIM","quantity":"5802.999","price":"0.00119993","timestamp":1631983464,"volume":"6.96319259","buyTxId":"1168a3cc414ce99cf38c75913167af3116c90d75","sellTxId":"MM-P-10547355-57531719-3-2-1"}
{"index": {"_index":"sim","_id":"1546332"}}
	{"id":1546332,"type":"sell","buyer":"jelly-cz","seller":"m2nnari","symbol":"SIM","quantity":"510.500","price":"0.00117188","timestamp":1631984460,"volume":"0.59824474","buyTxId":"MM-P-10552149-57536513-3-34-0","sellTxId":"51c9b7b4376ebc0b4a96df3306c1ed6a7d41f6a2"}
{"index": {"_index":"sim","_id":"1546355"}}
	{"id":1546355,"type":"sell","buyer":"jelly-cz","seller":"blue.rabbit","symbol":"SIM","quantity":"8247.254","price":"0.00117188","timestamp":1631984907,"volume":"9.66479202","buyTxId":"MM-P-10552149-57536513-3-34-0","sellTxId":"0eddfda834b23d48087d24fe7c18646dbb42ff26"}
{"index": {"_index":"sim","_id":"1546377"}}
	{"id":1546377,"type":"buy","buyer":"miketr","seller":"nftmart.fees","symbol":"SIM","quantity":"100.000","price":"0.00119992","timestamp":1631985282,"volume":"0.11999200","buyTxId":"3d974b00be00e90cfb9feb07ded6001e1cbfc0c8","sellTxId":"954bc12e4be2316b621a60629565ee7f04d42851-0"}
{"index": {"_index":"sim","_id":"1546406"}}
	{"id":1546406,"type":"sell","buyer":"jelly-cz","seller":"news-today","symbol":"SIM","quantity":"17400.000","price":"0.00117188","timestamp":1631985783,"volume":"20.39071200","buyTxId":"MM-P-10552149-57536513-3-34-0","sellTxId":"23e4fc410b83b61df64f426c539c4415207fa9b3"}
{"index": {"_index":"sim","_id":"1546407"}}
	{"id":1546407,"type":"sell","buyer":"jelly-cz","seller":"frugal-fun","symbol":"SIM","quantity":"43815.281","price":"0.00117188","timestamp":1631985792,"volume":"51.34625150","buyTxId":"MM-P-10552149-57536513-3-34-0","sellTxId":"3ea8a1b2e564d55fefcae1f2286568fa97fc44c0"}
{"index": {"_index":"sim","_id":"1546408"}}
	{"id":1546408,"type":"sell","buyer":"dustindivitto","seller":"frugal-fun","symbol":"SIM","quantity":"36355.930","price":"0.00117000","timestamp":1631985792,"volume":"42.53643810","buyTxId":"9158c8d0fd5e787003784b5fd6e8ba11cd937ac9","sellTxId":"3ea8a1b2e564d55fefcae1f2286568fa97fc44c0"}
{"index": {"_index":"sim","_id":"1546640"}}
	{"id":1546640,"type":"buy","buyer":"thegoliath","seller":"nftmart.fees","symbol":"SIM","quantity":"158.000","price":"0.00118998","timestamp":1631989059,"volume":"0.18801684","buyTxId":"de3408f8c838dbdade4b3988db5d866c44997492","sellTxId":"559ca183ec4cb2c841b900e851ee1a187370d9a6-0"}
{"index": {"_index":"sim","_id":"1546641"}}
	{"id":1546641,"type":"buy","buyer":"thegoliath","seller":"steem-hodler","symbol":"SIM","quantity":"15400.000","price":"0.00119000","timestamp":1631989059,"volume":"18.32600000","buyTxId":"de3408f8c838dbdade4b3988db5d866c44997492","sellTxId":"4295499b203067bd16b6544fca291af281a4b6f0"}
{"index": {"_index":"sim","_id":"1546642"}}
	{"id":1546642,"type":"buy","buyer":"thegoliath","seller":"enginemaker","symbol":"SIM","quantity":"397.252","price":"0.00119993","timestamp":1631989059,"volume":"0.47667459","buyTxId":"de3408f8c838dbdade4b3988db5d866c44997492","sellTxId":"MM-P-10547355-57531719-3-2-1"}
{"index": {"_index":"sim","_id":"1546643"}}
	{"id":1546643,"type":"buy","buyer":"thegoliath","seller":"desyfit","symbol":"SIM","quantity":"19999.000","price":"0.00124000","timestamp":1631989059,"volume":"24.79876000","buyTxId":"de3408f8c838dbdade4b3988db5d866c44997492","sellTxId":"ebbd06a2385523414e7a8bd9336f5e33ca1b2d85"}
{"index": {"_index":"sim","_id":"1546644"}}
	{"id":1546644,"type":"buy","buyer":"thegoliath","seller":"atomcollector","symbol":"SIM","quantity":"45.748","price":"0.00124900","timestamp":1631989059,"volume":"0.05713925","buyTxId":"de3408f8c838dbdade4b3988db5d866c44997492","sellTxId":"5e4fc54610f86c6ed586e7e8af1c2f1ae53e02ca"}
{"index": {"_index":"sim","_id":"1546665"}}
	{"id":1546665,"type":"sell","buyer":"jelly-cz","seller":"bilpcoinbpc","symbol":"SIM","quantity":"33.782","price":"0.00115546","timestamp":1631989251,"volume":"0.03903375","buyTxId":"MM-P-10553846-57538212-3-34-0","sellTxId":"65a9da96da0c268237c0c0891c915a2c6ac2887a"}
{"index": {"_index":"sim","_id":"1546722"}}
	{"id":1546722,"type":"sell","buyer":"pi-trader","seller":"gamsam","symbol":"SIM","quantity":"25967","price":"0.00115556","timestamp":1631990250,"volume":"30.00642652","buyTxId":"58d4b1722a091a6b92c3340d2a95710b9c92bba2-5","sellTxId":"4f1de729fdc6a83aeeb3d16c12e6ec05aab61948"}
{"index": {"_index":"sim","_id":"1546738"}}
	{"id":1546738,"type":"sell","buyer":"pi-trader","seller":"droida","symbol":"SIM","quantity":"0.214","price":"0.00115556","timestamp":1631990436,"volume":"0.00024729","buyTxId":"539d7a53aa33e3d49b6e44211d653bd58760f171-3","sellTxId":"b8c9ea76627d800cb2014132206bbb84b22a887f"}
{"index": {"_index":"sim","_id":"1546765"}}
	{"id":1546765,"type":"sell","buyer":"pi-trader","seller":"dhedge-drips","symbol":"SIM","quantity":"0.004","price":"0.00115559","timestamp":1631990721,"volume":"0.00000462","buyTxId":"002b697b35301a1fdce44aab0bfb7ecf7dbb7d42-5","sellTxId":"2991225add151d1d1c6252379c1f8533f0a88164"}
{"index": {"_index":"sim","_id":"1546813"}}
	{"id":1546813,"type":"buy","buyer":"konvik","seller":"nftmart.fees","symbol":"SIM","quantity":"141.000","price":"0.00124899","timestamp":1631991105,"volume":"0.17610759","buyTxId":"c0ea260278c3ab3badb54c10e543f74145764876-0","sellTxId":"be77844338320c2e47aa357e11b9c4f8f91a9350-0"}
{"index": {"_index":"sim","_id":"1546814"}}
	{"id":1546814,"type":"buy","buyer":"konvik","seller":"dhedge-drips","symbol":"SIM","quantity":"0.004","price":"0.00124899","timestamp":1631991105,"volume":"0.00000500","buyTxId":"c0ea260278c3ab3badb54c10e543f74145764876-0","sellTxId":"3b555aef58588d32a1cb3632156bb22b55c42fe1"}
{"index": {"_index":"sim","_id":"1546815"}}
	{"id":1546815,"type":"buy","buyer":"konvik","seller":"atomcollector","symbol":"SIM","quantity":"954.252","price":"0.00124900","timestamp":1631991105,"volume":"1.19186075","buyTxId":"c0ea260278c3ab3badb54c10e543f74145764876-0","sellTxId":"5e4fc54610f86c6ed586e7e8af1c2f1ae53e02ca"}
{"index": {"_index":"sim","_id":"1546816"}}
	{"id":1546816,"type":"buy","buyer":"konvik","seller":"desyfit","symbol":"SIM","quantity":"18903.943","price":"0.00125000","timestamp":1631991105,"volume":"23.62992875","buyTxId":"c0ea260278c3ab3badb54c10e543f74145764876-0","sellTxId":"0dd5d9ac757c254d883868e8de0cdfea1866a21e"}
{"index": {"_index":"sim","_id":"1546817"}}
	{"id":1546817,"type":"buy","buyer":"konvik","seller":"desyfit","symbol":"SIM","quantity":"1095.057","price":"0.00125000","timestamp":1631991108,"volume":"1.36882125","buyTxId":"fb7ef523fb090390e70731c28cf3662b6e83647e-0","sellTxId":"0dd5d9ac757c254d883868e8de0cdfea1866a21e"}
{"index": {"_index":"sim","_id":"1546818"}}
	{"id":1546818,"type":"buy","buyer":"konvik","seller":"solovey6o2","symbol":"SIM","quantity":"812371.914","price":"0.00125999","timestamp":1631991108,"volume":"1023.58048792","buyTxId":"fb7ef523fb090390e70731c28cf3662b6e83647e-0","sellTxId":"1e3744331bb397e86911eef3211f77ebecbe0a8b"}
{"index": {"_index":"sim","_id":"1546820"}}
	{"id":1546820,"type":"buy","buyer":"konvik","seller":"solovey6o2","symbol":"SIM","quantity":"1086.923","price":"0.00125999","timestamp":1631991111,"volume":"1.36951211","buyTxId":"38fae74c6f51031a415e2ab3f77357c888ba3e85-0","sellTxId":"1e3744331bb397e86911eef3211f77ebecbe0a8b"}
{"index": {"_index":"sim","_id":"1546821"}}
	{"id":1546821,"type":"buy","buyer":"konvik","seller":"mastergerund","symbol":"SIM","quantity":"92254.637","price":"0.00126000","timestamp":1631991111,"volume":"116.24084262","buyTxId":"38fae74c6f51031a415e2ab3f77357c888ba3e85-0","sellTxId":"afb3e30aae7a3e5a3d2208dfcb28a45bf3ebc19f"}
{"index": {"_index":"sim","_id":"1546833"}}
	{"id":1546833,"type":"sell","buyer":"solovey6o2","seller":"razam","symbol":"SIM","quantity":"3.000","price":"0.00115568","timestamp":1631991294,"volume":"0.00346704","buyTxId":"dbdc5e901db328bf932db9d510fa35133f62b6fa","sellTxId":"768acefd1f86946730a17d0981c6efe1e676546d"}
{"index": {"_index":"sim","_id":"1546835"}}
	{"id":1546835,"type":"sell","buyer":"pi-trader","seller":"gamsam","symbol":"SIM","quantity":"4089","price":"0.00115569","timestamp":1631991315,"volume":"4.72561641","buyTxId":"6c14955e43f3452025a3dd4ab8084307cc2381dd-5","sellTxId":"da16d42d433ed1a4d00106be8be48f6829edfe9f"}
{"index": {"_index":"sim","_id":"1546836"}}
	{"id":1546836,"type":"buy","buyer":"konvik","seller":"dera123","symbol":"SIM","quantity":"13569.086","price":"0.00125000","timestamp":1631991315,"volume":"16.96135750","buyTxId":"0cfb73f9313b36eb2dfe93afd81ef1d5b63fe697-0","sellTxId":"82f05c1f8dbc273c91ad8f9ae62498bb5e97bf3d"}
{"index": {"_index":"sim","_id":"1546896"}}
	{"id":1546896,"type":"buy","buyer":"konvik","seller":"steem69","symbol":"SIM","quantity":"30000.000","price":"0.00125000","timestamp":1631992203,"volume":"37.50000000","buyTxId":"d0f25c5a6e4b29c0e580df0836891a53dd86e6c6-0","sellTxId":"9086b67fa216d9b9073e87f0cdba80cf244f12ac"}
{"index": {"_index":"sim","_id":"1546908"}}
	{"id":1546908,"type":"buy","buyer":"konvik","seller":"steem69","symbol":"SIM","quantity":"50000.000","price":"0.00125000","timestamp":1631992311,"volume":"62.50000000","buyTxId":"e9c78be3eb8f6377719464497ac10d7f2de2f896-0","sellTxId":"edc5c40e52e8708559f8c943a1ec185d1d5b484c"}
{"index": {"_index":"sim","_id":"1546912"}}
	{"id":1546912,"type":"buy","buyer":"konvik","seller":"frugal-fun","symbol":"SIM","quantity":"390009.501","price":"0.00120000","timestamp":1631992353,"volume":"468.01140120","buyTxId":"9097ff509c479fb6dfc569f01650950dea4ba9ca-0","sellTxId":"1ee50f1608da57bd81890a26088b15cbf05b124c"}
{"index": {"_index":"sim","_id":"1546915"}}
	{"id":1546915,"type":"buy","buyer":"d-pend","seller":"steem69","symbol":"SIM","quantity":"100000.000","price":"0.00125000","timestamp":1631992404,"volume":"125.00000000","buyTxId":"3bbdfff44367148dcd1f4157a67b1bd3b881e7fc","sellTxId":"667cefb11ac2b26f74feb9aadd743757dd5704f0"}
{"index": {"_index":"sim","_id":"1546956"}}
	{"id":1546956,"type":"sell","buyer":"solovey6o2","seller":"m2nnari","symbol":"SIM","quantity":"209.000","price":"0.00119580","timestamp":1631992869,"volume":"0.24992220","buyTxId":"1c089be0c73e40d8d80fdd18be35359a1ecbea54","sellTxId":"55f7df2001711b880b411adaa45e04923e94268f"}
{"index": {"_index":"sim","_id":"1546970"}}
	{"id":1546970,"type":"sell","buyer":"pi-trader","seller":"scriptioner","symbol":"SIM","quantity":"20155.396","price":"0.00119583","timestamp":1631993094,"volume":"24.10242720","buyTxId":"468c8afa0ad2cdd1b0a003c039b2e2ca3c25ac52-5","sellTxId":"61190b26ed453b5a9ce41fa71a3b15652c2cbff6"}
{"index": {"_index":"sim","_id":"1546997"}}
	{"id":1546997,"type":"sell","buyer":"steemshiro","seller":"konvik","symbol":"SIM","quantity":"19980.199","price":"0.00124000","timestamp":1631993685,"volume":"24.77544676","buyTxId":"08d883732c16441704460acadd5ec84e72aaaf30","sellTxId":"c0941b33ca81db0c4cf1b88e9c1d0ece363e581d-1"}
{"index": {"_index":"sim","_id":"1547012"}}
	{"id":1547012,"type":"sell","buyer":"steemshiro","seller":"maini","symbol":"SIM","quantity":"19.801","price":"0.00124000","timestamp":1631993844,"volume":"0.02455324","buyTxId":"08d883732c16441704460acadd5ec84e72aaaf30","sellTxId":"a2a394f65a99549648f5e0b90e2431880944f0b0"}
{"index": {"_index":"sim","_id":"1547058"}}
	{"id":1547058,"type":"sell","buyer":"steemshiro","seller":"elevator09","symbol":"SIM","quantity":"3084.806","price":"0.00123800","timestamp":1631994924,"volume":"3.81898983","buyTxId":"d6e849522e0870bafa104e98af532f921c730e43","sellTxId":"bf204784fad4ba5d497d6eda4873587119c7240e"}
{"index": {"_index":"sim","_id":"1547067"}}
	{"id":1547067,"type":"sell","buyer":"steemshiro","seller":"blue.rabbit","symbol":"SIM","quantity":"1525.000","price":"0.00123800","timestamp":1631994993,"volume":"1.88795000","buyTxId":"d6e849522e0870bafa104e98af532f921c730e43","sellTxId":"e5f26a9ca64822b073b8c54f2f44ef665a293ba9"}
{"index": {"_index":"sim","_id":"1547126"}}
	{"id":1547126,"type":"sell","buyer":"steemshiro","seller":"konvik","symbol":"SIM","quantity":"15374.957","price":"0.00123800","timestamp":1631995974,"volume":"19.03419677","buyTxId":"d6e849522e0870bafa104e98af532f921c730e43","sellTxId":"911b0d23f94cad0d0c1137dc4cbac336e486d0d9-1"}
{"index": {"_index":"sim","_id":"1547128"}}
	{"id":1547128,"type":"sell","buyer":"steemshiro","seller":"konvik","symbol":"SIM","quantity":"15.237","price":"0.00123800","timestamp":1631995977,"volume":"0.01886340","buyTxId":"d6e849522e0870bafa104e98af532f921c730e43","sellTxId":"f6f3eca366c2f6ea9fa735f5585ec856cd38c799-1"}
{"index": {"_index":"sim","_id":"1547129"}}
	{"id":1547129,"type":"sell","buyer":"steemshiro","seller":"konvik","symbol":"SIM","quantity":"49935.262","price":"0.00123800","timestamp":1631995977,"volume":"61.81985436","buyTxId":"7bfe72f41ddc9da06130de043f5170d1d51c93a6","sellTxId":"f6f3eca366c2f6ea9fa735f5585ec856cd38c799-1"}
{"index": {"_index":"sim","_id":"1547171"}}
	{"id":1547171,"type":"sell","buyer":"steemshiro","seller":"mfblack","symbol":"SIM","quantity":"64.738","price":"0.00123800","timestamp":1631997003,"volume":"0.08014564","buyTxId":"7bfe72f41ddc9da06130de043f5170d1d51c93a6","sellTxId":"157a7189653afdc016ba0f115155a97d2f3047bf"}
{"index": {"_index":"sim","_id":"1547172"}}
	{"id":1547172,"type":"sell","buyer":"steemshiro","seller":"mfblack","symbol":"SIM","quantity":"8944.398","price":"0.00122000","timestamp":1631997003,"volume":"10.91216556","buyTxId":"a584bb81b2298cce1b18bb8cc92553fb1c21b912","sellTxId":"157a7189653afdc016ba0f115155a97d2f3047bf"}
{"index": {"_index":"sim","_id":"1547185"}}
	{"id":1547185,"type":"sell","buyer":"steemshiro","seller":"willsaldeno","symbol":"SIM","quantity":"2244.000","price":"0.00122000","timestamp":1631997327,"volume":"2.73768000","buyTxId":"a584bb81b2298cce1b18bb8cc92553fb1c21b912","sellTxId":"d76e357217ca99d662f1b48e64d37706670d29f5"}
{"index": {"_index":"sim","_id":"1547216"}}
	{"id":1547216,"type":"buy","buyer":"steemshiro","seller":"nftmart.fees","symbol":"SIM","quantity":"125.000","price":"0.00123999","timestamp":1631997996,"volume":"0.15499875","buyTxId":"ed764d3ccb52ae30897773f17ae76519f0c41106","sellTxId":"367c1b7a01daea0038cb790176b0605c26f49b95-0"}
{"index": {"_index":"sim","_id":"1547217"}}
	{"id":1547217,"type":"buy","buyer":"steemshiro","seller":"maini","symbol":"SIM","quantity":"1242.199","price":"0.00124000","timestamp":1631997996,"volume":"1.54032676","buyTxId":"ed764d3ccb52ae30897773f17ae76519f0c41106","sellTxId":"a2a394f65a99549648f5e0b90e2431880944f0b0"}
{"index": {"_index":"sim","_id":"1547218"}}
	{"id":1547218,"type":"buy","buyer":"steemshiro","seller":"loganhate","symbol":"SIM","quantity":"451.000","price":"0.00124000","timestamp":1631997996,"volume":"0.55924000","buyTxId":"ed764d3ccb52ae30897773f17ae76519f0c41106","sellTxId":"cab801e5cf2f8e786ab06b87f985657b2a69efa8"}
{"index": {"_index":"sim","_id":"1547219"}}
	{"id":1547219,"type":"sell","buyer":"steemshiro","seller":"konvik","symbol":"SIM","quantity":"13168.750","price":"0.00124000","timestamp":1631997999,"volume":"16.32925000","buyTxId":"ed764d3ccb52ae30897773f17ae76519f0c41106","sellTxId":"e298164499b70067948f0a765a2f726d3926b9f9-1"}
{"index": {"_index":"sim","_id":"1547220"}}
	{"id":1547220,"type":"sell","buyer":"steemshiro","seller":"peerfinance","symbol":"SIM","quantity":"13.051","price":"0.00124000","timestamp":1631998035,"volume":"0.01618324","buyTxId":"ed764d3ccb52ae30897773f17ae76519f0c41106","sellTxId":"9af3f64133ca9dcf244653ae51a683194dbaf10d"}
{"index": {"_index":"sim","_id":"1547221"}}
	{"id":1547221,"type":"sell","buyer":"solovey6o2","seller":"peerfinance","symbol":"SIM","quantity":"411.110","price":"0.00122001","timestamp":1631998035,"volume":"0.50155831","buyTxId":"99c04ced0386f1c1d4bf9d6460c8403df104b67a","sellTxId":"9af3f64133ca9dcf244653ae51a683194dbaf10d"}
{"index": {"_index":"sim","_id":"1547223"}}
	{"id":1547223,"type":"sell","buyer":"steemshiro","seller":"konvik","symbol":"SIM","quantity":"9990.099","price":"0.00124100","timestamp":1631998086,"volume":"12.39771286","buyTxId":"7b0474dc53278a08cb753a45be65cf04173a532e","sellTxId":"c149d6572322789bd29fd7cdad5b11e2b6176bbe-1"}
{"index": {"_index":"sim","_id":"1547226"}}
	{"id":1547226,"type":"buy","buyer":"steemshiro","seller":"steem69","symbol":"SIM","quantity":"3000.000","price":"0.00124700","timestamp":1631998230,"volume":"3.74100000","buyTxId":"dbce58b8c5bd901e00f8f8cd36704e754e724bd8","sellTxId":"47ab67a8dd59bdb80647fa0ab22bead09a1cacbe"}
{"index": {"_index":"sim","_id":"1547227"}}
	{"id":1547227,"type":"buy","buyer":"steemshiro","seller":"mastergerund","symbol":"SIM","quantity":"1085.990","price":"0.00126000","timestamp":1631998230,"volume":"1.36834740","buyTxId":"dbce58b8c5bd901e00f8f8cd36704e754e724bd8","sellTxId":"afb3e30aae7a3e5a3d2208dfcb28a45bf3ebc19f"}
{"index": {"_index":"sim","_id":"1547228"}}
	{"id":1547228,"type":"buy","buyer":"steemshiro","seller":"pinkfloyd878","symbol":"SIM","quantity":"250.000","price":"0.00126000","timestamp":1631998230,"volume":"0.31500000","buyTxId":"dbce58b8c5bd901e00f8f8cd36704e754e724bd8","sellTxId":"9847adb6607a807b6c6203a2a4c5ae6bc4d1770f"}
{"index": {"_index":"sim","_id":"1547229"}}
	{"id":1547229,"type":"buy","buyer":"steemshiro","seller":"pinkfloyd878","symbol":"SIM","quantity":"300.000","price":"0.00127000","timestamp":1631998230,"volume":"0.38100000","buyTxId":"dbce58b8c5bd901e00f8f8cd36704e754e724bd8","sellTxId":"aa84b28bffb82beb10e8d384b8933441edf1bec0"}
{"index": {"_index":"sim","_id":"1547230"}}
	{"id":1547230,"type":"buy","buyer":"steemshiro","seller":"dhedge-drips","symbol":"SIM","quantity":"0.005","price":"0.00127999","timestamp":1631998230,"volume":"0.00000640","buyTxId":"dbce58b8c5bd901e00f8f8cd36704e754e724bd8","sellTxId":"53032ce19aa92c64c3ee05235f1de14e898c8157"}
{"index": {"_index":"sim","_id":"1547231"}}
	{"id":1547231,"type":"buy","buyer":"steemshiro","seller":"pinkfloyd878","symbol":"SIM","quantity":"400.000","price":"0.00127999","timestamp":1631998230,"volume":"0.51199600","buyTxId":"dbce58b8c5bd901e00f8f8cd36704e754e724bd8","sellTxId":"824c210a2f6b2c13950aa2022d7ae8ebc0875f16"}
{"index": {"_index":"sim","_id":"1547232"}}
	{"id":1547232,"type":"sell","buyer":"steemshiro","seller":"konvik","symbol":"SIM","quantity":"4959.090","price":"0.00128000","timestamp":1631998233,"volume":"6.34763520","buyTxId":"dbce58b8c5bd901e00f8f8cd36704e754e724bd8","sellTxId":"4421845d64c4036ae366c4dab0f4cb2caca7e7e7-1"}
{"index": {"_index":"sim","_id":"1547245"}}
	{"id":1547245,"type":"sell","buyer":"solovey6o2","seller":"konvik","symbol":"SIM","quantity":"774437.464","price":"0.00128001","timestamp":1631998413,"volume":"991.28769829","buyTxId":"c47a199e0fc0e7d22909bae67a5ee5eb0b8b4743","sellTxId":"ce98e5a63b3c22b24f9a6caf6b2a3b01d2409b0d-1"}
{"index": {"_index":"sim","_id":"1547250"}}
	{"id":1547250,"type":"sell","buyer":"solovey6o2","seller":"deathwing","symbol":"SIM","quantity":"0.01","price":"0.00128001","timestamp":1631998506,"volume":"0.00001280","buyTxId":"c47a199e0fc0e7d22909bae67a5ee5eb0b8b4743","sellTxId":"41ed22260bccc35d73d3d96b997842714e0154f8-0"}
{"index": {"_index":"sim","_id":"1547286"}}
	{"id":1547286,"type":"sell","buyer":"solovey6o2","seller":"unicity","symbol":"SIM","quantity":"767.567","price":"0.00128001","timestamp":1631999076,"volume":"0.98249344","buyTxId":"c47a199e0fc0e7d22909bae67a5ee5eb0b8b4743","sellTxId":"f1c54e4b0c531d93e2740157404d854dd912694f"}
{"index": {"_index":"sim","_id":"1547287"}}
	{"id":1547287,"type":"sell","buyer":"steemshiro","seller":"unicity","symbol":"SIM","quantity":"0.433","price":"0.00128000","timestamp":1631999076,"volume":"0.00055424","buyTxId":"dbce58b8c5bd901e00f8f8cd36704e754e724bd8","sellTxId":"f1c54e4b0c531d93e2740157404d854dd912694f"}
{"index": {"_index":"sim","_id":"1547288"}}
	{"id":1547288,"type":"sell","buyer":"solovey6o2","seller":"konvik","symbol":"SIM","quantity":"21984.409","price":"0.00128001","timestamp":1631999097,"volume":"28.14026336","buyTxId":"82fa9a29b176316c7fb8bd7c712c369634e911fb","sellTxId":"61c6feb8128b83807ff4ca835b6dccc33b3a7db6-1"}
{"index": {"_index":"sim","_id":"1547297"}}
	{"id":1547297,"type":"buy","buyer":"demokrator","seller":"unicity","symbol":"SIM","quantity":"100.000","price":"0.00128100","timestamp":1631999313,"volume":"0.12810000","buyTxId":"98ca08b071eb20abe23923688e1422571aa324d3","sellTxId":"d937fcce059c1a090b50fb8da17354e1b6f3fcf7"}
{"index": {"_index":"sim","_id":"1547314"}}
	{"id":1547314,"type":"buy","buyer":"stickupboys","seller":"steem69","symbol":"SIM","quantity":"3682.000","price":"0.00127000","timestamp":1631999643,"volume":"4.67614000","buyTxId":"4b9d20572539ef6f6f88e95fc21cf9863af8429c","sellTxId":"99e6808604e8140fc0959f7c61001da9a4517e5d"}
{"index": {"_index":"sim","_id":"1547319"}}
	{"id":1547319,"type":"buy","buyer":"demokrator","seller":"solovey6o2","symbol":"SIM","quantity":"572.000","price":"0.00126999","timestamp":1631999736,"volume":"0.72643428","buyTxId":"fcad58ab7da154903f22650e6fae74551ad8c891","sellTxId":"930b2c9aa0fd48674571d68e3d86fc00abefa613"}
{"index": {"_index":"sim","_id":"1547322"}}
	{"id":1547322,"type":"buy","buyer":"konvik","seller":"steem69","symbol":"SIM","quantity":"100000.000","price":"0.00126500","timestamp":1631999784,"volume":"126.50000000","buyTxId":"33a7e5ce91b83edc1f7cf0cec80a99b51c319b1e-0","sellTxId":"b0b33478d9d756fa4ca74741ec476a92fb0f7793"}
{"index": {"_index":"sim","_id":"1547326"}}
	{"id":1547326,"type":"buy","buyer":"konvik","seller":"steem69","symbol":"SIM","quantity":"50000.000","price":"0.00126400","timestamp":1632000006,"volume":"63.20000000","buyTxId":"1c2fe0dc54aebf3c478e31116c033000c6411032-0","sellTxId":"09b57ae5c3bd7b8d2b50a13d1a5d4620faca65d1"}
{"index": {"_index":"sim","_id":"1547338"}}
	{"id":1547338,"type":"buy","buyer":"konvik","seller":"steem69","symbol":"SIM","quantity":"40000.000","price":"0.00126200","timestamp":1632000258,"volume":"50.48000000","buyTxId":"5073ec2eb67b4acd0a446885ba7d7c68925af623-0","sellTxId":"6133a7baccc9632448ba5218dbea36ec6d200727"}
{"index": {"_index":"sim","_id":"1547345"}}
	{"id":1547345,"type":"buy","buyer":"konvik","seller":"steem69","symbol":"SIM","quantity":"51375.207","price":"0.00126000","timestamp":1632000390,"volume":"64.73276082","buyTxId":"572653de0aa8899c302c21fcaba0618ef29b86a5-0","sellTxId":"54bd7db74b435e6643d939993c43b3d1193884eb"}
{"index": {"_index":"sim","_id":"1547360"}}
	{"id":1547360,"type":"buy","buyer":"konvik","seller":"steem69","symbol":"SIM","quantity":"82112.941","price":"0.00125600","timestamp":1632000585,"volume":"103.13385390","buyTxId":"2bb64976c184847ed78ea10870570898fdaf45f7-0","sellTxId":"78f1986db58bf6a5d7d30ab90a0ba581872e3710"}
{"index": {"_index":"sim","_id":"1547395"}}
	{"id":1547395,"type":"sell","buyer":"pi-trader","seller":"eythorphoto","symbol":"SIM","quantity":"9125.594","price":"0.00119571","timestamp":1632001194,"volume":"10.91156400","buyTxId":"c5541fe233beac45ce06422c81c2b2feb0a883ea-1","sellTxId":"a973e8b36e064fd6fa5b508968b3d95361efe3c5"}
{"index": {"_index":"sim","_id":"1547409"}}
	{"id":1547409,"type":"sell","buyer":"pi-trader","seller":"eythorphoto","symbol":"SIM","quantity":"2000.000","price":"0.00119571","timestamp":1632001371,"volume":"2.39142000","buyTxId":"022cb9759cf351e123275cc59f18710fd8cfd5e5-1","sellTxId":"08c9318a95e79fb8bfb6583a9c997c9191c9dc58"}
{"index": {"_index":"sim","_id":"1547431"}}
	{"id":1547431,"type":"buy","buyer":"demokrator","seller":"nftmart.fees","symbol":"SIM","quantity":"95.000","price":"0.00125599","timestamp":1632002016,"volume":"0.11931905","buyTxId":"5b69b7a8e9a45ea95aafb89aaa9fb13e4a6b393f","sellTxId":"506243c03771789abdc370b754fedb2fe0343403-0"}
{"index": {"_index":"sim","_id":"1547439"}}
	{"id":1547439,"type":"buy","buyer":"demokrator","seller":"unicity","symbol":"SIM","quantity":"589.000","price":"0.00128100","timestamp":1632002154,"volume":"0.75450900","buyTxId":"1cabde8ae32bd2bdc3b73c7a183378c478fead69","sellTxId":"d937fcce059c1a090b50fb8da17354e1b6f3fcf7"}
{"index": {"_index":"sim","_id":"1547461"}}
	{"id":1547461,"type":"sell","buyer":"pi-trader","seller":"elianaicgomes","symbol":"SIM","quantity":"2329.502","price":"0.00119571","timestamp":1632002544,"volume":"2.78540884","buyTxId":"736724b55f3ad6579eb7f4482aeb880065daaeb3","sellTxId":"f38205e811fb26c55d18167e021ccc21da7839e1"}
{"index": {"_index":"sim","_id":"1547469"}}
	{"id":1547469,"type":"sell","buyer":"pi-trader","seller":"eythorphoto","symbol":"SIM","quantity":"1340.000","price":"0.00119573","timestamp":1632002655,"volume":"1.60227820","buyTxId":"2434e0a97ac9f5c03f097f683795a7bbd5a8617c-1","sellTxId":"2b1afe3ca9763f2793da8bc02a25b2f94af84d8d"}
{"index": {"_index":"sim","_id":"1547474"}}
	{"id":1547474,"type":"buy","buyer":"konvik","seller":"mary.janikowski","symbol":"SIM","quantity":"22727.145","price":"0.00125000","timestamp":1632002697,"volume":"28.40893125","buyTxId":"eae4b46d0eb5bbdc41b68367f99a2016619c90d8-0","sellTxId":"efb24829935c27ea7b96ac4d66e8dd1c6936c6f6"}
{"index": {"_index":"sim","_id":"1547523"}}
	{"id":1547523,"type":"buy","buyer":"thegoliath","seller":"nftmart.fees","symbol":"SIM","quantity":"97.000","price":"0.00128099","timestamp":1632003402,"volume":"0.12425603","buyTxId":"0e7e1cb0d345b9a5c97ee65da33eede027e2a92b","sellTxId":"bcf115aa683733caf1dca1cb6d560d880a15bfd9-0"}
{"index": {"_index":"sim","_id":"1547524"}}
	{"id":1547524,"type":"buy","buyer":"thegoliath","seller":"unicity","symbol":"SIM","quantity":"79.000","price":"0.00128100","timestamp":1632003402,"volume":"0.10119900","buyTxId":"0e7e1cb0d345b9a5c97ee65da33eede027e2a92b","sellTxId":"d937fcce059c1a090b50fb8da17354e1b6f3fcf7"}
{"index": {"_index":"sim","_id":"1547525"}}
	{"id":1547525,"type":"buy","buyer":"thegoliath","seller":"shortsegments","symbol":"SIM","quantity":"214.409","price":"0.00129000","timestamp":1632003402,"volume":"0.27658761","buyTxId":"0e7e1cb0d345b9a5c97ee65da33eede027e2a92b","sellTxId":"a347b3db49e8ece0ad913e63e467ca1480823990"}
{"index": {"_index":"sim","_id":"1547526"}}
	{"id":1547526,"type":"buy","buyer":"thegoliath","seller":"solovey6o2","symbol":"SIM","quantity":"7609.591","price":"0.00129489","timestamp":1632003402,"volume":"9.85358329","buyTxId":"0e7e1cb0d345b9a5c97ee65da33eede027e2a92b","sellTxId":"da1ff221fc304972626e3d2b5c8dbccc36478213"}
{"index": {"_index":"sim","_id":"1547544"}}
	{"id":1547544,"type":"sell","buyer":"pi-trader","seller":"eythorphoto","symbol":"SIM","quantity":"9332.000","price":"0.00119575","timestamp":1632003741,"volume":"11.15873900","buyTxId":"7b46b8906cfd81ff2342ae9e9d8d69bffa053822-1","sellTxId":"fbabe3ffc8e48e82b973c9cfc005ff22e56b6c51"}
{"index": {"_index":"sim","_id":"1547574"}}
	{"id":1547574,"type":"sell","buyer":"pi-trader","seller":"bitcoinflood","symbol":"SIM","quantity":"2637.845","price":"0.00119575","timestamp":1632004176,"volume":"3.15420316","buyTxId":"45f878434d0edd2500f6ce7eaf7e636157bbf386-3","sellTxId":"94ef52b0da1cc16b63f11dcc0cc3d7b36e7078d0"}
{"index": {"_index":"sim","_id":"1547775"}}
	{"id":1547775,"type":"buy","buyer":"emergehealthier","seller":"nftmart.fees","symbol":"SIM","quantity":"85.000","price":"0.00127999","timestamp":1632008628,"volume":"0.10879915","buyTxId":"15ba89e04f003f25288bdfddd8955cfc36de9b7f","sellTxId":"f324c012696e1b2e7ed19f463f1472935c478414-0"}
{"index": {"_index":"sim","_id":"1547835"}}
	{"id":1547835,"type":"sell","buyer":"emergehealthier","seller":"nftmart.fees","symbol":"SIM","quantity":"74.000","price":"0.00127999","timestamp":1632009666,"volume":"0.09471926","buyTxId":"15ba89e04f003f25288bdfddd8955cfc36de9b7f","sellTxId":"d80783a8276370c04b2f01c8b6d61d8d31656f29-0"}
{"index": {"_index":"sim","_id":"1547841"}}
	{"id":1547841,"type":"sell","buyer":"emergehealthier","seller":"epilatero","symbol":"SIM","quantity":"41.000","price":"0.00127999","timestamp":1632009720,"volume":"0.05247959","buyTxId":"15ba89e04f003f25288bdfddd8955cfc36de9b7f","sellTxId":"3ea81d0339858c8e09b5cf1c8269172b15cbc66d"}
{"index": {"_index":"sim","_id":"1547842"}}
	{"id":1547842,"type":"sell","buyer":"pi-trader","seller":"epilatero","symbol":"SIM","quantity":"772.000","price":"0.00119579","timestamp":1632009720,"volume":"0.92314988","buyTxId":"af3be813ec9c542769e0f5f9ac4d29775878d650-2","sellTxId":"3ea81d0339858c8e09b5cf1c8269172b15cbc66d"}
{"index": {"_index":"sim","_id":"1547898"}}
	{"id":1547898,"type":"buy","buyer":"pi-trader","seller":"brofi-market","symbol":"SIM","quantity":"0.012","price":"0.00119575","timestamp":1632010218,"volume":"0.00001435","buyTxId":"be4ea51f7a382fb25b97d4eb16daf33e0cb00024-3","sellTxId":"9fda37b23facff0ede4fe1ac5760a31fdeeb27fe"}
{"index": {"_index":"sim","_id":"1547969"}}
	{"id":1547969,"type":"sell","buyer":"pi-trader","seller":"quantumg","symbol":"SIM","quantity":"350.950","price":"0.00119583","timestamp":1632012123,"volume":"0.41967654","buyTxId":"6a6932e66a2251e2f49dfdf32e654e5f9d8c5ca3-3","sellTxId":"efb4ff135d0964a6fb59a9851d2a265cfa29f11e"}
{"index": {"_index":"sim","_id":"1547972"}}
	{"id":1547972,"type":"sell","buyer":"pi-trader","seller":"dhedge-drips","symbol":"SIM","quantity":"0.001","price":"0.00119573","timestamp":1632012318,"volume":"0.00000120","buyTxId":"6d819de8a17dc11e1120c3a93fbd4cc3e592c833-3","sellTxId":"d09748cab46cf3c772418679edf6856a9f17bba7"}
{"index": {"_index":"sim","_id":"1548025"}}
	{"id":1548025,"type":"buy","buyer":"konvik","seller":"nftmart.fees","symbol":"SIM","quantity":"56.000","price":"0.00119998","timestamp":1632013194,"volume":"0.06719888","buyTxId":"1ed27d871320f8e8007c5e3ce9afc48e1cfd1816-0","sellTxId":"979421a2dd46c959feb420c2b32177e48ea6f82a-0"}
{"index": {"_index":"sim","_id":"1548026"}}
	{"id":1548026,"type":"buy","buyer":"konvik","seller":"dhedge-drips","symbol":"SIM","quantity":"0.001","price":"0.00119998","timestamp":1632013194,"volume":"0.00000120","buyTxId":"1ed27d871320f8e8007c5e3ce9afc48e1cfd1816-0","sellTxId":"98f635518a8bca6649bc157640e2f328202de464"}
{"index": {"_index":"sim","_id":"1548027"}}
	{"id":1548027,"type":"buy","buyer":"konvik","seller":"hirohurl","symbol":"SIM","quantity":"28.719","price":"0.00120000","timestamp":1632013194,"volume":"0.03446280","buyTxId":"1ed27d871320f8e8007c5e3ce9afc48e1cfd1816-0","sellTxId":"06d799a4ba53a734f9426a06daad7774edce55af"}
{"index": {"_index":"sim","_id":"1548028"}}
	{"id":1548028,"type":"buy","buyer":"konvik","seller":"kaeptn-iglo","symbol":"SIM","quantity":"8259.763","price":"0.00120000","timestamp":1632013194,"volume":"9.91171560","buyTxId":"1ed27d871320f8e8007c5e3ce9afc48e1cfd1816-0","sellTxId":"4539535ca28c4203ab6518efb8c1df9d86cdb8ee"}
{"index": {"_index":"sim","_id":"1548032"}}
	{"id":1548032,"type":"sell","buyer":"pi-trader","seller":"travelwritemoney","symbol":"SIM","quantity":"0.063","price":"0.00119575","timestamp":1632013278,"volume":"0.00007533","buyTxId":"b8115213d3202c7f438ec587f42524d4c81f67a3-5","sellTxId":"9fee00b1de502209ffcab486eaf63afceba3c4b2"}
{"index": {"_index":"sim","_id":"1548120"}}
	{"id":1548120,"type":"buy","buyer":"wizzitywillican","seller":"nftmart.fees","symbol":"SIM","quantity":"57.000","price":"0.00119999","timestamp":1632014325,"volume":"0.06839943","buyTxId":"34adef5e3e201ade9720b4899487ab07cd014ab4","sellTxId":"fba8adb2fe27ee6a866b136482ea663343f700ca-0"}
{"index": {"_index":"sim","_id":"1548121"}}
	{"id":1548121,"type":"buy","buyer":"wizzitywillican","seller":"kaeptn-iglo","symbol":"SIM","quantity":"84.637","price":"0.00120000","timestamp":1632014325,"volume":"0.10156440","buyTxId":"34adef5e3e201ade9720b4899487ab07cd014ab4","sellTxId":"4539535ca28c4203ab6518efb8c1df9d86cdb8ee"}
{"index": {"_index":"sim","_id":"1548137"}}
	{"id":1548137,"type":"sell","buyer":"solovey6o2","seller":"peerfinance","symbol":"SIM","quantity":"471.731","price":"0.00120006","timestamp":1632014610,"volume":"0.56610550","buyTxId":"8b4830e0620a62c2a632154da73d8672b8ea9c97","sellTxId":"ed28fdb547e19ce359d53c9c6c65a0586848dbfb"}
{"index": {"_index":"sim","_id":"1548260"}}
	{"id":1548260,"type":"sell","buyer":"pi-trader","seller":"eythorphoto","symbol":"SIM","quantity":"6602.567","price":"0.00120005","timestamp":1632016740,"volume":"7.92341053","buyTxId":"d35540b00cae18ceec6ec70e990601d8315a43b0-1","sellTxId":"35167a4dfe125a4fdd8682bb20ad5812026067f4"}
{"index": {"_index":"sim","_id":"1548269"}}
	{"id":1548269,"type":"buy","buyer":"wizzitywillican","seller":"nftmart.fees","symbol":"SIM","quantity":"49.000","price":"0.00126999","timestamp":1632016905,"volume":"0.06222951","buyTxId":"68af54fc1c0274d470d29e0da992cae7a43a4b00","sellTxId":"d223a8dbc20c916f7e7b22cc9dfb7c41f762c27d-0"}
{"index": {"_index":"sim","_id":"1548276"}}
	{"id":1548276,"type":"sell","buyer":"wizzitywillican","seller":"spinvest","symbol":"SIM","quantity":"729.000","price":"0.00126999","timestamp":1632017187,"volume":"0.92582271","buyTxId":"68af54fc1c0274d470d29e0da992cae7a43a4b00","sellTxId":"1184c65686ee6b910efc7a9af40278804721c997"}
{"index": {"_index":"sim","_id":"1548277"}}
	{"id":1548277,"type":"buy","buyer":"konvik","seller":"spinvest","symbol":"SIM","quantity":"9120.097","price":"0.00120000","timestamp":1632017190,"volume":"10.94411640","buyTxId":"74e07ec2347038d4516a9a052654744cc6e8a160-0","sellTxId":"1184c65686ee6b910efc7a9af40278804721c997"}
