{"index": {"_index":"sim","_id":"2753460"}}
	{"id":2753460,"type":"sell","buyer":"pi-trader","seller":"lifeskills-tv","symbol":"SIM","quantity":"441.792","price":"0.00047401","timestamp":1644553650,"volume":"0.20941383","buyTxId":"345684151506804f2fa1d2f6a9c4f018a2391f60-3","sellTxId":"38c92c485c21f16a3b51624a79fb41c32468f7a6"}
{"index": {"_index":"sim","_id":"2753539"}}
	{"id":2753539,"type":"sell","buyer":"pi-trader","seller":"gimmetricks1","symbol":"SIM","quantity":"10.811","price":"0.00047501","timestamp":1644555231,"volume":"0.00513533","buyTxId":"a860c38e04171ae0be4a71afb4ba3145cf430dcd-1","sellTxId":"89a05e8f5d71229b03262871d968944a36864c8a"}
{"index": {"_index":"sim","_id":"2753648"}}
	{"id":2753648,"type":"sell","buyer":"pi-trader","seller":"theguruasia","symbol":"SIM","quantity":"920.718","price":"0.00047501","timestamp":1644557244,"volume":"0.43735026","buyTxId":"6053a7949ccd9ecbd5d57b8b374a16d273bb7fba-1","sellTxId":"2ba459472fd1d40da9e85b921b443b072037dd3f"}
{"index": {"_index":"sim","_id":"2753660"}}
	{"id":2753660,"type":"sell","buyer":"pi-trader","seller":"tonytrillions","symbol":"SIM","quantity":"0.020","price":"0.00047501","timestamp":1644557631,"volume":"0.00000950","buyTxId":"e0860c8aa85077ad2fe34a5372eff1e79aec793e-3","sellTxId":"03e2a96eef3d3fc7a277102852e6e7243d6548ed"}
{"index": {"_index":"sim","_id":"2753699"}}
	{"id":2753699,"type":"buy","buyer":"quantumg","seller":"jelly-cz","symbol":"SIM","quantity":"260.523","price":"0.00049698","timestamp":1644558318,"volume":"0.12947472","buyTxId":"84b829a2a291496685e3785ff50c8162e6c7b35b","sellTxId":"MM-P-14722965-61710320-3-29-0"}
{"index": {"_index":"sim","_id":"2754083"}}
	{"id":2754083,"type":"sell","buyer":"pi-trader","seller":"damla","symbol":"SIM","quantity":"0.795","price":"0.00047501","timestamp":1644564741,"volume":"0.00037763","buyTxId":"4847b8a0b93f368da065325949800d9d49908cf5-1","sellTxId":"03eb8f7b25a4629e0485ed58fbc7a23e3419f905"}
{"index": {"_index":"sim","_id":"2754229"}}
	{"id":2754229,"type":"sell","buyer":"pi-trader","seller":"maini","symbol":"SIM","quantity":"4060.000","price":"0.00047501","timestamp":1644566625,"volume":"1.92854060","buyTxId":"0b81af8e6c8d08b4b9c769287cdfcb05850c70cd-3","sellTxId":"e8c3936d17d80aa9d52f416dd0464333a3fae09a"}
{"index": {"_index":"sim","_id":"2754291"}}
	{"id":2754291,"type":"buy","buyer":"lxsxl","seller":"jelly-cz","symbol":"SIM","quantity":"3994.844","price":"0.00049698","timestamp":1644567129,"volume":"1.98535757","buyTxId":"0aa1ac4fcd0d52249af38ddb8e2a6e33be8519e5","sellTxId":"MM-P-14722965-61710320-3-29-0"}
{"index": {"_index":"sim","_id":"2754330"}}
	{"id":2754330,"type":"sell","buyer":"pi-trader","seller":"anderssinho","symbol":"SIM","quantity":"0.258","price":"0.00047501","timestamp":1644567600,"volume":"0.00012255","buyTxId":"227753959900c4abee3a012659506d815081f3ec-3","sellTxId":"af90290040908c5ab45069691e7368128fe14a15"}
{"index": {"_index":"sim","_id":"2754417"}}
	{"id":2754417,"type":"buy","buyer":"konvik","seller":"desyfit","symbol":"SIM","quantity":"150000.000","price":"0.00048000","timestamp":1644569322,"volume":"72.00000000","buyTxId":"57859ac6caa219537e02834d921e927232e6c902-0","sellTxId":"5e4cad6cb926fbe279782dfdf25af6eb9f9e19c7"}
{"index": {"_index":"sim","_id":"2754499"}}
	{"id":2754499,"type":"buy","buyer":"libert","seller":"jelly-cz","symbol":"SIM","quantity":"16459.414","price":"0.00049698","timestamp":1644570894,"volume":"8.18","buyTxId":"706b3f54748f56aa403e52d7463ce479d9fa726a","sellTxId":"MM-P-14722965-61710320-3-29-0"}
{"index": {"_index":"sim","_id":"2754514"}}
	{"id":2754514,"type":"buy","buyer":"sirdemian","seller":"jelly-cz","symbol":"SIM","quantity":"20000.000","price":"0.00049698","timestamp":1644571122,"volume":"9.93960000","buyTxId":"b42007904dcf44443a14f4ee4aba83898e872857","sellTxId":"MM-P-14722965-61710320-3-29-0"}
{"index": {"_index":"sim","_id":"2754652"}}
	{"id":2754652,"type":"sell","buyer":"pi-trader","seller":"tdctunes","symbol":"SIM","quantity":"444.776","price":"0.00047501","timestamp":1644573819,"volume":"0.21127305","buyTxId":"20a8aa87c6db6628a977a18e1c25843662c5e4e8-5","sellTxId":"1b9fad9d36dccad4c31f39ba8fd54ae624b15aed"}
{"index": {"_index":"sim","_id":"2755118"}}
	{"id":2755118,"type":"sell","buyer":"pi-trader","seller":"brofi-market","symbol":"SIM","quantity":"0.004","price":"0.00047501","timestamp":1644581367,"volume":"0.00000190","buyTxId":"f2850da6dbe0bc8dce84293d1bf91fc381f2892b-3","sellTxId":"bd14f9cd2117a474231534e929c5f0d72189c119"}
{"index": {"_index":"sim","_id":"2755145"}}
	{"id":2755145,"type":"buy","buyer":"rexikhan","seller":"onealfa","symbol":"SIM","quantity":"847.004","price":"0.00049696","timestamp":1644581844,"volume":"0.42092711","buyTxId":"5b23251f746e1d5c184f647f4a0ae160686a1051","sellTxId":"f350962bfd47df9172f1a39bb5d4bd1f31729455"}
{"index": {"_index":"sim","_id":"2755217"}}
	{"id":2755217,"type":"buy","buyer":"dswap","seller":"onealfa","symbol":"SIM","quantity":"1814.996","price":"0.00049696","timestamp":1644582900,"volume":"0.90198041","buyTxId":"7250ec178c282998a817ea3254e95f874c3cdaf8","sellTxId":"f350962bfd47df9172f1a39bb5d4bd1f31729455"}
{"index": {"_index":"sim","_id":"2755218"}}
	{"id":2755218,"type":"buy","buyer":"dswap","seller":"brofi-market","symbol":"SIM","quantity":"0.004","price":"0.00049696","timestamp":1644582900,"volume":"0.00000199","buyTxId":"7250ec178c282998a817ea3254e95f874c3cdaf8","sellTxId":"5f4c90a342ffb8bd2271fcd96e45474787fa9590"}
{"index": {"_index":"sim","_id":"2755219"}}
	{"id":2755219,"type":"buy","buyer":"dswap","seller":"jelly-cz","symbol":"SIM","quantity":"941.723","price":"0.00049698","timestamp":1644582900,"volume":"0.46801760","buyTxId":"7250ec178c282998a817ea3254e95f874c3cdaf8","sellTxId":"MM-P-14722965-61710320-3-29-0"}
{"index": {"_index":"sim","_id":"2755280"}}
	{"id":2755280,"type":"sell","buyer":"pi-trader","seller":"gamsam","symbol":"SIM","quantity":"55051","price":"0.00047501","timestamp":1644584043,"volume":"26.14977551","buyTxId":"2eae3e41631951c59dddeb1ecef6392200882b14-7","sellTxId":"1a079c42642f0736c4b2b476fcc5002a4bf1c260"}
{"index": {"_index":"sim","_id":"2755287"}}
	{"id":2755287,"type":"sell","buyer":"pi-trader","seller":"thatcryptodave","symbol":"SIM","quantity":"140.450","price":"0.00047501","timestamp":1644584196,"volume":"0.06671515","buyTxId":"2cf108a823d313feaa2a403f6ba225d175bd8f36-5","sellTxId":"8affe57c4ea1183bf9463a25c7c457809f57baf2"}
{"index": {"_index":"sim","_id":"2755337"}}
	{"id":2755337,"type":"sell","buyer":"pi-trader","seller":"andy4475","symbol":"SIM","quantity":"54.843","price":"0.00047501","timestamp":1644584685,"volume":"0.02605097","buyTxId":"9e89d63297990af9f9156a9f4482f208e50e1dd3-5","sellTxId":"3d11cd7a87afb1a1b42084ed7725dc20f7a9e409"}
{"index": {"_index":"sim","_id":"2755797"}}
	{"id":2755797,"type":"buy","buyer":"boycharliefamily","seller":"pinkfloyd878","symbol":"SIM","quantity":"25000.000","price":"0.00049593","timestamp":1644589374,"volume":"12.39825000","buyTxId":"85ae448f924f6ba0d7003a53dff273481ad00e29","sellTxId":"cbcb3aa169930f8e9e05281c2646e8a19a181b79"}
{"index": {"_index":"sim","_id":"2755798"}}
	{"id":2755798,"type":"sell","buyer":"boycharliefamily","seller":"svirus","symbol":"SIM","quantity":"115788.180","price":"0.00049593","timestamp":1644589377,"volume":"57.42283211","buyTxId":"85ae448f924f6ba0d7003a53dff273481ad00e29","sellTxId":"12c9d4eade32612847cddcb89465eb03e10b876c-1"}
{"index": {"_index":"sim","_id":"2755799"}}
	{"id":2755799,"type":"sell","buyer":"boycharliefamily","seller":"genet","symbol":"SIM","quantity":"0.009","price":"0.00049593","timestamp":1644589377,"volume":"0.00000446","buyTxId":"85ae448f924f6ba0d7003a53dff273481ad00e29","sellTxId":"da4eadbd0cbb4a284d66bfd164ef6c3c8ab96968-1"}
{"index": {"_index":"sim","_id":"2756075"}}
	{"id":2756075,"type":"sell","buyer":"pi-trader","seller":"dreimaldad","symbol":"SIM","quantity":"150000.000","price":"0.00047501","timestamp":1644592503,"volume":"71.25150000","buyTxId":"2b4cab48549eeb0cc4d1f674c288bc32fdf73358-5","sellTxId":"909aff48ff4dfdf9d0b5fa2412c32b12d0e65694"}
{"index": {"_index":"sim","_id":"2756076"}}
	{"id":2756076,"type":"buy","buyer":"konvik","seller":"dreimaldad","symbol":"SIM","quantity":"28852.800","price":"0.00047501","timestamp":1644592506,"volume":"13.70536853","buyTxId":"322faf52bb9f80ff2550f9cba853857b3e639230-0","sellTxId":"909aff48ff4dfdf9d0b5fa2412c32b12d0e65694"}
{"index": {"_index":"sim","_id":"2756378"}}
	{"id":2756378,"type":"sell","buyer":"pi-trader","seller":"brofi-market","symbol":"SIM","quantity":"0.001","price":"0.00047501","timestamp":1644595896,"volume":"0.00000048","buyTxId":"eced8e40abb7517c9ee9b21ac4f751a604050012-2","sellTxId":"fb08fcdfaf52ac7cc7dfd66441822fb63e4fe11d"}
{"index": {"_index":"sim","_id":"2756413"}}
	{"id":2756413,"type":"sell","buyer":"pi-trader","seller":"remystar93","symbol":"SIM","quantity":"24289.330","price":"0.00047501","timestamp":1644596445,"volume":"11.53767464","buyTxId":"5a7e02b63eda51a45f07ee4e4a23811846fe51b3-2","sellTxId":"6adda12d2a58340ab9bf40d60851253c897827ac"}
{"index": {"_index":"sim","_id":"2756437"}}
	{"id":2756437,"type":"buy","buyer":"jakkal","seller":"jelly-cz","symbol":"SIM","quantity":"2571.000","price":"0.00049543","timestamp":1644596748,"volume":"1.27375053","buyTxId":"d097abd3c4561679a95bce93ce8652bd92e8247e","sellTxId":"MM-P-14742020-61729379-3-29-0"}
{"index": {"_index":"sim","_id":"2756477"}}
	{"id":2756477,"type":"buy","buyer":"jakkal","seller":"jelly-cz","symbol":"SIM","quantity":"73.447","price":"0.00049543","timestamp":1644597183,"volume":"0.03638785","buyTxId":"51da4bcc813926119c1c85a428fcd54f87e44f72","sellTxId":"MM-P-14742020-61729379-3-29-0"}
{"index": {"_index":"sim","_id":"2756485"}}
	{"id":2756485,"type":"buy","buyer":"jakkal","seller":"jelly-cz","symbol":"SIM","quantity":"130.000","price":"0.00049543","timestamp":1644597309,"volume":"0.06440590","buyTxId":"be6a22b920866511847b2442ed409accfc414330","sellTxId":"MM-P-14742020-61729379-3-29-0"}
{"index": {"_index":"sim","_id":"2756625"}}
	{"id":2756625,"type":"buy","buyer":"maryjane.main","seller":"jelly-cz","symbol":"SIM","quantity":"38000.000","price":"0.00049543","timestamp":1644598434,"volume":"18.82634000","buyTxId":"cd3447f64932670ff484dc6d70a763119ad87cff","sellTxId":"MM-P-14742020-61729379-3-29-0"}
{"index": {"_index":"sim","_id":"2756636"}}
	{"id":2756636,"type":"sell","buyer":"pi-trader","seller":"andy4475","symbol":"SIM","quantity":"53.283","price":"0.00047501","timestamp":1644598485,"volume":"0.02530996","buyTxId":"0181d5e2e88ea492c6e2e9815a481e4d6da85236-4","sellTxId":"6b7a3ab2f1129f02347098f8e2d492302eba5a3a"}
{"index": {"_index":"sim","_id":"2756641"}}
	{"id":2756641,"type":"sell","buyer":"pi-trader","seller":"bearbear613","symbol":"SIM","quantity":"200.718","price":"0.00047501","timestamp":1644598503,"volume":"0.09534306","buyTxId":"b2364ff2a7f53230cd49441f0869930f6e149c54-1","sellTxId":"e61101b3899755e5674e3804d24bae3b25b2c9cf"}
{"index": {"_index":"sim","_id":"2756691"}}
	{"id":2756691,"type":"sell","buyer":"pi-trader","seller":"votebetting","symbol":"SIM","quantity":"378.775","price":"0.00047501","timestamp":1644598935,"volume":"0.17992191","buyTxId":"d00dc84ce680bc2091b82111c9c8c29d5f435c1e-3","sellTxId":"2ac66abb45978e546c5f407fe16bc267887eb523"}
{"index": {"_index":"sim","_id":"2757044"}}
	{"id":2757044,"type":"buy","buyer":"rexikhan","seller":"jelly-cz","symbol":"SIM","quantity":"445.134","price":"0.00049543","timestamp":1644601773,"volume":"0.22053274","buyTxId":"a307037d7239fccb4d6d3f57243333985794d8a4","sellTxId":"MM-P-14742020-61729379-3-29-0"}
{"index": {"_index":"sim","_id":"2757121"}}
	{"id":2757121,"type":"sell","buyer":"pi-trader","seller":"steem-hodler","symbol":"SIM","quantity":"38280.000","price":"0.00047501","timestamp":1644602601,"volume":"18.18338280","buyTxId":"5b2a68461137810a4df106eeb16bf3e669cf0160-3","sellTxId":"d6b9dbc7aae9f75005c6882bb8cc7ec0d42ef8ad"}
{"index": {"_index":"sim","_id":"2757705"}}
	{"id":2757705,"type":"buy","buyer":"lammbock","seller":"eii","symbol":"SIM","quantity":"0.009","price":"0.00048000","timestamp":1644608643,"volume":"0.00000432","buyTxId":"b0281eaaf7bec6910e0f3af1cb1f1da752cbf826","sellTxId":"79d135b119087cc5b778de3c01627b4ae8f4d600"}
{"index": {"_index":"sim","_id":"2757800"}}
	{"id":2757800,"type":"sell","buyer":"pi-trader","seller":"bearbear613","symbol":"SIM","quantity":"894.000","price":"0.00048001","timestamp":1644609525,"volume":"0.42912894","buyTxId":"0e984e0e97304db62a4e98636c971e1842efda26-2","sellTxId":"070acb95580f6675f0a42f08446cd5c13361c1cf"}
{"index": {"_index":"sim","_id":"2757817"}}
	{"id":2757817,"type":"sell","buyer":"pi-trader","seller":"bearmol","symbol":"SIM","quantity":"0.365","price":"0.00047501","timestamp":1644609669,"volume":"0.00017338","buyTxId":"99e411818229fba7fc9d80b4fe6e57c5d5985797-3","sellTxId":"0b62f3f8267fcbc0c5c54b93f361cbee37e71456"}
{"index": {"_index":"sim","_id":"2757907"}}
	{"id":2757907,"type":"sell","buyer":"pi-trader","seller":"joheredia21","symbol":"SIM","quantity":"19248","price":"0.00047501","timestamp":1644610671,"volume":"9.14299248","buyTxId":"9efa8e85e4eef28fa4e222faf5031a6e902fec14-3","sellTxId":"22dbc044012b24c01327e8aa8a9e7e7a09a9418c"}
{"index": {"_index":"sim","_id":"2758176"}}
	{"id":2758176,"type":"sell","buyer":"pi-trader","seller":"zakludick","symbol":"SIM","quantity":"7.641","price":"0.00047501","timestamp":1644613029,"volume":"0.00362955","buyTxId":"8c25bffe637dbf5f55260d8a1cd65e759f8d5dd6-3","sellTxId":"4a669b50418bf2d29271ad0520b986f7a34b9960"}
{"index": {"_index":"sim","_id":"2758277"}}
	{"id":2758277,"type":"sell","buyer":"pi-trader","seller":"tonytrillions","symbol":"SIM","quantity":"0.020","price":"0.00047503","timestamp":1644614043,"volume":"0.00000950","buyTxId":"c7749ddb9fbd61840dbe2cac266bd15b349bd434-3","sellTxId":"daec0f5502177d240e11b16cffc0c26b47331f16"}
{"index": {"_index":"sim","_id":"2758778"}}
	{"id":2758778,"type":"sell","buyer":"pi-trader","seller":"steem-hodler","symbol":"SIM","quantity":"30350.000","price":"0.00047501","timestamp":1644618228,"volume":"14.41655350","buyTxId":"b06d009ec4e6dc1a59ac4867e257366b1eaa94c9-1","sellTxId":"28e16086c548ffc38edb9f38c6695a9fccad41c9"}
{"index": {"_index":"sim","_id":"2758786"}}
	{"id":2758786,"type":"buy","buyer":"dswap","seller":"jelly-cz","symbol":"SIM","quantity":"798.516","price":"0.00049491","timestamp":1644618297,"volume":"0.39519384","buyTxId":"9073293478a18733142e5039815e93197cb5ef54","sellTxId":"MM-P-14747004-61734364-3-29-0"}
{"index": {"_index":"sim","_id":"2758875"}}
	{"id":2758875,"type":"sell","buyer":"pi-trader","seller":"balte","symbol":"SIM","quantity":"23000.000","price":"0.00047501","timestamp":1644619299,"volume":"10.92523000","buyTxId":"3edb32758b95cd6b43052c93ae263d76bcc94dbb-5","sellTxId":"e0190a5184b626f0951b3b21301f5b65ec067572"}
{"index": {"_index":"sim","_id":"2759063"}}
	{"id":2759063,"type":"buy","buyer":"vaporent","seller":"jelly-cz","symbol":"SIM","quantity":"3500.000","price":"0.00049387","timestamp":1644620952,"volume":"1.72854500","buyTxId":"eb17eaf38af75fc0b8a1b66952524c4864c7a675","sellTxId":"MM-P-14749796-61737156-3-29-0"}
{"index": {"_index":"sim","_id":"2759284"}}
	{"id":2759284,"type":"buy","buyer":"sirdemian","seller":"jelly-cz","symbol":"SIM","quantity":"40000.000","price":"0.00049387","timestamp":1644623517,"volume":"19.75480000","buyTxId":"9a2be9c9c0496d13de7c9bd0c998b9aecc2b2c96","sellTxId":"MM-P-14749796-61737156-3-29-0"}
{"index": {"_index":"sim","_id":"2759308"}}
	{"id":2759308,"type":"sell","buyer":"pi-trader","seller":"marfonso","symbol":"SIM","quantity":"98.856","price":"0.00047501","timestamp":1644623961,"volume":"0.04695759","buyTxId":"fdab36704748971d5955b598004b9a77de5eb1e5-4","sellTxId":"df4eac2e35db522ed0f603823bf9f1608cd95bd6"}
{"index": {"_index":"sim","_id":"2759377"}}
	{"id":2759377,"type":"buy","buyer":"maryjane.main","seller":"jelly-cz","symbol":"SIM","quantity":"17000.000","price":"0.00049387","timestamp":1644624612,"volume":"8.39579000","buyTxId":"c346417c2c53f80ee1d560d0b66c78cbfa085d5b","sellTxId":"MM-P-14749796-61737156-3-29-0"}
{"index": {"_index":"sim","_id":"2759394"}}
	{"id":2759394,"type":"sell","buyer":"pi-trader","seller":"brofi-market","symbol":"SIM","quantity":"0.003","price":"0.00047501","timestamp":1644624807,"volume":"0.00000143","buyTxId":"04ca39df486fd93531abd61f954dd34ea9be9250-1","sellTxId":"d031980cf5184e831e0be4bfc11ceddde14d2c07"}
{"index": {"_index":"sim","_id":"2759444"}}
	{"id":2759444,"type":"sell","buyer":"pi-trader","seller":"myfreebtc","symbol":"SIM","quantity":"0.819","price":"0.00047501","timestamp":1644625362,"volume":"0.00038903","buyTxId":"e3d61d5f1602940523908c7b25748c57c02efa0d-1","sellTxId":"fed53b82285291782bda65ccdddecda91b7727eb"}
{"index": {"_index":"sim","_id":"2759461"}}
	{"id":2759461,"type":"buy","buyer":"sinistry","seller":"jelly-cz","symbol":"SIM","quantity":"730.000","price":"0.00049336","timestamp":1644625638,"volume":"0.36015280","buyTxId":"264b76ba411f7c2d167902e3326882d73ee82556","sellTxId":"MM-P-14751693-61739053-3-29-0"}
{"index": {"_index":"sim","_id":"2760124"}}
	{"id":2760124,"type":"sell","buyer":"pi-trader","seller":"steem82868","symbol":"SIM","quantity":"3.923","price":"0.00047501","timestamp":1644634110,"volume":"0.00186346","buyTxId":"18bc0b5c80b33a9ae266be4cc9d3f91b7bccf83b-4","sellTxId":"b6406b49e51160f0dd183f8870de786c5cc7611a"}
{"index": {"_index":"sim","_id":"2760200"}}
	{"id":2760200,"type":"buy","buyer":"svirus","seller":"velourex","symbol":"SIM","quantity":"25754.310","price":"0.00048000","timestamp":1644635193,"volume":"12.36206880","buyTxId":"90fb75d4884aed4a3c8418837eae452b77255a4f-0","sellTxId":"85142a7ec868bcd8d146d156763f3c8250c59cac"}
{"index": {"_index":"sim","_id":"2760201"}}
	{"id":2760201,"type":"buy","buyer":"konvik","seller":"velourex","symbol":"SIM","quantity":"0.007","price":"0.00048000","timestamp":1644635193,"volume":"0.00000336","buyTxId":"94baa93f289293866906ca6e9edd9935ba397cf5-0","sellTxId":"85142a7ec868bcd8d146d156763f3c8250c59cac"}
{"index": {"_index":"sim","_id":"2760334"}}
	{"id":2760334,"type":"sell","buyer":"pi-trader","seller":"goldcoin","symbol":"SIM","quantity":"80.300","price":"0.00047501","timestamp":1644637446,"volume":"0.03814330","buyTxId":"a5dd97d2991257e53bcd57aa2d4c9998d4440065-3","sellTxId":"ec50b156ff60f4abb2e83993d4704006aac1436c"}
