{"index": {"_index":"sim","_id":"1642679"}}
	{"id":1642679,"type":"buy","buyer":"emergehealthier","seller":"ironshield","symbol":"SIM","quantity":"900.000","price":"0.00106000","timestamp":1633404279,"volume":"0.95400000","buyTxId":"0b55da49c811d3e0cbeac489363a39d22c6f0126","sellTxId":"01c883bc9e6cc7e7c7c605181b6966dbbc740d75"}
{"index": {"_index":"sim","_id":"1642936"}}
	{"id":1642936,"type":"sell","buyer":"schindmaehre","seller":"megalithic","symbol":"SIM","quantity":"799.610","price":"0.00104132","timestamp":1633409889,"volume":"0.83264989","buyTxId":"6df03a59171dbe5a203b1372f20c964bdcacf1d6","sellTxId":"9364342ad16e29304705ba855839e14ca9c97713"}
{"index": {"_index":"sim","_id":"1642937"}}
	{"id":1642937,"type":"sell","buyer":"jelly-cz","seller":"megalithic","symbol":"SIM","quantity":"28447.390","price":"0.00104008","timestamp":1633409889,"volume":"29.58756139","buyTxId":"MM-P-11023278-58008311-3-35-0","sellTxId":"9364342ad16e29304705ba855839e14ca9c97713"}
{"index": {"_index":"sim","_id":"1642950"}}
	{"id":1642950,"type":"sell","buyer":"pizzaexpress","seller":"genet","symbol":"SIM","quantity":"150000.000","price":"0.00105000","timestamp":1633410378,"volume":"157.50000000","buyTxId":"89c137f2d6053b8195ca2b3115d824442dde2e0a","sellTxId":"6bc760039ac0c09db08101327253ea5aaa29b413-1"}
{"index": {"_index":"sim","_id":"1643073"}}
	{"id":1643073,"type":"sell","buyer":"pi-trader","seller":"klye","symbol":"SIM","quantity":"574.000","price":"0.00104162","timestamp":1633412385,"volume":"0.59788988","buyTxId":"d9425050aa51d88bd95519770fd6837237adf25f-3","sellTxId":"d6cae9acce2fbfc9a4539d490e44a292f4eac21c"}
{"index": {"_index":"sim","_id":"1643113"}}
	{"id":1643113,"type":"sell","buyer":"pi-trader","seller":"lammbock","symbol":"SIM","quantity":"450.109","price":"0.00104168","timestamp":1633413006,"volume":"0.46886954","buyTxId":"380da15289f141f9cff20dc4a65bf9c57171d9ee-1","sellTxId":"6ac0d004e53d125ee0f086cc51e242af5b2e6b68"}
{"index": {"_index":"sim","_id":"1643182"}}
	{"id":1643182,"type":"sell","buyer":"jelly-cz","seller":"loganhate","symbol":"SIM","quantity":"514.000","price":"0.00104176","timestamp":1633415253,"volume":"0.53546464","buyTxId":"MM-P-11026762-58011800-3-35-0","sellTxId":"ab5ba7c59a3cb4a37f25f0c0fd1c00ab75c278fe"}
{"index": {"_index":"sim","_id":"1643190"}}
	{"id":1643190,"type":"buy","buyer":"tommasobusiello","seller":"atomcollector","symbol":"SIM","quantity":"1000.000","price":"0.00105700","timestamp":1633415595,"volume":"1.05700000","buyTxId":"dfc857867b1f09c04bd78a9afc34f58d0d128d04","sellTxId":"f3dd82f228e599d006f101f0db2a92a9d905b510"}
{"index": {"_index":"sim","_id":"1643191"}}
	{"id":1643191,"type":"buy","buyer":"tommasobusiello","seller":"ctpsb","symbol":"SIM","quantity":"834.000","price":"0.00105700","timestamp":1633415595,"volume":"0.88153800","buyTxId":"dfc857867b1f09c04bd78a9afc34f58d0d128d04","sellTxId":"73a2f5821901eac5985b1bdcdc82a55b8a426c1e"}
{"index": {"_index":"sim","_id":"1643192"}}
	{"id":1643192,"type":"buy","buyer":"tommasobusiello","seller":"schindmaehre","symbol":"SIM","quantity":"799.610","price":"0.00105999","timestamp":1633415595,"volume":"0.84757860","buyTxId":"dfc857867b1f09c04bd78a9afc34f58d0d128d04","sellTxId":"5973a97932a9bed37d58d25cf3888e43984ca194"}
{"index": {"_index":"sim","_id":"1643193"}}
	{"id":1643193,"type":"buy","buyer":"tommasobusiello","seller":"ironshield","symbol":"SIM","quantity":"4071.790","price":"0.00106000","timestamp":1633415595,"volume":"4.31609740","buyTxId":"dfc857867b1f09c04bd78a9afc34f58d0d128d04","sellTxId":"01c883bc9e6cc7e7c7c605181b6966dbbc740d75"}
{"index": {"_index":"sim","_id":"1643195"}}
	{"id":1643195,"type":"buy","buyer":"tommasobusiello","seller":"solovey6o2","symbol":"SIM","quantity":"2212.000","price":"0.00107999","timestamp":1633415628,"volume":"2.38893788","buyTxId":"beed9bb78afb4ea8d16bc202b064f9acc09c7965","sellTxId":"aed4b716cb3b539950e6e06d41991a2a4b7ad81c"}
{"index": {"_index":"sim","_id":"1643237"}}
	{"id":1643237,"type":"sell","buyer":"tommasobusiello","seller":"muenchen","symbol":"SIM","quantity":"294.600","price":"0.00106000","timestamp":1633416261,"volume":"0.31227600","buyTxId":"dfc857867b1f09c04bd78a9afc34f58d0d128d04","sellTxId":"5eac6696a8ff0532083255205393c54d082b3a07"}
{"index": {"_index":"sim","_id":"1643238"}}
	{"id":1643238,"type":"sell","buyer":"pi-trader","seller":"muenchen","symbol":"SIM","quantity":"11443.400","price":"0.00104177","timestamp":1633416282,"volume":"11.92139082","buyTxId":"cc61dd1d57c01f0d3442c6e0b006642e2a92f9bd-1","sellTxId":"3a9832332a21dc7fdedbccde2755a381d4fd9648"}
{"index": {"_index":"sim","_id":"1643270"}}
	{"id":1643270,"type":"sell","buyer":"jelly-cz","seller":"dustindivitto","symbol":"SIM","quantity":"78198.947","price":"0.00104176","timestamp":1633416786,"volume":"81.46453503","buyTxId":"MM-P-11026762-58011800-3-35-0","sellTxId":"7a33c53e713b97ab6c6b346c82c69da47a5e1a88"}
{"index": {"_index":"sim","_id":"1643271"}}
	{"id":1643271,"type":"sell","buyer":"master-lamps","seller":"dustindivitto","symbol":"SIM","quantity":"1358.513","price":"0.00104145","timestamp":1633416786,"volume":"1.41482336","buyTxId":"ad0ccc5ef72108265b65bd39bf9b57f02b026d45","sellTxId":"7a33c53e713b97ab6c6b346c82c69da47a5e1a88"}
{"index": {"_index":"sim","_id":"1643272"}}
	{"id":1643272,"type":"sell","buyer":"steemshiro","seller":"dustindivitto","symbol":"SIM","quantity":"142715.149","price":"0.00104000","timestamp":1633416786,"volume":"148.42375496","buyTxId":"d0ac5dc3eeef45f77042d3eda26ceceae16c5f2b","sellTxId":"7a33c53e713b97ab6c6b346c82c69da47a5e1a88"}
{"index": {"_index":"sim","_id":"1643273"}}
	{"id":1643273,"type":"sell","buyer":"jelly13","seller":"dustindivitto","symbol":"SIM","quantity":"9284.391","price":"0.00103001","timestamp":1633416786,"volume":"9.56301557","buyTxId":"ddcf187573f4b8097fd29fdc887c34051a9e49dd","sellTxId":"7a33c53e713b97ab6c6b346c82c69da47a5e1a88"}
{"index": {"_index":"sim","_id":"1643284"}}
	{"id":1643284,"type":"sell","buyer":"pi-trader","seller":"stickupboys","symbol":"SIM","quantity":"670.000","price":"0.00103005","timestamp":1633417188,"volume":"0.69013350","buyTxId":"15ea5b9b76dd41ffa9d230941ea85356d3948b67-3","sellTxId":"522417fbc9ce69310b6cde366a64484e3363d952"}
{"index": {"_index":"sim","_id":"1643336"}}
	{"id":1643336,"type":"sell","buyer":"jelly-cz","seller":"thatcryptodave","symbol":"SIM","quantity":"1577.000","price":"0.00103016","timestamp":1633418223,"volume":"1.62456232","buyTxId":"MM-P-11028256-58013295-3-35-0","sellTxId":"d4a4fb254f09c7020774aef3baedcc2361ba9141"}
{"index": {"_index":"sim","_id":"1643436"}}
	{"id":1643436,"type":"sell","buyer":"pi-trader","seller":"atomcollector","symbol":"SIM","quantity":"10000.000","price":"0.00104139","timestamp":1633420272,"volume":"10.41390000","buyTxId":"0df3a8646a9cf05a2fcb7ad9e650f40b8dfb01b7-3","sellTxId":"c42ea30d8f23698e6f4d86560162d794e0902f28"}
{"index": {"_index":"sim","_id":"1643473"}}
	{"id":1643473,"type":"sell","buyer":"pi-trader","seller":"anosys","symbol":"SIM","quantity":"56.683","price":"0.00104148","timestamp":1633420992,"volume":"0.05903421","buyTxId":"666f99353e06466b0475996e5e1ff535ef02d84a-5","sellTxId":"4b252ea310c3f5b4bd87ab5384ce2514506f1789"}
{"index": {"_index":"sim","_id":"1643537"}}
	{"id":1643537,"type":"sell","buyer":"jelly-cz","seller":"gamer4fun","symbol":"SIM","quantity":"211.034","price":"0.00105002","timestamp":1633421709,"volume":"0.22158992","buyTxId":"MM-P-11029355-58014394-3-35-0","sellTxId":"66813173864c2ca276ae6e97b5085fc74cec191c"}
{"index": {"_index":"sim","_id":"1643713"}}
	{"id":1643713,"type":"sell","buyer":"schindmaehre","seller":"mfblack","symbol":"SIM","quantity":"806.211","price":"0.00105132","timestamp":1633426083,"volume":"0.84758575","buyTxId":"306a4028dc1d55b6010a00414fc6619741ed536d","sellTxId":"9c51d6f4e974489d7f90e05023bb17328439116c"}
{"index": {"_index":"sim","_id":"1643714"}}
	{"id":1643714,"type":"sell","buyer":"jelly-cz","seller":"mfblack","symbol":"SIM","quantity":"2681.804","price":"0.00105002","timestamp":1633426083,"volume":"2.81594784","buyTxId":"MM-P-11029355-58014394-3-35-0","sellTxId":"9c51d6f4e974489d7f90e05023bb17328439116c"}
{"index": {"_index":"sim","_id":"1643748"}}
	{"id":1643748,"type":"sell","buyer":"jelly-cz","seller":"tomhall","symbol":"SIM","quantity":"646.019","price":"0.00105002","timestamp":1633426791,"volume":"0.67833287","buyTxId":"MM-P-11029355-58014394-3-35-0","sellTxId":"e09544bee817ce0cc2fdcc7ec88f83098ca1ea03"}
{"index": {"_index":"sim","_id":"1643864"}}
	{"id":1643864,"type":"sell","buyer":"jelly-cz","seller":"captaincryptic","symbol":"SIM","quantity":"1215.001","price":"0.00105002","timestamp":1633429017,"volume":"1.27577535","buyTxId":"MM-P-11029355-58014394-3-35-0","sellTxId":"ecdadd1c7f92f5c4ca4d0c8d8a9b5b2a738a190d"}
{"index": {"_index":"sim","_id":"1643941"}}
	{"id":1643941,"type":"sell","buyer":"jelly-cz","seller":"dotwin1981","symbol":"SIM","quantity":"0.124","price":"0.00105002","timestamp":1633431015,"volume":"0.00013020","buyTxId":"MM-P-11029355-58014394-3-35-0","sellTxId":"eacac65e4b56c6eb06d3e95ec7f84e64d017d4d7"}
{"index": {"_index":"sim","_id":"1643978"}}
	{"id":1643978,"type":"sell","buyer":"jelly-cz","seller":"pimpstudio","symbol":"SIM","quantity":"61736.175","price":"0.00105002","timestamp":1633431552,"volume":"64.82421847","buyTxId":"MM-P-11029355-58014394-3-35-0","sellTxId":"030643908d4a85cee9b848ef3e4cba53a8ae9182"}
{"index": {"_index":"sim","_id":"1644059"}}
	{"id":1644059,"type":"sell","buyer":"pi-trader","seller":"outlinez","symbol":"SIM","quantity":"40584.020","price":"0.00105003","timestamp":1633433490,"volume":"42.61443852","buyTxId":"46ab303038d6a0b11916f1b063761940a3ee59b3","sellTxId":"f8d73c86b76637597f8c21b34d11350de47386a6"}
{"index": {"_index":"sim","_id":"1644072"}}
	{"id":1644072,"type":"sell","buyer":"jelly-cz","seller":"theshaki","symbol":"SIM","quantity":"103.899","price":"0.00105005","timestamp":1633433871,"volume":"0.10909914","buyTxId":"MM-P-11033342-58018384-3-35-0","sellTxId":"652301da34906de9ad5a7960d6d233868223bcce"}
{"index": {"_index":"sim","_id":"1644162"}}
	{"id":1644162,"type":"buy","buyer":"eythorphoto","seller":"atomcollector","symbol":"SIM","quantity":"1000.000","price":"0.00107000","timestamp":1633435650,"volume":"1.07000000","buyTxId":"e1c97eb663449618b1434c9d518a6b32bde8588b","sellTxId":"210faf2423228ed0babe438e6e4d2dcef0e8a79c"}
{"index": {"_index":"sim","_id":"1644163"}}
	{"id":1644163,"type":"sell","buyer":"eythorphoto","seller":"svirus","symbol":"SIM","quantity":"20174.000","price":"0.00107000","timestamp":1633435653,"volume":"21.58618000","buyTxId":"e1c97eb663449618b1434c9d518a6b32bde8588b","sellTxId":"849858491ef1a0121151184d85a577fd0b91a6ad-1"}
{"index": {"_index":"sim","_id":"1644185"}}
	{"id":1644185,"type":"sell","buyer":"pi-trader","seller":"brofi-market","symbol":"SIM","quantity":"0.008","price":"0.00105024","timestamp":1633435836,"volume":"0.00000840","buyTxId":"363ac67ea0e22bc656ab50d28f3f48715f331c2a-5","sellTxId":"7bbfc1320542a625b8dddd9399509f0d6faaa13a"}
{"index": {"_index":"sim","_id":"1644255"}}
	{"id":1644255,"type":"buy","buyer":"kevinnag58","seller":"master-lamps","symbol":"SIM","quantity":"1411.746","price":"0.00107932","timestamp":1633436829,"volume":"1.52372569","buyTxId":"49ec7321ab0a9ccb858781a531156936cf6c657b","sellTxId":"21a971ddf2c7e45355f8d04b70ade5381af321c0"}
{"index": {"_index":"sim","_id":"1644256"}}
	{"id":1644256,"type":"buy","buyer":"kevinnag58","seller":"brofi-market","symbol":"SIM","quantity":"0.008","price":"0.00107932","timestamp":1633436829,"volume":"0.00000863","buyTxId":"49ec7321ab0a9ccb858781a531156936cf6c657b","sellTxId":"bb7cbb52a20522d0aca50673b623dac06b46c70a"}
{"index": {"_index":"sim","_id":"1644257"}}
	{"id":1644257,"type":"buy","buyer":"kevinnag58","seller":"brofi-market","symbol":"SIM","quantity":"0.003","price":"0.00107999","timestamp":1633436829,"volume":"0.00000324","buyTxId":"49ec7321ab0a9ccb858781a531156936cf6c657b","sellTxId":"91720fd4f12345fdcf3a45d986c7c09d6962924e"}
{"index": {"_index":"sim","_id":"1644258"}}
	{"id":1644258,"type":"buy","buyer":"kevinnag58","seller":"eshr92","symbol":"SIM","quantity":"144.000","price":"0.00107999","timestamp":1633436829,"volume":"0.15551856","buyTxId":"49ec7321ab0a9ccb858781a531156936cf6c657b","sellTxId":"e1211749f80f044539dfe886e85bb19bc14afab0"}
{"index": {"_index":"sim","_id":"1644259"}}
	{"id":1644259,"type":"buy","buyer":"kevinnag58","seller":"lcity","symbol":"SIM","quantity":"1685.873","price":"0.00108000","timestamp":1633436829,"volume":"1.82074388","buyTxId":"49ec7321ab0a9ccb858781a531156936cf6c657b","sellTxId":"e7a85a9f97571cefaf172c7cf1c24c90640fb0df"}
{"index": {"_index":"sim","_id":"1644271"}}
	{"id":1644271,"type":"sell","buyer":"pi-trader","seller":"dswap","symbol":"SIM","quantity":"74.36","price":"0.00105036","timestamp":1633436979,"volume":"0.07810477","buyTxId":"c3a483cd3fb251184c2a2305ff24ee237b6e6bd2-3","sellTxId":"1ffcfc7b38af32282df7a25f93e36a66533cb7eb"}
{"index": {"_index":"sim","_id":"1644380"}}
	{"id":1644380,"type":"buy","buyer":"wdougwatson","seller":"lcity","symbol":"SIM","quantity":"527.176","price":"0.00108000","timestamp":1633438095,"volume":"0.56935056","buyTxId":"6d382591d5b6697a85744a98c67b6e41f39a6b81","sellTxId":"e7a85a9f97571cefaf172c7cf1c24c90640fb0df"}
{"index": {"_index":"sim","_id":"1644417"}}
	{"id":1644417,"type":"sell","buyer":"pi-trader","seller":"tonytrillions","symbol":"SIM","quantity":"0.012","price":"0.00105082","timestamp":1633438569,"volume":"0.00001261","buyTxId":"be901b8e7d088ae77fce92e7264fc3d9edb6a2bf-3","sellTxId":"774764a9f4d56cccb75e7f13bf7178ef1436c49f"}
{"index": {"_index":"sim","_id":"1644481"}}
	{"id":1644481,"type":"sell","buyer":"pi-trader","seller":"alive.chat","symbol":"SIM","quantity":"1.161","price":"0.00105094","timestamp":1633439613,"volume":"0.00122014","buyTxId":"a6ffc919dc782181626d6de7b4b29d7a0f5b8f11-1","sellTxId":"afa2074e4b707412434583c7be647ded70db8365"}
{"index": {"_index":"sim","_id":"1644553"}}
	{"id":1644553,"type":"sell","buyer":"pi-trader","seller":"elricmoonslayer","symbol":"SIM","quantity":"89.008","price":"0.00105103","timestamp":1633440612,"volume":"0.09355008","buyTxId":"3c1abd391242cd6bd9738dcf10d38a1ffa44cad5-3","sellTxId":"75126ec40faccc6d0b182bd8c9a9a96c4876802f"}
{"index": {"_index":"sim","_id":"1644618"}}
	{"id":1644618,"type":"sell","buyer":"pi-trader","seller":"jimre1","symbol":"SIM","quantity":"700.000","price":"0.00105115","timestamp":1633441677,"volume":"0.73580500","buyTxId":"3544f823fc55461f835352de30d54c39a2b62c0f-3","sellTxId":"0072eefc0b4453583140dd2aee5f2da34bd26109"}
{"index": {"_index":"sim","_id":"1644634"}}
	{"id":1644634,"type":"sell","buyer":"pi-trader","seller":"konvik","symbol":"SIM","quantity":"49950.499","price":"0.00105118","timestamp":1633441968,"volume":"52.50696554","buyTxId":"5ff4a5506f747e95e25790ba75e8ac710bcc8b16-3","sellTxId":"04a2df91df6a9b048709e21ae9e652048f5f7b2d-1"}
{"index": {"_index":"sim","_id":"1644640"}}
	{"id":1644640,"type":"sell","buyer":"jelly-cz","seller":"konvik","symbol":"SIM","quantity":"77931.084","price":"0.00105117","timestamp":1633442007,"volume":"81.91881757","buyTxId":"MM-P-11036132-58021175-3-35-0","sellTxId":"07d9e09552aac291864a37c993ed9cef0446d4de-1"}
{"index": {"_index":"sim","_id":"1644855"}}
	{"id":1644855,"type":"sell","buyer":"jelly-cz","seller":"xxxxxxxxxx","symbol":"SIM","quantity":"77.231","price":"0.00105117","timestamp":1633444965,"volume":"0.08118291","buyTxId":"MM-P-11036132-58021175-3-35-0","sellTxId":"b6afbce98beeb1e820427c6f1cd6c90a432afa87"}
{"index": {"_index":"sim","_id":"1644856"}}
	{"id":1644856,"type":"sell","buyer":"master-lamps","seller":"xxxxxxxxxx","symbol":"SIM","quantity":"1411.746","price":"0.00105066","timestamp":1633444965,"volume":"1.48326505","buyTxId":"694c242f7955329fc5ce5a2015f4f0b6aaeb812d","sellTxId":"b6afbce98beeb1e820427c6f1cd6c90a432afa87"}
{"index": {"_index":"sim","_id":"1644857"}}
	{"id":1644857,"type":"sell","buyer":"master-lamps","seller":"xxxxxxxxxx","symbol":"SIM","quantity":"1446.383","price":"0.00104132","timestamp":1633444965,"volume":"1.50614755","buyTxId":"21c89ebb2e27e1758f9cfa54031a057558391b8e","sellTxId":"b6afbce98beeb1e820427c6f1cd6c90a432afa87"}
{"index": {"_index":"sim","_id":"1644858"}}
	{"id":1644858,"type":"sell","buyer":"solovey6o2","seller":"xxxxxxxxxx","symbol":"SIM","quantity":"44539.671","price":"0.00104001","timestamp":1633444965,"volume":"46.32170324","buyTxId":"81724a329455a4459d56c22687d3f522ad4e0c8d","sellTxId":"b6afbce98beeb1e820427c6f1cd6c90a432afa87"}
{"index": {"_index":"sim","_id":"1644859"}}
	{"id":1644859,"type":"sell","buyer":"mchero","seller":"xxxxxxxxxx","symbol":"SIM","quantity":"48500.000","price":"0.00104000","timestamp":1633444965,"volume":"50.44000000","buyTxId":"e468edb7138770ce1a88763b0604b308920a7ab9","sellTxId":"b6afbce98beeb1e820427c6f1cd6c90a432afa87"}
{"index": {"_index":"sim","_id":"1644860"}}
	{"id":1644860,"type":"sell","buyer":"jelly13","seller":"xxxxxxxxxx","symbol":"SIM","quantity":"200715.609","price":"0.00103001","timestamp":1633444965,"volume":"206.73908443","buyTxId":"ddcf187573f4b8097fd29fdc887c34051a9e49dd","sellTxId":"b6afbce98beeb1e820427c6f1cd6c90a432afa87"}
{"index": {"_index":"sim","_id":"1644861"}}
	{"id":1644861,"type":"sell","buyer":"d-pend","seller":"xxxxxxxxxx","symbol":"SIM","quantity":"100000.000","price":"0.00103000","timestamp":1633444965,"volume":"103.00000000","buyTxId":"25aaf6764c53bb807bc03f834adf092a92346a8e","sellTxId":"b6afbce98beeb1e820427c6f1cd6c90a432afa87"}
{"index": {"_index":"sim","_id":"1644862"}}
	{"id":1644862,"type":"sell","buyer":"mchero","seller":"xxxxxxxxxx","symbol":"SIM","quantity":"50000.000","price":"0.00103000","timestamp":1633444965,"volume":"51.50000000","buyTxId":"faab2fd21694795aeac9df062f2f2351c1a39ce6","sellTxId":"b6afbce98beeb1e820427c6f1cd6c90a432afa87"}
{"index": {"_index":"sim","_id":"1644863"}}
	{"id":1644863,"type":"sell","buyer":"steem69","seller":"xxxxxxxxxx","symbol":"SIM","quantity":"100000.000","price":"0.00102100","timestamp":1633444965,"volume":"102.10000000","buyTxId":"fc71081b800c43258ad4fe9fa5e82599cc3cd123","sellTxId":"b6afbce98beeb1e820427c6f1cd6c90a432afa87"}
{"index": {"_index":"sim","_id":"1644864"}}
	{"id":1644864,"type":"sell","buyer":"enginemaker","seller":"xxxxxxxxxx","symbol":"SIM","quantity":"24504.999","price":"0.00102020","timestamp":1633444965,"volume":"24.99999998","buyTxId":"MM-P-11015290-58000323-3-2-0","sellTxId":"b6afbce98beeb1e820427c6f1cd6c90a432afa87"}
{"index": {"_index":"sim","_id":"1644865"}}
	{"id":1644865,"type":"sell","buyer":"d-pend","seller":"xxxxxxxxxx","symbol":"SIM","quantity":"90269.278","price":"0.00102000","timestamp":1633444965,"volume":"92.07466356","buyTxId":"0daa18d3abe4eb2bf6ae31b08b2ea93e306cb323","sellTxId":"b6afbce98beeb1e820427c6f1cd6c90a432afa87"}
{"index": {"_index":"sim","_id":"1644866"}}
	{"id":1644866,"type":"sell","buyer":"steem69","seller":"xxxxxxxxxx","symbol":"SIM","quantity":"2000.000","price":"0.00101600","timestamp":1633444965,"volume":"2.03200000","buyTxId":"28bafd85b22dc60714d1b0823dcb1c52bc096d3d","sellTxId":"b6afbce98beeb1e820427c6f1cd6c90a432afa87"}
{"index": {"_index":"sim","_id":"1644867"}}
	{"id":1644867,"type":"sell","buyer":"steem69","seller":"xxxxxxxxxx","symbol":"SIM","quantity":"2000.000","price":"0.00101500","timestamp":1633444965,"volume":"2.03000000","buyTxId":"35703bc78f513d3ad3dfb749e601f2a782ac51bb","sellTxId":"b6afbce98beeb1e820427c6f1cd6c90a432afa87"}
{"index": {"_index":"sim","_id":"1644868"}}
	{"id":1644868,"type":"sell","buyer":"steem69","seller":"xxxxxxxxxx","symbol":"SIM","quantity":"1500.000","price":"0.00101500","timestamp":1633444965,"volume":"1.52250000","buyTxId":"998c80973df033413ecff6be975826a42d3d8b73","sellTxId":"b6afbce98beeb1e820427c6f1cd6c90a432afa87"}
{"index": {"_index":"sim","_id":"1644869"}}
	{"id":1644869,"type":"sell","buyer":"steem69","seller":"xxxxxxxxxx","symbol":"SIM","quantity":"2000.000","price":"0.00101500","timestamp":1633444965,"volume":"2.03000000","buyTxId":"cd26f53a0d35329828ba150af3dd56c3aaab2ce1","sellTxId":"b6afbce98beeb1e820427c6f1cd6c90a432afa87"}
{"index": {"_index":"sim","_id":"1644870"}}
	{"id":1644870,"type":"sell","buyer":"steem69","seller":"xxxxxxxxxx","symbol":"SIM","quantity":"50000.000","price":"0.00101040","timestamp":1633444965,"volume":"50.52000000","buyTxId":"0ffb6ba7088d3334b4bc630ac042febf397125c7","sellTxId":"b6afbce98beeb1e820427c6f1cd6c90a432afa87"}
{"index": {"_index":"sim","_id":"1644871"}}
	{"id":1644871,"type":"sell","buyer":"steem69","seller":"xxxxxxxxxx","symbol":"SIM","quantity":"50000.000","price":"0.00101040","timestamp":1633444965,"volume":"50.52000000","buyTxId":"00a5c61682317ceec9f46dad74401e076e4e2746","sellTxId":"b6afbce98beeb1e820427c6f1cd6c90a432afa87"}
{"index": {"_index":"sim","_id":"1644872"}}
	{"id":1644872,"type":"sell","buyer":"steem69","seller":"xxxxxxxxxx","symbol":"SIM","quantity":"200000.000","price":"0.00101020","timestamp":1633444965,"volume":"202.04000000","buyTxId":"d2ff2a197dde966980d3fbffa791992f4df55103","sellTxId":"b6afbce98beeb1e820427c6f1cd6c90a432afa87"}
{"index": {"_index":"sim","_id":"1644873"}}
	{"id":1644873,"type":"sell","buyer":"steem69","seller":"xxxxxxxxxx","symbol":"SIM","quantity":"43480.275","price":"0.00101010","timestamp":1633444965,"volume":"43.91942578","buyTxId":"e66da93611df894183b1155a7b1a1d735c2f7799","sellTxId":"b6afbce98beeb1e820427c6f1cd6c90a432afa87"}
{"index": {"_index":"sim","_id":"1644874"}}
	{"id":1644874,"type":"sell","buyer":"d-pend","seller":"xxxxxxxxxx","symbol":"SIM","quantity":"62499.000","price":"0.00101000","timestamp":1633444965,"volume":"63.12399000","buyTxId":"030dfdfcfa96726eb1725872ea840806330daa12","sellTxId":"b6afbce98beeb1e820427c6f1cd6c90a432afa87"}
{"index": {"_index":"sim","_id":"1644875"}}
	{"id":1644875,"type":"sell","buyer":"jelly13","seller":"xxxxxxxxxx","symbol":"SIM","quantity":"200000.000","price":"0.00100230","timestamp":1633444965,"volume":"200.46000000","buyTxId":"6497e61d69ef3f9c442f1ed8bcb2d3e4725f8793","sellTxId":"b6afbce98beeb1e820427c6f1cd6c90a432afa87"}
{"index": {"_index":"sim","_id":"1644876"}}
	{"id":1644876,"type":"sell","buyer":"deepresearch","seller":"xxxxxxxxxx","symbol":"SIM","quantity":"50000.000","price":"0.00100229","timestamp":1633444965,"volume":"50.11450000","buyTxId":"3f1ab160c5d8b193fe9d8be494839946e2d69d5c","sellTxId":"b6afbce98beeb1e820427c6f1cd6c90a432afa87"}
{"index": {"_index":"sim","_id":"1644877"}}
	{"id":1644877,"type":"sell","buyer":"upali","seller":"xxxxxxxxxx","symbol":"SIM","quantity":"30000.000","price":"0.00100040","timestamp":1633444965,"volume":"30.01200000","buyTxId":"ff12ec0da65bbca596144bf7b33db910a502040b","sellTxId":"b6afbce98beeb1e820427c6f1cd6c90a432afa87"}
{"index": {"_index":"sim","_id":"1644878"}}
	{"id":1644878,"type":"sell","buyer":"upali","seller":"xxxxxxxxxx","symbol":"SIM","quantity":"4000.000","price":"0.00100020","timestamp":1633444965,"volume":"4.00080000","buyTxId":"a3a7e145a1c133058588390d0628f02192197137","sellTxId":"b6afbce98beeb1e820427c6f1cd6c90a432afa87"}
{"index": {"_index":"sim","_id":"1644879"}}
	{"id":1644879,"type":"sell","buyer":"upali","seller":"xxxxxxxxxx","symbol":"SIM","quantity":"70000.000","price":"0.00100020","timestamp":1633444965,"volume":"70.01400000","buyTxId":"d4f0fe89cb9c6563e574781dd2e98631db48b2e9","sellTxId":"b6afbce98beeb1e820427c6f1cd6c90a432afa87"}
{"index": {"_index":"sim","_id":"1644880"}}
	{"id":1644880,"type":"sell","buyer":"upali","seller":"xxxxxxxxxx","symbol":"SIM","quantity":"50000.000","price":"0.00100020","timestamp":1633444965,"volume":"50.01000000","buyTxId":"77622f4747ada689d4d4710799aa7331d84ad872","sellTxId":"b6afbce98beeb1e820427c6f1cd6c90a432afa87"}
{"index": {"_index":"sim","_id":"1644881"}}
	{"id":1644881,"type":"sell","buyer":"upali","seller":"xxxxxxxxxx","symbol":"SIM","quantity":"30000.000","price":"0.00100020","timestamp":1633444965,"volume":"30.00600000","buyTxId":"76de9851d65f0e9e31a77360f6f336b860e8329c","sellTxId":"b6afbce98beeb1e820427c6f1cd6c90a432afa87"}
{"index": {"_index":"sim","_id":"1644882"}}
	{"id":1644882,"type":"sell","buyer":"jelly13","seller":"xxxxxxxxxx","symbol":"SIM","quantity":"250000.000","price":"0.00100001","timestamp":1633444965,"volume":"250.00250000","buyTxId":"e849dca0d05d8f7c13b555760f54e716a995c923","sellTxId":"b6afbce98beeb1e820427c6f1cd6c90a432afa87"}
{"index": {"_index":"sim","_id":"1644883"}}
	{"id":1644883,"type":"buy","buyer":"genet","seller":"xxxxxxxxxx","symbol":"SIM","quantity":"541389.888","price":"0.00100000","timestamp":1633444968,"volume":"541.38988800","buyTxId":"c2c0740fce0c8e81553b135bebc6d15edad9ae42-0","sellTxId":"b6afbce98beeb1e820427c6f1cd6c90a432afa87"}
{"index": {"_index":"sim","_id":"1644922"}}
	{"id":1644922,"type":"sell","buyer":"pi-trader","seller":"themightyvolcano","symbol":"SIM","quantity":"50000.000","price":"0.00099027","timestamp":1633445751,"volume":"49.51350000","buyTxId":"d5a8b25cbfa094f4f653421675f785584dbe56df-3","sellTxId":"1cb09ee7a421d86d9395ce52b42384165c0a9344"}
{"index": {"_index":"sim","_id":"1644923"}}
	{"id":1644923,"type":"sell","buyer":"jelly-cz","seller":"themightyvolcano","symbol":"SIM","quantity":"57045.000","price":"0.00099026","timestamp":1633445751,"volume":"56.48938170","buyTxId":"MM-P-11037326-58022372-3-35-0","sellTxId":"1cb09ee7a421d86d9395ce52b42384165c0a9344"}
{"index": {"_index":"sim","_id":"1644951"}}
	{"id":1644951,"type":"buy","buyer":"steinhammer","seller":"solovey6o2","symbol":"SIM","quantity":"1464.000","price":"0.00106996","timestamp":1633445991,"volume":"1.56642144","buyTxId":"3c7418b46545ea965674f55371ba4303f448bb58","sellTxId":"207879974e439a59499e75177bc5541415d7a968"}
{"index": {"_index":"sim","_id":"1644989"}}
	{"id":1644989,"type":"sell","buyer":"pi-trader","seller":"lefty619","symbol":"SIM","quantity":"1032.180","price":"0.00101036","timestamp":1633446468,"volume":"1.04287338","buyTxId":"6e3f757a50cc2f97b1ef07d9718700ac1299475d-3","sellTxId":"19b00da8e48f58805b4ce33ca05a618cdd289d60"}
{"index": {"_index":"sim","_id":"1645262"}}
	{"id":1645262,"type":"sell","buyer":"pi-trader","seller":"brofi-market","symbol":"SIM","quantity":"0.001","price":"0.00101072","timestamp":1633450257,"volume":"0.00000101","buyTxId":"ff2585811fd75d7a25e142423b7c13b79580a66e-1","sellTxId":"e41c496338fa22cdf878a6b05321ee6aab2b6cda"}
{"index": {"_index":"sim","_id":"1645401"}}
	{"id":1645401,"type":"sell","buyer":"pi-trader","seller":"esmeesmith","symbol":"SIM","quantity":"46.093","price":"0.00101084","timestamp":1633451505,"volume":"0.04659265","buyTxId":"bf3f84a79fa40e3841b92095f03c87b0cf087e16-1","sellTxId":"517d5847a33daa805c84f604f4ddad8bc33340a5"}
{"index": {"_index":"sim","_id":"1645435"}}
	{"id":1645435,"type":"buy","buyer":"jwjqu.wam","seller":"accelerator","symbol":"SIM","quantity":"444.000","price":"0.00104132","timestamp":1633451790,"volume":"0.46234608","buyTxId":"0c3783d683d17cfaae01144cbde05d74efdb73df","sellTxId":"952bf339ccaf8e11c004c578d35ae203e5247e91"}
{"index": {"_index":"sim","_id":"1645436"}}
	{"id":1645436,"type":"buy","buyer":"jwjqu.wam","seller":"brofi-market","symbol":"SIM","quantity":"0.001","price":"0.00104132","timestamp":1633451790,"volume":"0.00000104","buyTxId":"0c3783d683d17cfaae01144cbde05d74efdb73df","sellTxId":"7ad51974b04af73b2997da7ecaeaecf5e966dab7"}
{"index": {"_index":"sim","_id":"1645437"}}
	{"id":1645437,"type":"buy","buyer":"jwjqu.wam","seller":"solovey6o2","symbol":"SIM","quantity":"215.999","price":"0.00105995","timestamp":1633451790,"volume":"0.22894814","buyTxId":"0c3783d683d17cfaae01144cbde05d74efdb73df","sellTxId":"d54d67280e4d1753d849d60248dd3c8e7eb40816"}
{"index": {"_index":"sim","_id":"1645471"}}
	{"id":1645471,"type":"buy","buyer":"dkid14","seller":"solovey6o2","symbol":"SIM","quantity":"21228.374","price":"0.00105995","timestamp":1633452183,"volume":"22.50101502","buyTxId":"6b88e9414dc081dc1af7c725134ad826389a3466","sellTxId":"d54d67280e4d1753d849d60248dd3c8e7eb40816"}
{"index": {"_index":"sim","_id":"1645480"}}
	{"id":1645480,"type":"buy","buyer":"wizzitywillican","seller":"solovey6o2","symbol":"SIM","quantity":"94.000","price":"0.00105995","timestamp":1633452219,"volume":"0.09963530","buyTxId":"83c1a0bdf8014ff46d7f38cbcdfeb6d1f090d9bf","sellTxId":"d54d67280e4d1753d849d60248dd3c8e7eb40816"}
{"index": {"_index":"sim","_id":"1645520"}}
	{"id":1645520,"type":"sell","buyer":"pi-trader","seller":"jelly13","symbol":"SIM","quantity":"50000.000","price":"0.00101096","timestamp":1633452594,"volume":"50.54800000","buyTxId":"382cd48719c860dd54618dd8875322943b560482-3","sellTxId":"ecb607fc11ac24f83102399d12ed9ec040d57afb"}
{"index": {"_index":"sim","_id":"1645521"}}
	{"id":1645521,"type":"sell","buyer":"jelly-cz","seller":"jelly13","symbol":"SIM","quantity":"50000.000","price":"0.00101095","timestamp":1633452594,"volume":"50.54750000","buyTxId":"MM-P-11039621-58024668-3-35-0","sellTxId":"ecb607fc11ac24f83102399d12ed9ec040d57afb"}
{"index": {"_index":"sim","_id":"1645708"}}
	{"id":1645708,"type":"sell","buyer":"pi-trader","seller":"sockpuppet","symbol":"SIM","quantity":"50000.000","price":"0.00101111","timestamp":1633454076,"volume":"50.55550000","buyTxId":"9c964517ea4024c8c2780238555d6cf93e1bba84-3","sellTxId":"6e40fd994e1a6424106612150c233bfd6f2b15f4"}
{"index": {"_index":"sim","_id":"1645709"}}
	{"id":1645709,"type":"sell","buyer":"jelly-cz","seller":"sockpuppet","symbol":"SIM","quantity":"24052.210","price":"0.00101110","timestamp":1633454076,"volume":"24.31918953","buyTxId":"MM-P-11040120-58025167-3-35-0","sellTxId":"6e40fd994e1a6424106612150c233bfd6f2b15f4"}
{"index": {"_index":"sim","_id":"1645710"}}
	{"id":1645710,"type":"buy","buyer":"pi-trader","seller":"monsterjamgold","symbol":"SIM","quantity":"408.818","price":"0.00101111","timestamp":1633454112,"volume":"0.41335997","buyTxId":"46bb3ab945f5af16a26e16d295d52f325e9bf291-0","sellTxId":"e74dd55df2404f72afce08c98e9bbceedcab2e4e"}
{"index": {"_index":"sim","_id":"1646029"}}
	{"id":1646029,"type":"buy","buyer":"nyxlabs","seller":"solovey6o2","symbol":"SIM","quantity":"2500.000","price":"0.00105995","timestamp":1633457493,"volume":"2.64987500","buyTxId":"1744afdd99e9ff7b051cf74b5527c9c43523bf27","sellTxId":"d54d67280e4d1753d849d60248dd3c8e7eb40816"}
{"index": {"_index":"sim","_id":"1646042"}}
	{"id":1646042,"type":"sell","buyer":"pi-trader","seller":"monsterjamgold","symbol":"SIM","quantity":"741.000","price":"0.00101219","timestamp":1633457775,"volume":"0.75003279","buyTxId":"a9d232fa1e75f00b562695f936ee84802181641f-5","sellTxId":"f0f5873010354892c829ab891cd6ce18870eba90"}
{"index": {"_index":"sim","_id":"1646175"}}
	{"id":1646175,"type":"sell","buyer":"pi-trader","seller":"manoldonchev","symbol":"SIM","quantity":"1267.000","price":"0.00101228","timestamp":1633458702,"volume":"1.28255876","buyTxId":"2c8652d3b475a64a430ad2982a27428a3385a3d5-3","sellTxId":"8f5ba82b2b840cb4e2be734b10d7f32c0a3696e1"}
{"index": {"_index":"sim","_id":"1646185"}}
	{"id":1646185,"type":"sell","buyer":"pi-trader","seller":"willsaldeno","symbol":"SIM","quantity":"1444.000","price":"0.00101231","timestamp":1633458792,"volume":"1.46177564","buyTxId":"77b2e7f30f6536ab7199353bac5fc3cf6043b9bb-3","sellTxId":"d174e898c1962ded8792c4626b5785c3cde3fb24"}
{"index": {"_index":"sim","_id":"1646203"}}
	{"id":1646203,"type":"sell","buyer":"pi-trader","seller":"bitcoinflood","symbol":"SIM","quantity":"1790.179","price":"0.00101231","timestamp":1633458966,"volume":"1.81221610","buyTxId":"d8393b7bbbb69b752a1f24493df05e2bd8eba25d-1","sellTxId":"7b47dd1d41ef916d037ee9168605ce1b5071debb"}
{"index": {"_index":"sim","_id":"1646205"}}
	{"id":1646205,"type":"buy","buyer":"poseyman","seller":"solovey6o2","symbol":"SIM","quantity":"400.000","price":"0.00105995","timestamp":1633458981,"volume":"0.42398000","buyTxId":"377c2a20345a8163978201380dd3f550edff70bc","sellTxId":"d54d67280e4d1753d849d60248dd3c8e7eb40816"}
{"index": {"_index":"sim","_id":"1646225"}}
	{"id":1646225,"type":"sell","buyer":"pi-trader","seller":"dalersilfver","symbol":"SIM","quantity":"0.441","price":"0.00101234","timestamp":1633459224,"volume":"0.00044644","buyTxId":"706621a7d30321d3984f957ac5deb5ed41ef93fa-3","sellTxId":"b29e26ff5eae102c818e2b74355ed485bdf76739"}
{"index": {"_index":"sim","_id":"1646245"}}
	{"id":1646245,"type":"sell","buyer":"pi-trader","seller":"dhedge-drips","symbol":"SIM","quantity":"0.004","price":"0.00101237","timestamp":1633459524,"volume":"0.00000405","buyTxId":"86e5a83ccd6c6276dbb351739f8dddacacb9643e-3","sellTxId":"ba155d5d8caf38f8a709b8b65fe0bdaa62081d39"}
{"index": {"_index":"sim","_id":"1646333"}}
	{"id":1646333,"type":"sell","buyer":"jelly-cz","seller":"jrcornel","symbol":"SIM","quantity":"37681.000","price":"0.00101512","timestamp":1633460523,"volume":"38.25073672","buyTxId":"MM-P-11042312-58027360-3-35-0","sellTxId":"a73bc57e31e27a4084c505fca2864703208b316d"}
{"index": {"_index":"sim","_id":"1646366"}}
	{"id":1646366,"type":"sell","buyer":"pi-trader","seller":"ecuaminte","symbol":"SIM","quantity":"2631.050","price":"0.00101519","timestamp":1633461162,"volume":"2.67101565","buyTxId":"d1da29a7d9544def3010d87bda221f25ccbeb2ec-3","sellTxId":"506cdfc002140d48b2c0615c3894687080fee4d1"}
{"index": {"_index":"sim","_id":"1646449"}}
	{"id":1646449,"type":"sell","buyer":"pi-trader","seller":"eythorphoto","symbol":"SIM","quantity":"5110.000","price":"0.00101528","timestamp":1633462287,"volume":"5.18808080","buyTxId":"c00aaedc33ee25a2ba133982e929ba787fb76be9-5","sellTxId":"245a4420f927b2d1aedd119750abfa82f2618a1d"}
{"index": {"_index":"sim","_id":"1646458"}}
	{"id":1646458,"type":"sell","buyer":"pi-trader","seller":"eythorphoto","symbol":"SIM","quantity":"5000.802","price":"0.00101531","timestamp":1633462386,"volume":"5.07736428","buyTxId":"4824f47fcf0a1ac6840009fb8d7378c48d93675c-5","sellTxId":"35ece53e3a3eac0c38fc9905eb6a88ac114357cd"}
{"index": {"_index":"sim","_id":"1646488"}}
	{"id":1646488,"type":"sell","buyer":"pi-trader","seller":"monsterjamgold","symbol":"SIM","quantity":"850.000","price":"0.00101534","timestamp":1633462644,"volume":"0.86303900","buyTxId":"40b15a597fc3cc895a91cb3d4ce073fe6931e857-5","sellTxId":"ca275d44d0e31b051914b471fbdae7ac5dedd6d6"}
{"index": {"_index":"sim","_id":"1646572"}}
	{"id":1646572,"type":"sell","buyer":"pi-trader","seller":"dera123","symbol":"SIM","quantity":"10124.589","price":"0.00101546","timestamp":1633463961,"volume":"10.28111515","buyTxId":"ccc4fcadbd059d983eafc04a455811c5ea771d2a-5","sellTxId":"15414744340f54b2e068e83217f98fcc45cd1e96"}
{"index": {"_index":"sim","_id":"1646573"}}
	{"id":1646573,"type":"sell","buyer":"pi-trader","seller":"thewesternshores","symbol":"SIM","quantity":"18884.000","price":"0.00101546","timestamp":1633463982,"volume":"19.17594664","buyTxId":"647721506093e24f5ad721f6c4bd90f0cdda61ae-3","sellTxId":"24cdf45edd4a28ca9c3fe08cb2ea3b4988b65965"}
{"index": {"_index":"sim","_id":"1646622"}}
	{"id":1646622,"type":"sell","buyer":"pi-trader","seller":"manoldonchev","symbol":"SIM","quantity":"40711.000","price":"0.00101552","timestamp":1633464561,"volume":"41.34283472","buyTxId":"8c4296edc8d311640b5ce7890410b8b61074e481-5","sellTxId":"68d02c937b9a6c823ed731ae9b028c3e17b944ae"}
{"index": {"_index":"sim","_id":"1646632"}}
	{"id":1646632,"type":"buy","buyer":"kevinnag58","seller":"mary.janikowski","symbol":"SIM","quantity":"4761.904","price":"0.00105000","timestamp":1633464618,"volume":"5","buyTxId":"0b7f4860529c157c3a11e11a23810fe9ac25eb19","sellTxId":"2697a33fe1b254bdb756d056feadd0969ed43477"}
{"index": {"_index":"sim","_id":"1646644"}}
	{"id":1646644,"type":"buy","buyer":"kevinnag58","seller":"mary.janikowski","symbol":"SIM","quantity":"3754.285","price":"0.00105000","timestamp":1633464768,"volume":"3.942","buyTxId":"8b22c7d6342ce2c2e3332c44657ba854b8bee385","sellTxId":"2697a33fe1b254bdb756d056feadd0969ed43477"}
{"index": {"_index":"sim","_id":"1646664"}}
	{"id":1646664,"type":"buy","buyer":"kevinnag58","seller":"mary.janikowski","symbol":"SIM","quantity":"2857.142","price":"0.00105000","timestamp":1633464963,"volume":"3","buyTxId":"c8188599b67e28004c6436e45715ba15561d99d1","sellTxId":"2697a33fe1b254bdb756d056feadd0969ed43477"}
{"index": {"_index":"sim","_id":"1646679"}}
	{"id":1646679,"type":"sell","buyer":"pi-trader","seller":"holoferncro","symbol":"SIM","quantity":"3663.006","price":"0.00101558","timestamp":1633465239,"volume":"3.72007563","buyTxId":"a629aca23cacccee2112f9a001a5c52f42280f81-5","sellTxId":"b4b34b4c3bf4beb0f3d631f4743ee6f1bbeddfde"}
{"index": {"_index":"sim","_id":"1646711"}}
	{"id":1646711,"type":"buy","buyer":"kevinnag58","seller":"mary.janikowski","symbol":"SIM","quantity":"2857.142","price":"0.00105000","timestamp":1633465389,"volume":"3","buyTxId":"9ca25057fa8e3dedfe546aca5605bef4f3a3cb14","sellTxId":"2697a33fe1b254bdb756d056feadd0969ed43477"}
{"index": {"_index":"sim","_id":"1646715"}}
	{"id":1646715,"type":"buy","buyer":"cryptosfera","seller":"mary.janikowski","symbol":"SIM","quantity":"400.122","price":"0.00105000","timestamp":1633465449,"volume":"0.42012810","buyTxId":"f4e9e84c33d33161722ecc80e8e2af259e802a0b","sellTxId":"2697a33fe1b254bdb756d056feadd0969ed43477"}
{"index": {"_index":"sim","_id":"1646857"}}
	{"id":1646857,"type":"sell","buyer":"jelly-cz","seller":"kevinnag58","symbol":"SIM","quantity":"1871.249","price":"0.00101563","timestamp":1633465638,"volume":"1.90049662","buyTxId":"MM-P-11044006-58029055-3-35-0","sellTxId":"95f7c71c29153e312119baa5b2250afb501797aa"}
{"index": {"_index":"sim","_id":"1646946"}}
	{"id":1646946,"type":"sell","buyer":"jelly-cz","seller":"deathwing","symbol":"SIM","quantity":"0.01","price":"0.00103002","timestamp":1633467306,"volume":"0.00001030","buyTxId":"MM-P-11044206-58029255-3-35-0","sellTxId":"9f3da67b9db1d58f78682d775766770c12743ff1-0"}
{"index": {"_index":"sim","_id":"1646958"}}
	{"id":1646958,"type":"buy","buyer":"cryptosfera","seller":"mary.janikowski","symbol":"SIM","quantity":"26.000","price":"0.00105000","timestamp":1633467465,"volume":"0.02730000","buyTxId":"ed5055f9088d56904541a97d5a455e54a8c47f83","sellTxId":"2697a33fe1b254bdb756d056feadd0969ed43477"}
{"index": {"_index":"sim","_id":"1646959"}}
	{"id":1646959,"type":"buy","buyer":"cryptosfera","seller":"mary.janikowski","symbol":"SIM","quantity":"1.000","price":"0.00105000","timestamp":1633467510,"volume":"0.00105000","buyTxId":"0642a5d465377db0162f7a921e408c2ad0b4fe80","sellTxId":"2697a33fe1b254bdb756d056feadd0969ed43477"}
{"index": {"_index":"sim","_id":"1647116"}}
	{"id":1647116,"type":"sell","buyer":"mmrx","seller":"resiliencia","symbol":"SIM","quantity":"498.378","price":"0.00103003","timestamp":1633470351,"volume":"0.51334429","buyTxId":"MM-P-11045302-58030352-3-42-0","sellTxId":"bb94839884e3238ad5e1462780a4c16a3c7c4530"}
{"index": {"_index":"sim","_id":"1647132"}}
	{"id":1647132,"type":"sell","buyer":"mmrx","seller":"picciridda2","symbol":"SIM","quantity":"2834.866","price":"0.00103003","timestamp":1633470687,"volume":"2.91999703","buyTxId":"MM-P-11045302-58030352-3-42-0","sellTxId":"85f5bbdd36c39a5b810cf8ef5a66935de8beae51"}
{"index": {"_index":"sim","_id":"1647133"}}
	{"id":1647133,"type":"sell","buyer":"jelly-cz","seller":"picciridda2","symbol":"SIM","quantity":"24897.134","price":"0.00103002","timestamp":1633470687,"volume":"25.64454596","buyTxId":"MM-P-11044206-58029255-3-35-0","sellTxId":"85f5bbdd36c39a5b810cf8ef5a66935de8beae51"}
{"index": {"_index":"sim","_id":"1647139"}}
	{"id":1647139,"type":"sell","buyer":"jelly-cz","seller":"balte","symbol":"SIM","quantity":"21000.000","price":"0.00103002","timestamp":1633470732,"volume":"21.63042000","buyTxId":"MM-P-11044206-58029255-3-35-0","sellTxId":"1f7cfeef2611e96857b4213ddfddd3551f9f55d6"}
{"index": {"_index":"sim","_id":"1647142"}}
	{"id":1647142,"type":"sell","buyer":"jelly-cz","seller":"justinparke","symbol":"SIM","quantity":"8883.251","price":"0.00103002","timestamp":1633470762,"volume":"9.14992620","buyTxId":"MM-P-11044206-58029255-3-35-0","sellTxId":"3780530198530962bb3023538ba0a61b5359ebb7"}
{"index": {"_index":"sim","_id":"1647173"}}
	{"id":1647173,"type":"buy","buyer":"bambukah","seller":"mmrx","symbol":"SIM","quantity":"498.378","price":"0.00104999","timestamp":1633471068,"volume":"0.52329192","buyTxId":"e5d56c0dc807e7dc04af9137d3e8a94bc25b5bde","sellTxId":"MM-P-11045598-58030650-3-42-0"}
{"index": {"_index":"sim","_id":"1647174"}}
	{"id":1647174,"type":"buy","buyer":"bambukah","seller":"mary.janikowski","symbol":"SIM","quantity":"454.007","price":"0.00105000","timestamp":1633471068,"volume":"0.47670808","buyTxId":"e5d56c0dc807e7dc04af9137d3e8a94bc25b5bde","sellTxId":"2697a33fe1b254bdb756d056feadd0969ed43477"}
{"index": {"_index":"sim","_id":"1647312"}}
	{"id":1647312,"type":"sell","buyer":"jelly-cz","seller":"rarej","symbol":"SIM","quantity":"3100.000","price":"0.00103002","timestamp":1633473477,"volume":"3.19306200","buyTxId":"MM-P-11044206-58029255-3-35-0","sellTxId":"525f8f2a7a8fdfe1ac60176209a8c538ae937f40"}
{"index": {"_index":"sim","_id":"1647328"}}
	{"id":1647328,"type":"sell","buyer":"jelly-cz","seller":"xaxakun","symbol":"SIM","quantity":"42.780","price":"0.00103002","timestamp":1633473825,"volume":"0.04406426","buyTxId":"MM-P-11044206-58029255-3-35-0","sellTxId":"c182559603aed349312fdf057c1a7d5ba9295a59"}
{"index": {"_index":"sim","_id":"1647355"}}
	{"id":1647355,"type":"sell","buyer":"jelly-cz","seller":"daigorokoike","symbol":"SIM","quantity":"90.000","price":"0.00103002","timestamp":1633474272,"volume":"0.09270180","buyTxId":"MM-P-11044206-58029255-3-35-0","sellTxId":"a3774578fca9a99aff735f2a1d15ebc129a77123"}
{"index": {"_index":"sim","_id":"1647496"}}
	{"id":1647496,"type":"sell","buyer":"jelly-cz","seller":"jimre1","symbol":"SIM","quantity":"324.000","price":"0.00103002","timestamp":1633477017,"volume":"0.33372648","buyTxId":"MM-P-11044206-58029255-3-35-0","sellTxId":"4fd3be4f34a54972995fa663746d25661c3b1040"}
{"index": {"_index":"sim","_id":"1647522"}}
	{"id":1647522,"type":"sell","buyer":"jelly-cz","seller":"taitux","symbol":"SIM","quantity":"21272.930","price":"0.00103002","timestamp":1633477578,"volume":"21.91154335","buyTxId":"MM-P-11044206-58029255-3-35-0","sellTxId":"632198d9b21a81283cdef873b181ba198db06f60"}
{"index": {"_index":"sim","_id":"1647523"}}
	{"id":1647523,"type":"sell","buyer":"d-pend","seller":"taitux","symbol":"SIM","quantity":"86697.830","price":"0.00103000","timestamp":1633477578,"volume":"89.29876490","buyTxId":"497f3f1f83c3e6f649ad1adbc5aaa3a624379c78","sellTxId":"632198d9b21a81283cdef873b181ba198db06f60"}
{"index": {"_index":"sim","_id":"1647687"}}
	{"id":1647687,"type":"sell","buyer":"jelly-cz","seller":"jimre1","symbol":"SIM","quantity":"400.000","price":"0.00103002","timestamp":1633478916,"volume":"0.41200800","buyTxId":"MM-P-11047992-58033044-3-35-0","sellTxId":"7b4d10edc3962f8055aba6048d26396ec4c02159"}
{"index": {"_index":"sim","_id":"1647758"}}
	{"id":1647758,"type":"sell","buyer":"jelly-cz","seller":"genet","symbol":"SIM","quantity":"79210.105","price":"0.00103002","timestamp":1633479120,"volume":"81.58799235","buyTxId":"MM-P-11047992-58033044-3-35-0","sellTxId":"fbef64e63a76221c8a51a33156d5ee49d51288b3-1"}
{"index": {"_index":"sim","_id":"1647762"}}
	{"id":1647762,"type":"buy","buyer":"jelly-cz","seller":"konvik","symbol":"SIM","quantity":"74247.119","price":"0.00103002","timestamp":1633479120,"volume":"76.47601751","buyTxId":"MM-P-11048492-58033544-3-35-0","sellTxId":"6c45a141f950b62cd0c7a207d8fbc017e83abb58-1"}
{"index": {"_index":"sim","_id":"1647770"}}
	{"id":1647770,"type":"sell","buyer":"jelly-cz","seller":"brofi-market","symbol":"SIM","quantity":"0.003","price":"0.00103002","timestamp":1633479129,"volume":"0.00000309","buyTxId":"MM-P-11048492-58033544-3-35-0","sellTxId":"6621ca0ca6155b78ec525a8c3eb251980cb7bc9f"}
{"index": {"_index":"sim","_id":"1647857"}}
	{"id":1647857,"type":"sell","buyer":"jelly-cz","seller":"loganhate","symbol":"SIM","quantity":"211.000","price":"0.00103002","timestamp":1633479210,"volume":"0.21733422","buyTxId":"MM-P-11048492-58033544-3-35-0","sellTxId":"8e84740b3d4e13c51183036989f3bcd1328f08af"}
{"index": {"_index":"sim","_id":"1647965"}}
	{"id":1647965,"type":"sell","buyer":"jelly-cz","seller":"genet","symbol":"SIM","quantity":"5151.983","price":"0.00103002","timestamp":1633479444,"volume":"5.30664553","buyTxId":"MM-P-11048492-58033544-3-35-0","sellTxId":"983aa4bc43ac1f80a89b2287212e92ac1e945da6-1"}
{"index": {"_index":"sim","_id":"1647968"}}
	{"id":1647968,"type":"sell","buyer":"d-pend","seller":"genet","symbol":"SIM","quantity":"13302.170","price":"0.00103000","timestamp":1633479447,"volume":"13.70123510","buyTxId":"497f3f1f83c3e6f649ad1adbc5aaa3a624379c78","sellTxId":"94296b857fe0b5494759116a854bebc144b6d11f-1"}
{"index": {"_index":"sim","_id":"1648262"}}
	{"id":1648262,"type":"sell","buyer":"jelly-cz","seller":"artistparthoroy","symbol":"SIM","quantity":"3681.000","price":"0.00101203","timestamp":1633480218,"volume":"3.72528243","buyTxId":"MM-P-11048691-58033743-3-35-0","sellTxId":"52edd2b977ba25fd76e96c040cd3abc2549e9d09"}
{"index": {"_index":"sim","_id":"1648305"}}
	{"id":1648305,"type":"sell","buyer":"jelly-cz","seller":"joheredia21","symbol":"SIM","quantity":"13318","price":"0.00101203","timestamp":1633480359,"volume":"13.47821554","buyTxId":"MM-P-11048691-58033743-3-35-0","sellTxId":"dc066b38bb71cb2939c49c7672d685f3cb27d974"}
{"index": {"_index":"sim","_id":"1648348"}}
	{"id":1648348,"type":"sell","buyer":"jelly-cz","seller":"medaymane","symbol":"SIM","quantity":"5674.000","price":"0.00101203","timestamp":1633480548,"volume":"5.74225822","buyTxId":"MM-P-11048691-58033743-3-35-0","sellTxId":"c09f91c75bc026dfff888bcfda5bbd491fd3f404"}
{"index": {"_index":"sim","_id":"1648436"}}
	{"id":1648436,"type":"sell","buyer":"jelly-cz","seller":"holoferncro","symbol":"SIM","quantity":"58352.266","price":"0.00101203","timestamp":1633480710,"volume":"59.05424376","buyTxId":"MM-P-11048691-58033743-3-35-0","sellTxId":"e5cd50d7075a019c016f493524dec2fbdff16adb"}
{"index": {"_index":"sim","_id":"1648437"}}
	{"id":1648437,"type":"sell","buyer":"mchero","seller":"holoferncro","symbol":"SIM","quantity":"50000.000","price":"0.00101200","timestamp":1633480710,"volume":"50.60000000","buyTxId":"89c134eb49e0e865526d4e9e762e6fa4c29a2d84","sellTxId":"e5cd50d7075a019c016f493524dec2fbdff16adb"}
{"index": {"_index":"sim","_id":"1648438"}}
	{"id":1648438,"type":"sell","buyer":"enginemaker","seller":"holoferncro","symbol":"SIM","quantity":"24745.125","price":"0.00101030","timestamp":1633480710,"volume":"24.99999979","buyTxId":"MM-P-11037526-58022572-3-2-0","sellTxId":"e5cd50d7075a019c016f493524dec2fbdff16adb"}
{"index": {"_index":"sim","_id":"1648439"}}
	{"id":1648439,"type":"sell","buyer":"upali","seller":"holoferncro","symbol":"SIM","quantity":"30000.000","price":"0.00097020","timestamp":1633480710,"volume":"29.10600000","buyTxId":"a4629b183348e03f26776d792ab16a0b543fee46","sellTxId":"e5cd50d7075a019c016f493524dec2fbdff16adb"}
{"index": {"_index":"sim","_id":"1648440"}}
	{"id":1648440,"type":"sell","buyer":"jelly13","seller":"holoferncro","symbol":"SIM","quantity":"545299.000","price":"0.00097001","timestamp":1633480710,"volume":"528.94548299","buyTxId":"2dbe6bb7df536d7c1d0bca058c8de482040e0ba0","sellTxId":"e5cd50d7075a019c016f493524dec2fbdff16adb"}
{"index": {"_index":"sim","_id":"1648441"}}
	{"id":1648441,"type":"sell","buyer":"d-pend","seller":"holoferncro","symbol":"SIM","quantity":"100000.000","price":"0.00097000","timestamp":1633480710,"volume":"97.00000000","buyTxId":"14392d89467e2f38210ee10f7d125687f86dd54a","sellTxId":"e5cd50d7075a019c016f493524dec2fbdff16adb"}
{"index": {"_index":"sim","_id":"1648442"}}
	{"id":1648442,"type":"sell","buyer":"eirik","seller":"holoferncro","symbol":"SIM","quantity":"2500.000","price":"0.00095000","timestamp":1633480710,"volume":"2.37500000","buyTxId":"e45a2766e7dbae552338480732b0c2080479cfaf","sellTxId":"e5cd50d7075a019c016f493524dec2fbdff16adb"}
{"index": {"_index":"sim","_id":"1648443"}}
	{"id":1648443,"type":"sell","buyer":"d-pend","seller":"holoferncro","symbol":"SIM","quantity":"55555.555","price":"0.00095000","timestamp":1633480710,"volume":"52.77777725","buyTxId":"99f1eb32fec08ce05729cdc693abb52e5dc12f90","sellTxId":"e5cd50d7075a019c016f493524dec2fbdff16adb"}
{"index": {"_index":"sim","_id":"1648444"}}
	{"id":1648444,"type":"buy","buyer":"genet","seller":"holoferncro","symbol":"SIM","quantity":"2633548.054","price":"0.00095000","timestamp":1633480713,"volume":"2501.87065130","buyTxId":"08f20d43f64d94ad8ec873d7e7fdfc211d695b12-0","sellTxId":"e5cd50d7075a019c016f493524dec2fbdff16adb"}
{"index": {"_index":"sim","_id":"1648584"}}
	{"id":1648584,"type":"sell","buyer":"pi-trader","seller":"dhedge-drips","symbol":"SIM","quantity":"0.001","price":"0.00080001","timestamp":1633481121,"volume":"0.00000080","buyTxId":"3bfec2e52d4b2b68ce7a8ff8f7e6294dbb9f3e1f-2","sellTxId":"9cb2f69e63511526c587a3a1bcbe00cfe9c04818"}
{"index": {"_index":"sim","_id":"1648631"}}
	{"id":1648631,"type":"sell","buyer":"pi-trader","seller":"luismar1978","symbol":"SIM","quantity":"37974.293","price":"0.00080001","timestamp":1633481256,"volume":"30.37981414","buyTxId":"7f0059450ee2f6e980934fe2275cd13608e453ec-1","sellTxId":"7a24a2cf4c819e012fbddbebc8a9f7673e189a6c"}
{"index": {"_index":"sim","_id":"1648634"}}
	{"id":1648634,"type":"sell","buyer":"pi-trader","seller":"medaymane","symbol":"SIM","quantity":"8537.200","price":"0.00080001","timestamp":1633481262,"volume":"6.82984537","buyTxId":"7f0059450ee2f6e980934fe2275cd13608e453ec-1","sellTxId":"6da7b572bc9d4f85a226122fcc0539e7452147df"}
{"index": {"_index":"sim","_id":"1648648"}}
	{"id":1648648,"type":"sell","buyer":"pi-trader","seller":"quantumg","symbol":"SIM","quantity":"253.050","price":"0.00080001","timestamp":1633481349,"volume":"0.20244253","buyTxId":"45f5fa636a4621684390ab4700a0240cee4a045c-1","sellTxId":"fba15e34b721f3c3c3cdbf99342e60d6f4dbae04"}
{"index": {"_index":"sim","_id":"1648702"}}
	{"id":1648702,"type":"sell","buyer":"pi-trader","seller":"bearbear613","symbol":"SIM","quantity":"2281.589","price":"0.00080001","timestamp":1633481562,"volume":"1.82529402","buyTxId":"d64ed1b9030f43f1643f1c6050d793023f694498-1","sellTxId":"f3fbdbb336c9956cbe60f5e4e44b152e59d9b23c"}
{"index": {"_index":"sim","_id":"1648771"}}
	{"id":1648771,"type":"sell","buyer":"pi-trader","seller":"taitux","symbol":"SIM","quantity":"17877.100","price":"0.00080001","timestamp":1633481823,"volume":"14.30185877","buyTxId":"ffca6653f723084240e367867f2ac887459a56f2-3","sellTxId":"596e88d9bb0edc039924fb05efe81dc614c0c879"}
{"index": {"_index":"sim","_id":"1648794"}}
	{"id":1648794,"type":"sell","buyer":"pi-trader","seller":"epilatero","symbol":"SIM","quantity":"11972","price":"0.00080001","timestamp":1633481862,"volume":"9.57771972","buyTxId":"2afa4084433e10f4897c1ee9ecd0a79020e32db6-3","sellTxId":"5e3150185c87cf9329cc83ca1b55f67b47165245"}
{"index": {"_index":"sim","_id":"1648932"}}
	{"id":1648932,"type":"buy","buyer":"eythorphoto","seller":"mmrx","symbol":"SIM","quantity":"2834.866","price":"0.00100995","timestamp":1633482417,"volume":"2.86307292","buyTxId":"b0a6c8ef90b12a2d6490436c7a942d3216337951","sellTxId":"MM-P-11049390-58034442-3-42-0"}
{"index": {"_index":"sim","_id":"1648953"}}
	{"id":1648953,"type":"sell","buyer":"pi-trader","seller":"oahb132","symbol":"SIM","quantity":"62.131","price":"0.00080001","timestamp":1633482471,"volume":"0.04970542","buyTxId":"fcecbaa71cb01440e32a1e20dd7441b14bbcdecb-3","sellTxId":"18037554e7d6257d28e30955c797e9604a360bf3"}
{"index": {"_index":"sim","_id":"1649072"}}
	{"id":1649072,"type":"sell","buyer":"steemshiro","seller":"medaymane","symbol":"SIM","quantity":"100.000","price":"0.00095000","timestamp":1633482966,"volume":"0.09500000","buyTxId":"81555673f670b0fab6ed9a7db2fed32d2013a70b","sellTxId":"5b984090ae13a883e385f33a75268f41b6516430"}
{"index": {"_index":"sim","_id":"1649097"}}
	{"id":1649097,"type":"sell","buyer":"pi-trader","seller":"kobusu","symbol":"SIM","quantity":"13403.000","price":"0.00082005","timestamp":1633483077,"volume":"10.99113015","buyTxId":"492fcb2849be435dc3b1b5c5859f818907f0d795-3","sellTxId":"93baa85cd3de9cf32402ce1d0ff357403590c650"}
{"index": {"_index":"sim","_id":"1649105"}}
	{"id":1649105,"type":"sell","buyer":"pi-trader","seller":"kobusu","symbol":"SIM","quantity":"28700.000","price":"0.00082005","timestamp":1633483116,"volume":"23.53543500","buyTxId":"b4f93efae84c937e6fb73628735c622f57348cf6-1","sellTxId":"7cf05a45e93a77ca0fea5e3cc877ce42bed538c6"}
{"index": {"_index":"sim","_id":"1649209"}}
	{"id":1649209,"type":"sell","buyer":"pi-trader","seller":"eythorphoto","symbol":"SIM","quantity":"17000.000","price":"0.00085010","timestamp":1633483965,"volume":"14.45170000","buyTxId":"1c61c9f183743f30917e8f094e7021353970ef7f-5","sellTxId":"875ddf4826010b2fe5d281443677ac0d0cdea5a3"}
{"index": {"_index":"sim","_id":"1649240"}}
	{"id":1649240,"type":"buy","buyer":"genet","seller":"bwar","symbol":"SIM","quantity":"9111.634","price":"0.00086000","timestamp":1633484160,"volume":"7.83600524","buyTxId":"78650f70a3330e7bd22f945479b2b1c4bc850b69-0","sellTxId":"d1280a15a0ea7fa32ab6fc1685eada6fb5f1ce8a"}
{"index": {"_index":"sim","_id":"1649303"}}
	{"id":1649303,"type":"sell","buyer":"steemshiro","seller":"genet","symbol":"SIM","quantity":"500.000","price":"0.00096000","timestamp":1633484505,"volume":"0.48000000","buyTxId":"e9df355014a2c634c2b7df1cde7a9534300d9cb0","sellTxId":"6ffb3a705ebcd97ab68a510a918713ff285f5b51-1"}
{"index": {"_index":"sim","_id":"1649347"}}
	{"id":1649347,"type":"sell","buyer":"pi-trader","seller":"jwjqu.wam","symbol":"SIM","quantity":"3000.000","price":"0.00092001","timestamp":1633484874,"volume":"2.76003000","buyTxId":"18ab2143cad4b77a17f52ba6e68b99c10a0a6c02-1","sellTxId":"861f06d6c44bb8cfff5ec1f67678e13e21356387"}
{"index": {"_index":"sim","_id":"1649369"}}
	{"id":1649369,"type":"buy","buyer":"steemshiro","seller":"solovey6o2","symbol":"SIM","quantity":"260153.946","price":"0.00095995","timestamp":1633485084,"volume":"249.73478046","buyTxId":"5e699ee50ec27c36c0e315bd89f16f0b7f7b24e3","sellTxId":"d71c9af6f531c56e9e62ac40edd9cd4bf3804315"}
{"index": {"_index":"sim","_id":"1649370"}}
	{"id":1649370,"type":"buy","buyer":"steemshiro","seller":"enginemaker","symbol":"SIM","quantity":"39846.054","price":"0.00095996","timestamp":1633485084,"volume":"38.25061800","buyTxId":"5e699ee50ec27c36c0e315bd89f16f0b7f7b24e3","sellTxId":"MM-P-11050387-58035439-3-2-0"}
{"index": {"_index":"sim","_id":"1649440"}}
	{"id":1649440,"type":"buy","buyer":"genet","seller":"enginemaker","symbol":"SIM","quantity":"9404.070","price":"0.00093000","timestamp":1633485723,"volume":"8.74578510","buyTxId":"42f9e742606f18cdeee0f41a004287247b45f15e-0","sellTxId":"MM-P-11050687-58035739-3-2-0"}
{"index": {"_index":"sim","_id":"1649489"}}
	{"id":1649489,"type":"sell","buyer":"pi-trader","seller":"thranax","symbol":"SIM","quantity":"25.136","price":"0.00092005","timestamp":1633485981,"volume":"0.02312638","buyTxId":"9ebf335fa709572f6681b7d55c685bf509075fab-1","sellTxId":"37c7f1240be2caab6960402dfa97bd9fdca6885c"}
{"index": {"_index":"sim","_id":"1649544"}}
	{"id":1649544,"type":"buy","buyer":"libert","seller":"josephsavage","symbol":"SIM","quantity":"9850.000","price":"0.00100000","timestamp":1633486287,"volume":"9.85","buyTxId":"e652cdaae410ccffae4a8a803757eaa9c7852327","sellTxId":"19d0a37c3e7e5e75127f42b0ee80f8ec1459db3c"}
{"index": {"_index":"sim","_id":"1649560"}}
	{"id":1649560,"type":"sell","buyer":"pi-trader","seller":"jwjqu.wam","symbol":"SIM","quantity":"3000.000","price":"0.00092003","timestamp":1633486359,"volume":"2.76009000","buyTxId":"c829c64222c52011dbb283700c79ba8969e62012-5","sellTxId":"f4b9579f9e7d62ce1d1a8bdd1ba8e6e4f0c22eb9"}
{"index": {"_index":"sim","_id":"1649706"}}
	{"id":1649706,"type":"buy","buyer":"konvik","seller":"eythorphoto","symbol":"SIM","quantity":"4457.957","price":"0.00092018","timestamp":1633487283,"volume":"4.10212287","buyTxId":"e9afc7f98e1be2ef9ae2da8b07f71b88eab3cb2d-0","sellTxId":"634e9772fdba12f249444a7b295626723fa36a1b"}
{"index": {"_index":"sim","_id":"1649791"}}
	{"id":1649791,"type":"sell","buyer":"looftee","seller":"genet","symbol":"SIM","quantity":"3200.000","price":"0.00094000","timestamp":1633487934,"volume":"3.00800000","buyTxId":"c99f359c7cb1db4478891e9711bf989f2901d5a6","sellTxId":"003f07b3d84477e7dda27b9a8e141de2e38b15ca-1"}
{"index": {"_index":"sim","_id":"1649895"}}
	{"id":1649895,"type":"sell","buyer":"pi-trader","seller":"fantasycrypto","symbol":"SIM","quantity":"50000.000","price":"0.00092015","timestamp":1633488639,"volume":"46.00750000","buyTxId":"649ee7f4182e5cd2a8170bf4b03f7856b157e11a-3","sellTxId":"30185b901ad0d85a90f004f30ab2449b6107ed2d"}
{"index": {"_index":"sim","_id":"1649896"}}
	{"id":1649896,"type":"sell","buyer":"solovey6o2","seller":"fantasycrypto","symbol":"SIM","quantity":"6405.061","price":"0.00092014","timestamp":1633488639,"volume":"5.89355283","buyTxId":"286704787fbeaafec4d215d1964c187d790439e4","sellTxId":"30185b901ad0d85a90f004f30ab2449b6107ed2d"}
