{"index": {"_index":"sim","_id":"1703907"}}
	{"id":1703907,"type":"buy","buyer":"emergehealthier","seller":"pi-trader","symbol":"SIM","quantity":"100.000","price":"0.00100999","timestamp":1634267943,"volume":"0.10099900","buyTxId":"6e293efbceb64e4ccbdeb9d056eb1f65bc5b4ab1","sellTxId":"e123faa6febcb3d6ae9a22fc9953311155636d04-3"}
{"index": {"_index":"sim","_id":"1704115"}}
	{"id":1704115,"type":"sell","buyer":"jelly13","seller":"brofi-market","symbol":"SIM","quantity":"0.001","price":"0.00096549","timestamp":1634271309,"volume":"0.00000097","buyTxId":"5b74149eb655fd363f4a9a7b7c62204689709f1a","sellTxId":"e3ff48aa87d314ca239c02a99f2732907226f6c0"}
{"index": {"_index":"sim","_id":"1704173"}}
	{"id":1704173,"type":"sell","buyer":"jelly13","seller":"megalithic","symbol":"SIM","quantity":"12634.500","price":"0.00096549","timestamp":1634272131,"volume":"12.19848341","buyTxId":"5b74149eb655fd363f4a9a7b7c62204689709f1a","sellTxId":"50672e7450be140b801efe9dbb2ed00ec81a6a5e"}
{"index": {"_index":"sim","_id":"1704240"}}
	{"id":1704240,"type":"buy","buyer":"squidtooth","seller":"pi-trader","symbol":"SIM","quantity":"13000.130","price":"0.00099999","timestamp":1634273319,"volume":"13","buyTxId":"e35088dd98dc6329c5b6296f819cd43bd6e6e33d","sellTxId":"95febbde833762d056ea25c850f8f17a6c922371-7"}
{"index": {"_index":"sim","_id":"1704416"}}
	{"id":1704416,"type":"sell","buyer":"pi-trader","seller":"manoldonchev","symbol":"SIM","quantity":"22800.000","price":"0.00096550","timestamp":1634275581,"volume":"22.01340000","buyTxId":"3f7c063075ce5ad839b8230f70034f35331e0a5b-2","sellTxId":"cb99fe5356b051272b7c7aa8e79e63d06f7130c1"}
{"index": {"_index":"sim","_id":"1704474"}}
	{"id":1704474,"type":"sell","buyer":"jelly13","seller":"pimpstudio","symbol":"SIM","quantity":"1649.000","price":"0.00096549","timestamp":1634276418,"volume":"1.59209301","buyTxId":"5b74149eb655fd363f4a9a7b7c62204689709f1a","sellTxId":"80ec3b0231ae3403eaeeceeaaf4d8ca643d5365b"}
{"index": {"_index":"sim","_id":"1704510"}}
	{"id":1704510,"type":"buy","buyer":"numpypython","seller":"pi-trader","symbol":"SIM","quantity":"313.709","price":"0.00099999","timestamp":1634277159,"volume":"0.31370586","buyTxId":"05aa6ebf50e79a359bdb5979928eb676f87a7d99","sellTxId":"6735bc869a9a3811bc129182efe054a0e65dcf55-8"}
{"index": {"_index":"sim","_id":"1704516"}}
	{"id":1704516,"type":"sell","buyer":"jelly13","seller":"muenchen","symbol":"SIM","quantity":"8540.000","price":"0.00096549","timestamp":1634277222,"volume":"8.24528460","buyTxId":"5b74149eb655fd363f4a9a7b7c62204689709f1a","sellTxId":"c30c781cbfa0454a21c7faeb4dbdc6a7b3e64d68"}
{"index": {"_index":"sim","_id":"1704542"}}
	{"id":1704542,"type":"buy","buyer":"svirus","seller":"themarkymark","symbol":"SIM","quantity":"2273.270","price":"0.00097000","timestamp":1634277432,"volume":"2.20507190","buyTxId":"b3929e428612c8dbca0e09d2183baa2b6a7d4a30-0","sellTxId":"1aaee13e213f7b610a256efc3a0b50810237da05"}
{"index": {"_index":"sim","_id":"1704629"}}
	{"id":1704629,"type":"buy","buyer":"svirus","seller":"themarkymark","symbol":"SIM","quantity":"6327.641","price":"0.00097000","timestamp":1634279646,"volume":"6.13781177","buyTxId":"abb3ea2170c4f26cc8d72a24ce7dff2edb4132da-0","sellTxId":"1aaee13e213f7b610a256efc3a0b50810237da05"}
{"index": {"_index":"sim","_id":"1704630"}}
	{"id":1704630,"type":"buy","buyer":"svirus","seller":"inri","symbol":"SIM","quantity":"34238.979","price":"0.00097000","timestamp":1634279646,"volume":"33.21180963","buyTxId":"abb3ea2170c4f26cc8d72a24ce7dff2edb4132da-0","sellTxId":"7e21f375dba22343b78b1952a282aafefbc54bce"}
{"index": {"_index":"sim","_id":"1704631"}}
	{"id":1704631,"type":"buy","buyer":"konvik","seller":"inri","symbol":"SIM","quantity":"16963.021","price":"0.00097000","timestamp":1634279649,"volume":"16.45413037","buyTxId":"5e8d681384a62b6ccd93ae4599cef35a3ddd3f4a-0","sellTxId":"7e21f375dba22343b78b1952a282aafefbc54bce"}
{"index": {"_index":"sim","_id":"1704652"}}
	{"id":1704652,"type":"sell","buyer":"jelly13","seller":"ga-sm","symbol":"SIM","quantity":"1048.000","price":"0.00096549","timestamp":1634280054,"volume":"1.01183352","buyTxId":"5b74149eb655fd363f4a9a7b7c62204689709f1a","sellTxId":"3ee5bc7c235b8aac3fefe52b6e780cbd25c3c99e"}
{"index": {"_index":"sim","_id":"1704725"}}
	{"id":1704725,"type":"sell","buyer":"jelly13","seller":"demotry","symbol":"SIM","quantity":"4547.709","price":"0.00096549","timestamp":1634281062,"volume":"4.39076756","buyTxId":"5b74149eb655fd363f4a9a7b7c62204689709f1a","sellTxId":"3a9afa1fdca6a972e4df88c06dc94d30687325a2"}
{"index": {"_index":"sim","_id":"1704791"}}
	{"id":1704791,"type":"sell","buyer":"jelly13","seller":"anderssinho","symbol":"SIM","quantity":"0.328","price":"0.00096549","timestamp":1634281503,"volume":"0.00031668","buyTxId":"5b74149eb655fd363f4a9a7b7c62204689709f1a","sellTxId":"c82ffdbd91b5285b47c0face28c68a7a6e977a06"}
{"index": {"_index":"sim","_id":"1704854"}}
	{"id":1704854,"type":"buy","buyer":"svirus","seller":"gvincentjosephm","symbol":"SIM","quantity":"10746.640","price":"0.00097000","timestamp":1634282289,"volume":"10.42424080","buyTxId":"1521b8d01d070fd087ddf5a93f090f70ea8dbfbc-0","sellTxId":"376625aa9ac4ea2beb34e10d8372c92609fe91c9"}
{"index": {"_index":"sim","_id":"1704855"}}
	{"id":1704855,"type":"buy","buyer":"konvik","seller":"gvincentjosephm","symbol":"SIM","quantity":"51305.360","price":"0.00097000","timestamp":1634282289,"volume":"49.76619920","buyTxId":"b337bf5bd62696c0edd39506489572d95012c417-0","sellTxId":"376625aa9ac4ea2beb34e10d8372c92609fe91c9"}
{"index": {"_index":"sim","_id":"1705336"}}
	{"id":1705336,"type":"sell","buyer":"pi-trader","seller":"manoldonchev","symbol":"SIM","quantity":"2777.000","price":"0.00096550","timestamp":1634288118,"volume":"2.68119350","buyTxId":"6e46c359869dd22a9ed7c36a63910485711b65af-0","sellTxId":"34690ed1d9c4c29266bd88c2f5f6a54334428196"}
{"index": {"_index":"sim","_id":"1705889"}}
	{"id":1705889,"type":"sell","buyer":"pi-trader","seller":"andy4475","symbol":"SIM","quantity":"23.052","price":"0.00096550","timestamp":1634296878,"volume":"0.02225671","buyTxId":"3480f4c4ce665de3270b56b78889c1c8dfe75ce7-5","sellTxId":"ab60bc169e041f429c67362db370002db71f0930"}
{"index": {"_index":"sim","_id":"1705906"}}
	{"id":1705906,"type":"sell","buyer":"pi-trader","seller":"hivecollector","symbol":"SIM","quantity":"1000.000","price":"0.00096550","timestamp":1634297160,"volume":"0.96550000","buyTxId":"2a95c0015e103e4fc2247ee2e6ace91302734305-3","sellTxId":"e31f4e2f10449b446dd8cc3299933da7c3ce888d"}
{"index": {"_index":"sim","_id":"1705907"}}
	{"id":1705907,"type":"sell","buyer":"pi-trader","seller":"hivecollector","symbol":"SIM","quantity":"1000.000","price":"0.00096550","timestamp":1634297190,"volume":"0.96550000","buyTxId":"7239c7a0316f990aab235453398bcc73c09b6dda-5","sellTxId":"7f0047a67c6a630a205173c1b57144c2c10edf27"}
{"index": {"_index":"sim","_id":"1705911"}}
	{"id":1705911,"type":"sell","buyer":"pi-trader","seller":"hivecollector","symbol":"SIM","quantity":"1000.000","price":"0.00096550","timestamp":1634297220,"volume":"0.96550000","buyTxId":"ca156edd63d0e5c0d9d3fc394ad80b04a56b5dc2-5","sellTxId":"f115a312537b828b53dd55b0bfadefd29ed643f5"}
{"index": {"_index":"sim","_id":"1705915"}}
	{"id":1705915,"type":"sell","buyer":"pi-trader","seller":"hivecollector","symbol":"SIM","quantity":"1000.000","price":"0.00096550","timestamp":1634297250,"volume":"0.96550000","buyTxId":"ba675f27919af1d30a27272b97dd8a406108fee5-5","sellTxId":"c662973f6302555361f1e0438bfc6a2518da21d2"}
{"index": {"_index":"sim","_id":"1705919"}}
	{"id":1705919,"type":"sell","buyer":"pi-trader","seller":"hivecollector","symbol":"SIM","quantity":"1000.000","price":"0.00096550","timestamp":1634297280,"volume":"0.96550000","buyTxId":"ba675f27919af1d30a27272b97dd8a406108fee5-5","sellTxId":"71f165ca8a0fa5c7b8c45ec56791fb152da08c2c"}
{"index": {"_index":"sim","_id":"1705920"}}
	{"id":1705920,"type":"sell","buyer":"pi-trader","seller":"hivecollector","symbol":"SIM","quantity":"1000.000","price":"0.00096550","timestamp":1634297310,"volume":"0.96550000","buyTxId":"c2bd0c5417bbb4844b45261ed019ba69ade4537a-5","sellTxId":"c79db1f25061c8cf1c94aa160608719b2cc76c7c"}
{"index": {"_index":"sim","_id":"1705923"}}
	{"id":1705923,"type":"sell","buyer":"pi-trader","seller":"hivecollector","symbol":"SIM","quantity":"1000.000","price":"0.00096550","timestamp":1634297340,"volume":"0.96550000","buyTxId":"c2bd0c5417bbb4844b45261ed019ba69ade4537a-5","sellTxId":"c7df52aaee55c2ff07b17727df4988b5b160cd9a"}
{"index": {"_index":"sim","_id":"1705925"}}
	{"id":1705925,"type":"sell","buyer":"pi-trader","seller":"hivecollector","symbol":"SIM","quantity":"1000.000","price":"0.00096550","timestamp":1634297370,"volume":"0.96550000","buyTxId":"1dbc7b6e0c4c080f9dbe1a04363750dcc6b32072-3","sellTxId":"15cf1486d1b40171f3f186dbe195982a66a9414c"}
{"index": {"_index":"sim","_id":"1705927"}}
	{"id":1705927,"type":"sell","buyer":"pi-trader","seller":"hivecollector","symbol":"SIM","quantity":"1000.000","price":"0.00096550","timestamp":1634297400,"volume":"0.96550000","buyTxId":"a307e80d102d8fff9f2838a7312dacdf2d953805-5","sellTxId":"5e0fbccff7c9dba5ad412aeca6bf859ef539c92b"}
{"index": {"_index":"sim","_id":"1705929"}}
	{"id":1705929,"type":"sell","buyer":"pi-trader","seller":"hivecollector","symbol":"SIM","quantity":"1000.000","price":"0.00096550","timestamp":1634297430,"volume":"0.96550000","buyTxId":"6c0379c4e0ad82cd3789790c633f47e672f7d386-5","sellTxId":"6365071a497629a3b0502c024b1a97cd3d162891"}
{"index": {"_index":"sim","_id":"1705932"}}
	{"id":1705932,"type":"sell","buyer":"pi-trader","seller":"hivecollector","symbol":"SIM","quantity":"1000.000","price":"0.00096550","timestamp":1634297526,"volume":"0.96550000","buyTxId":"da5b88d53ee363e26c0878fb3fb83aedcaf4914e-5","sellTxId":"10311b952d45b1c513de2de5ef58cd2dee57e118"}
{"index": {"_index":"sim","_id":"1705933"}}
	{"id":1705933,"type":"sell","buyer":"pi-trader","seller":"hivecollector","symbol":"SIM","quantity":"1000.000","price":"0.00096550","timestamp":1634297556,"volume":"0.96550000","buyTxId":"3093362a1b44956f32b10330189afbeaf6e4b564-4","sellTxId":"20c9e8c5cad9929bdb11ede9de6b780af74837ba"}
{"index": {"_index":"sim","_id":"1705934"}}
	{"id":1705934,"type":"sell","buyer":"pi-trader","seller":"hivecollector","symbol":"SIM","quantity":"1000.000","price":"0.00096550","timestamp":1634297586,"volume":"0.96550000","buyTxId":"3093362a1b44956f32b10330189afbeaf6e4b564-4","sellTxId":"92f866cc16a44bfb1a19bbacb3244d95d8ae61a3"}
{"index": {"_index":"sim","_id":"1705935"}}
	{"id":1705935,"type":"sell","buyer":"pi-trader","seller":"hivecollector","symbol":"SIM","quantity":"1000.000","price":"0.00096550","timestamp":1634297616,"volume":"0.96550000","buyTxId":"6df51a1bd185b017ebd8331bbf703d71177156a2-3","sellTxId":"9f5f93778b728e843d73221646768486c8e55d50"}
{"index": {"_index":"sim","_id":"1705938"}}
	{"id":1705938,"type":"sell","buyer":"pi-trader","seller":"hivecollector","symbol":"SIM","quantity":"1000.000","price":"0.00096550","timestamp":1634297646,"volume":"0.96550000","buyTxId":"6df51a1bd185b017ebd8331bbf703d71177156a2-3","sellTxId":"aed4b135271907f1e3706f9210aff0f78efe6c97"}
{"index": {"_index":"sim","_id":"1705939"}}
	{"id":1705939,"type":"sell","buyer":"pi-trader","seller":"hivecollector","symbol":"SIM","quantity":"1000.000","price":"0.00096550","timestamp":1634297676,"volume":"0.96550000","buyTxId":"688a5769bb0a68e2fd126d8b5d5d028bb8ecaf80-3","sellTxId":"207d66b9ee5a16fdd002898792fb28f9e92886b5"}
{"index": {"_index":"sim","_id":"1705940"}}
	{"id":1705940,"type":"sell","buyer":"pi-trader","seller":"hivecollector","symbol":"SIM","quantity":"1000.000","price":"0.00096550","timestamp":1634297706,"volume":"0.96550000","buyTxId":"688a5769bb0a68e2fd126d8b5d5d028bb8ecaf80-3","sellTxId":"fa469c288a0396277ec6a8eba676aae8629a7853"}
{"index": {"_index":"sim","_id":"1705943"}}
	{"id":1705943,"type":"sell","buyer":"pi-trader","seller":"hivecollector","symbol":"SIM","quantity":"1000.000","price":"0.00096550","timestamp":1634297736,"volume":"0.96550000","buyTxId":"069d82551033876dc0ed6ac60da0dcf6b14d00f4-3","sellTxId":"9b77163a0b07a68295cf8d79511461426c4f4baa"}
{"index": {"_index":"sim","_id":"1705946"}}
	{"id":1705946,"type":"sell","buyer":"pi-trader","seller":"hivecollector","symbol":"SIM","quantity":"1000.000","price":"0.00096550","timestamp":1634297766,"volume":"0.96550000","buyTxId":"83daacabde1b671added50e5b7c7c21f31cb072e-3","sellTxId":"ec35e269a09c6b8ff433d93dcc12083682875818"}
{"index": {"_index":"sim","_id":"1705947"}}
	{"id":1705947,"type":"sell","buyer":"pi-trader","seller":"hivecollector","symbol":"SIM","quantity":"1000.000","price":"0.00096550","timestamp":1634297796,"volume":"0.96550000","buyTxId":"33dcbdee59a098d40bdfb4438304fa985be85481-5","sellTxId":"bfd7cf5f5ba41478a7b02857b1e5cc281252dd0b"}
{"index": {"_index":"sim","_id":"1705948"}}
	{"id":1705948,"type":"sell","buyer":"pi-trader","seller":"hivecollector","symbol":"SIM","quantity":"1000.000","price":"0.00096550","timestamp":1634297829,"volume":"0.96550000","buyTxId":"64e8f72a1f13565a9bfddadde2f11933e59b23af-3","sellTxId":"3636583d0e99158bc134279eb5ed2ba2a9699147"}
{"index": {"_index":"sim","_id":"1705951"}}
	{"id":1705951,"type":"sell","buyer":"pi-trader","seller":"hivecollector","symbol":"SIM","quantity":"1000.000","price":"0.00096550","timestamp":1634297856,"volume":"0.96550000","buyTxId":"cf44bf8b8bdd6f756adae4c1ab535b4d76e57a5f-3","sellTxId":"618d4a54290e9792190e0d278c01994974b167b1"}
{"index": {"_index":"sim","_id":"1705953"}}
	{"id":1705953,"type":"sell","buyer":"pi-trader","seller":"hivecollector","symbol":"SIM","quantity":"1000.000","price":"0.00096550","timestamp":1634297886,"volume":"0.96550000","buyTxId":"a92f53fad0ca42c84443a29f688a0b53005c7a9c-5","sellTxId":"2e0a1e2253fb66950c908e22a15a79beac96e48c"}
{"index": {"_index":"sim","_id":"1705955"}}
	{"id":1705955,"type":"sell","buyer":"pi-trader","seller":"hivecollector","symbol":"SIM","quantity":"1000.000","price":"0.00096550","timestamp":1634297916,"volume":"0.96550000","buyTxId":"38cf8a21444a07c011e8864e0c5488b678066124-3","sellTxId":"771fec6a702f4dedb585f91574d2d83b0ea7e56d"}
{"index": {"_index":"sim","_id":"1705958"}}
	{"id":1705958,"type":"sell","buyer":"pi-trader","seller":"hivecollector","symbol":"SIM","quantity":"1000.000","price":"0.00096550","timestamp":1634297946,"volume":"0.96550000","buyTxId":"5f7af57ed7e55fbf89eba46d5cee7b8913835c59-3","sellTxId":"c55182c712b9cef513e46b5b2822f28363b939ea"}
{"index": {"_index":"sim","_id":"1705960"}}
	{"id":1705960,"type":"sell","buyer":"pi-trader","seller":"hivecollector","symbol":"SIM","quantity":"1000.000","price":"0.00096550","timestamp":1634297976,"volume":"0.96550000","buyTxId":"af3a96527debf5e597d53d75eb51c3fe5d297335-3","sellTxId":"8a9d8c50aa44e4ca95ee88423436356c37f534e8"}
{"index": {"_index":"sim","_id":"1705963"}}
	{"id":1705963,"type":"sell","buyer":"pi-trader","seller":"hivecollector","symbol":"SIM","quantity":"1000.000","price":"0.00096550","timestamp":1634298006,"volume":"0.96550000","buyTxId":"af3a96527debf5e597d53d75eb51c3fe5d297335-3","sellTxId":"3c699f662dd1c3716839e064129ce9ca0eb92afc"}
{"index": {"_index":"sim","_id":"1705966"}}
	{"id":1705966,"type":"sell","buyer":"pi-trader","seller":"hivecollector","symbol":"SIM","quantity":"1000.000","price":"0.00096550","timestamp":1634298036,"volume":"0.96550000","buyTxId":"fc52b4f256de58301265816dab93cfc595f1604d-3","sellTxId":"49a6663040ac359f353624abf4dabcd6c461ab6f"}
{"index": {"_index":"sim","_id":"1705969"}}
	{"id":1705969,"type":"sell","buyer":"pi-trader","seller":"hivecollector","symbol":"SIM","quantity":"1000.000","price":"0.00096550","timestamp":1634298066,"volume":"0.96550000","buyTxId":"fc52b4f256de58301265816dab93cfc595f1604d-3","sellTxId":"87d591d645867c83be6bc0cc9fdee6143567f579"}
{"index": {"_index":"sim","_id":"1705973"}}
	{"id":1705973,"type":"sell","buyer":"pi-trader","seller":"hivecollector","symbol":"SIM","quantity":"1000.000","price":"0.00096550","timestamp":1634298096,"volume":"0.96550000","buyTxId":"172e63b5d48b833ca908575ab467b54472de12ea-3","sellTxId":"aea2a395c53d4fb2bc109474d44cb5af00cc37da"}
{"index": {"_index":"sim","_id":"1705975"}}
	{"id":1705975,"type":"sell","buyer":"pi-trader","seller":"hivecollector","symbol":"SIM","quantity":"1000.000","price":"0.00096550","timestamp":1634298126,"volume":"0.96550000","buyTxId":"172e63b5d48b833ca908575ab467b54472de12ea-3","sellTxId":"d1f9ab3b3381d19cc948e2c1c016fff087223c04"}
{"index": {"_index":"sim","_id":"1705977"}}
	{"id":1705977,"type":"sell","buyer":"pi-trader","seller":"hivecollector","symbol":"SIM","quantity":"1000.000","price":"0.00096550","timestamp":1634298159,"volume":"0.96550000","buyTxId":"a407417c924f7258d86a7573447d45227113f279-3","sellTxId":"8dba2ef374daf1204a5eac5140c8172d69191603"}
{"index": {"_index":"sim","_id":"1705978"}}
	{"id":1705978,"type":"sell","buyer":"pi-trader","seller":"hivecollector","symbol":"SIM","quantity":"1000.000","price":"0.00096550","timestamp":1634298186,"volume":"0.96550000","buyTxId":"6639ac4214544027925b75f2d2c247493ea6112a-5","sellTxId":"9b336fbd9bf0c7141ad04152aa4a49a2c2952858"}
{"index": {"_index":"sim","_id":"1705981"}}
	{"id":1705981,"type":"sell","buyer":"pi-trader","seller":"hivecollector","symbol":"SIM","quantity":"1000.000","price":"0.00096550","timestamp":1634298219,"volume":"0.96550000","buyTxId":"4ed907e695577b2c76cf446018c03bf8ad68cd75-3","sellTxId":"7a734e38990a487515c7c705d31f7bea5b4521e7"}
{"index": {"_index":"sim","_id":"1705982"}}
	{"id":1705982,"type":"sell","buyer":"pi-trader","seller":"hivecollector","symbol":"SIM","quantity":"1000.000","price":"0.00096550","timestamp":1634298246,"volume":"0.96550000","buyTxId":"365d311b258a0194b9adb3c1455c8b523f15f075-3","sellTxId":"a3b4203707d3eafda40d2f2faf9325f8f8961d00"}
{"index": {"_index":"sim","_id":"1705983"}}
	{"id":1705983,"type":"sell","buyer":"pi-trader","seller":"hivecollector","symbol":"SIM","quantity":"1000.000","price":"0.00096550","timestamp":1634298276,"volume":"0.96550000","buyTxId":"1bbf600580fc7e85dbb73686d42409ee96ccdd00-3","sellTxId":"0dc702048f97eda154a99f818c051b8c170fb227"}
{"index": {"_index":"sim","_id":"1705984"}}
	{"id":1705984,"type":"sell","buyer":"pi-trader","seller":"hivecollector","symbol":"SIM","quantity":"1000.000","price":"0.00096550","timestamp":1634298309,"volume":"0.96550000","buyTxId":"2650c84416e32e7db9cae5baa50d9980fb040b9e-3","sellTxId":"ffd69b94cb71b6980eca33613f9bd478e22508b8"}
{"index": {"_index":"sim","_id":"1705986"}}
	{"id":1705986,"type":"sell","buyer":"pi-trader","seller":"hivecollector","symbol":"SIM","quantity":"1000.000","price":"0.00096550","timestamp":1634298336,"volume":"0.96550000","buyTxId":"61d71455244d6b112668d5e00e128287c5ebdff0-3","sellTxId":"f0588f37c6b7efd2d9b0758cfe65243b3699d8dd"}
{"index": {"_index":"sim","_id":"1705990"}}
	{"id":1705990,"type":"sell","buyer":"pi-trader","seller":"hivecollector","symbol":"SIM","quantity":"1000.000","price":"0.00096550","timestamp":1634298366,"volume":"0.96550000","buyTxId":"f3cb5d364b3399e829f6fc142f1f4918417f5cfb-3","sellTxId":"4d837e09e176a7b10c099af874780391683bf478"}
{"index": {"_index":"sim","_id":"1705996"}}
	{"id":1705996,"type":"sell","buyer":"pi-trader","seller":"hivecollector","symbol":"SIM","quantity":"1000.000","price":"0.00096550","timestamp":1634298396,"volume":"0.96550000","buyTxId":"95861e5c1c67340715886358770e7a35b897c48c-3","sellTxId":"06cde6ca19e45f7513ea2191a54190e81baaf699"}
{"index": {"_index":"sim","_id":"1705997"}}
	{"id":1705997,"type":"sell","buyer":"pi-trader","seller":"hivecollector","symbol":"SIM","quantity":"1000.000","price":"0.00096550","timestamp":1634298426,"volume":"0.96550000","buyTxId":"24c6403ce920869cbc3788a25d1a12443d69956b-3","sellTxId":"da1dbeb0cbf27ed85b383ed2d8c001f93c53774c"}
{"index": {"_index":"sim","_id":"1706001"}}
	{"id":1706001,"type":"sell","buyer":"pi-trader","seller":"hivecollector","symbol":"SIM","quantity":"1000.000","price":"0.00096550","timestamp":1634298456,"volume":"0.96550000","buyTxId":"7227a010dc58393f5367fdc2a24fe3f465abb55a-3","sellTxId":"5d9a54b72ee1061fb5eae59718c8dc79b1a334c6"}
{"index": {"_index":"sim","_id":"1706003"}}
	{"id":1706003,"type":"sell","buyer":"jelly13","seller":"hivecollector","symbol":"SIM","quantity":"1000.000","price":"0.00096549","timestamp":1634298486,"volume":"0.96549000","buyTxId":"5b74149eb655fd363f4a9a7b7c62204689709f1a","sellTxId":"c7d292bc11eb8bab4d184418d33656936ba13fa9"}
{"index": {"_index":"sim","_id":"1706012"}}
	{"id":1706012,"type":"sell","buyer":"pi-trader","seller":"hivecollector","symbol":"SIM","quantity":"1000.000","price":"0.00096550","timestamp":1634298519,"volume":"0.96550000","buyTxId":"8e222aee10c25a4e446ebbd21f7ca528b21c299f-5","sellTxId":"82fe56faca9e023dd3933ab657b9edefca5511f3"}
{"index": {"_index":"sim","_id":"1706015"}}
	{"id":1706015,"type":"sell","buyer":"jelly13","seller":"hivecollector","symbol":"SIM","quantity":"1000.000","price":"0.00096549","timestamp":1634298549,"volume":"0.96549000","buyTxId":"5b74149eb655fd363f4a9a7b7c62204689709f1a","sellTxId":"b2d806392ea09faa3790f3388f8b4b511ef564f2"}
{"index": {"_index":"sim","_id":"1706018"}}
	{"id":1706018,"type":"sell","buyer":"jelly13","seller":"hivecollector","symbol":"SIM","quantity":"1000.000","price":"0.00096549","timestamp":1634298576,"volume":"0.96549000","buyTxId":"5b74149eb655fd363f4a9a7b7c62204689709f1a","sellTxId":"ca838c88b2a7bb8a83bfea3915d7108e474e41ef"}
{"index": {"_index":"sim","_id":"1706019"}}
	{"id":1706019,"type":"sell","buyer":"jelly13","seller":"hivecollector","symbol":"SIM","quantity":"1000.000","price":"0.00096549","timestamp":1634298606,"volume":"0.96549000","buyTxId":"5b74149eb655fd363f4a9a7b7c62204689709f1a","sellTxId":"353cb2f9c68639ef4f9558c4bebfa213c851b4d5"}
{"index": {"_index":"sim","_id":"1706022"}}
	{"id":1706022,"type":"sell","buyer":"jelly13","seller":"hivecollector","symbol":"SIM","quantity":"1000.000","price":"0.00096549","timestamp":1634298636,"volume":"0.96549000","buyTxId":"5b74149eb655fd363f4a9a7b7c62204689709f1a","sellTxId":"f2fb2dd60791f826e359f50563edcfdc8b0b301a"}
{"index": {"_index":"sim","_id":"1706024"}}
	{"id":1706024,"type":"sell","buyer":"jelly13","seller":"hivecollector","symbol":"SIM","quantity":"1000.000","price":"0.00096549","timestamp":1634298666,"volume":"0.96549000","buyTxId":"5b74149eb655fd363f4a9a7b7c62204689709f1a","sellTxId":"a5fef4d717e3a27c95ad51279229e94012af7377"}
{"index": {"_index":"sim","_id":"1706028"}}
	{"id":1706028,"type":"sell","buyer":"jelly13","seller":"hivecollector","symbol":"SIM","quantity":"1000.000","price":"0.00096549","timestamp":1634298696,"volume":"0.96549000","buyTxId":"5b74149eb655fd363f4a9a7b7c62204689709f1a","sellTxId":"7498fff7e71337d2180b719ebaa66fb1450ad704"}
{"index": {"_index":"sim","_id":"1706029"}}
	{"id":1706029,"type":"sell","buyer":"jelly13","seller":"hivecollector","symbol":"SIM","quantity":"1000.000","price":"0.00096549","timestamp":1634298726,"volume":"0.96549000","buyTxId":"5b74149eb655fd363f4a9a7b7c62204689709f1a","sellTxId":"fe14cd45a1be0b7d0d16e703c40bf7bb6b82a9a3"}
{"index": {"_index":"sim","_id":"1706030"}}
	{"id":1706030,"type":"sell","buyer":"jelly13","seller":"hivecollector","symbol":"SIM","quantity":"1000.000","price":"0.00096549","timestamp":1634298756,"volume":"0.96549000","buyTxId":"5b74149eb655fd363f4a9a7b7c62204689709f1a","sellTxId":"886c929f36a18de02e0f2e64fa1d8f320faf4395"}
{"index": {"_index":"sim","_id":"1706032"}}
	{"id":1706032,"type":"sell","buyer":"jelly13","seller":"hivecollector","symbol":"SIM","quantity":"1000.000","price":"0.00096549","timestamp":1634298789,"volume":"0.96549000","buyTxId":"5b74149eb655fd363f4a9a7b7c62204689709f1a","sellTxId":"7a7aa28a0141671341392ae3158e61ee3e3866bb"}
{"index": {"_index":"sim","_id":"1706034"}}
	{"id":1706034,"type":"sell","buyer":"jelly13","seller":"hivecollector","symbol":"SIM","quantity":"1000.000","price":"0.00096549","timestamp":1634298816,"volume":"0.96549000","buyTxId":"5b74149eb655fd363f4a9a7b7c62204689709f1a","sellTxId":"96d125b9bba27a126cfc0fe4e38d5f24729e65e3"}
{"index": {"_index":"sim","_id":"1706036"}}
	{"id":1706036,"type":"sell","buyer":"jelly13","seller":"hivecollector","symbol":"SIM","quantity":"1000.000","price":"0.00096549","timestamp":1634298846,"volume":"0.96549000","buyTxId":"5b74149eb655fd363f4a9a7b7c62204689709f1a","sellTxId":"402acb97991d66d07938d42534f9c95720ce380d"}
{"index": {"_index":"sim","_id":"1706045"}}
	{"id":1706045,"type":"sell","buyer":"jelly13","seller":"hivecollector","symbol":"SIM","quantity":"1000.000","price":"0.00096549","timestamp":1634298876,"volume":"0.96549000","buyTxId":"5b74149eb655fd363f4a9a7b7c62204689709f1a","sellTxId":"ee6aa4e37b251da1d2bad55dde8f711c2c36c638"}
{"index": {"_index":"sim","_id":"1706047"}}
	{"id":1706047,"type":"buy","buyer":"guruvaj","seller":"anosys","symbol":"SIM","quantity":"7.046","price":"0.00097000","timestamp":1634298894,"volume":"0.00683462","buyTxId":"56ad6521ebd57727167019ce248918aecfaf49cb","sellTxId":"ec65fa67f074e0672c3cee44d539eadff3265f02"}
{"index": {"_index":"sim","_id":"1706056"}}
	{"id":1706056,"type":"sell","buyer":"guruvaj","seller":"luisvelozamaro","symbol":"SIM","quantity":"264.088","price":"0.00097000","timestamp":1634299311,"volume":"0.25616536","buyTxId":"56ad6521ebd57727167019ce248918aecfaf49cb","sellTxId":"9aa268c6ec3f3163b471b953275b4907604de297"}
{"index": {"_index":"sim","_id":"1706057"}}
	{"id":1706057,"type":"sell","buyer":"jelly13","seller":"hivecollector","symbol":"SIM","quantity":"1000.000","price":"0.00096549","timestamp":1634299326,"volume":"0.96549000","buyTxId":"5b74149eb655fd363f4a9a7b7c62204689709f1a","sellTxId":"61bef51701d8ca69fb75b8ef9e6b6ee0c74f0113"}
{"index": {"_index":"sim","_id":"1706058"}}
	{"id":1706058,"type":"sell","buyer":"jelly13","seller":"hivecollector","symbol":"SIM","quantity":"1000.000","price":"0.00096549","timestamp":1634299359,"volume":"0.96549000","buyTxId":"5b74149eb655fd363f4a9a7b7c62204689709f1a","sellTxId":"9d084adf043baec643fd105807bda9b34ec6deed"}
{"index": {"_index":"sim","_id":"1706061"}}
	{"id":1706061,"type":"sell","buyer":"jelly13","seller":"hivecollector","symbol":"SIM","quantity":"1000.000","price":"0.00096549","timestamp":1634299386,"volume":"0.96549000","buyTxId":"5b74149eb655fd363f4a9a7b7c62204689709f1a","sellTxId":"cbdec6b5996942e22598764e9c49b4f7b0d70d92"}
{"index": {"_index":"sim","_id":"1706063"}}
	{"id":1706063,"type":"sell","buyer":"jelly13","seller":"hivecollector","symbol":"SIM","quantity":"1000.000","price":"0.00096549","timestamp":1634299416,"volume":"0.96549000","buyTxId":"5b74149eb655fd363f4a9a7b7c62204689709f1a","sellTxId":"fdbee40b7ec8dc34f08e6f402e0c0006fd3b7625"}
{"index": {"_index":"sim","_id":"1706069"}}
	{"id":1706069,"type":"sell","buyer":"jelly13","seller":"hivecollector","symbol":"SIM","quantity":"1000.000","price":"0.00096549","timestamp":1634299446,"volume":"0.96549000","buyTxId":"5b74149eb655fd363f4a9a7b7c62204689709f1a","sellTxId":"d33aca9676c4ad533b686b9ec414297bf049913a"}
{"index": {"_index":"sim","_id":"1706074"}}
	{"id":1706074,"type":"sell","buyer":"jelly13","seller":"hivecollector","symbol":"SIM","quantity":"1000.000","price":"0.00096549","timestamp":1634299479,"volume":"0.96549000","buyTxId":"5b74149eb655fd363f4a9a7b7c62204689709f1a","sellTxId":"52179c93724e3574e70f553c37216ff025441bc1"}
{"index": {"_index":"sim","_id":"1706076"}}
	{"id":1706076,"type":"sell","buyer":"jelly13","seller":"hivecollector","symbol":"SIM","quantity":"1000.000","price":"0.00096549","timestamp":1634299509,"volume":"0.96549000","buyTxId":"5b74149eb655fd363f4a9a7b7c62204689709f1a","sellTxId":"86208f41173728ca94476fd2df1d07bd639f75d9"}
{"index": {"_index":"sim","_id":"1706079"}}
	{"id":1706079,"type":"sell","buyer":"jelly13","seller":"hivecollector","symbol":"SIM","quantity":"1000.000","price":"0.00096549","timestamp":1634299539,"volume":"0.96549000","buyTxId":"5b74149eb655fd363f4a9a7b7c62204689709f1a","sellTxId":"79a7a1413b015a138c662e498b0195551e18c307"}
{"index": {"_index":"sim","_id":"1706080"}}
	{"id":1706080,"type":"sell","buyer":"jelly13","seller":"hivecollector","symbol":"SIM","quantity":"1000.000","price":"0.00096549","timestamp":1634299569,"volume":"0.96549000","buyTxId":"5b74149eb655fd363f4a9a7b7c62204689709f1a","sellTxId":"24e2ce9648bb114e513242a797e77a5d1c94a38f"}
{"index": {"_index":"sim","_id":"1706081"}}
	{"id":1706081,"type":"sell","buyer":"jelly13","seller":"hivecollector","symbol":"SIM","quantity":"1000.000","price":"0.00096549","timestamp":1634299599,"volume":"0.96549000","buyTxId":"5b74149eb655fd363f4a9a7b7c62204689709f1a","sellTxId":"bd4c379ee3e8b720874ceb36d6751e58da66a4ab"}
{"index": {"_index":"sim","_id":"1706085"}}
	{"id":1706085,"type":"sell","buyer":"jelly13","seller":"hivecollector","symbol":"SIM","quantity":"1000.000","price":"0.00096549","timestamp":1634299629,"volume":"0.96549000","buyTxId":"5b74149eb655fd363f4a9a7b7c62204689709f1a","sellTxId":"cd1e90436f93ff14e4e1b4aba1c0a039d9cbc850"}
{"index": {"_index":"sim","_id":"1706086"}}
	{"id":1706086,"type":"sell","buyer":"mmrx","seller":"hivecollector","symbol":"SIM","quantity":"1000.000","price":"0.00096550","timestamp":1634299668,"volume":"0.96550000","buyTxId":"MM-P-11321218-58306457-3-42-0","sellTxId":"f0585a609b08928558e249276c21b42e0af3919e"}
{"index": {"_index":"sim","_id":"1706087"}}
	{"id":1706087,"type":"sell","buyer":"mmrx","seller":"hivecollector","symbol":"SIM","quantity":"1000.000","price":"0.00096550","timestamp":1634299692,"volume":"0.96550000","buyTxId":"MM-P-11321218-58306457-3-42-0","sellTxId":"8a4f3199e0eece37ec92f9dfdd1885acf3b36d64"}
{"index": {"_index":"sim","_id":"1706088"}}
	{"id":1706088,"type":"sell","buyer":"mmrx","seller":"hivecollector","symbol":"SIM","quantity":"1000.000","price":"0.00096550","timestamp":1634299719,"volume":"0.96550000","buyTxId":"MM-P-11321218-58306457-3-42-0","sellTxId":"9098280f8bc922e0ee7487e3d97db378ec29ca5f"}
{"index": {"_index":"sim","_id":"1706089"}}
	{"id":1706089,"type":"sell","buyer":"mmrx","seller":"hivecollector","symbol":"SIM","quantity":"1000.000","price":"0.00096550","timestamp":1634299749,"volume":"0.96550000","buyTxId":"MM-P-11321218-58306457-3-42-0","sellTxId":"0c0aedd0038b2d46e8d05e598d7875e6492fe36c"}
{"index": {"_index":"sim","_id":"1706090"}}
	{"id":1706090,"type":"sell","buyer":"mmrx","seller":"hivecollector","symbol":"SIM","quantity":"510.856","price":"0.00096550","timestamp":1634299779,"volume":"0.49323147","buyTxId":"MM-P-11321218-58306457-3-42-0","sellTxId":"feb7fb457046de836305bfe9407bf8077f5411f9"}
{"index": {"_index":"sim","_id":"1706091"}}
	{"id":1706091,"type":"sell","buyer":"jelly13","seller":"hivecollector","symbol":"SIM","quantity":"489.144","price":"0.00096549","timestamp":1634299779,"volume":"0.47226364","buyTxId":"5b74149eb655fd363f4a9a7b7c62204689709f1a","sellTxId":"feb7fb457046de836305bfe9407bf8077f5411f9"}
{"index": {"_index":"sim","_id":"1706092"}}
	{"id":1706092,"type":"sell","buyer":"jelly13","seller":"hivecollector","symbol":"SIM","quantity":"1000.000","price":"0.00096549","timestamp":1634299806,"volume":"0.96549000","buyTxId":"5b74149eb655fd363f4a9a7b7c62204689709f1a","sellTxId":"a99c8c0e055eb78df4b8ce89d645d57fffb6c923"}
{"index": {"_index":"sim","_id":"1706097"}}
	{"id":1706097,"type":"sell","buyer":"jelly13","seller":"hivecollector","symbol":"SIM","quantity":"1000.000","price":"0.00096549","timestamp":1634299839,"volume":"0.96549000","buyTxId":"5b74149eb655fd363f4a9a7b7c62204689709f1a","sellTxId":"c75445b32b100b365fb032126349127264bcaa46"}
{"index": {"_index":"sim","_id":"1706099"}}
	{"id":1706099,"type":"sell","buyer":"jelly13","seller":"brofi-market","symbol":"SIM","quantity":"0.008","price":"0.00096549","timestamp":1634299857,"volume":"0.00000772","buyTxId":"5b74149eb655fd363f4a9a7b7c62204689709f1a","sellTxId":"287a765b7affca852d62881a89f4c67461a3e7cb"}
{"index": {"_index":"sim","_id":"1706101"}}
	{"id":1706101,"type":"sell","buyer":"jelly13","seller":"hivecollector","symbol":"SIM","quantity":"1000.000","price":"0.00096549","timestamp":1634299869,"volume":"0.96549000","buyTxId":"5b74149eb655fd363f4a9a7b7c62204689709f1a","sellTxId":"48d7dca397e013b70ac69c39a1f0daf212df398d"}
{"index": {"_index":"sim","_id":"1706106"}}
	{"id":1706106,"type":"sell","buyer":"jelly13","seller":"hivecollector","symbol":"SIM","quantity":"1000.000","price":"0.00096549","timestamp":1634299896,"volume":"0.96549000","buyTxId":"5b74149eb655fd363f4a9a7b7c62204689709f1a","sellTxId":"429e346ca37f6cbe17d14cc04b5d34d53461738d"}
{"index": {"_index":"sim","_id":"1706107"}}
	{"id":1706107,"type":"sell","buyer":"jelly13","seller":"hivecollector","symbol":"SIM","quantity":"1000.000","price":"0.00096549","timestamp":1634299926,"volume":"0.96549000","buyTxId":"5b74149eb655fd363f4a9a7b7c62204689709f1a","sellTxId":"26d7ef4bd45d5ce1f02174f0583c5daea567112d"}
{"index": {"_index":"sim","_id":"1706164"}}
	{"id":1706164,"type":"buy","buyer":"thegoliath","seller":"mmrx","symbol":"SIM","quantity":"4510.856","price":"0.00096999","timestamp":1634300970,"volume":"4.37548521","buyTxId":"26b841527a9707be1eaa84b2b7c7fd79b8591b41","sellTxId":"MM-P-11321317-58306556-3-42-0"}
{"index": {"_index":"sim","_id":"1706165"}}
	{"id":1706165,"type":"buy","buyer":"thegoliath","seller":"luisvelozamaro","symbol":"SIM","quantity":"68.422","price":"0.00097000","timestamp":1634300970,"volume":"0.06636934","buyTxId":"26b841527a9707be1eaa84b2b7c7fd79b8591b41","sellTxId":"9aa268c6ec3f3163b471b953275b4907604de297"}
{"index": {"_index":"sim","_id":"1706166"}}
	{"id":1706166,"type":"buy","buyer":"thegoliath","seller":"brofi-market","symbol":"SIM","quantity":"0.008","price":"0.00097000","timestamp":1634300970,"volume":"0.00000776","buyTxId":"26b841527a9707be1eaa84b2b7c7fd79b8591b41","sellTxId":"b947108dba9e185ba6bfcb1c3a949df9b34d6a77"}
{"index": {"_index":"sim","_id":"1706167"}}
	{"id":1706167,"type":"buy","buyer":"thegoliath","seller":"lightcaptured","symbol":"SIM","quantity":"1032.496","price":"0.00099000","timestamp":1634300970,"volume":"1.02217104","buyTxId":"26b841527a9707be1eaa84b2b7c7fd79b8591b41","sellTxId":"958aa1a4069477b1a8a63115b4d882847d553df6"}
{"index": {"_index":"sim","_id":"1706168"}}
	{"id":1706168,"type":"buy","buyer":"thegoliath","seller":"he-index","symbol":"SIM","quantity":"396.574","price":"0.00099999","timestamp":1634300970,"volume":"0.39657003","buyTxId":"26b841527a9707be1eaa84b2b7c7fd79b8591b41","sellTxId":"d94877b1d4fa04be012cbc8e92efead6ccce23fd"}
{"index": {"_index":"sim","_id":"1706169"}}
	{"id":1706169,"type":"buy","buyer":"thegoliath","seller":"dera123","symbol":"SIM","quantity":"13068.059","price":"0.00100000","timestamp":1634300970,"volume":"13.06805900","buyTxId":"26b841527a9707be1eaa84b2b7c7fd79b8591b41","sellTxId":"440977a25435347b1fc086ed6b78538024a2cf0e"}
{"index": {"_index":"sim","_id":"1706170"}}
	{"id":1706170,"type":"buy","buyer":"thegoliath","seller":"tussar11","symbol":"SIM","quantity":"5239.000","price":"0.00100000","timestamp":1634300970,"volume":"5.23900000","buyTxId":"26b841527a9707be1eaa84b2b7c7fd79b8591b41","sellTxId":"3c68acfcb5864ffc6b9984631305223eb89b6204"}
{"index": {"_index":"sim","_id":"1706171"}}
	{"id":1706171,"type":"buy","buyer":"thegoliath","seller":"brofi-market","symbol":"SIM","quantity":"0.001","price":"0.00100999","timestamp":1634300970,"volume":"0.00000101","buyTxId":"26b841527a9707be1eaa84b2b7c7fd79b8591b41","sellTxId":"d951f6198ae54a1e836680f58b8a023d45451bf1"}
{"index": {"_index":"sim","_id":"1706172"}}
	{"id":1706172,"type":"buy","buyer":"thegoliath","seller":"jimre1","symbol":"SIM","quantity":"1200.000","price":"0.00101000","timestamp":1634300970,"volume":"1.21200000","buyTxId":"26b841527a9707be1eaa84b2b7c7fd79b8591b41","sellTxId":"fb956a12a4ae52f79a6c06edb253fe376179caca"}
{"index": {"_index":"sim","_id":"1706173"}}
	{"id":1706173,"type":"buy","buyer":"thegoliath","seller":"mary.janikowski","symbol":"SIM","quantity":"12424.000","price":"0.00103300","timestamp":1634300970,"volume":"12.83399200","buyTxId":"26b841527a9707be1eaa84b2b7c7fd79b8591b41","sellTxId":"5567f431ad58ca66f6314b106e3ef9049e7ad85d"}
{"index": {"_index":"sim","_id":"1706174"}}
	{"id":1706174,"type":"buy","buyer":"thegoliath","seller":"atomcollector","symbol":"SIM","quantity":"5000.000","price":"0.00104000","timestamp":1634300970,"volume":"5.20000000","buyTxId":"26b841527a9707be1eaa84b2b7c7fd79b8591b41","sellTxId":"060ab33d2ea1eab2627fcf6233e78868eddbd699"}
{"index": {"_index":"sim","_id":"1706175"}}
	{"id":1706175,"type":"buy","buyer":"thegoliath","seller":"solovey6o2","symbol":"SIM","quantity":"84617.876","price":"0.00104998","timestamp":1634300970,"volume":"88.84707744","buyTxId":"26b841527a9707be1eaa84b2b7c7fd79b8591b41","sellTxId":"0dba8c389d4351c2e11f479c54a300a84b83b4a1"}
{"index": {"_index":"sim","_id":"1706176"}}
	{"id":1706176,"type":"buy","buyer":"thegoliath","seller":"jimre1","symbol":"SIM","quantity":"700.000","price":"0.00105000","timestamp":1634300970,"volume":"0.73500000","buyTxId":"26b841527a9707be1eaa84b2b7c7fd79b8591b41","sellTxId":"d6da3336b7bce4079347f976cf2c2a9afaf97971"}
{"index": {"_index":"sim","_id":"1706177"}}
	{"id":1706177,"type":"buy","buyer":"thegoliath","seller":"mchero","symbol":"SIM","quantity":"12652.378","price":"0.00105000","timestamp":1634300970,"volume":"13.28499690","buyTxId":"26b841527a9707be1eaa84b2b7c7fd79b8591b41","sellTxId":"2ef7651447332a5f28b9f99b3fde63d21baf962a"}
{"index": {"_index":"sim","_id":"1706178"}}
	{"id":1706178,"type":"buy","buyer":"thegoliath","seller":"mchero","symbol":"SIM","quantity":"10174.600","price":"0.00105000","timestamp":1634300970,"volume":"10.68333000","buyTxId":"26b841527a9707be1eaa84b2b7c7fd79b8591b41","sellTxId":"27e622f3f54249f8ebb0fa89ada64ac404580b28"}
{"index": {"_index":"sim","_id":"1706179"}}
	{"id":1706179,"type":"buy","buyer":"thegoliath","seller":"mchero","symbol":"SIM","quantity":"1915.730","price":"0.00105000","timestamp":1634300970,"volume":"2.01151650","buyTxId":"26b841527a9707be1eaa84b2b7c7fd79b8591b41","sellTxId":"2f2d1e741c73ac270b0ccf53a34d7934e7575e36"}
{"index": {"_index":"sim","_id":"1706458"}}
	{"id":1706458,"type":"sell","buyer":"jelly13","seller":"bilpcoinbpc","symbol":"SIM","quantity":"61.448","price":"0.00096549","timestamp":1634304549,"volume":"0.05932743","buyTxId":"5b74149eb655fd363f4a9a7b7c62204689709f1a","sellTxId":"6005d76f3a5754424168c6291587d9b48d12698e"}
{"index": {"_index":"sim","_id":"1706529"}}
	{"id":1706529,"type":"sell","buyer":"jelly13","seller":"velourex","symbol":"SIM","quantity":"75284.006","price":"0.00096549","timestamp":1634305383,"volume":"72.68595495","buyTxId":"5b74149eb655fd363f4a9a7b7c62204689709f1a","sellTxId":"62bad3722a0b17c7478b9ac86f674505926ff046"}
{"index": {"_index":"sim","_id":"1706530"}}
	{"id":1706530,"type":"sell","buyer":"bambukah","seller":"velourex","symbol":"SIM","quantity":"2000.000","price":"0.00096549","timestamp":1634305383,"volume":"1.93098000","buyTxId":"4b22288ad6896b9f5891b422a5b8a73207112f72","sellTxId":"62bad3722a0b17c7478b9ac86f674505926ff046"}
{"index": {"_index":"sim","_id":"1706531"}}
	{"id":1706531,"type":"sell","buyer":"dracrow","seller":"velourex","symbol":"SIM","quantity":"15650.000","price":"0.00096549","timestamp":1634305383,"volume":"15.10991850","buyTxId":"8651b465258da69cab4575a6e028cac62c9e50ab","sellTxId":"62bad3722a0b17c7478b9ac86f674505926ff046"}
{"index": {"_index":"sim","_id":"1706532"}}
	{"id":1706532,"type":"sell","buyer":"steemshiro","seller":"velourex","symbol":"SIM","quantity":"56340.534","price":"0.00095020","timestamp":1634305383,"volume":"53.53477541","buyTxId":"90659a96a294d903205bfa8aaa02b427b8ad5afb","sellTxId":"62bad3722a0b17c7478b9ac86f674505926ff046"}
{"index": {"_index":"sim","_id":"1706546"}}
	{"id":1706546,"type":"sell","buyer":"pi-trader","seller":"luisvelozamaro","symbol":"SIM","quantity":"380.000","price":"0.00095021","timestamp":1634305668,"volume":"0.36107980","buyTxId":"81468a5caf1670f19f30d7040d30063f7414079f-0","sellTxId":"8e43598acc3a49e67c618c00c8e529e7b43aff6a"}
{"index": {"_index":"sim","_id":"1706653"}}
	{"id":1706653,"type":"sell","buyer":"pi-trader","seller":"captaincryptic","symbol":"SIM","quantity":"472.044","price":"0.00095021","timestamp":1634307195,"volume":"0.44854093","buyTxId":"0ab142500067268b8437d5390b330259d7bf85d8-6","sellTxId":"472bb78c5167913327161ec9fead5d61df0003de"}
{"index": {"_index":"sim","_id":"1706716"}}
	{"id":1706716,"type":"sell","buyer":"pi-trader","seller":"scriptioner","symbol":"SIM","quantity":"50000.000","price":"0.00095021","timestamp":1634308014,"volume":"47.51050000","buyTxId":"27b6ddffe0da47b88a4c360a165e2dca2a57264d-5","sellTxId":"2f7a07deb8a9c245cc3f8a49853041ff909b5219"}
{"index": {"_index":"sim","_id":"1706717"}}
	{"id":1706717,"type":"sell","buyer":"steemshiro","seller":"scriptioner","symbol":"SIM","quantity":"93659.466","price":"0.00095020","timestamp":1634308014,"volume":"88.99522459","buyTxId":"90659a96a294d903205bfa8aaa02b427b8ad5afb","sellTxId":"2f7a07deb8a9c245cc3f8a49853041ff909b5219"}
{"index": {"_index":"sim","_id":"1706718"}}
	{"id":1706718,"type":"sell","buyer":"d-pend","seller":"scriptioner","symbol":"SIM","quantity":"36340.534","price":"0.00095000","timestamp":1634308014,"volume":"34.52350730","buyTxId":"5d4f998a3bdde98ee8d40308f2629bcade2f39dc","sellTxId":"2f7a07deb8a9c245cc3f8a49853041ff909b5219"}
{"index": {"_index":"sim","_id":"1706784"}}
	{"id":1706784,"type":"buy","buyer":"townshendff","seller":"bigram13","symbol":"SIM","quantity":"3630.000","price":"0.00097000","timestamp":1634308962,"volume":"3.52110000","buyTxId":"48ff421388aba564a7b427dac14e83c81ad15dee","sellTxId":"3be3b67a8de4efbb7c641f716ff950a77007ed57"}
{"index": {"_index":"sim","_id":"1706804"}}
	{"id":1706804,"type":"sell","buyer":"pi-trader","seller":"whatamidoing","symbol":"SIM","quantity":"18242.022","price":"0.00095003","timestamp":1634309208,"volume":"17.33046816","buyTxId":"cf23bc7f726fd3b8b3fe012ef407dba24b2890a0-3","sellTxId":"46272fbd53b66a491b8bc1acab120bf813b3ec47"}
{"index": {"_index":"sim","_id":"1706841"}}
	{"id":1706841,"type":"sell","buyer":"pi-trader","seller":"madmanmusic","symbol":"SIM","quantity":"26104.100","price":"0.00095001","timestamp":1634309763,"volume":"24.79915604","buyTxId":"595073c5de181927fd9cac05046f1013976cc4b9-3","sellTxId":"2a6317a199654e1eaea81907512efbb5d6451f73"}
{"index": {"_index":"sim","_id":"1706885"}}
	{"id":1706885,"type":"sell","buyer":"pi-trader","seller":"theoddone","symbol":"SIM","quantity":"50000.000","price":"0.00095001","timestamp":1634310216,"volume":"47.50050000","buyTxId":"03856fef60e33e6daa41eb4f1695a284a5a39eeb-4","sellTxId":"b82c642d34e6373b58476d4b3ac963470a2791a4"}
{"index": {"_index":"sim","_id":"1706886"}}
	{"id":1706886,"type":"sell","buyer":"d-pend","seller":"theoddone","symbol":"SIM","quantity":"63659.466","price":"0.00095000","timestamp":1634310216,"volume":"60.47649270","buyTxId":"5d4f998a3bdde98ee8d40308f2629bcade2f39dc","sellTxId":"b82c642d34e6373b58476d4b3ac963470a2791a4"}
{"index": {"_index":"sim","_id":"1706887"}}
	{"id":1706887,"type":"sell","buyer":"boycharliefamily","seller":"theoddone","symbol":"SIM","quantity":"21960.000","price":"0.00095000","timestamp":1634310216,"volume":"20.86200000","buyTxId":"933bc607a46ce8ea8a16f2da44ac2028fc358b60","sellTxId":"b82c642d34e6373b58476d4b3ac963470a2791a4"}
{"index": {"_index":"sim","_id":"1706888"}}
	{"id":1706888,"type":"sell","buyer":"d-pend","seller":"theoddone","symbol":"SIM","quantity":"18030.157","price":"0.00094000","timestamp":1634310216,"volume":"16.94834758","buyTxId":"daa3d1b6fd42f4e8497da6b214d041ddc9a6cc1a","sellTxId":"b82c642d34e6373b58476d4b3ac963470a2791a4"}
{"index": {"_index":"sim","_id":"1707118"}}
	{"id":1707118,"type":"sell","buyer":"pi-trader","seller":"bearbear613","symbol":"SIM","quantity":"950.051","price":"0.00094001","timestamp":1634313564,"volume":"0.89305744","buyTxId":"0795cc09c2e9687296ab07a5ae726f6989402750-4","sellTxId":"d7286dd96ad70ce32eaab1314398fa2d32d640b2"}
{"index": {"_index":"sim","_id":"1707577"}}
	{"id":1707577,"type":"sell","buyer":"pi-trader","seller":"automaton","symbol":"SIM","quantity":"4500.000","price":"0.00094001","timestamp":1634317176,"volume":"4.23004500","buyTxId":"1a8d1a939ee1ea5d0ad596d92aa352a25a194c75-5","sellTxId":"76b97c3202bfa6e85e0a15101925afbbcfffafed"}
{"index": {"_index":"sim","_id":"1707762"}}
	{"id":1707762,"type":"buy","buyer":"dkid14","seller":"bigram13","symbol":"SIM","quantity":"2431.000","price":"0.00097000","timestamp":1634319411,"volume":"2.35807000","buyTxId":"4d41641cc0e8d08c995354c7652123ba5e71fe80","sellTxId":"3be3b67a8de4efbb7c641f716ff950a77007ed57"}
{"index": {"_index":"sim","_id":"1707763"}}
	{"id":1707763,"type":"sell","buyer":"dkid14","seller":"genet","symbol":"SIM","quantity":"62788.396","price":"0.00097000","timestamp":1634319414,"volume":"60.90474412","buyTxId":"4d41641cc0e8d08c995354c7652123ba5e71fe80","sellTxId":"3b96b05979447335a73ce46cf32c5f8c4d6aa2e7-1"}
{"index": {"_index":"sim","_id":"1707874"}}
	{"id":1707874,"type":"buy","buyer":"nastyforce","seller":"tonytrillions","symbol":"SIM","quantity":"0.090","price":"0.00100000","timestamp":1634321526,"volume":"0.00009000","buyTxId":"207d6acda9873920b48a6db0c98714d34dbdd622","sellTxId":"078f575b96447467e0ca9427b14fe7085cf23fec"}
{"index": {"_index":"sim","_id":"1707885"}}
	{"id":1707885,"type":"buy","buyer":"nastyforce","seller":"pi-trader","symbol":"SIM","quantity":"173.000","price":"0.00100999","timestamp":1634321583,"volume":"0.17472827","buyTxId":"dd79e10a0f818962ac1a2a6675cd7a900e14ed6a","sellTxId":"d5c03f1fff6be43fe0dd8e01193ad614c51e2beb-2"}
{"index": {"_index":"sim","_id":"1707927"}}
	{"id":1707927,"type":"sell","buyer":"pi-trader","seller":"damla","symbol":"SIM","quantity":"1.066","price":"0.00094001","timestamp":1634322360,"volume":"0.00100205","buyTxId":"ce770a0ed84c8709cc69575c6c1f25b0dc576408-5","sellTxId":"e0a6934fde2b0933bc1937927f7f4b5cacefd6ea"}
{"index": {"_index":"sim","_id":"1707949"}}
	{"id":1707949,"type":"sell","buyer":"wizzitywillican","seller":"svirus","symbol":"SIM","quantity":"4072.690","price":"0.00100000","timestamp":1634322522,"volume":"4.07269000","buyTxId":"b63fc374202734202aab6a3224ea36364ae88043","sellTxId":"bc65ab8b34a657690f139fd8a0b667761f461edf-1"}
{"index": {"_index":"sim","_id":"1707950"}}
	{"id":1707950,"type":"sell","buyer":"wizzitywillican","seller":"konvik","symbol":"SIM","quantity":"0.004","price":"0.00100000","timestamp":1634322522,"volume":"0.00000400","buyTxId":"b63fc374202734202aab6a3224ea36364ae88043","sellTxId":"0e3314d03a8662db46705885e889b6b78e389486-1"}
{"index": {"_index":"sim","_id":"1707974"}}
	{"id":1707974,"type":"sell","buyer":"pi-trader","seller":"jrcornel","symbol":"SIM","quantity":"33184.000","price":"0.00094001","timestamp":1634322837,"volume":"31.19329184","buyTxId":"e4664bf06834afa2852cebe216e360a4ae274b0c-3","sellTxId":"bd1dbad6d43727e262392040770e3438fe488a0c"}
{"index": {"_index":"sim","_id":"1708040"}}
	{"id":1708040,"type":"sell","buyer":"pi-trader","seller":"dhedge-drips","symbol":"SIM","quantity":"0.005","price":"0.00094001","timestamp":1634323524,"volume":"0.00000470","buyTxId":"dbb84d56b4bcf0357f39a02272983feec7aa6b1d-7","sellTxId":"0fb96366fceba1c4c4339a30920faaef3748f7f9"}
{"index": {"_index":"sim","_id":"1708077"}}
	{"id":1708077,"type":"sell","buyer":"pi-trader","seller":"gribbles","symbol":"SIM","quantity":"32079.281","price":"0.00094001","timestamp":1634323785,"volume":"30.15484493","buyTxId":"f80c33f53fafa54a85027b43b4e7c4c87e9e89be-3","sellTxId":"819c156bb70267092a9bd0b14a0f30da7be364c5"}
{"index": {"_index":"sim","_id":"1708125"}}
	{"id":1708125,"type":"sell","buyer":"pi-trader","seller":"bearbear613","symbol":"SIM","quantity":"991.000","price":"0.00094001","timestamp":1634324346,"volume":"0.93154991","buyTxId":"7c7c2910815d4e331a997b13ec16adc7d313ffd0-3","sellTxId":"a32727219ffd92e1faae43df71906b40c71460c3"}
{"index": {"_index":"sim","_id":"1708167"}}
	{"id":1708167,"type":"sell","buyer":"pi-trader","seller":"pimpstudio","symbol":"SIM","quantity":"1631.000","price":"0.00094001","timestamp":1634324952,"volume":"1.53315631","buyTxId":"436234ffc3711d212cccc8779632e8929e0cf0f6-5","sellTxId":"2cdd2eff24beee4a44ea5b5011fc0ba9eaa17e8e"}
{"index": {"_index":"sim","_id":"1708182"}}
	{"id":1708182,"type":"sell","buyer":"pi-trader","seller":"imperij4427","symbol":"SIM","quantity":"32206.000","price":"0.00094001","timestamp":1634325147,"volume":"30.27396206","buyTxId":"5dc04dc191ceaa11104a3181a38ee2410e05cb4a-5","sellTxId":"37de5f8f6f4f1849576cbec3abe05f044d4ef3d2"}
{"index": {"_index":"sim","_id":"1708195"}}
	{"id":1708195,"type":"buy","buyer":"kevinnag58","seller":"pi-trader","symbol":"SIM","quantity":"1000.010","price":"0.00099999","timestamp":1634325378,"volume":"1","buyTxId":"e7eb4d5aacf1fa4df4a95c1d171ddc0df64f89c0","sellTxId":"347e9b9d45b31cd866bd734548776cc58f7fb147-3"}
{"index": {"_index":"sim","_id":"1708219"}}
	{"id":1708219,"type":"buy","buyer":"lrekt01","seller":"pi-trader","symbol":"SIM","quantity":"0.990","price":"0.00098999","timestamp":1634325795,"volume":"0.00098009","buyTxId":"93e81d74c2279d55e11260de954ec19a68e42ad9","sellTxId":"41981c88b8ce53011b84e2a833ddc204a717be40-3"}
{"index": {"_index":"sim","_id":"1708347"}}
	{"id":1708347,"type":"sell","buyer":"pi-trader","seller":"bitcoinflood","symbol":"SIM","quantity":"1788.108","price":"0.00095001","timestamp":1634327610,"volume":"1.69872048","buyTxId":"39d004a29eb9b93425fc47dccfcb58cc9c0f0155-1","sellTxId":"4f14512f4b142c5622856c09424a69cd0057a9f8"}
{"index": {"_index":"sim","_id":"1708360"}}
	{"id":1708360,"type":"sell","buyer":"pi-trader","seller":"peerfinance","symbol":"SIM","quantity":"304.497","price":"0.00095001","timestamp":1634327769,"volume":"0.28927519","buyTxId":"aeb87096471396939adcd8b013e9676e8a1fcaf2-3","sellTxId":"5eda0f0d8b95f2bf1a1d1682df04b32e4d0ee961"}
{"index": {"_index":"sim","_id":"1708365"}}
	{"id":1708365,"type":"sell","buyer":"pi-trader","seller":"thatcryptodave","symbol":"SIM","quantity":"1830.190","price":"0.00095001","timestamp":1634327865,"volume":"1.73869880","buyTxId":"cba9ebb65dfa4f98cd3c384b03f904e90928f637-3","sellTxId":"a0ff6f74a5f1ab9089953c8eec10b64a7323c4e1"}
{"index": {"_index":"sim","_id":"1708420"}}
	{"id":1708420,"type":"sell","buyer":"pi-trader","seller":"petrvl","symbol":"SIM","quantity":"54.179","price":"0.00095003","timestamp":1634328903,"volume":"0.05147168","buyTxId":"515a44eecadfcbb4b76861477f18748357804846-3","sellTxId":"2a76ac3c1df0ec9d6eee6a5c455e4ab53c844413"}
{"index": {"_index":"sim","_id":"1708471"}}
	{"id":1708471,"type":"sell","buyer":"pi-trader","seller":"justinparke","symbol":"SIM","quantity":"10377.653","price":"0.00095001","timestamp":1634329806,"volume":"9.85887413","buyTxId":"67196cdf22a7d9345849859ca26dcaf2bdff6154-3","sellTxId":"1c4bde3998960811628467b55436ab3e3259fb18"}
{"index": {"_index":"sim","_id":"1708533"}}
	{"id":1708533,"type":"sell","buyer":"pi-trader","seller":"droida","symbol":"SIM","quantity":"0.132","price":"0.00095001","timestamp":1634330694,"volume":"0.00012540","buyTxId":"f360cb2caef1b57f40ee53bc8c85c38dd36c8502-5","sellTxId":"5f1e0649550c00de7eb64efda0982484df50ad65"}
{"index": {"_index":"sim","_id":"1708547"}}
	{"id":1708547,"type":"sell","buyer":"pi-trader","seller":"captaincryptic","symbol":"SIM","quantity":"590.000","price":"0.00095001","timestamp":1634330859,"volume":"0.56050590","buyTxId":"6a58e86cb9ea494d8bf682e4215b322865faf477-1","sellTxId":"4abc17ebf62e2ed9657ea335bf7402203b442cda"}
{"index": {"_index":"sim","_id":"1708582"}}
	{"id":1708582,"type":"sell","buyer":"pi-trader","seller":"deathwing","symbol":"SIM","quantity":"0.01","price":"0.00095001","timestamp":1634331312,"volume":"0.00000950","buyTxId":"1451455b62bb9debbad35ff68261dd16eb3151e7-6","sellTxId":"7f10517775f069425d808bd7647b0a9d0d7e5fd9-0"}
{"index": {"_index":"sim","_id":"1708678"}}
	{"id":1708678,"type":"sell","buyer":"pi-trader","seller":"taitux","symbol":"SIM","quantity":"24783.610","price":"0.00095003","timestamp":1634332761,"volume":"23.54517301","buyTxId":"722eed00ddecea142fc75205fea8bf3d6da793ab-4","sellTxId":"e9531a1633182d57bd5810cf6e42e6adb0827475"}
{"index": {"_index":"sim","_id":"1708681"}}
	{"id":1708681,"type":"buy","buyer":"cardi0","seller":"pi-trader","symbol":"SIM","quantity":"2000.000","price":"0.00098899","timestamp":1634332863,"volume":"1.97798000","buyTxId":"73f6c005f444aede4656b87fb273d9e703eee7a9","sellTxId":"ea122b420668687c1dcd170ac97adf347cb92374-3"}
{"index": {"_index":"sim","_id":"1708728"}}
	{"id":1708728,"type":"sell","buyer":"pi-trader","seller":"eythorphoto","symbol":"SIM","quantity":"11000.000","price":"0.00095007","timestamp":1634333325,"volume":"10.45077000","buyTxId":"a098d6d59ef13682d59257bc9567f0d8ec05fce6-5","sellTxId":"9eef455a61a99ed7495e69a78524cfcdeea2967a"}
{"index": {"_index":"sim","_id":"1709000"}}
	{"id":1709000,"type":"sell","buyer":"pi-trader","seller":"madmanmusic","symbol":"SIM","quantity":"3220.500","price":"0.00095001","timestamp":1634336913,"volume":"3.05950721","buyTxId":"888c1dcd3155f5f04a3786daa3da0ddaaf34c072-3","sellTxId":"6bd8628fc04d4fac1d2fc4ed94b995f8c7cf7fb2"}
{"index": {"_index":"sim","_id":"1709163"}}
	{"id":1709163,"type":"sell","buyer":"pi-trader","seller":"solarpowers","symbol":"SIM","quantity":"2167.000","price":"0.00095001","timestamp":1634339529,"volume":"2.05867167","buyTxId":"1972729a28935412dbde2ba72783c678647297fb-6","sellTxId":"295eb54fec5719083607eedb1cfada1135093ab0"}
{"index": {"_index":"sim","_id":"1709227"}}
	{"id":1709227,"type":"sell","buyer":"pi-trader","seller":"themightyvolcano","symbol":"SIM","quantity":"50000.000","price":"0.00095001","timestamp":1634340663,"volume":"47.50050000","buyTxId":"1fb7e6db7ffee6eccc6f70358403be7015643353-5","sellTxId":"e943a1ea9f96a1ef7c7da0fec40154f4be5f7d5a"}
{"index": {"_index":"sim","_id":"1709228"}}
	{"id":1709228,"type":"sell","buyer":"d-pend","seller":"themightyvolcano","symbol":"SIM","quantity":"1583.000","price":"0.00095000","timestamp":1634340663,"volume":"1.50385000","buyTxId":"33b841d5e484e3d41a93d453aa8ae842b66e3b79","sellTxId":"e943a1ea9f96a1ef7c7da0fec40154f4be5f7d5a"}
{"index": {"_index":"sim","_id":"1709418"}}
	{"id":1709418,"type":"sell","buyer":"pi-trader","seller":"brofi-market","symbol":"SIM","quantity":"0.003","price":"0.00095001","timestamp":1634343063,"volume":"0.00000285","buyTxId":"66b541dcd88d8de92692b3ab4ea6b924041ae6af-2","sellTxId":"2de649bc16b98982e21dca3f0d6c1575ff97daf0"}
{"index": {"_index":"sim","_id":"1709442"}}
	{"id":1709442,"type":"buy","buyer":"bambukah","seller":"pi-trader","symbol":"SIM","quantity":"1011.132","price":"0.00098899","timestamp":1634343255,"volume":"1","buyTxId":"4eee94b1d4cee3f950c36deafe66439662224617","sellTxId":"cbde5e76d6e88d48bc563dd825a71ae012c2b8ec-6"}
{"index": {"_index":"sim","_id":"1709475"}}
	{"id":1709475,"type":"buy","buyer":"bambukah","seller":"pi-trader","symbol":"SIM","quantity":"2426.742","price":"0.00098898","timestamp":1634343462,"volume":"2.4","buyTxId":"a4f7d35434a27185f7fbfd1fad5c3364e65a299f","sellTxId":"1e37c99f2823309d3e38e47a277286e2ae582368-6"}
{"index": {"_index":"sim","_id":"1709478"}}
	{"id":1709478,"type":"sell","buyer":"pi-trader","seller":"ericburgoyne","symbol":"SIM","quantity":"33.997","price":"0.00095001","timestamp":1634343486,"volume":"0.03229749","buyTxId":"766235288abd43d7c824f839f009d00f4bfd29df-3","sellTxId":"fe61dea21f9bd1244946f15a25ccc211a1608492"}
{"index": {"_index":"sim","_id":"1709495"}}
	{"id":1709495,"type":"sell","buyer":"pi-trader","seller":"resiliencia","symbol":"SIM","quantity":"297.052","price":"0.00095001","timestamp":1634343825,"volume":"0.28220237","buyTxId":"f7b22c447029b3a90cdcf89c6be5c6b14adafd7b-3","sellTxId":"16503d9be6ca2ea929e98702858e8fd9dcf47b12"}
{"index": {"_index":"sim","_id":"1709517"}}
	{"id":1709517,"type":"buy","buyer":"bambukah","seller":"pi-trader","symbol":"SIM","quantity":"317.498","price":"0.00098898","timestamp":1634344194,"volume":"0.314","buyTxId":"9f2017a5e7878442fd32ad9d959c81324f598536","sellTxId":"5510c5f3a7acdcce9da6a1ca9808d7ff27aaf5c0-8"}
{"index": {"_index":"sim","_id":"1709528"}}
	{"id":1709528,"type":"buy","buyer":"bambukah","seller":"pi-trader","symbol":"SIM","quantity":"3235.656","price":"0.00098898","timestamp":1634344449,"volume":"3.2","buyTxId":"5ec9a1c7350ac8d94bbfe72f0eba533038236de4","sellTxId":"bc3d94b949c394a0506ad13e6c97363b0279fe79-10"}
{"index": {"_index":"sim","_id":"1709542"}}
	{"id":1709542,"type":"buy","buyer":"bambukah","seller":"pi-trader","symbol":"SIM","quantity":"2123.399","price":"0.00098898","timestamp":1634344773,"volume":"2.1","buyTxId":"27421dfd486f32c816cc9d47fe02e1f7f4f1d79b","sellTxId":"756b14ddf1ec100cd45fb6d0cdef3d0f739abef0-11"}
{"index": {"_index":"sim","_id":"1709544"}}
	{"id":1709544,"type":"buy","buyer":"jwjqu.wam","seller":"pi-trader","symbol":"SIM","quantity":"1197.000","price":"0.00098898","timestamp":1634344815,"volume":"1.18380906","buyTxId":"f5f3f4f9a7d1e854694d02bb07b4006961588f59","sellTxId":"ffdd52aedf5d43639b0ed8ef6154f686137de381-6"}
{"index": {"_index":"sim","_id":"1709546"}}
	{"id":1709546,"type":"sell","buyer":"pi-trader","seller":"themarkymark","symbol":"SIM","quantity":"8654.887","price":"0.00095001","timestamp":1634344866,"volume":"8.22222920","buyTxId":"815fdca14044b1b629e2d36df7f3ad640545a319-5","sellTxId":"207ec10e9d3ee48d94c7bbf0c790a39d1af336b4"}
{"index": {"_index":"sim","_id":"1709686"}}
	{"id":1709686,"type":"buy","buyer":"emergehealthier","seller":"pi-trader","symbol":"SIM","quantity":"800.000","price":"0.00098898","timestamp":1634347278,"volume":"0.79118400","buyTxId":"d3ee0882a294b9f673e2800a34c17e2ecda3e811","sellTxId":"81bb13bbd57caa8ecc65dd4287ae8ce59d8c46a4-2"}
{"index": {"_index":"sim","_id":"1709688"}}
	{"id":1709688,"type":"buy","buyer":"emergehealthier","seller":"pi-trader","symbol":"SIM","quantity":"800.000","price":"0.00098898","timestamp":1634347326,"volume":"0.79118400","buyTxId":"294f9aef9bf41c5964de520faba94359cbc7b480","sellTxId":"430e424afccece88b005da97d2649418c0bf6e02-4"}
{"index": {"_index":"sim","_id":"1709747"}}
	{"id":1709747,"type":"buy","buyer":"kevinnag58","seller":"pi-trader","symbol":"SIM","quantity":"1011.142","price":"0.00098898","timestamp":1634348235,"volume":"1","buyTxId":"df6855924ae95925de942b1d6c2baf2c5a7f5028","sellTxId":"57e61edd4548874254e46334c0eabb8151316fbe-4"}
{"index": {"_index":"sim","_id":"1709758"}}
	{"id":1709758,"type":"sell","buyer":"pi-trader","seller":"balte","symbol":"SIM","quantity":"17000.000","price":"0.00095001","timestamp":1634348520,"volume":"16.15017000","buyTxId":"90cdbadfc3d2fd0beecf6f08b11be207c83d77c7-5","sellTxId":"6345f80afedd44db61a14804fff92a0603467ca9"}
{"index": {"_index":"sim","_id":"1709944"}}
	{"id":1709944,"type":"sell","buyer":"pi-trader","seller":"idoctor","symbol":"SIM","quantity":"120.000","price":"0.00095001","timestamp":1634352093,"volume":"0.11400120","buyTxId":"3ece10bac44e6894db4bd0b9629b3fc6ea1503ce-3","sellTxId":"d63fca0cd4a0daed4b68be6a1a361135312e1051"}
