{"index": {"_index":"sim","_id":"3223626"}}
	{"id":3223626,"type":"sell","buyer":"pi-trader","seller":"nftmart.fees","symbol":"SIM","quantity":"59.200","price":"0.00040601","timestamp":1650251430,"volume":"0.02403579","buyTxId":"c293f073837dca0cc6a1ac48458c50f23cf0a600-7","sellTxId":"cd9034ec2509e8bfc2267ca4d20f49750a025096"}
{"index": {"_index":"sim","_id":"3223747"}}
	{"id":3223747,"type":"sell","buyer":"pi-trader","seller":"eythorphoto","symbol":"SIM","quantity":"1078.303","price":"0.00040601","timestamp":1650253647,"volume":"0.43780180","buyTxId":"de723a4644d097ba75a6c0d5fa9d225c889ee02d-1","sellTxId":"170d39281faa733fe8721a0985fbfce3d82f76e6"}
{"index": {"_index":"sim","_id":"3223833"}}
	{"id":3223833,"type":"buy","buyer":"blirr","seller":"jelly-cz","symbol":"SIM","quantity":"11593.860","price":"0.00042697","timestamp":1650254826,"volume":"4.95023040","buyTxId":"e1b8cb5281547c176bdb11c3bcd4a80c5cfc0802","sellTxId":"MM-P-16617406-63606798-3-27-0"}
{"index": {"_index":"sim","_id":"3223834"}}
	{"id":3223834,"type":"buy","buyer":"blirr","seller":"jelly-cz","symbol":"SIM","quantity":"8593.110","price":"0.00042697","timestamp":1650254877,"volume":"3.66900018","buyTxId":"b8ce7211364183cc791b57af27763759d3d6d848","sellTxId":"MM-P-16617406-63606798-3-27-0"}
{"index": {"_index":"sim","_id":"3223842"}}
	{"id":3223842,"type":"buy","buyer":"blirr","seller":"jelly-cz","symbol":"SIM","quantity":"40943.434","price":"0.00042697","timestamp":1650255018,"volume":"17.48161801","buyTxId":"bd8fdb672266bc15144857dcc3b7a9d7af04cdf8","sellTxId":"MM-P-16617406-63606798-3-27-0"}
{"index": {"_index":"sim","_id":"3223864"}}
	{"id":3223864,"type":"sell","buyer":"pi-trader","seller":"xzer0","symbol":"SIM","quantity":"19058.376","price":"0.00040601","timestamp":1650255336,"volume":"7.73789124","buyTxId":"a096fdaf8ffb7d7332a4019b0c48a821538253de-3","sellTxId":"81f58bf7d3eefc5d0be1db629c10b619a83cb83f"}
{"index": {"_index":"sim","_id":"3223870"}}
	{"id":3223870,"type":"buy","buyer":"galaxikiller","seller":"jelly-cz","symbol":"SIM","quantity":"1601.986","price":"0.00042697","timestamp":1650255357,"volume":"0.684","buyTxId":"80cfaf9c93d996713bf2a131d485e8d9dca0aba2","sellTxId":"MM-P-16617406-63606798-3-27-0"}
{"index": {"_index":"sim","_id":"3223931"}}
	{"id":3223931,"type":"sell","buyer":"pi-trader","seller":"nrg","symbol":"SIM","quantity":"5007.114","price":"0.00040601","timestamp":1650256158,"volume":"2.03293836","buyTxId":"1a5da2dc431fa8ef531a0aceded631c28dffcc73-3","sellTxId":"6a3682c107a5230cc12e90dfa7301e815b5d4bf8-1"}
{"index": {"_index":"sim","_id":"3224038"}}
	{"id":3224038,"type":"sell","buyer":"pi-trader","seller":"rarej","symbol":"SIM","quantity":"1719.215","price":"0.00040601","timestamp":1650256827,"volume":"0.69801848","buyTxId":"788bfb8bcb86a21c10882b2503f4c931edc81715-6","sellTxId":"5c9f1b6c7c8cf865d915220fbc1af555cada23d2"}
{"index": {"_index":"sim","_id":"3224126"}}
	{"id":3224126,"type":"sell","buyer":"pi-trader","seller":"thegoliath","symbol":"SIM","quantity":"28960.000","price":"0.00040601","timestamp":1650257760,"volume":"11.75804960","buyTxId":"9223d11354aa4323336f41a6ff7d6e9217508a47-3","sellTxId":"49678c610c7f82858dd2d9e276bd2a73a65e47a7"}
{"index": {"_index":"sim","_id":"3224254"}}
	{"id":3224254,"type":"sell","buyer":"azj26","seller":"drakienrising","symbol":"SIM","quantity":"10000.000","price":"0.00042000","timestamp":1650259536,"volume":"4.20000000","buyTxId":"2cbaf60acc9242e06c191ce23c8f67a0669c97c6","sellTxId":"9aef6242df86e3699129df821dc02e50804becb1"}
{"index": {"_index":"sim","_id":"3224262"}}
	{"id":3224262,"type":"sell","buyer":"azj26","seller":"leizerstark","symbol":"SIM","quantity":"278.000","price":"0.00042000","timestamp":1650259602,"volume":"0.11676000","buyTxId":"2cbaf60acc9242e06c191ce23c8f67a0669c97c6","sellTxId":"d25b02f85d35c77fb68ec786ebd795465afd55eb"}
{"index": {"_index":"sim","_id":"3224342"}}
	{"id":3224342,"type":"sell","buyer":"azj26","seller":"beco132","symbol":"SIM","quantity":"4785.000","price":"0.00042000","timestamp":1650260598,"volume":"2.00970000","buyTxId":"2cbaf60acc9242e06c191ce23c8f67a0669c97c6","sellTxId":"51a7f89a72d89315bd814cec7d7529cdffb48939"}
{"index": {"_index":"sim","_id":"3224354"}}
	{"id":3224354,"type":"sell","buyer":"azj26","seller":"elbrava","symbol":"SIM","quantity":"2000","price":"0.00042000","timestamp":1650260697,"volume":"0.84000000","buyTxId":"2cbaf60acc9242e06c191ce23c8f67a0669c97c6","sellTxId":"36fea571fc9958d15e5d78761b9f85277c411424"}
{"index": {"_index":"sim","_id":"3224467"}}
	{"id":3224467,"type":"sell","buyer":"azj26","seller":"laritheghost","symbol":"SIM","quantity":"104.202","price":"0.00042000","timestamp":1650262392,"volume":"0.04376484","buyTxId":"2cbaf60acc9242e06c191ce23c8f67a0669c97c6","sellTxId":"4b33c366da51ceced11f93e276f1b6a4788f67cc"}
{"index": {"_index":"sim","_id":"3224574"}}
	{"id":3224574,"type":"sell","buyer":"azj26","seller":"theguruasia","symbol":"SIM","quantity":"1575.108","price":"0.00042000","timestamp":1650263682,"volume":"0.66154536","buyTxId":"2cbaf60acc9242e06c191ce23c8f67a0669c97c6","sellTxId":"692f6d9b124fa1cb4fb3f823fb30fac8e24ab829"}
{"index": {"_index":"sim","_id":"3225016"}}
	{"id":3225016,"type":"sell","buyer":"azj26","seller":"itharagaian","symbol":"SIM","quantity":"8.000","price":"0.00042000","timestamp":1650268689,"volume":"0.00336000","buyTxId":"2cbaf60acc9242e06c191ce23c8f67a0669c97c6","sellTxId":"c34c9109a08ccf196ed5e33cbd5028848bd6a72d"}
{"index": {"_index":"sim","_id":"3225250"}}
	{"id":3225250,"type":"buy","buyer":"itzninjafool","seller":"atomcollector","symbol":"SIM","quantity":"10000.000","price":"0.00042392","timestamp":1650271008,"volume":"4.23920000","buyTxId":"1a36845b4add52a661bba5a27d528655c078ebdb","sellTxId":"470217f08f73a48b121fe3b189e34c48f62b1e78"}
{"index": {"_index":"sim","_id":"3225277"}}
	{"id":3225277,"type":"sell","buyer":"azj26","seller":"franciscopr","symbol":"SIM","quantity":"140.239","price":"0.00042000","timestamp":1650271386,"volume":"0.05890038","buyTxId":"2cbaf60acc9242e06c191ce23c8f67a0669c97c6","sellTxId":"9ab40c357abe170301a244cc1e854cd9f82c7b36"}
{"index": {"_index":"sim","_id":"3225396"}}
	{"id":3225396,"type":"sell","buyer":"azj26","seller":"manoldonchev","symbol":"SIM","quantity":"21000.000","price":"0.00042000","timestamp":1650272934,"volume":"8.82000000","buyTxId":"2cbaf60acc9242e06c191ce23c8f67a0669c97c6","sellTxId":"f4d47612f22ca215d7f1f08bceac0c9bac523e67"}
{"index": {"_index":"sim","_id":"3225509"}}
	{"id":3225509,"type":"buy","buyer":"danilmaeorg","seller":"jelly-cz","symbol":"SIM","quantity":"1576.662","price":"0.00042393","timestamp":1650274602,"volume":"0.66839432","buyTxId":"474f2f777647c65e0b9713ad803ff8cec541ce05","sellTxId":"MM-P-16623487-63612882-3-27-0"}
{"index": {"_index":"sim","_id":"3225532"}}
	{"id":3225532,"type":"sell","buyer":"azj26","seller":"desyfit","symbol":"SIM","quantity":"25109.451","price":"0.00042000","timestamp":1650274980,"volume":"10.54596942","buyTxId":"2cbaf60acc9242e06c191ce23c8f67a0669c97c6","sellTxId":"035e58701bdf9aa012843bb4f7068a9e5640eca7"}
{"index": {"_index":"sim","_id":"3225533"}}
	{"id":3225533,"type":"sell","buyer":"beco132","seller":"desyfit","symbol":"SIM","quantity":"4785.000","price":"0.00041600","timestamp":1650274980,"volume":"1.99056000","buyTxId":"5ad3052f457d6a9895ba0842afb13ea74d47b29a","sellTxId":"035e58701bdf9aa012843bb4f7068a9e5640eca7"}
{"index": {"_index":"sim","_id":"3225534"}}
	{"id":3225534,"type":"sell","buyer":"beco132","seller":"desyfit","symbol":"SIM","quantity":"4902.000","price":"0.00040600","timestamp":1650274980,"volume":"1.99021200","buyTxId":"e4a4268ef2ddbc7f33569d37b1784e818a789e79","sellTxId":"035e58701bdf9aa012843bb4f7068a9e5640eca7"}
{"index": {"_index":"sim","_id":"3225535"}}
	{"id":3225535,"type":"sell","buyer":"beco132","seller":"desyfit","symbol":"SIM","quantity":"5038.000","price":"0.00039500","timestamp":1650274980,"volume":"1.99001000","buyTxId":"b9d1d933a54b41bb83f279a5ff3cbb6d2b39b6b0","sellTxId":"035e58701bdf9aa012843bb4f7068a9e5640eca7"}
{"index": {"_index":"sim","_id":"3225536"}}
	{"id":3225536,"type":"sell","buyer":"enginemaker","seller":"desyfit","symbol":"SIM","quantity":"28689.740","price":"0.00039100","timestamp":1650274980,"volume":"11.21768834","buyTxId":"MM-P-16321389-63310419-3-2-0","sellTxId":"035e58701bdf9aa012843bb4f7068a9e5640eca7"}
{"index": {"_index":"sim","_id":"3225537"}}
	{"id":3225537,"type":"sell","buyer":"beco132","seller":"desyfit","symbol":"SIM","quantity":"5102.000","price":"0.00039000","timestamp":1650274980,"volume":"1.98978000","buyTxId":"0025eb2f41737da093beac36e31e173c515ca172","sellTxId":"035e58701bdf9aa012843bb4f7068a9e5640eca7"}
{"index": {"_index":"sim","_id":"3225538"}}
	{"id":3225538,"type":"sell","buyer":"meanbees","seller":"desyfit","symbol":"SIM","quantity":"26373.809","price":"0.00039000","timestamp":1650274980,"volume":"10.28578551","buyTxId":"948359df1f5f741a11fc249661f6d8c2bb7eee56","sellTxId":"035e58701bdf9aa012843bb4f7068a9e5640eca7"}
{"index": {"_index":"sim","_id":"3225921"}}
	{"id":3225921,"type":"buy","buyer":"blirr","seller":"jelly-cz","symbol":"SIM","quantity":"2715.502","price":"0.00042239","timestamp":1650280494,"volume":"1.14700089","buyTxId":"23a75a3ac9fe2387aa6835c8e3fe9f4284a1fa01","sellTxId":"MM-P-16627382-63616777-3-27-0"}
{"index": {"_index":"sim","_id":"3225943"}}
	{"id":3225943,"type":"buy","buyer":"blirr","seller":"jelly-cz","symbol":"SIM","quantity":"9794.844","price":"0.00042239","timestamp":1650280848,"volume":"4.13724416","buyTxId":"bff22029532b198d45b7bb241ed8eb84d735511a","sellTxId":"MM-P-16627382-63616777-3-27-0"}
{"index": {"_index":"sim","_id":"3225944"}}
	{"id":3225944,"type":"buy","buyer":"bitcoinportugal","seller":"jelly-cz","symbol":"SIM","quantity":"5000.000","price":"0.00042239","timestamp":1650280890,"volume":"2.11195000","buyTxId":"2022639f0173edf00c8114653d0f01d91b981077","sellTxId":"MM-P-16627382-63616777-3-27-0"}
{"index": {"_index":"sim","_id":"3225961"}}
	{"id":3225961,"type":"sell","buyer":"pi-trader","seller":"andy4475","symbol":"SIM","quantity":"9.309","price":"0.00039001","timestamp":1650281319,"volume":"0.00363060","buyTxId":"b4f1c59c449dafd220266bbf192bd59cddd77a27","sellTxId":"c9db3b29bd05ad900e56f9bff8115cbb48c2d0a0"}
{"index": {"_index":"sim","_id":"3225968"}}
	{"id":3225968,"type":"buy","buyer":"blirr","seller":"jelly-cz","symbol":"SIM","quantity":"15242.174","price":"0.00042239","timestamp":1650281472,"volume":"6.43814188","buyTxId":"3fee433ffe0a983287aaf0987de44772eb007109","sellTxId":"MM-P-16627382-63616777-3-27-0"}
{"index": {"_index":"sim","_id":"3226007"}}
	{"id":3226007,"type":"buy","buyer":"bitcoinportugal","seller":"jelly-cz","symbol":"SIM","quantity":"49013.520","price":"0.00042239","timestamp":1650282069,"volume":"20.70282071","buyTxId":"375a5e9f0bee61b467c02ccf523e13a18c744f27","sellTxId":"MM-P-16627382-63616777-3-27-0"}
{"index": {"_index":"sim","_id":"3226042"}}
	{"id":3226042,"type":"sell","buyer":"pi-trader","seller":"nftmart.fees","symbol":"SIM","quantity":"1450.345","price":"0.00039001","timestamp":1650282594,"volume":"0.56564905","buyTxId":"597b44364986ec2c5914982072f7d264a4ff1803-1","sellTxId":"3a3c6a17c9f75c33e6e989aef5772d47cb25ba6c"}
{"index": {"_index":"sim","_id":"3226169"}}
	{"id":3226169,"type":"sell","buyer":"pi-trader","seller":"brofi-market","symbol":"SIM","quantity":"0.003","price":"0.00039001","timestamp":1650283875,"volume":"0.00000117","buyTxId":"7a35acf45b5caa43bdc7a77fb369d99e9e4e273d-7","sellTxId":"be24b99d23d557a7d68cb6e3914f9b9ebabe9e97"}
{"index": {"_index":"sim","_id":"3226409"}}
	{"id":3226409,"type":"sell","buyer":"pi-trader","seller":"steem82868","symbol":"SIM","quantity":"0.010","price":"0.00039001","timestamp":1650286440,"volume":"0.00000390","buyTxId":"3c2ab29277e7ffa1168550c26a547221c412c42e-1","sellTxId":"1804bbcad16eab1fe82449d82940cc36a8271017"}
{"index": {"_index":"sim","_id":"3226745"}}
	{"id":3226745,"type":"sell","buyer":"pi-trader","seller":"steem82868","symbol":"SIM","quantity":"0.001","price":"0.00039001","timestamp":1650290442,"volume":"0.00000039","buyTxId":"e6a724c23f9fc52c9a7396374573a9a4b6e0732d-1","sellTxId":"7137c2e588afe934d9e91898af50ae218dde7427"}
{"index": {"_index":"sim","_id":"3226816"}}
	{"id":3226816,"type":"sell","buyer":"pi-trader","seller":"nftmart.fees","symbol":"SIM","quantity":"487.500","price":"0.00039001","timestamp":1650291036,"volume":"0.19012988","buyTxId":"f57217ca381a52b104e60a277ed2009070c1f372-1","sellTxId":"73c2b7094a546051b17442c83bd602c40333592c"}
{"index": {"_index":"sim","_id":"3226836"}}
	{"id":3226836,"type":"sell","buyer":"pi-trader","seller":"balte","symbol":"SIM","quantity":"11000.000","price":"0.00039001","timestamp":1650291321,"volume":"4.29011000","buyTxId":"c48dfcc3f79eee7fe30cc7983f2f5a309913e4ce-3","sellTxId":"ae9ca7ebdc000cda11b7ed6a231bdf38af58e714"}
{"index": {"_index":"sim","_id":"3226898"}}
	{"id":3226898,"type":"sell","buyer":"pi-trader","seller":"gamsam","symbol":"SIM","quantity":"8989","price":"0.00039001","timestamp":1650292116,"volume":"3.50579989","buyTxId":"2553d45755373412f309625d53556d95dc0d4afc-3","sellTxId":"8ac0f0c82b8d7a422d04ec80b57ec18f7d65a8c0"}
{"index": {"_index":"sim","_id":"3227370"}}
	{"id":3227370,"type":"sell","buyer":"pi-trader","seller":"lisamgentile1961","symbol":"SIM","quantity":"8.542","price":"0.00039001","timestamp":1650296445,"volume":"0.00333147","buyTxId":"dfba89ec8abac296aa52d1d124f7e8d24296d2d6-3","sellTxId":"725a7e7e0556278c4c394a2f09f08a847950f261"}
{"index": {"_index":"sim","_id":"3227421"}}
	{"id":3227421,"type":"sell","buyer":"pi-trader","seller":"epilatero","symbol":"SIM","quantity":"3700","price":"0.00039001","timestamp":1650297027,"volume":"1.44303700","buyTxId":"de2d2c3fdf8405df3069d0240a1a57d28f5ac5e3-1","sellTxId":"2aa3003d15d88ca0432f94c0a02b6c1b0bed53c6"}
{"index": {"_index":"sim","_id":"3227523"}}
	{"id":3227523,"type":"sell","buyer":"pi-trader","seller":"lammbock","symbol":"SIM","quantity":"150.000","price":"0.00039001","timestamp":1650298155,"volume":"0.05850150","buyTxId":"2fd602c30c8e94e3ddc07c90ef9eb0a01a3126d1-3","sellTxId":"da347e2b6fb43d718137455c4c01172a322eec45"}
{"index": {"_index":"sim","_id":"3227552"}}
	{"id":3227552,"type":"sell","buyer":"pi-trader","seller":"brofi-market","symbol":"SIM","quantity":"0.001","price":"0.00039001","timestamp":1650298251,"volume":"0.00000039","buyTxId":"f6e3ae5fbcbe93d72e212c3c077a57f782bcff85-3","sellTxId":"43c3cbee7e0678adbf1d9ca4ff64e8b77edf3d71"}
{"index": {"_index":"sim","_id":"3227832"}}
	{"id":3227832,"type":"buy","buyer":"ianmcg","seller":"jelly-cz","symbol":"SIM","quantity":"17900.000","price":"0.00041937","timestamp":1650300963,"volume":"7.50672300","buyTxId":"ed5aa02bf01ee8fe0c9e3470e8b1a46605ebff7f","sellTxId":"MM-P-16635061-63624459-3-27-0"}
{"index": {"_index":"sim","_id":"3227919"}}
	{"id":3227919,"type":"sell","buyer":"pi-trader","seller":"cosmictriage","symbol":"SIM","quantity":"0.858","price":"0.00039101","timestamp":1650301764,"volume":"0.00033549","buyTxId":"708b79788cb2d8aea0d498136457dbf645400646-1","sellTxId":"d120818aa190c20c4a001883de03ddcd3635d6c0"}
{"index": {"_index":"sim","_id":"3228141"}}
	{"id":3228141,"type":"buy","buyer":"assassyn","seller":"jelly-cz","symbol":"SIM","quantity":"100.000","price":"0.00041937","timestamp":1650303216,"volume":"0.04193700","buyTxId":"8e7e630289a172818ca2defc2561079a8b2dcd57","sellTxId":"MM-P-16635061-63624459-3-27-0"}
{"index": {"_index":"sim","_id":"3228227"}}
	{"id":3228227,"type":"buy","buyer":"ianmcg","seller":"brofi-market","symbol":"SIM","quantity":"0.001","price":"0.00042088","timestamp":1650303780,"volume":"0.00000042","buyTxId":"35a9fddc7114cf500f40815dd326c62c8e26a2e1","sellTxId":"77c4adc1bdc227089221ee59501a4ae004bbef78"}
{"index": {"_index":"sim","_id":"3228228"}}
	{"id":3228228,"type":"buy","buyer":"ianmcg","seller":"brofi-market","symbol":"SIM","quantity":"0.003","price":"0.00042239","timestamp":1650303780,"volume":"0.00000127","buyTxId":"35a9fddc7114cf500f40815dd326c62c8e26a2e1","sellTxId":"ce7d02f9d0aa346f5dc8963cbdd4950962a4f77c"}
{"index": {"_index":"sim","_id":"3228229"}}
	{"id":3228229,"type":"buy","buyer":"ianmcg","seller":"desyfit","symbol":"SIM","quantity":"5999.996","price":"0.00042390","timestamp":1650303780,"volume":"2.54339830","buyTxId":"35a9fddc7114cf500f40815dd326c62c8e26a2e1","sellTxId":"05f70bda0863975e1ff1274be732a1568a33709f"}
{"index": {"_index":"sim","_id":"3228321"}}
	{"id":3228321,"type":"buy","buyer":"ianmcg","seller":"desyfit","symbol":"SIM","quantity":"4883.780","price":"0.00042390","timestamp":1650304599,"volume":"2.07023434","buyTxId":"ec7bf0118eff97af5483896e827f03da95e44503","sellTxId":"05f70bda0863975e1ff1274be732a1568a33709f"}
{"index": {"_index":"sim","_id":"3228666"}}
	{"id":3228666,"type":"sell","buyer":"pi-trader","seller":"dhedge-drips","symbol":"SIM","quantity":"9.499","price":"0.00039101","timestamp":1650307521,"volume":"0.00371420","buyTxId":"db61e82225839c6e2c2f78aeb62bba35cbb21408-1","sellTxId":"8a1ac6682c94df850b8d2ad76880341153a36f1f"}
{"index": {"_index":"sim","_id":"3228672"}}
	{"id":3228672,"type":"sell","buyer":"pi-trader","seller":"jmark517","symbol":"SIM","quantity":"2000.000","price":"0.00039101","timestamp":1650307557,"volume":"0.78202000","buyTxId":"77311edaf2ea2f1359707fb5c1a58b98171e2964-3","sellTxId":"3521746209b43aa13f1946b2e954bfad978e9b9e"}
{"index": {"_index":"sim","_id":"3228893"}}
	{"id":3228893,"type":"buy","buyer":"maryjane.main","seller":"medaymane","symbol":"SIM","quantity":"1263.800","price":"0.00042080","timestamp":1650309819,"volume":"0.53180704","buyTxId":"a5621ffd7bab7a8c73943c2a8098e54a760d5343","sellTxId":"0a5624e5b993bc317f3b336eedef1b20042b8219"}
{"index": {"_index":"sim","_id":"3228894"}}
	{"id":3228894,"type":"buy","buyer":"maryjane.main","seller":"jelly-cz","symbol":"SIM","quantity":"14736.200","price":"0.00042087","timestamp":1650309819,"volume":"6.20202449","buyTxId":"a5621ffd7bab7a8c73943c2a8098e54a760d5343","sellTxId":"MM-P-16638145-63627553-3-28-0"}
{"index": {"_index":"sim","_id":"3229331"}}
	{"id":3229331,"type":"sell","buyer":"pi-trader","seller":"forsakensushi","symbol":"SIM","quantity":"687.415","price":"0.00039101","timestamp":1650314814,"volume":"0.26878614","buyTxId":"ce54d351132f146fadf09b1f5f60f6ce78223399-7","sellTxId":"918d31d474a7cb27460d0ac18567957416f04bbf"}
{"index": {"_index":"sim","_id":"3229484"}}
	{"id":3229484,"type":"sell","buyer":"pi-trader","seller":"elevator09","symbol":"SIM","quantity":"4057.025","price":"0.00039101","timestamp":1650316149,"volume":"1.58633735","buyTxId":"9ff76b013429f2dfd7c39ee3155ea88396e3842f-3","sellTxId":"cb119098541c0e9aa9939863176cdcbdbb71b758"}
{"index": {"_index":"sim","_id":"3229513"}}
	{"id":3229513,"type":"sell","buyer":"pi-trader","seller":"thisisawesome","symbol":"SIM","quantity":"2.585","price":"0.00039101","timestamp":1650316368,"volume":"0.00101076","buyTxId":"6d2cb82a55ef1ee9b7d3f23d9a141e1eea129470-3","sellTxId":"3f01eabfbc6426b5d9f487ba766de23da0641987"}
{"index": {"_index":"sim","_id":"3229746"}}
	{"id":3229746,"type":"buy","buyer":"konvik","seller":"jelly-cz","symbol":"SIM","quantity":"133956.244","price":"0.00042087","timestamp":1650318690,"volume":"56.37816441","buyTxId":"8109713c82fdfad0b0fbe13db558b2b23a2d8976-0","sellTxId":"MM-P-16638145-63627553-3-28-0"}
{"index": {"_index":"sim","_id":"3229910"}}
	{"id":3229910,"type":"sell","buyer":"pi-trader","seller":"reseller","symbol":"SIM","quantity":"73626.191","price":"0.00039101","timestamp":1650320127,"volume":"28.78857694","buyTxId":"df93a6fb8a7ba960f786e5ac416734352105f023-3","sellTxId":"4e4c29e17cf19fb8cdb9d981f776101077ba1c0f"}
{"index": {"_index":"sim","_id":"3229992"}}
	{"id":3229992,"type":"buy","buyer":"maryjane.main","seller":"jelly-cz","symbol":"SIM","quantity":"5700.000","price":"0.00041936","timestamp":1650320811,"volume":"2.39035200","buyTxId":"21f6cbaa1b3ee0605f7c47ff8e8ef6981db9858c","sellTxId":"MM-P-16642134-63631546-3-28-0"}
{"index": {"_index":"sim","_id":"3230025"}}
	{"id":3230025,"type":"sell","buyer":"pi-trader","seller":"valor2s","symbol":"SIM","quantity":"46.617","price":"0.00039101","timestamp":1650321369,"volume":"0.01822771","buyTxId":"6e3b203f9db66fc293b59b0d2af6bb4b62c2a5e5-3","sellTxId":"1d5feb33ce9fe1f7ee4ece0f7e08b782b685da0a"}
{"index": {"_index":"sim","_id":"3230522"}}
	{"id":3230522,"type":"sell","buyer":"pi-trader","seller":"brofi-market","symbol":"SIM","quantity":"0.002","price":"0.00039101","timestamp":1650327201,"volume":"0.00000078","buyTxId":"a51b0a3e4a5bd07157d73ea6802e4a8b5f5e3c7b-1","sellTxId":"aef8d4324901ee372a908f507ee90653465961b8"}
{"index": {"_index":"sim","_id":"3230630"}}
	{"id":3230630,"type":"buy","buyer":"ragnarokdel","seller":"jelly-cz","symbol":"SIM","quantity":"5000.000","price":"0.00041785","timestamp":1650328203,"volume":"2.08925000","buyTxId":"0c29eef1e6b5f4179da94b4f8c1085f5ba3de57d","sellTxId":"MM-P-16644727-63634140-3-28-0"}
{"index": {"_index":"sim","_id":"3230693"}}
	{"id":3230693,"type":"sell","buyer":"pi-trader","seller":"dhedge-drips","symbol":"SIM","quantity":"0.001","price":"0.00039101","timestamp":1650329118,"volume":"0.00000039","buyTxId":"1d97fe4f700b50f3eeacf09048590624aa87fad0-1","sellTxId":"ed58bd9c27543584097d1a0202d95a61deec81d4"}
{"index": {"_index":"sim","_id":"3230784"}}
	{"id":3230784,"type":"buy","buyer":"ianmcg","seller":"vantner","symbol":"SIM","quantity":"1000.000","price":"0.00041784","timestamp":1650330207,"volume":"0.41784000","buyTxId":"abd75067ad58e12f3b92360b113288e2957205f4","sellTxId":"b368ca9b8096b74cdc51fddecf73cacb68c572ea"}
{"index": {"_index":"sim","_id":"3230785"}}
	{"id":3230785,"type":"buy","buyer":"ianmcg","seller":"dhedge-drips","symbol":"SIM","quantity":"0.001","price":"0.00041784","timestamp":1650330207,"volume":"0.00000042","buyTxId":"abd75067ad58e12f3b92360b113288e2957205f4","sellTxId":"0dfb912a70ae2cbee0fc8b0f8f97a4becff85ecc"}
{"index": {"_index":"sim","_id":"3230801"}}
	{"id":3230801,"type":"sell","buyer":"ianmcg","seller":"enginemaker","symbol":"SIM","quantity":"7218.455","price":"0.00041784","timestamp":1650330444,"volume":"3.01615924","buyTxId":"abd75067ad58e12f3b92360b113288e2957205f4","sellTxId":"MM-P-16645721-63635135-3-2-1"}
{"index": {"_index":"sim","_id":"3230804"}}
	{"id":3230804,"type":"buy","buyer":"konvik","seller":"enginemaker","symbol":"SIM","quantity":"21471.285","price":"0.00040785","timestamp":1650330453,"volume":"8.75706359","buyTxId":"cf805e28832f945b30d9b7c5c49eb871652bea1b-0","sellTxId":"MM-P-16645721-63635135-3-2-1"}
{"index": {"_index":"sim","_id":"3230824"}}
	{"id":3230824,"type":"sell","buyer":"pi-trader","seller":"dswap","symbol":"SIM","quantity":"1000","price":"0.00039101","timestamp":1650330588,"volume":"0.39101000","buyTxId":"10fda3272a82e4d011b33e4ecd49b85a4fbee08f-0","sellTxId":"33f4fe7463bed50f465b40e70fd1915facad90a1"}
{"index": {"_index":"sim","_id":"3231121"}}
	{"id":3231121,"type":"sell","buyer":"pi-trader","seller":"loganhate","symbol":"SIM","quantity":"348.000","price":"0.00039101","timestamp":1650334764,"volume":"0.13607148","buyTxId":"8d1aba253c991796b170c2e696bd176bde69dc5f-3","sellTxId":"2f2ae9fdc249b200adab0109b110150373065adf"}
{"index": {"_index":"sim","_id":"3231212"}}
	{"id":3231212,"type":"buy","buyer":"libert","seller":"jelly-cz","symbol":"SIM","quantity":"10195.046","price":"0.00041785","timestamp":1650336330,"volume":"4.26","buyTxId":"4ef235cfbda575b80885dfe7f32b6269e97c8a5e","sellTxId":"MM-P-16644727-63634140-3-28-0"}
{"index": {"_index":"sim","_id":"3231249"}}
	{"id":3231249,"type":"sell","buyer":"pi-trader","seller":"vasanth39","symbol":"SIM","quantity":"1000.000","price":"0.00039101","timestamp":1650336759,"volume":"0.39101000","buyTxId":"18e782c4584ab94161b7b2f8408594210a13763f-4","sellTxId":"feaf44c964b88c2352ac3726b042ebbaf35a2bc5"}
