{"index": {"_index":"sim","_id":"3631997"}}
	{"id":3631997,"type":"sell","buyer":"myothuzar","seller":"steem82868","symbol":"SIM","quantity":"0.900","price":"0.00049799","timestamp":1654654971,"volume":"0.00044819","buyTxId":"e5f4b95b2b53ea2fe13b81c58ea2fd78678219be","sellTxId":"3555e45af058d7c804c4d61006be418f304e247a"}
{"index": {"_index":"sim","_id":"3632185"}}
	{"id":3632185,"type":"buy","buyer":"kingkinslow","seller":"nftmart.fees","symbol":"SIM","quantity":"21.000","price":"0.00050288","timestamp":1654658382,"volume":"0.01056048","buyTxId":"c56713e96b50ee07bcd95e2f850b4749e0c86ca8","sellTxId":"a33448d1616b6614036e7342ccdaaf7e9d5047c5-0"}
{"index": {"_index":"sim","_id":"3632186"}}
	{"id":3632186,"type":"buy","buyer":"kingkinslow","seller":"danewilliams","symbol":"SIM","quantity":"4125.828","price":"0.00050290","timestamp":1654658382,"volume":"2.07487890","buyTxId":"c56713e96b50ee07bcd95e2f850b4749e0c86ca8","sellTxId":"d5c4b11ae7775a80bc64bbe2e04b9e35356e0e4a"}
{"index": {"_index":"sim","_id":"3632187"}}
	{"id":3632187,"type":"buy","buyer":"kingkinslow","seller":"myothuzar","symbol":"SIM","quantity":"653.172","price":"0.00050292","timestamp":1654658382,"volume":"0.32849326","buyTxId":"c56713e96b50ee07bcd95e2f850b4749e0c86ca8","sellTxId":"1fa8d52cb853a5aa4ad3254eeb1289528400be71"}
{"index": {"_index":"sim","_id":"3632284"}}
	{"id":3632284,"type":"sell","buyer":"myothuzar","seller":"theguruasia","symbol":"SIM","quantity":"2750.039","price":"0.00049799","timestamp":1654660014,"volume":"1.36949192","buyTxId":"e5f4b95b2b53ea2fe13b81c58ea2fd78678219be","sellTxId":"5e6a8f4e7d1a5c5d5e7622883aeccf250d4a9993"}
{"index": {"_index":"sim","_id":"3632549"}}
	{"id":3632549,"type":"buy","buyer":"nongski08","seller":"nftmart.fees","symbol":"SIM","quantity":"22.000","price":"0.00050291","timestamp":1654662945,"volume":"0.01106402","buyTxId":"e3ec9c3969c2792980e0a97eb9dda716798d780a","sellTxId":"936538c30057ad59fe18fb9141b7daf1597101b7-0"}
{"index": {"_index":"sim","_id":"3632550"}}
	{"id":3632550,"type":"buy","buyer":"nongski08","seller":"myothuzar","symbol":"SIM","quantity":"27412.761","price":"0.00050292","timestamp":1654662945,"volume":"13.78642589","buyTxId":"e3ec9c3969c2792980e0a97eb9dda716798d780a","sellTxId":"1fa8d52cb853a5aa4ad3254eeb1289528400be71"}
{"index": {"_index":"sim","_id":"3632840"}}
	{"id":3632840,"type":"sell","buyer":"catotune","seller":"myvest","symbol":"SIM","quantity":"5.353","price":"0.00050000","timestamp":1654667001,"volume":"0.00267650","buyTxId":"64574488abddad412b88aee2c8e81e3a0790f42a","sellTxId":"d6c50d49d1117414967154ac2e3f1170976cdd5f"}
{"index": {"_index":"sim","_id":"3633056"}}
	{"id":3633056,"type":"sell","buyer":"myothuzar","seller":"piotr42","symbol":"SIM","quantity":"264.000","price":"0.00049799","timestamp":1654669803,"volume":"0.13146936","buyTxId":"e5f4b95b2b53ea2fe13b81c58ea2fd78678219be","sellTxId":"eeb99a97dbd68cbd71aeda1bc1b4add4f914ae25"}
{"index": {"_index":"sim","_id":"3633583"}}
	{"id":3633583,"type":"sell","buyer":"myothuzar","seller":"svobodni","symbol":"SIM","quantity":"32258.866","price":"0.00049799","timestamp":1654677084,"volume":"16.06459268","buyTxId":"e5f4b95b2b53ea2fe13b81c58ea2fd78678219be","sellTxId":"40af543b7c77f02f0e774de39228a2d58be481d7"}
{"index": {"_index":"sim","_id":"3633586"}}
	{"id":3633586,"type":"sell","buyer":"myothuzar","seller":"svobodni","symbol":"SIM","quantity":"35000.000","price":"0.00049701","timestamp":1654677123,"volume":"17.39535000","buyTxId":"bc34aef5db6ad4d1725fc28037916e0873abdff6","sellTxId":"ad960a389e61962d0600d335b0ed0b0129ff4b8d"}
{"index": {"_index":"sim","_id":"3633587"}}
	{"id":3633587,"type":"sell","buyer":"d-pend","seller":"svobodni","symbol":"SIM","quantity":"173989.794","price":"0.00049700","timestamp":1654677123,"volume":"86.47292761","buyTxId":"4ba98dbc849f51b935abecf2941f8a9678ca6632","sellTxId":"ad960a389e61962d0600d335b0ed0b0129ff4b8d"}
{"index": {"_index":"sim","_id":"3633592"}}
	{"id":3633592,"type":"sell","buyer":"d-pend","seller":"svobodni","symbol":"SIM","quantity":"500000.000","price":"0.00049600","timestamp":1654677174,"volume":"248.00000000","buyTxId":"306039b7dccb5b25a73e9e42f496ef82f7873ef2","sellTxId":"98a2a296c2cf5b260d86e07d1efb1ab4a8b78e91"}
{"index": {"_index":"sim","_id":"3633604"}}
	{"id":3633604,"type":"buy","buyer":"assassyn","seller":"nftmart.fees","symbol":"SIM","quantity":"26.000","price":"0.00049699","timestamp":1654677471,"volume":"0.01292174","buyTxId":"00b0b51dbc2b4d52bfe2ed1f81f5e1964bb183ed","sellTxId":"0da8e0cce0d4dfc8e77f0d88e143370625151bfc-0"}
{"index": {"_index":"sim","_id":"3633613"}}
	{"id":3633613,"type":"sell","buyer":"assassyn","seller":"pjansen","symbol":"SIM","quantity":"587.000","price":"0.00050177","timestamp":1654677831,"volume":"0.29453899","buyTxId":"00b0b51dbc2b4d52bfe2ed1f81f5e1964bb183ed","sellTxId":"f5e9fcfe68309d8b588645498842babf596b4146"}
{"index": {"_index":"sim","_id":"3633614"}}
	{"id":3633614,"type":"sell","buyer":"beco132","seller":"pjansen","symbol":"SIM","quantity":"0.248","price":"0.00049500","timestamp":1654677831,"volume":"0.00012276","buyTxId":"218e1e7c51abb352cc106cd8abd73ab01a9292d6","sellTxId":"f5e9fcfe68309d8b588645498842babf596b4146"}
{"index": {"_index":"sim","_id":"3633863"}}
	{"id":3633863,"type":"sell","buyer":"beco132","seller":"nyxlabs","symbol":"SIM","quantity":"805.500","price":"0.00049500","timestamp":1654681029,"volume":"0.39872250","buyTxId":"218e1e7c51abb352cc106cd8abd73ab01a9292d6","sellTxId":"7c6518e408dbef1ae7c5a38c70a362a57998eeb2"}
{"index": {"_index":"sim","_id":"3633864"}}
	{"id":3633864,"type":"sell","buyer":"master-lamps","seller":"nyxlabs","symbol":"SIM","quantity":"265.350","price":"0.00049211","timestamp":1654681029,"volume":"0.13058139","buyTxId":"574175f407702a60f1ba53e52f3eae31ae7b6233","sellTxId":"7c6518e408dbef1ae7c5a38c70a362a57998eeb2"}
{"index": {"_index":"sim","_id":"3633865"}}
	{"id":3633865,"type":"sell","buyer":"d-pend","seller":"nyxlabs","symbol":"SIM","quantity":"4830.124","price":"0.00049200","timestamp":1654681029,"volume":"2.37642101","buyTxId":"14bd22f31e8575393fbd44a37d8e2d742e510754","sellTxId":"7c6518e408dbef1ae7c5a38c70a362a57998eeb2"}
{"index": {"_index":"sim","_id":"3633998"}}
	{"id":3633998,"type":"sell","buyer":"d-pend","seller":"steem82868","symbol":"SIM","quantity":"0.400","price":"0.00049200","timestamp":1654683069,"volume":"0.00019680","buyTxId":"14bd22f31e8575393fbd44a37d8e2d742e510754","sellTxId":"2bafdda8347c6492f43613ca252c745e4c013920"}
{"index": {"_index":"sim","_id":"3634111"}}
	{"id":3634111,"type":"buy","buyer":"openwide","seller":"nftmart.fees","symbol":"SIM","quantity":"23.000","price":"0.00050198","timestamp":1654684902,"volume":"0.01154554","buyTxId":"731cd41876e650f9c0ebf9564826dde484c3f605","sellTxId":"0691a46f4d52f705bdd73e31da7ce9f0a2a95d3f-0"}
{"index": {"_index":"sim","_id":"3634112"}}
	{"id":3634112,"type":"buy","buyer":"openwide","seller":"pi-trader","symbol":"SIM","quantity":"3190.211","price":"0.00050199","timestamp":1654684902,"volume":"1.60145402","buyTxId":"731cd41876e650f9c0ebf9564826dde484c3f605","sellTxId":"ee892ffdd9ab629ac620797499d07710a5546552-3"}
{"index": {"_index":"sim","_id":"3634298"}}
	{"id":3634298,"type":"sell","buyer":"d-pend","seller":"theshaki","symbol":"SIM","quantity":"72.136","price":"0.00049200","timestamp":1654686732,"volume":"0.03549091","buyTxId":"14bd22f31e8575393fbd44a37d8e2d742e510754","sellTxId":"56aad53735cfdd9a291ee5ae22fa2a6de1409279"}
{"index": {"_index":"sim","_id":"3634988"}}
	{"id":3634988,"type":"sell","buyer":"d-pend","seller":"steem82868","symbol":"SIM","quantity":"0.300","price":"0.00049200","timestamp":1654694421,"volume":"0.00014760","buyTxId":"14bd22f31e8575393fbd44a37d8e2d742e510754","sellTxId":"a1b9e6377b3ed4078d0280bbe4b2d6429ee5cc6e"}
{"index": {"_index":"sim","_id":"3635104"}}
	{"id":3635104,"type":"sell","buyer":"d-pend","seller":"poliwalt10","symbol":"SIM","quantity":"1713.000","price":"0.00049200","timestamp":1654695291,"volume":"0.84279600","buyTxId":"14bd22f31e8575393fbd44a37d8e2d742e510754","sellTxId":"9a72924bc5fd60d60326c5b22d4638c285e9daa4"}
{"index": {"_index":"sim","_id":"3635119"}}
	{"id":3635119,"type":"buy","buyer":"theclasser1","seller":"nftmart.fees","symbol":"SIM","quantity":"17.000","price":"0.00050196","timestamp":1654695483,"volume":"0.00853332","buyTxId":"9f59195b53d32081ce514fc15937b307abbd78d7","sellTxId":"b5222bf071bc88eb6a34706311e47dc05d76983f-0"}
{"index": {"_index":"sim","_id":"3635120"}}
	{"id":3635120,"type":"buy","buyer":"theclasser1","seller":"pi-trader","symbol":"SIM","quantity":"9202.313","price":"0.00050199","timestamp":1654695483,"volume":"4.61946911","buyTxId":"9f59195b53d32081ce514fc15937b307abbd78d7","sellTxId":"91101935a7ea8649fb8be245dd1530ea9f54fa49-2"}
{"index": {"_index":"sim","_id":"3635519"}}
	{"id":3635519,"type":"sell","buyer":"d-pend","seller":"jeanpi117","symbol":"SIM","quantity":"0.510","price":"0.00049200","timestamp":1654700199,"volume":"0.00025092","buyTxId":"14bd22f31e8575393fbd44a37d8e2d742e510754","sellTxId":"57ab80b026dc41f15179e2da7948f7aebce44884"}
{"index": {"_index":"sim","_id":"3635684"}}
	{"id":3635684,"type":"buy","buyer":"balte","seller":"nftmart.fees","symbol":"SIM","quantity":"15.000","price":"0.00050196","timestamp":1654702173,"volume":"0.00752940","buyTxId":"d1ee1c502edf8b57b43b16a4d2018533930503e0","sellTxId":"ebfaf8ca28f674bbceb52ae4164375ddd4cfb4b1-0"}
{"index": {"_index":"sim","_id":"3635685"}}
	{"id":3635685,"type":"buy","buyer":"balte","seller":"pi-trader","symbol":"SIM","quantity":"50000.000","price":"0.00050199","timestamp":1654702173,"volume":"25.09950000","buyTxId":"d1ee1c502edf8b57b43b16a4d2018533930503e0","sellTxId":"b9d6d9c0e6983437bacccadbe2da12efc428af66-2"}
{"index": {"_index":"sim","_id":"3635686"}}
	{"id":3635686,"type":"buy","buyer":"balte","seller":"jelly-cz","symbol":"SIM","quantity":"34985.000","price":"0.00050200","timestamp":1654702173,"volume":"17.56247000","buyTxId":"d1ee1c502edf8b57b43b16a4d2018533930503e0","sellTxId":"MM-P-18089991-65080931-3-32-0"}
{"index": {"_index":"sim","_id":"3636314"}}
	{"id":3636314,"type":"sell","buyer":"d-pend","seller":"steem-hodler","symbol":"SIM","quantity":"90000.000","price":"0.00049200","timestamp":1654708428,"volume":"44.28000000","buyTxId":"14bd22f31e8575393fbd44a37d8e2d742e510754","sellTxId":"a0f6ab5765e9585802152b5d056e505dd5e213b1"}
{"index": {"_index":"sim","_id":"3636969"}}
	{"id":3636969,"type":"sell","buyer":"d-pend","seller":"dhedge-drips","symbol":"SIM","quantity":"12.500","price":"0.00049200","timestamp":1654713921,"volume":"0.00615000","buyTxId":"14bd22f31e8575393fbd44a37d8e2d742e510754","sellTxId":"8dc583f2667f2a4455a7cd58de2fa19733ccd3f1"}
{"index": {"_index":"sim","_id":"3637056"}}
	{"id":3637056,"type":"buy","buyer":"assassyn","seller":"nftmart.fees","symbol":"SIM","quantity":"15.000","price":"0.00050193","timestamp":1654714863,"volume":"0.00752895","buyTxId":"53314f25b23b642a016eaa8600695e37b06cfebb","sellTxId":"d1f9d80d1bf0930143e4fbbd19160ec1a6399e16-0"}
{"index": {"_index":"sim","_id":"3637057"}}
	{"id":3637057,"type":"buy","buyer":"assassyn","seller":"dhedge-drips","symbol":"SIM","quantity":"12.500","price":"0.00050194","timestamp":1654714863,"volume":"0.00627425","buyTxId":"53314f25b23b642a016eaa8600695e37b06cfebb","sellTxId":"d348d9c626d6fac5f3b42ca026e747d67a2ffcd9"}
{"index": {"_index":"sim","_id":"3637112"}}
	{"id":3637112,"type":"sell","buyer":"assassyn","seller":"nftmart.fees","symbol":"SIM","quantity":"14.000","price":"0.00050195","timestamp":1654715613,"volume":"0.00702730","buyTxId":"53314f25b23b642a016eaa8600695e37b06cfebb","sellTxId":"20327d9a8b466e3fdbfd81f8a9db7a5091203693-0"}
{"index": {"_index":"sim","_id":"3637136"}}
	{"id":3637136,"type":"sell","buyer":"assassyn","seller":"pjansen","symbol":"SIM","quantity":"176.500","price":"0.00050195","timestamp":1654715988,"volume":"0.08859418","buyTxId":"53314f25b23b642a016eaa8600695e37b06cfebb","sellTxId":"d2bca240afb76ed42ef839096bdc646f32451749"}
{"index": {"_index":"sim","_id":"3637137"}}
	{"id":3637137,"type":"sell","buyer":"d-pend","seller":"pjansen","symbol":"SIM","quantity":"0.202","price":"0.00049200","timestamp":1654715988,"volume":"0.00009938","buyTxId":"14bd22f31e8575393fbd44a37d8e2d742e510754","sellTxId":"d2bca240afb76ed42ef839096bdc646f32451749"}
{"index": {"_index":"sim","_id":"3637288"}}
	{"id":3637288,"type":"sell","buyer":"d-pend","seller":"crypto-futurist","symbol":"SIM","quantity":"0.030","price":"0.00049200","timestamp":1654717560,"volume":"0.00001476","buyTxId":"14bd22f31e8575393fbd44a37d8e2d742e510754","sellTxId":"08f4048019128b79388a271c77121cc9769904ab"}
{"index": {"_index":"sim","_id":"3637298"}}
	{"id":3637298,"type":"sell","buyer":"d-pend","seller":"bearbear613","symbol":"SIM","quantity":"446.000","price":"0.00049200","timestamp":1654717695,"volume":"0.21943200","buyTxId":"14bd22f31e8575393fbd44a37d8e2d742e510754","sellTxId":"d873712839d4f84911517cdbd7d7d31fd63df44c"}
{"index": {"_index":"sim","_id":"3637352"}}
	{"id":3637352,"type":"buy","buyer":"metzli","seller":"nftmart.fees","symbol":"SIM","quantity":"10.000","price":"0.00050194","timestamp":1654718091,"volume":"0.00501940","buyTxId":"382e81b1e7e40037cb8e3baa8f77f628c09e7fdb","sellTxId":"d8041cf99c3d8938ba2ef264d5bd4a534e084ecb-0"}
{"index": {"_index":"sim","_id":"3637365"}}
	{"id":3637365,"type":"buy","buyer":"cryptogillone","seller":"pi-trader","symbol":"SIM","quantity":"476.505","price":"0.00050196","timestamp":1654718229,"volume":"0.2391866","buyTxId":"0201708ffbe5b228abb537cd97782c1dc9988f40","sellTxId":"73e9d54df5808d3adafae17db0cb44ed43e8359e-1"}
{"index": {"_index":"sim","_id":"3637442"}}
	{"id":3637442,"type":"sell","buyer":"d-pend","seller":"medaymane","symbol":"SIM","quantity":"2924.798","price":"0.00049200","timestamp":1654718976,"volume":"1.43900062","buyTxId":"14bd22f31e8575393fbd44a37d8e2d742e510754","sellTxId":"73cd305ef46c4ecdd3b1993eb4147a0f60d704d1"}
{"index": {"_index":"sim","_id":"3637443"}}
	{"id":3637443,"type":"buy","buyer":"svirus","seller":"medaymane","symbol":"SIM","quantity":"7539.800","price":"0.00049200","timestamp":1654718979,"volume":"3.70958160","buyTxId":"ed7d94fe5c7e683cdf6840b9c8c58abded656419-0","sellTxId":"73cd305ef46c4ecdd3b1993eb4147a0f60d704d1"}
{"index": {"_index":"sim","_id":"3637653"}}
	{"id":3637653,"type":"buy","buyer":"balte","seller":"nftmart.fees","symbol":"SIM","quantity":"9.000","price":"0.00049198","timestamp":1654720884,"volume":"0.00442782","buyTxId":"4ee3b2ae82dce891b00ddecf1c24b266e0693fde","sellTxId":"80939aed864abc6ed2a8d15b90f3c8327e569f0f-0"}
{"index": {"_index":"sim","_id":"3637654"}}
	{"id":3637654,"type":"buy","buyer":"balte","seller":"medaymane","symbol":"SIM","quantity":"0.002","price":"0.00049200","timestamp":1654720884,"volume":"0.00000098","buyTxId":"4ee3b2ae82dce891b00ddecf1c24b266e0693fde","sellTxId":"73cd305ef46c4ecdd3b1993eb4147a0f60d704d1"}
{"index": {"_index":"sim","_id":"3637655"}}
	{"id":3637655,"type":"buy","buyer":"balte","seller":"pi-trader","symbol":"SIM","quantity":"50000.000","price":"0.00050196","timestamp":1654720884,"volume":"25.09800000","buyTxId":"4ee3b2ae82dce891b00ddecf1c24b266e0693fde","sellTxId":"3f613f02110c864c0c1e18313205d5995495733f-2"}
{"index": {"_index":"sim","_id":"3637656"}}
	{"id":3637656,"type":"buy","buyer":"balte","seller":"myothuzar","symbol":"SIM","quantity":"90000.000","price":"0.00050197","timestamp":1654720884,"volume":"45.17730000","buyTxId":"4ee3b2ae82dce891b00ddecf1c24b266e0693fde","sellTxId":"e2adb72571896822392ed5dfe86282516a0b0d68"}
{"index": {"_index":"sim","_id":"3637657"}}
	{"id":3637657,"type":"buy","buyer":"balte","seller":"vetrnik","symbol":"SIM","quantity":"87044.000","price":"0.00050198","timestamp":1654720884,"volume":"43.69434712","buyTxId":"4ee3b2ae82dce891b00ddecf1c24b266e0693fde","sellTxId":"ecf39bf86b6be32f56148fd95e6a749bb7cf53f2"}
{"index": {"_index":"sim","_id":"3637658"}}
	{"id":3637658,"type":"buy","buyer":"balte","seller":"jelly-cz","symbol":"SIM","quantity":"6301.000","price":"0.00050200","timestamp":1654720884,"volume":"3.16310200","buyTxId":"4ee3b2ae82dce891b00ddecf1c24b266e0693fde","sellTxId":"MM-P-18089991-65080931-3-32-0"}
{"index": {"_index":"sim","_id":"3637659"}}
	{"id":3637659,"type":"buy","buyer":"balte","seller":"vetrnik","symbol":"SIM","quantity":"46645.998","price":"0.00050749","timestamp":1654720884,"volume":"23.67237753","buyTxId":"4ee3b2ae82dce891b00ddecf1c24b266e0693fde","sellTxId":"41575f5c20dc5017c1678121e71f42bf55be0c2e"}
{"index": {"_index":"sim","_id":"3637735"}}
	{"id":3637735,"type":"buy","buyer":"hiveinvest","seller":"enginemaker","symbol":"SIM","quantity":"300.000","price":"0.00049748","timestamp":1654721436,"volume":"0.14924400","buyTxId":"a0dc2f04c6239d73e073e768c83798ef1087aa00","sellTxId":"MM-P-18104527-65095496-3-2-0"}
{"index": {"_index":"sim","_id":"3637855"}}
	{"id":3637855,"type":"sell","buyer":"pi-trader","seller":"elevator09","symbol":"SIM","quantity":"3372.143","price":"0.00049089","timestamp":1654723002,"volume":"1.65535128","buyTxId":"ce1e23a128abab523e7482a40107252cd0716ae3-0","sellTxId":"4df1062d5a4cd44ade54ba6ebb95b83eb7a610c0"}
{"index": {"_index":"sim","_id":"3637883"}}
	{"id":3637883,"type":"sell","buyer":"pi-trader","seller":"cursephantom","symbol":"SIM","quantity":"0.950","price":"0.00049089","timestamp":1654723242,"volume":"0.00046635","buyTxId":"4fe1043e35a7f2b66ede2babb0fb1d9ea30901c0-4","sellTxId":"145558cb074a299f265a499a072c7342d79e8ce9"}
{"index": {"_index":"sim","_id":"3638023"}}
	{"id":3638023,"type":"sell","buyer":"pi-trader","seller":"bitcoinflood","symbol":"SIM","quantity":"422.895","price":"0.00049089","timestamp":1654724901,"volume":"0.20759493","buyTxId":"e1c683e9ce169bb0ca9d6688796e66b2a2466576-1","sellTxId":"e162d3715a5e25a3b7e53e1c3a42f4b654ec8721"}
{"index": {"_index":"sim","_id":"3638047"}}
	{"id":3638047,"type":"sell","buyer":"pi-trader","seller":"jwjqu.wam","symbol":"SIM","quantity":"1036","price":"0.00049089","timestamp":1654725288,"volume":"0.50856204","buyTxId":"c8ffcac9190d63d22c9c4ebf3471c1119f337d63-4","sellTxId":"6991682a5b3335d5333ba51a144ea77e2294f10f"}
{"index": {"_index":"sim","_id":"3638574"}}
	{"id":3638574,"type":"sell","buyer":"pi-trader","seller":"andy4475","symbol":"SIM","quantity":"59.342","price":"0.00049089","timestamp":1654731105,"volume":"0.02913039","buyTxId":"bd2a517c082735727d6fc95babfd50a772231853-3","sellTxId":"4ba1a60cdbd2756882a83d515f655f765ef17f42"}
{"index": {"_index":"sim","_id":"3639621"}}
	{"id":3639621,"type":"sell","buyer":"pi-trader","seller":"steem82868","symbol":"SIM","quantity":"0.700","price":"0.00049089","timestamp":1654739301,"volume":"0.00034362","buyTxId":"cb08d6176cf0a9f30b1700f31b8b723b55206cb2-1","sellTxId":"10593a60d08a42e7b2826f65ca9ebcbb513c4994"}
{"index": {"_index":"sim","_id":"3639675"}}
	{"id":3639675,"type":"sell","buyer":"pi-trader","seller":"valor2s","symbol":"SIM","quantity":"53.289","price":"0.00049089","timestamp":1654740216,"volume":"0.02615904","buyTxId":"6e7d0d59eb028506b79af444c9115521cea46396-1","sellTxId":"a34376da694743bf6ebf005c1c03e89bf5ffe601"}
{"index": {"_index":"sim","_id":"3639682"}}
	{"id":3639682,"type":"sell","buyer":"pi-trader","seller":"themarkymark","symbol":"SIM","quantity":"174.631","price":"0.00049089","timestamp":1654740333,"volume":"0.08572461","buyTxId":"9eb6e7cf8989281dee9537fea9eb85db287d0058-1","sellTxId":"a79df5ff49b2aeaa865f886fd5ea5d1be7bdd91c"}
{"index": {"_index":"sim","_id":"3639691"}}
	{"id":3639691,"type":"buy","buyer":"maryjane.main","seller":"nftmart.fees","symbol":"SIM","quantity":"8.000","price":"0.00049746","timestamp":1654740576,"volume":"0.00397968","buyTxId":"5c7434ce6b7396192f0b73b99b476664d2373ae1","sellTxId":"e69199997977f56629663311ceedd0d2a41ce98c-0"}
{"index": {"_index":"sim","_id":"3639692"}}
	{"id":3639692,"type":"buy","buyer":"maryjane.main","seller":"enginemaker","symbol":"SIM","quantity":"41646.674","price":"0.00049748","timestamp":1654740576,"volume":"20.71838738","buyTxId":"5c7434ce6b7396192f0b73b99b476664d2373ae1","sellTxId":"MM-P-18104527-65095496-3-2-0"}
{"index": {"_index":"sim","_id":"3639700"}}
	{"id":3639700,"type":"sell","buyer":"maryjane.main","seller":"nftmart.fees","symbol":"SIM","quantity":"8.000","price":"0.00049947","timestamp":1654740813,"volume":"0.00399576","buyTxId":"5c7434ce6b7396192f0b73b99b476664d2373ae1","sellTxId":"baaa39ad9fef8ddb90723ca2bd41f118b4345f40-0"}
{"index": {"_index":"sim","_id":"3639705"}}
	{"id":3639705,"type":"buy","buyer":"maryjane.main","seller":"medaymane","symbol":"SIM","quantity":"6513.200","price":"0.00049948","timestamp":1654740864,"volume":"3.25321314","buyTxId":"ccc9f11e625f1a43bd6e4dde5e1b391852931c9d","sellTxId":"d45996e9ee25b72f05378bda806738f98efb5dba"}
{"index": {"_index":"sim","_id":"3639706"}}
	{"id":3639706,"type":"sell","buyer":"maryjane.main","seller":"konvik","symbol":"SIM","quantity":"27486.800","price":"0.00050199","timestamp":1654740867,"volume":"13.79809873","buyTxId":"ccc9f11e625f1a43bd6e4dde5e1b391852931c9d","sellTxId":"162eaa4450a0d7f73cd9b3b38fb46d9fd5a8a345-1"}
