{"index": {"_index":"sim","_id":"1624379"}}
	{"id":1624379,"type":"buy","buyer":"wizzitywillican","seller":"solovey6o2","symbol":"SIM","quantity":"12352.193","price":"0.00110999","timestamp":1633143096,"volume":"13.71081071","buyTxId":"4d1c732493c07176b158d9dcd4745947394a82a7","sellTxId":"baa1ec76ecd89564e6c7c6edbd1464a0853a90ae"}
{"index": {"_index":"sim","_id":"1624380"}}
	{"id":1624380,"type":"buy","buyer":"wizzitywillican","seller":"solovey6o2","symbol":"SIM","quantity":"18660.001","price":"0.00110999","timestamp":1633143096,"volume":"20.71241451","buyTxId":"4d1c732493c07176b158d9dcd4745947394a82a7","sellTxId":"928a6cedb5731baf5f79472a77e951bb3ad85da5"}
{"index": {"_index":"sim","_id":"1624381"}}
	{"id":1624381,"type":"buy","buyer":"wizzitywillican","seller":"brofi-market","symbol":"SIM","quantity":"0.004","price":"0.00110999","timestamp":1633143096,"volume":"0.00000444","buyTxId":"4d1c732493c07176b158d9dcd4745947394a82a7","sellTxId":"e2a9204d51c62d6e470dad845fcfaf81566567a9"}
{"index": {"_index":"sim","_id":"1624382"}}
	{"id":1624382,"type":"buy","buyer":"wizzitywillican","seller":"dhedge-drips","symbol":"SIM","quantity":"0.001","price":"0.00110999","timestamp":1633143096,"volume":"0.00000111","buyTxId":"4d1c732493c07176b158d9dcd4745947394a82a7","sellTxId":"7af65126aed4ac3c23fda003a7b6f06323533052"}
{"index": {"_index":"sim","_id":"1624383"}}
	{"id":1624383,"type":"buy","buyer":"wizzitywillican","seller":"steem69","symbol":"SIM","quantity":"23985.381","price":"0.00111000","timestamp":1633143096,"volume":"26.62377291","buyTxId":"4d1c732493c07176b158d9dcd4745947394a82a7","sellTxId":"0ad28147238e300d3e47b15c8784f5bca89736a6"}
{"index": {"_index":"sim","_id":"1624384"}}
	{"id":1624384,"type":"buy","buyer":"wizzitywillican","seller":"quekery","symbol":"SIM","quantity":"1000.000","price":"0.00111000","timestamp":1633143096,"volume":"1.11000000","buyTxId":"4d1c732493c07176b158d9dcd4745947394a82a7","sellTxId":"8904a3f4f53568c96c9f1cc46d231df2c31b422e"}
{"index": {"_index":"sim","_id":"1624386"}}
	{"id":1624386,"type":"sell","buyer":"wizzitywillican","seller":"konvik","symbol":"SIM","quantity":"197306.884","price":"0.00111000","timestamp":1633143099,"volume":"219.01064124","buyTxId":"4d1c732493c07176b158d9dcd4745947394a82a7","sellTxId":"03cc8aeee35db7e3056fcdd7bfc066f29e2211ee-1-1"}
{"index": {"_index":"sim","_id":"1624425"}}
	{"id":1624425,"type":"sell","buyer":"boycharliefamily","seller":"konvik","symbol":"SIM","quantity":"34965.349","price":"0.00111000","timestamp":1633143843,"volume":"38.81153739","buyTxId":"dc4ba98059f64dcc7508adefd871c068bb9e1afb","sellTxId":"be0c58a89018c20c4db4ece9cc12f98e3aea7940-1"}
{"index": {"_index":"sim","_id":"1624426"}}
	{"id":1624426,"type":"sell","buyer":"boycharliefamily","seller":"genet","symbol":"SIM","quantity":"34.651","price":"0.00111000","timestamp":1633143843,"volume":"0.03846261","buyTxId":"dc4ba98059f64dcc7508adefd871c068bb9e1afb","sellTxId":"343f0ff0d4dac50bf216303aae5ce6223b2badf4-1"}
{"index": {"_index":"sim","_id":"1624500"}}
	{"id":1624500,"type":"sell","buyer":"pi-trader","seller":"justinparke","symbol":"SIM","quantity":"4405","price":"0.00104294","timestamp":1633145010,"volume":"4.59415070","buyTxId":"ff18d40f10a04569844f1c3f39b7413286044270-5","sellTxId":"8ef92efcb792d967ad1941fb1091270d314baf8f"}
{"index": {"_index":"sim","_id":"1624535"}}
	{"id":1624535,"type":"sell","buyer":"pi-trader","seller":"polarmystro","symbol":"SIM","quantity":"38000","price":"0.00104315","timestamp":1633146045,"volume":"39.63970000","buyTxId":"2dc6953bd9472aab9fe9f8b52a3c2c37816ca35c-7","sellTxId":"004b2a3e0f9324a0f345bdccdf96583f6498bdae"}
{"index": {"_index":"sim","_id":"1624564"}}
	{"id":1624564,"type":"sell","buyer":"pi-trader","seller":"theguruasia","symbol":"SIM","quantity":"2866.029","price":"0.00105508","timestamp":1633146549,"volume":"3.02388988","buyTxId":"7f11810d9520ab49c0fb68575d76e0eea72c7cb5-5","sellTxId":"470cd3ddeea4507ae386312a989b9931e1123e87"}
{"index": {"_index":"sim","_id":"1624674"}}
	{"id":1624674,"type":"buy","buyer":"dkid14","seller":"steem69","symbol":"SIM","quantity":"20000.000","price":"0.00112000","timestamp":1633148964,"volume":"22.40000000","buyTxId":"c2b5e7e3e2161ad14057ac16e195f1ab33a26f10","sellTxId":"2d6091ffe7cc8a61ad8fbab79db67051bb69cef4"}
{"index": {"_index":"sim","_id":"1624675"}}
	{"id":1624675,"type":"buy","buyer":"dkid14","seller":"steem69","symbol":"SIM","quantity":"10629.596","price":"0.00112000","timestamp":1633148964,"volume":"11.90514752","buyTxId":"c2b5e7e3e2161ad14057ac16e195f1ab33a26f10","sellTxId":"f915574cb6c1e8b247f558c4c351ecade9fbb4e0"}
{"index": {"_index":"sim","_id":"1624676"}}
	{"id":1624676,"type":"sell","buyer":"dkid14","seller":"svirus","symbol":"SIM","quantity":"66709.404","price":"0.00112000","timestamp":1633148967,"volume":"74.71453248","buyTxId":"c2b5e7e3e2161ad14057ac16e195f1ab33a26f10","sellTxId":"876d8d524b2319ca868eeddfd7292efd76ad3283-1"}
{"index": {"_index":"sim","_id":"1624677"}}
	{"id":1624677,"type":"sell","buyer":"pi-trader","seller":"krakonos","symbol":"SIM","quantity":"13.440","price":"0.00108001","timestamp":1633149015,"volume":"0.01451533","buyTxId":"026405178c93cc9deb6210a46514b3e7cc1364c1-2","sellTxId":"19b68372f89418b0b698468c781d9f46bd26be02"}
{"index": {"_index":"sim","_id":"1624722"}}
	{"id":1624722,"type":"sell","buyer":"jelly-cz","seller":"loganhate","symbol":"SIM","quantity":"667.000","price":"0.00108010","timestamp":1633149711,"volume":"0.72042670","buyTxId":"MM-P-10938998-57923976-3-35-0","sellTxId":"84d37d112ecd115a1988d3c5d808ecf39e26fbdf"}
{"index": {"_index":"sim","_id":"1624989"}}
	{"id":1624989,"type":"sell","buyer":"solovey6o2","seller":"imperij4427","symbol":"SIM","quantity":"16625.000","price":"0.00108065","timestamp":1633154658,"volume":"17.96580625","buyTxId":"d8e9fd0e5fb18ec07f9751d7f5a68adb57cd3856","sellTxId":"ac58cf37560d157236a476578f8875d259fcba9a"}
{"index": {"_index":"sim","_id":"1625059"}}
	{"id":1625059,"type":"buy","buyer":"deepsafe","seller":"atomcollector","symbol":"SIM","quantity":"1000.000","price":"0.00112000","timestamp":1633155990,"volume":"1.12000000","buyTxId":"a1a070fe6f7c5a31ef6826aafefbe8decb2c230f","sellTxId":"b9812dd9330157ee497fabee140d5062123433ee"}
{"index": {"_index":"sim","_id":"1625060"}}
	{"id":1625060,"type":"buy","buyer":"deepsafe","seller":"solovey6o2","symbol":"SIM","quantity":"3170.000","price":"0.00112999","timestamp":1633155990,"volume":"3.58206830","buyTxId":"a1a070fe6f7c5a31ef6826aafefbe8decb2c230f","sellTxId":"52e6c9bbdabb77fc5091893fd1d6e485d45af65b"}
{"index": {"_index":"sim","_id":"1625129"}}
	{"id":1625129,"type":"buy","buyer":"wizzitywillican","seller":"solovey6o2","symbol":"SIM","quantity":"1870.000","price":"0.00112999","timestamp":1633157004,"volume":"2.11308130","buyTxId":"511aaef90353ebceef36982a73f7d28a3acf6d46","sellTxId":"52e6c9bbdabb77fc5091893fd1d6e485d45af65b"}
{"index": {"_index":"sim","_id":"1625281"}}
	{"id":1625281,"type":"buy","buyer":"juanahavefun","seller":"master-lamps","symbol":"SIM","quantity":"2300.000","price":"0.00112975","timestamp":1633159776,"volume":"2.59842500","buyTxId":"2d362313d854aaddeed05e8138cf606f3fa3be69","sellTxId":"6af3fed4eb3ae44e39c2cdf5a37025cbb5279f86"}
{"index": {"_index":"sim","_id":"1625429"}}
	{"id":1625429,"type":"sell","buyer":"looftee","seller":"dreimaldad","symbol":"SIM","quantity":"190.000","price":"0.00110000","timestamp":1633161597,"volume":"0.20900000","buyTxId":"5ca934b6b299a0747d3b32aeccee94d5e9c21022","sellTxId":"32f97b109c5a66600f273d45bf1dfe5deb678b68"}
{"index": {"_index":"sim","_id":"1625430"}}
	{"id":1625430,"type":"sell","buyer":"solovey6o2","seller":"dreimaldad","symbol":"SIM","quantity":"69810.000","price":"0.00108134","timestamp":1633161597,"volume":"75.48834540","buyTxId":"4c2f5221423c42168329b0d5edc9e25b259811ee","sellTxId":"32f97b109c5a66600f273d45bf1dfe5deb678b68"}
{"index": {"_index":"sim","_id":"1625493"}}
	{"id":1625493,"type":"sell","buyer":"master-lamps","seller":"barski","symbol":"SIM","quantity":"705.879","price":"0.00108149","timestamp":1633162740,"volume":"0.76340108","buyTxId":"eb4342690accb28f01d03ac5938a987344c83185","sellTxId":"b157f3c3dd7cf871ea8b0a14dfc23a7691e0f1cb"}
{"index": {"_index":"sim","_id":"1625604"}}
	{"id":1625604,"type":"sell","buyer":"solovey6o2","seller":"whatamidoing","symbol":"SIM","quantity":"31907.866","price":"0.00108170","timestamp":1633165125,"volume":"34.51473865","buyTxId":"01f3ba0e2666d2420c2d341541532a9ced4032d2","sellTxId":"2bb95509e01af9d1ff8b352ed06033734aa1a66f"}
{"index": {"_index":"sim","_id":"1625634"}}
	{"id":1625634,"type":"sell","buyer":"solovey6o2","seller":"emsonic","symbol":"SIM","quantity":"11484.000","price":"0.00108176","timestamp":1633165809,"volume":"12.42293184","buyTxId":"035da06141c55e7c1097fa7d51586585f9121700","sellTxId":"5368cad230d807810ffaec08e5c4ad3a1556514b"}
{"index": {"_index":"sim","_id":"1625686"}}
	{"id":1625686,"type":"sell","buyer":"solovey6o2","seller":"lightcaptured","symbol":"SIM","quantity":"574.203","price":"0.00108185","timestamp":1633166682,"volume":"0.62120152","buyTxId":"d6866a5c143aafc839cdc08d9bba74109b772086","sellTxId":"9908416b445e897167273cae9a483423976592ea"}
{"index": {"_index":"sim","_id":"1625716"}}
	{"id":1625716,"type":"sell","buyer":"solovey6o2","seller":"elevator09","symbol":"SIM","quantity":"7025.000","price":"0.00108191","timestamp":1633167303,"volume":"7.60041775","buyTxId":"115d66f383951a808b83dfb0d01a084c6eb0e6ae","sellTxId":"07ba36986968bdf4cf2c30ace5b610100094256c"}
{"index": {"_index":"sim","_id":"1625739"}}
	{"id":1625739,"type":"sell","buyer":"solovey6o2","seller":"lifeskills-tv","symbol":"SIM","quantity":"2187.987","price":"0.00108194","timestamp":1633167624,"volume":"2.36727065","buyTxId":"84588079e90f8a68bfd879431f22fe2e29b58ec6","sellTxId":"4b5ad400b63ac2763f4a085af3dfe24d83872f5c"}
{"index": {"_index":"sim","_id":"1625844"}}
	{"id":1625844,"type":"sell","buyer":"solovey6o2","seller":"trumpikas","symbol":"SIM","quantity":"193.499","price":"0.00108215","timestamp":1633169745,"volume":"0.20939494","buyTxId":"32e7f566a3d56acd5880cbfccc493caa1d113a9f","sellTxId":"18cf09c88c6e9b166412cff3ebdb5378e03b2184"}
{"index": {"_index":"sim","_id":"1625864"}}
	{"id":1625864,"type":"sell","buyer":"solovey6o2","seller":"jjprac","symbol":"SIM","quantity":"105.707","price":"0.00108218","timestamp":1633169937,"volume":"0.11439400","buyTxId":"7a4882f91160633a2761468716a1c82d31be026e","sellTxId":"1b14357f4a57ade32140088c3760dbcbf8d54002"}
{"index": {"_index":"sim","_id":"1625892"}}
	{"id":1625892,"type":"sell","buyer":"jelly-cz","seller":"heikki1337","symbol":"SIM","quantity":"378.000","price":"0.00108226","timestamp":1633170720,"volume":"0.40909428","buyTxId":"MM-P-10945972-57930958-3-35-0","sellTxId":"38eb584dbb7f592b9557b709340c96cb45c686c8"}
{"index": {"_index":"sim","_id":"1626049"}}
	{"id":1626049,"type":"sell","buyer":"solovey6o2","seller":"artistparthoroy","symbol":"SIM","quantity":"8345.000","price":"0.00108251","timestamp":1633173333,"volume":"9.03354595","buyTxId":"9dbaf476183371ab953a468f800ed6f2654327bb","sellTxId":"5b56220be3010d43693d5d111982ae9d5958a4b9"}
{"index": {"_index":"sim","_id":"1626118"}}
	{"id":1626118,"type":"sell","buyer":"solovey6o2","seller":"andy4475","symbol":"SIM","quantity":"35.135","price":"0.00108266","timestamp":1633174734,"volume":"0.03803926","buyTxId":"6aac6e2884aaccfe99047c39d247186b35c25e17","sellTxId":"9124a92e93aafca25ad2969b5e552c83089a11a8"}
{"index": {"_index":"sim","_id":"1626184"}}
	{"id":1626184,"type":"sell","buyer":"solovey6o2","seller":"tonytrillions","symbol":"SIM","quantity":"0.012","price":"0.00108278","timestamp":1633175991,"volume":"0.00001299","buyTxId":"6bcfa9bb0b3323826b2cb0674b239e380f049906","sellTxId":"0d177531d409b9c4e98b3b4ac9f18fa354b8b734"}
{"index": {"_index":"sim","_id":"1626209"}}
	{"id":1626209,"type":"sell","buyer":"solovey6o2","seller":"tomas250292","symbol":"SIM","quantity":"3938.000","price":"0.00108281","timestamp":1633176402,"volume":"4.26410578","buyTxId":"539560e4625c0fb7e8ce13a915785624e4402656","sellTxId":"b6b9c9f0ff59642f11647ef5e6566f30939ff7a5"}
{"index": {"_index":"sim","_id":"1626223"}}
	{"id":1626223,"type":"sell","buyer":"solovey6o2","seller":"brofi-market","symbol":"SIM","quantity":"0.008","price":"0.00108284","timestamp":1633176537,"volume":"0.00000866","buyTxId":"0849cfcacfec27af6d54ad9f915bde2ae9420307","sellTxId":"21c81ef05ec5a0c7029937e63dd0e98f0d220af9"}
{"index": {"_index":"sim","_id":"1626412"}}
	{"id":1626412,"type":"buy","buyer":"kalid1997","seller":"dera123","symbol":"SIM","quantity":"3656.677","price":"0.00112000","timestamp":1633179420,"volume":"4.09547824","buyTxId":"8f577def16916d7498f2c976b2c11a3a7135e06b","sellTxId":"94fe63d09cc9ff0fbf33c6a854236f5793d59332"}
{"index": {"_index":"sim","_id":"1626451"}}
	{"id":1626451,"type":"buy","buyer":"deepsafe","seller":"dera123","symbol":"SIM","quantity":"9913.380","price":"0.00112000","timestamp":1633180068,"volume":"11.10298560","buyTxId":"02ee788b48c243159d5eccf9ca7e7090fb28eb3e","sellTxId":"94fe63d09cc9ff0fbf33c6a854236f5793d59332"}
{"index": {"_index":"sim","_id":"1626452"}}
	{"id":1626452,"type":"buy","buyer":"deepsafe","seller":"brofi-market","symbol":"SIM","quantity":"0.008","price":"0.00112000","timestamp":1633180068,"volume":"0.00000896","buyTxId":"02ee788b48c243159d5eccf9ca7e7090fb28eb3e","sellTxId":"20053ee9478ee6f6f01afd10613b34da77686d31"}
{"index": {"_index":"sim","_id":"1626453"}}
	{"id":1626453,"type":"buy","buyer":"deepsafe","seller":"master-lamps","symbol":"SIM","quantity":"144.535","price":"0.00112975","timestamp":1633180068,"volume":"0.16328842","buyTxId":"02ee788b48c243159d5eccf9ca7e7090fb28eb3e","sellTxId":"6af3fed4eb3ae44e39c2cdf5a37025cbb5279f86"}
{"index": {"_index":"sim","_id":"1626454"}}
	{"id":1626454,"type":"buy","buyer":"deepsafe","seller":"master-lamps","symbol":"SIM","quantity":"705.879","price":"0.00112975","timestamp":1633180068,"volume":"0.79746680","buyTxId":"02ee788b48c243159d5eccf9ca7e7090fb28eb3e","sellTxId":"c22a992c455e260535c23d633150605ede7269ea"}
{"index": {"_index":"sim","_id":"1626455"}}
	{"id":1626455,"type":"buy","buyer":"deepsafe","seller":"solovey6o2","symbol":"SIM","quantity":"13007.026","price":"0.00112999","timestamp":1633180068,"volume":"14.69780931","buyTxId":"02ee788b48c243159d5eccf9ca7e7090fb28eb3e","sellTxId":"52e6c9bbdabb77fc5091893fd1d6e485d45af65b"}
{"index": {"_index":"sim","_id":"1626456"}}
	{"id":1626456,"type":"buy","buyer":"deepsafe","seller":"solovey6o2","symbol":"SIM","quantity":"69810.001","price":"0.00112999","timestamp":1633180068,"volume":"78.88460303","buyTxId":"02ee788b48c243159d5eccf9ca7e7090fb28eb3e","sellTxId":"8a5c4a1d873f4d55cf7d91ca90763622726e98a6"}
{"index": {"_index":"sim","_id":"1626457"}}
	{"id":1626457,"type":"buy","buyer":"deepsafe","seller":"solovey6o2","symbol":"SIM","quantity":"31907.866","price":"0.00112999","timestamp":1633180068,"volume":"36.05556950","buyTxId":"02ee788b48c243159d5eccf9ca7e7090fb28eb3e","sellTxId":"810e439d54e9ba110c61d9a304d346ee5e23ed3e"}
{"index": {"_index":"sim","_id":"1626458"}}
	{"id":1626458,"type":"buy","buyer":"deepsafe","seller":"solovey6o2","symbol":"SIM","quantity":"11484.000","price":"0.00112999","timestamp":1633180068,"volume":"12.97680516","buyTxId":"02ee788b48c243159d5eccf9ca7e7090fb28eb3e","sellTxId":"96791adc483aaf75a79502f57068c4fdc638af98"}
{"index": {"_index":"sim","_id":"1626459"}}
	{"id":1626459,"type":"buy","buyer":"deepsafe","seller":"solovey6o2","symbol":"SIM","quantity":"7599.203","price":"0.00112999","timestamp":1633180068,"volume":"8.58702340","buyTxId":"02ee788b48c243159d5eccf9ca7e7090fb28eb3e","sellTxId":"16132f4f82b139324aac0dffabc9124ae3819fe1"}
{"index": {"_index":"sim","_id":"1626460"}}
	{"id":1626460,"type":"buy","buyer":"deepsafe","seller":"solovey6o2","symbol":"SIM","quantity":"10832.192","price":"0.00112999","timestamp":1633180068,"volume":"12.24026864","buyTxId":"02ee788b48c243159d5eccf9ca7e7090fb28eb3e","sellTxId":"fde0636833c085789365c856b7d135a82dbd9a3a"}
{"index": {"_index":"sim","_id":"1626461"}}
	{"id":1626461,"type":"buy","buyer":"deepsafe","seller":"steem69","symbol":"SIM","quantity":"4595.910","price":"0.00113000","timestamp":1633180068,"volume":"5.19337830","buyTxId":"02ee788b48c243159d5eccf9ca7e7090fb28eb3e","sellTxId":"f7291c00709f3b8a28cfe6d1bccd4d07e5bd9a3f"}
{"index": {"_index":"sim","_id":"1626498"}}
	{"id":1626498,"type":"buy","buyer":"kevinnag58","seller":"quekery","symbol":"SIM","quantity":"1000.000","price":"0.00112000","timestamp":1633180701,"volume":"1.12000000","buyTxId":"3b46ae43cd5e780409f25b8d983227f8f4346c7c","sellTxId":"c1800ef5c26d91eda3560f376ef106d9dc6bb842"}
{"index": {"_index":"sim","_id":"1626499"}}
	{"id":1626499,"type":"buy","buyer":"kevinnag58","seller":"steem69","symbol":"SIM","quantity":"778.761","price":"0.00113000","timestamp":1633180701,"volume":"0.88000000","buyTxId":"3b46ae43cd5e780409f25b8d983227f8f4346c7c","sellTxId":"f7291c00709f3b8a28cfe6d1bccd4d07e5bd9a3f"}
{"index": {"_index":"sim","_id":"1626652"}}
	{"id":1626652,"type":"sell","buyer":"master-lamps","seller":"pjansen.bcp","symbol":"SIM","quantity":"0.008","price":"0.00108387","timestamp":1633182873,"volume":"0.00000867","buyTxId":"a246960be79c0c4368c11779ec0113d2674ffaf2","sellTxId":"e9a7a65b3428e2ff1cb490b91ca17de2e63635fc"}
{"index": {"_index":"sim","_id":"1626663"}}
	{"id":1626663,"type":"sell","buyer":"master-lamps","seller":"invest4free","symbol":"SIM","quantity":"1299.000","price":"0.00108387","timestamp":1633183059,"volume":"1.40794713","buyTxId":"a246960be79c0c4368c11779ec0113d2674ffaf2","sellTxId":"e54f688d83a51eb98c35321759d642475e4612fc"}
{"index": {"_index":"sim","_id":"1626725"}}
	{"id":1626725,"type":"sell","buyer":"master-lamps","seller":"lammbock","symbol":"SIM","quantity":"81.602","price":"0.00108387","timestamp":1633183740,"volume":"0.08844596","buyTxId":"a246960be79c0c4368c11779ec0113d2674ffaf2","sellTxId":"b2842a3b856560ccb2830f62be20c6dda5816432"}
{"index": {"_index":"sim","_id":"1626726"}}
	{"id":1626726,"type":"sell","buyer":"solovey6o2","seller":"lammbock","symbol":"SIM","quantity":"560.398","price":"0.00108356","timestamp":1633183740,"volume":"0.60722486","buyTxId":"a378a33488b72bafca1d426ae7f6dd2c07b61162","sellTxId":"b2842a3b856560ccb2830f62be20c6dda5816432"}
{"index": {"_index":"sim","_id":"1626786"}}
	{"id":1626786,"type":"sell","buyer":"schindmaehre","seller":"ctrlyse","symbol":"SIM","quantity":"104.004","price":"0.00108375","timestamp":1633184835,"volume":"0.11271434","buyTxId":"f442afd8308f7550ca0c2a813f0f2bd3a3a76265","sellTxId":"3cb375376045c64a11ea241f213312b3ec65623d"}
{"index": {"_index":"sim","_id":"1626934"}}
	{"id":1626934,"type":"buy","buyer":"warc","seller":"solovey6o2","symbol":"SIM","quantity":"0.185","price":"0.00112999","timestamp":1633187079,"volume":"0.00020905","buyTxId":"1cd49266056ac368bf0e52d3f6a76f5d095383dd","sellTxId":"84494904edb7233c353efb94f4c60609129870a1"}
{"index": {"_index":"sim","_id":"1626986"}}
	{"id":1626986,"type":"buy","buyer":"deepsafe","seller":"master-lamps","symbol":"SIM","quantity":"1380.610","price":"0.00112974","timestamp":1633187718,"volume":"1.55973034","buyTxId":"fbc8a47860eeed4eae287bb73c1d32790651e408","sellTxId":"08b0c0d66fa659bc52cb8b7548bb79b91035876c"}
{"index": {"_index":"sim","_id":"1626987"}}
	{"id":1626987,"type":"buy","buyer":"deepsafe","seller":"solovey6o2","symbol":"SIM","quantity":"4533.369","price":"0.00112999","timestamp":1633187718,"volume":"5.12266164","buyTxId":"fbc8a47860eeed4eae287bb73c1d32790651e408","sellTxId":"84494904edb7233c353efb94f4c60609129870a1"}
{"index": {"_index":"sim","_id":"1626988"}}
	{"id":1626988,"type":"buy","buyer":"deepsafe","seller":"steem69","symbol":"SIM","quantity":"14086.021","price":"0.00113000","timestamp":1633187718,"volume":"15.91720373","buyTxId":"fbc8a47860eeed4eae287bb73c1d32790651e408","sellTxId":"f7291c00709f3b8a28cfe6d1bccd4d07e5bd9a3f"}
{"index": {"_index":"sim","_id":"1627001"}}
	{"id":1627001,"type":"sell","buyer":"jelly-cz","seller":"growerb","symbol":"SIM","quantity":"98","price":"0.00108397","timestamp":1633187823,"volume":"0.10622906","buyTxId":"MM-P-10951657-57936645-3-35-0","sellTxId":"5caf01c007728d18b643dc16581bcce695c52e1b"}
{"index": {"_index":"sim","_id":"1627169"}}
	{"id":1627169,"type":"buy","buyer":"mchero","seller":"schindmaehre","symbol":"SIM","quantity":"114.004","price":"0.00112895","timestamp":1633189317,"volume":"0.12870482","buyTxId":"8f6563041e52c6b3c5bdf107fcb734b5c3488a74","sellTxId":"b7d162fea909eba632451c8c4cc06631c39ab5dd"}
{"index": {"_index":"sim","_id":"1627170"}}
	{"id":1627170,"type":"sell","buyer":"mchero","seller":"genet","symbol":"SIM","quantity":"1885.996","price":"0.00112895","timestamp":1633189320,"volume":"2.12919518","buyTxId":"8f6563041e52c6b3c5bdf107fcb734b5c3488a74","sellTxId":"7caec01e0c5e9a1c965519f4beed9a612e679490-1"}
{"index": {"_index":"sim","_id":"1627225"}}
	{"id":1627225,"type":"sell","buyer":"master-lamps","seller":"gatticus","symbol":"SIM","quantity":"241.030","price":"0.00108458","timestamp":1633190079,"volume":"0.26141632","buyTxId":"29b5d729599fa8c3d4cdafda1d0b2cd8292a0e98","sellTxId":"70c3fd838b047c464a1dc3f947c6fe7020ceddda"}
{"index": {"_index":"sim","_id":"1627268"}}
	{"id":1627268,"type":"buy","buyer":"wizzitywillican","seller":"steem69","symbol":"SIM","quantity":"89.000","price":"0.00113000","timestamp":1633190736,"volume":"0.10057000","buyTxId":"8271551b6b7c46c758921af86e8bf529f67f1aa5","sellTxId":"f7291c00709f3b8a28cfe6d1bccd4d07e5bd9a3f"}
{"index": {"_index":"sim","_id":"1627273"}}
	{"id":1627273,"type":"buy","buyer":"he-index","seller":"steem69","symbol":"SIM","quantity":"212.986","price":"0.00113000","timestamp":1633190793,"volume":"0.24067418","buyTxId":"6fe5bf7ce1fd0d806805dc864d0f9a445e97e470","sellTxId":"f7291c00709f3b8a28cfe6d1bccd4d07e5bd9a3f"}
{"index": {"_index":"sim","_id":"1627319"}}
	{"id":1627319,"type":"sell","buyer":"master-lamps","seller":"brofi-market","symbol":"SIM","quantity":"0.001","price":"0.00108458","timestamp":1633191270,"volume":"0.00000108","buyTxId":"29b5d729599fa8c3d4cdafda1d0b2cd8292a0e98","sellTxId":"4f8153718b5870cdba5f229f24c4a0d9409a5a58"}
{"index": {"_index":"sim","_id":"1627355"}}
	{"id":1627355,"type":"buy","buyer":"eythorphoto","seller":"steem69","symbol":"SIM","quantity":"6000.000","price":"0.00113000","timestamp":1633191426,"volume":"6.78000000","buyTxId":"8a3d4cfe0afa2970d405ced2a011adc61f2932dc","sellTxId":"f7291c00709f3b8a28cfe6d1bccd4d07e5bd9a3f"}
{"index": {"_index":"sim","_id":"1627678"}}
	{"id":1627678,"type":"buy","buyer":"dkid14","seller":"steem69","symbol":"SIM","quantity":"4237.322","price":"0.00113000","timestamp":1633193880,"volume":"4.78817386","buyTxId":"411378440cb450fc9462472821331e610a50a784","sellTxId":"f7291c00709f3b8a28cfe6d1bccd4d07e5bd9a3f"}
{"index": {"_index":"sim","_id":"1627679"}}
	{"id":1627679,"type":"buy","buyer":"dkid14","seller":"eshr92","symbol":"SIM","quantity":"80.000","price":"0.00113000","timestamp":1633193880,"volume":"0.09040000","buyTxId":"411378440cb450fc9462472821331e610a50a784","sellTxId":"5ca5628b8815f32a15080ad33ccc0c259db0fb83"}
{"index": {"_index":"sim","_id":"1627680"}}
	{"id":1627680,"type":"buy","buyer":"dkid14","seller":"brofi-market","symbol":"SIM","quantity":"0.001","price":"0.00113000","timestamp":1633193880,"volume":"0.00000113","buyTxId":"411378440cb450fc9462472821331e610a50a784","sellTxId":"ef3f9936261e31115422604e258c3dadabd81fba"}
{"index": {"_index":"sim","_id":"1627682"}}
	{"id":1627682,"type":"sell","buyer":"dkid14","seller":"svirus","symbol":"SIM","quantity":"15682.677","price":"0.00113000","timestamp":1633193883,"volume":"17.72142501","buyTxId":"411378440cb450fc9462472821331e610a50a784","sellTxId":"7859ac405b7437cb2ecb3bca513a1f5194aaaccc-1"}
{"index": {"_index":"sim","_id":"1627729"}}
	{"id":1627729,"type":"buy","buyer":"kevinnag58","seller":"axeman","symbol":"SIM","quantity":"491.228","price":"0.00114000","timestamp":1633194417,"volume":"0.56","buyTxId":"a3dfc3e5d261823230892f5adb5d4b3586e9a12e","sellTxId":"9853b0572beede48d85a26947356e000a979821c"}
{"index": {"_index":"sim","_id":"1627737"}}
	{"id":1627737,"type":"buy","buyer":"kevinnag58","seller":"axeman","symbol":"SIM","quantity":"87.719","price":"0.00114000","timestamp":1633194474,"volume":"0.1","buyTxId":"2660ea239316da44ebb4e416faea4cbdc3689921","sellTxId":"9853b0572beede48d85a26947356e000a979821c"}
{"index": {"_index":"sim","_id":"1627740"}}
	{"id":1627740,"type":"sell","buyer":"jelly-cz","seller":"threesteps","symbol":"SIM","quantity":"27.524","price":"0.00108463","timestamp":1633194495,"volume":"0.02985336","buyTxId":"MM-P-10953852-57938840-3-35-0","sellTxId":"0ca86572db37bb9b8c3b9e050397b1e2dae5ab82"}
{"index": {"_index":"sim","_id":"1627771"}}
	{"id":1627771,"type":"buy","buyer":"mchero","seller":"axeman","symbol":"SIM","quantity":"1800.000","price":"0.00114000","timestamp":1633194714,"volume":"2.05200000","buyTxId":"4e700255b6f4c8982256bcb587d6c6e0784d37a8","sellTxId":"9853b0572beede48d85a26947356e000a979821c"}
{"index": {"_index":"sim","_id":"1627829"}}
	{"id":1627829,"type":"buy","buyer":"kevinnag58","seller":"axeman","symbol":"SIM","quantity":"877.192","price":"0.00114000","timestamp":1633195290,"volume":"1","buyTxId":"4c052ffe2c1d9c3ae0bf2bfbe7ba87b46a81fc17","sellTxId":"9853b0572beede48d85a26947356e000a979821c"}
{"index": {"_index":"sim","_id":"1627880"}}
	{"id":1627880,"type":"buy","buyer":"he-index","seller":"axeman","symbol":"SIM","quantity":"207.895","price":"0.00114000","timestamp":1633195593,"volume":"0.23700030","buyTxId":"f36ec41edaf743380002501d91266a4ae32f0dde","sellTxId":"9853b0572beede48d85a26947356e000a979821c"}
{"index": {"_index":"sim","_id":"1627909"}}
	{"id":1627909,"type":"buy","buyer":"stayten","seller":"axeman","symbol":"SIM","quantity":"1906.315","price":"0.00114000","timestamp":1633196001,"volume":"2.17319910","buyTxId":"ee19d52ba2cbf434a9b19abe4a46b376d4c6fb01","sellTxId":"9853b0572beede48d85a26947356e000a979821c"}
{"index": {"_index":"sim","_id":"1628161"}}
	{"id":1628161,"type":"sell","buyer":"schindmaehre","seller":"themightyvolcano","symbol":"SIM","quantity":"650.536","price":"0.00108525","timestamp":1633198881,"volume":"0.70599419","buyTxId":"7c83664e2b022452264f085b1f53312f8ee2c543","sellTxId":"db76f02e69fe328af79152d0d84a8164694aa9e3"}
{"index": {"_index":"sim","_id":"1628162"}}
	{"id":1628162,"type":"sell","buyer":"master-lamps","seller":"themightyvolcano","symbol":"SIM","quantity":"1253.337","price":"0.00108525","timestamp":1633198881,"volume":"1.36018398","buyTxId":"057a7b5b4ff6fe5947c3216df592f98f6f069590","sellTxId":"db76f02e69fe328af79152d0d84a8164694aa9e3"}
{"index": {"_index":"sim","_id":"1628163"}}
	{"id":1628163,"type":"sell","buyer":"master-lamps","seller":"themightyvolcano","symbol":"SIM","quantity":"1547.389","price":"0.00108525","timestamp":1633198881,"volume":"1.67930391","buyTxId":"d95294fe41e13177ff41fa8384841cc64efa9c3e","sellTxId":"db76f02e69fe328af79152d0d84a8164694aa9e3"}
{"index": {"_index":"sim","_id":"1628164"}}
	{"id":1628164,"type":"sell","buyer":"solovey6o2","seller":"themightyvolcano","symbol":"SIM","quantity":"132571.738","price":"0.00108506","timestamp":1633198881,"volume":"143.84829003","buyTxId":"4c5d7a47bf0f8d4332c6f7efb6f93678a1fdfe25","sellTxId":"db76f02e69fe328af79152d0d84a8164694aa9e3"}
{"index": {"_index":"sim","_id":"1628183"}}
	{"id":1628183,"type":"buy","buyer":"wizzitywillican","seller":"master-lamps","symbol":"SIM","quantity":"241.031","price":"0.00113848","timestamp":1633199109,"volume":"0.27440897","buyTxId":"e627f36b8657ddb06f2bced37a6ad1b875b5a1b2","sellTxId":"1764f0a92b6e5140286c441b570eabeed60f1e05"}
{"index": {"_index":"sim","_id":"1628184"}}
	{"id":1628184,"type":"buy","buyer":"wizzitywillican","seller":"master-lamps","symbol":"SIM","quantity":"375.969","price":"0.00113848","timestamp":1633199109,"volume":"0.42803319","buyTxId":"e627f36b8657ddb06f2bced37a6ad1b875b5a1b2","sellTxId":"5953296d0247fbcf51370828a54a9c6d258537e2"}
{"index": {"_index":"sim","_id":"1628219"}}
	{"id":1628219,"type":"sell","buyer":"master-lamps","seller":"imperij4427","symbol":"SIM","quantity":"647.100","price":"0.00108546","timestamp":1633199595,"volume":"0.70240117","buyTxId":"e9d0616870a47e1dd09b21c526e89cdb6a5b8507","sellTxId":"619e2b5eafeabfd7b7cd8aeb32b7e9a6a9ca3eb6"}
{"index": {"_index":"sim","_id":"1628220"}}
	{"id":1628220,"type":"sell","buyer":"solovey6o2","seller":"imperij4427","symbol":"SIM","quantity":"16775.900","price":"0.00108515","timestamp":1633199595,"volume":"18.20436789","buyTxId":"80c303360bc5b95c129bd17bcc192cd53afb405f","sellTxId":"619e2b5eafeabfd7b7cd8aeb32b7e9a6a9ca3eb6"}
{"index": {"_index":"sim","_id":"1628221"}}
	{"id":1628221,"type":"sell","buyer":"solovey6o2","seller":"holoferncro","symbol":"SIM","quantity":"28000.000","price":"0.00108515","timestamp":1633199610,"volume":"30.38420000","buyTxId":"80c303360bc5b95c129bd17bcc192cd53afb405f","sellTxId":"175b26605ca6541d5a63451a304e7e68585e709f"}
{"index": {"_index":"sim","_id":"1628258"}}
	{"id":1628258,"type":"sell","buyer":"solovey6o2","seller":"dhedge-drips","symbol":"SIM","quantity":"0.004","price":"0.00108521","timestamp":1633200324,"volume":"0.00000434","buyTxId":"49f02fac7fa754934fe6f391329ff230d2ab10c3","sellTxId":"4f60a851d5c52fccb73a1a4bff2bc447cd06b8bc"}
{"index": {"_index":"sim","_id":"1628471"}}
	{"id":1628471,"type":"sell","buyer":"solovey6o2","seller":"willsaldeno","symbol":"SIM","quantity":"2864.400","price":"0.00108545","timestamp":1633202787,"volume":"3.10916298","buyTxId":"5801226cbca09c99793e1fdedec539f991f82cc5","sellTxId":"b1c9e9500d80259c6169fcfb789fc736b8391210"}
{"index": {"_index":"sim","_id":"1628474"}}
	{"id":1628474,"type":"sell","buyer":"solovey6o2","seller":"heikki1337","symbol":"SIM","quantity":"2730.000","price":"0.00108548","timestamp":1633202940,"volume":"2.96336040","buyTxId":"cb0666ea586c410ffe98dee8e4c1c2d0d18958d5","sellTxId":"617439a88315dff28192d659152745feca58ba61"}
{"index": {"_index":"sim","_id":"1628585"}}
	{"id":1628585,"type":"sell","buyer":"jelly-cz","seller":"ctrlyse","symbol":"SIM","quantity":"100.000","price":"0.00108565","timestamp":1633204659,"volume":"0.10856500","buyTxId":"MM-P-10957244-57942233-3-35-0","sellTxId":"12df47a8e4ffba0860a76173c8b6599838a1b3cf"}
{"index": {"_index":"sim","_id":"1628633"}}
	{"id":1628633,"type":"sell","buyer":"mchero","seller":"barski","symbol":"SIM","quantity":"264.764","price":"0.00109000","timestamp":1633205472,"volume":"0.28859276","buyTxId":"df187d8f7acf974cc897033c21165b774fc7b563","sellTxId":"8721264c133f4be28df99203b85a60d51ec6df32"}
{"index": {"_index":"sim","_id":"1628648"}}
	{"id":1628648,"type":"sell","buyer":"solovey6o2","seller":"barski","symbol":"SIM","quantity":"27699.615","price":"0.00108575","timestamp":1633205628,"volume":"30.07485699","buyTxId":"e659cc8a93f86ccbb6a04fbfda63945e9d19892e","sellTxId":"722cdd62ea3528b0395b1be3c7a851d5ab581fdd"}
{"index": {"_index":"sim","_id":"1628669"}}
	{"id":1628669,"type":"sell","buyer":"solovey6o2","seller":"manoldonchev","symbol":"SIM","quantity":"2544.000","price":"0.00108578","timestamp":1633206009,"volume":"2.76222432","buyTxId":"664a32ac3b1b35e19d1484465fee9af409846eb7","sellTxId":"4792cca290bf67aa2750af6a59824b48321c36cc"}
{"index": {"_index":"sim","_id":"1628707"}}
	{"id":1628707,"type":"sell","buyer":"solovey6o2","seller":"monsterjamgold","symbol":"SIM","quantity":"4842.469","price":"0.00108584","timestamp":1633206558,"volume":"5.25814654","buyTxId":"6d7ac250dbd1b172ec27861428875ccf4fbcc925","sellTxId":"90ce1db465f5af295484cad2c33eecf18834a684"}
{"index": {"_index":"sim","_id":"1628743"}}
	{"id":1628743,"type":"sell","buyer":"jelly-cz","seller":"dera123","symbol":"SIM","quantity":"14571.046","price":"0.00108589","timestamp":1633207020,"volume":"15.82255314","buyTxId":"MM-P-10958042-57943031-3-35-0","sellTxId":"20e8bbe3996d834c109faf8747edde49c7dde161"}
{"index": {"_index":"sim","_id":"1628745"}}
	{"id":1628745,"type":"sell","buyer":"jelly-cz","seller":"gamsam","symbol":"SIM","quantity":"46355","price":"0.00108589","timestamp":1633207056,"volume":"50.33643095","buyTxId":"MM-P-10958042-57943031-3-35-0","sellTxId":"b6e0a6e7dbabe0727b2f05ba3ac03305595e4c39"}
{"index": {"_index":"sim","_id":"1628804"}}
	{"id":1628804,"type":"sell","buyer":"jelly-cz","seller":"deathwing","symbol":"SIM","quantity":"0.01","price":"0.00108589","timestamp":1633208106,"volume":"0.00001086","buyTxId":"MM-P-10958042-57943031-3-35-0","sellTxId":"6ff6f92b84ae9240efe6b59980b54baf19940146-0"}
{"index": {"_index":"sim","_id":"1628984"}}
	{"id":1628984,"type":"sell","buyer":"jelly-cz","seller":"eythorphoto","symbol":"SIM","quantity":"967.126","price":"0.00108589","timestamp":1633211322,"volume":"1.05019245","buyTxId":"MM-P-10958042-57943031-3-35-0","sellTxId":"fee7cb00b8418394cdd26f38b4eb719df37ee433"}
{"index": {"_index":"sim","_id":"1629012"}}
	{"id":1629012,"type":"sell","buyer":"jelly-cz","seller":"eythorphoto","symbol":"SIM","quantity":"1500.000","price":"0.00108589","timestamp":1633211916,"volume":"1.62883500","buyTxId":"MM-P-10958042-57943031-3-35-0","sellTxId":"e1e07862275ca942fd7e01c6aab3d4a3d1910439"}
{"index": {"_index":"sim","_id":"1629155"}}
	{"id":1629155,"type":"sell","buyer":"jelly-cz","seller":"megalithic","symbol":"SIM","quantity":"9673.000","price":"0.00108589","timestamp":1633214547,"volume":"10.50381397","buyTxId":"MM-P-10958042-57943031-3-35-0","sellTxId":"eda0640c1162f1804e300f42e0c2edcc66ea117d"}
{"index": {"_index":"sim","_id":"1629176"}}
	{"id":1629176,"type":"sell","buyer":"jelly-cz","seller":"nathanpieters","symbol":"SIM","quantity":"319.000","price":"0.00108589","timestamp":1633215129,"volume":"0.34639891","buyTxId":"MM-P-10958042-57943031-3-35-0","sellTxId":"d3b10690c5be4de193b2a0d17b3182cb41b30455"}
{"index": {"_index":"sim","_id":"1629230"}}
	{"id":1629230,"type":"buy","buyer":"eythorphoto","seller":"automaton","symbol":"SIM","quantity":"1079.075","price":"0.00109000","timestamp":1633216239,"volume":"1.17619175","buyTxId":"83291a18f432de2cb1b0aca1ec73169a94beedfd","sellTxId":"bf52dc41e0df5de9c843afaa1dc91deeb8ba7e7a"}
{"index": {"_index":"sim","_id":"1629250"}}
	{"id":1629250,"type":"sell","buyer":"jelly-cz","seller":"fantasycrypto","symbol":"SIM","quantity":"2128.912","price":"0.00108589","timestamp":1633216647,"volume":"2.31176425","buyTxId":"MM-P-10958042-57943031-3-35-0","sellTxId":"38a4e9bf687e1a22f01ddafea5c3c23715615639"}
{"index": {"_index":"sim","_id":"1629251"}}
	{"id":1629251,"type":"sell","buyer":"steem69","seller":"fantasycrypto","symbol":"SIM","quantity":"200.000","price":"0.00108000","timestamp":1633216647,"volume":"0.21600000","buyTxId":"b1ef6a371738261dc2be195e2c6d16d71124a3e1","sellTxId":"38a4e9bf687e1a22f01ddafea5c3c23715615639"}
{"index": {"_index":"sim","_id":"1629252"}}
	{"id":1629252,"type":"sell","buyer":"mchero","seller":"fantasycrypto","symbol":"SIM","quantity":"264.764","price":"0.00108000","timestamp":1633216647,"volume":"0.28594512","buyTxId":"beddc3e53cdc42e4ead71cc153a5e8455f42c25a","sellTxId":"38a4e9bf687e1a22f01ddafea5c3c23715615639"}
{"index": {"_index":"sim","_id":"1629253"}}
	{"id":1629253,"type":"buy","buyer":"konvik","seller":"fantasycrypto","symbol":"SIM","quantity":"17672.180","price":"0.00103000","timestamp":1633216650,"volume":"18.20234540","buyTxId":"0ee9ee99d91dbef39b1d156c4a93f637d111e570-0","sellTxId":"38a4e9bf687e1a22f01ddafea5c3c23715615639"}
{"index": {"_index":"sim","_id":"1629368"}}
	{"id":1629368,"type":"sell","buyer":"pi-trader","seller":"ayhamyou","symbol":"SIM","quantity":"18727.000","price":"0.00102543","timestamp":1633218600,"volume":"19.20322761","buyTxId":"3836a3a88417f56495dd7f674f62f7086a96cea8-3","sellTxId":"8135d6ffbb4f3f372fe979e553eb999d5e8c1dfe"}
{"index": {"_index":"sim","_id":"1629394"}}
	{"id":1629394,"type":"buy","buyer":"jwjqu.wam","seller":"automaton","symbol":"SIM","quantity":"1773.000","price":"0.00109000","timestamp":1633218999,"volume":"1.93257000","buyTxId":"c51ce914621f5f356aebc6ad32f5903e1d9451a7","sellTxId":"bf52dc41e0df5de9c843afaa1dc91deeb8ba7e7a"}
{"index": {"_index":"sim","_id":"1629506"}}
	{"id":1629506,"type":"sell","buyer":"pi-trader","seller":"bearbear613","symbol":"SIM","quantity":"1647.034","price":"0.00102574","timestamp":1633219869,"volume":"1.68942866","buyTxId":"bd832ad3a0c3cab9878f6bf4952ffe45b376c492-1","sellTxId":"66225ab39e4b6a1cd988ce43d366a90539b0d6be"}
{"index": {"_index":"sim","_id":"1629507"}}
	{"id":1629507,"type":"sell","buyer":"pi-trader","seller":"brofi-market","symbol":"SIM","quantity":"0.003","price":"0.00102574","timestamp":1633219872,"volume":"0.00000308","buyTxId":"bd832ad3a0c3cab9878f6bf4952ffe45b376c492-1","sellTxId":"05d525a376e782a5be236e2f63cc0c03ff5d4a98"}
{"index": {"_index":"sim","_id":"1629681"}}
	{"id":1629681,"type":"sell","buyer":"solovey6o2","seller":"dhedge-drips","symbol":"SIM","quantity":"0.001","price":"0.00102626","timestamp":1633221921,"volume":"0.00000103","buyTxId":"1c525bf155bfdc8032ca96cca71da88ad62ff22e","sellTxId":"3f4517f5e3be637fa1370517aad7e9258d69b5ef"}
{"index": {"_index":"sim","_id":"1629751"}}
	{"id":1629751,"type":"sell","buyer":"pi-trader","seller":"captaincryptic","symbol":"SIM","quantity":"1457.019","price":"0.00102656","timestamp":1633223001,"volume":"1.49571742","buyTxId":"a44fbe316d37b3a7e3cfef341fede723d407ebd3-1","sellTxId":"a125db2be8d353513a8d0907cde6fa9d4bf35e07"}
{"index": {"_index":"sim","_id":"1629769"}}
	{"id":1629769,"type":"buy","buyer":"svirus","seller":"balte","symbol":"SIM","quantity":"10000.000","price":"0.00103000","timestamp":1633223682,"volume":"10.30000000","buyTxId":"353301c6f15b80afbe20db1bf839156dd07fb0e4-0","sellTxId":"cd6ba15af67be5cee24729e52fa9f846916c9dcc"}
{"index": {"_index":"sim","_id":"1629830"}}
	{"id":1629830,"type":"buy","buyer":"marshmellowman","seller":"automaton","symbol":"SIM","quantity":"247.925","price":"0.00109000","timestamp":1633224750,"volume":"0.27023825","buyTxId":"4664fb4344f5582d2c9f0229b033120d3b3f9077","sellTxId":"bf52dc41e0df5de9c843afaa1dc91deeb8ba7e7a"}
{"index": {"_index":"sim","_id":"1629831"}}
	{"id":1629831,"type":"buy","buyer":"marshmellowman","seller":"leonardoalmaguer","symbol":"SIM","quantity":"670.075","price":"0.00109000","timestamp":1633224750,"volume":"0.73038175","buyTxId":"4664fb4344f5582d2c9f0229b033120d3b3f9077","sellTxId":"0099c2b682d280f19f079596df528100f77210b6"}
{"index": {"_index":"sim","_id":"1629833"}}
	{"id":1629833,"type":"buy","buyer":"marshmellowman","seller":"leonardoalmaguer","symbol":"SIM","quantity":"31.925","price":"0.00109000","timestamp":1633224789,"volume":"0.03479825","buyTxId":"927ec733f89945c4e533a6835c72c609653e2295","sellTxId":"0099c2b682d280f19f079596df528100f77210b6"}
{"index": {"_index":"sim","_id":"1629834"}}
	{"id":1629834,"type":"buy","buyer":"marshmellowman","seller":"brofi-market","symbol":"SIM","quantity":"0.003","price":"0.00109000","timestamp":1633224789,"volume":"0.00000327","buyTxId":"927ec733f89945c4e533a6835c72c609653e2295","sellTxId":"dc3fd6eeb1e0802f631f9193ab8c5095f0765bec"}
{"index": {"_index":"sim","_id":"1629835"}}
	{"id":1629835,"type":"buy","buyer":"marshmellowman","seller":"dhedge-drips","symbol":"SIM","quantity":"0.001","price":"0.00109000","timestamp":1633224789,"volume":"0.00000109","buyTxId":"927ec733f89945c4e533a6835c72c609653e2295","sellTxId":"b3312c672eeaf8472feec04018d726dd9f912e4a"}
{"index": {"_index":"sim","_id":"1629911"}}
	{"id":1629911,"type":"sell","buyer":"marshmellowman","seller":"andy4475","symbol":"SIM","quantity":"7.071","price":"0.00109000","timestamp":1633225599,"volume":"0.00770739","buyTxId":"927ec733f89945c4e533a6835c72c609653e2295","sellTxId":"981061c329f5b11490fff11c128d3305a3d80909"}
{"index": {"_index":"sim","_id":"1629912"}}
	{"id":1629912,"type":"sell","buyer":"he-index","seller":"andy4475","symbol":"SIM","quantity":"32.011","price":"0.00109000","timestamp":1633225599,"volume":"0.03489199","buyTxId":"c0266051840eac332011323845504614c6d93140","sellTxId":"981061c329f5b11490fff11c128d3305a3d80909"}
{"index": {"_index":"sim","_id":"1630044"}}
	{"id":1630044,"type":"sell","buyer":"he-index","seller":"browery","symbol":"SIM","quantity":"21.380","price":"0.00109000","timestamp":1633227150,"volume":"0.02330420","buyTxId":"c0266051840eac332011323845504614c6d93140","sellTxId":"23be4253f2e9e83bbcaa38ad6f7f97669a0e64b5"}
{"index": {"_index":"sim","_id":"1630189"}}
	{"id":1630189,"type":"buy","buyer":"stickupboys","seller":"taitux","symbol":"SIM","quantity":"2264.000","price":"0.00113000","timestamp":1633228917,"volume":"2.55832000","buyTxId":"d75538edc743f5c51c63c81247f554bfdcbbcd66","sellTxId":"afba8964b33e9ba1f39ff24b58aff33175f83235"}
{"index": {"_index":"sim","_id":"1630190"}}
	{"id":1630190,"type":"buy","buyer":"stickupboys","seller":"tussar11","symbol":"SIM","quantity":"5057.697","price":"0.00113000","timestamp":1633228917,"volume":"5.71519761","buyTxId":"d75538edc743f5c51c63c81247f554bfdcbbcd66","sellTxId":"03e563190b9d1abf7756172f1d17671053e2982c"}
