{"_id":4869487,"type":"sell","buyer":"superlab","seller":"dustindivitto","symbol":"SIM","quantity":"15861.000","price":"0.00034500","timestamp":1669264146,"volume":"5.47204500","buyTxId":"189f1bfbbaba39b1843b6dbaf085c057ccc50a7e","sellTxId":"39eb45266ad1c78159d7aaa7537e1ee344008656"},{"_id":4869639,"type":"buy","buyer":"metzli","seller":"nftmart.fees","symbol":"SIM","quantity":"25.000","price":"0.00034784","timestamp":1669266600,"volume":"0.00869600","buyTxId":"3b6d4979d7848e0cdcfa02f4ab471c004e1dc8c7","sellTxId":"b6e4e59af47d55297fec1bf1357de00f70b64b3e-0"},{"_id":4869692,"type":"buy","buyer":"bambukah","seller":"nftmart.fees","symbol":"SIM","quantity":"21.000","price":"0.00034784","timestamp":1669267500,"volume":"0.00730464","buyTxId":"7bd7ac4616696b7ea75ad83bfeb97be053293b56","sellTxId":"9448b99b855f585d694d3c48f44db48048ed3514-0"},{"_id":4869693,"type":"buy","buyer":"bambukah","seller":"jelly-cz","symbol":"SIM","quantity":"779.000","price":"0.00034785","timestamp":1669267500,"volume":"0.27097515","buyTxId":"7bd7ac4616696b7ea75ad83bfeb97be053293b56","sellTxId":"MM-P-22928213-69925416-3-31-0"},{"_id":4869696,"type":"buy","buyer":"bambukah","seller":"jelly-cz","symbol":"SIM","quantity":"10200.000","price":"0.00034785","timestamp":1669267602,"volume":"3.54807000","buyTxId":"f7bb9567edfe3d49d80ba4a7fc7bd5d42acb8463","sellTxId":"MM-P-22928213-69925416-3-31-0"},{"_id":4870413,"type":"sell","buyer":"superlab","seller":"onealfa.leo","symbol":"SIM","quantity":"4124.696","price":"0.00034500","timestamp":1669276923,"volume":"1.42302012","buyTxId":"189f1bfbbaba39b1843b6dbaf085c057ccc50a7e","sellTxId":"fb122acff72377efb0d86c1f8d30b16a5f184e07"},{"_id":4870494,"type":"sell","buyer":"god0","seller":"manoldonchev","symbol":"SIM","quantity":"9254.000","price":"0.00034501","timestamp":1669278093,"volume":"3.19272254","buyTxId":"52a70a008eef18b802f4860e24f0b97e30339605-0","sellTxId":"9119b114ec29e5c7b37b74a768a957db9943da57"},{"_id":4870506,"type":"sell","buyer":"superlab","seller":"dswap","symbol":"SIM","quantity":"85.721","price":"0.00034500","timestamp":1669278270,"volume":"0.02957375","buyTxId":"189f1bfbbaba39b1843b6dbaf085c057ccc50a7e","sellTxId":"1c0d2dcf4f7d932cfdd3c69968a7c9ae79fc84fc"},{"_id":4870542,"type":"buy","buyer":"sevenoh-fiveoh","seller":"nftmart.fees","symbol":"SIM","quantity":"19.000","price":"0.00034783","timestamp":1669278642,"volume":"0.00660877","buyTxId":"1ded76e8e9cd29ad810a1492ec6504d0a3c57be7","sellTxId":"7d99c552caf575ae7ccc9f224e4c43e27271bd12-0"},{"_id":4870543,"type":"buy","buyer":"sevenoh-fiveoh","seller":"master-lamps","symbol":"SIM","quantity":"18452.722","price":"0.00034784","timestamp":1669278642,"volume":"6.41859482","buyTxId":"1ded76e8e9cd29ad810a1492ec6504d0a3c57be7","sellTxId":"df2e2da92a94ee155f5e38dec0e4413aebe185ce"},{"_id":4870544,"type":"buy","buyer":"sevenoh-fiveoh","seller":"jelly-cz","symbol":"SIM","quantity":"27325.278","price":"0.00034785","timestamp":1669278642,"volume":"9.50509795","buyTxId":"1ded76e8e9cd29ad810a1492ec6504d0a3c57be7","sellTxId":"MM-P-22928213-69925416-3-31-0"},{"_id":4870628,"type":"buy","buyer":"sevenoh-fiveoh","seller":"nftmart.fees","symbol":"SIM","quantity":"16.000","price":"0.00034784","timestamp":1669279413,"volume":"0.00556544","buyTxId":"3b85b401d7b357f6d1e47205c3e34e69b575d84f","sellTxId":"cd8c728ddeda731b9c2f547bb4b4c595eb0dce90-0"},{"_id":4870629,"type":"buy","buyer":"sevenoh-fiveoh","seller":"jelly-cz","symbol":"SIM","quantity":"47984.000","price":"0.00034785","timestamp":1669279413,"volume":"16.69123440","buyTxId":"3b85b401d7b357f6d1e47205c3e34e69b575d84f","sellTxId":"MM-P-22928213-69925416-3-31-0"},{"_id":4870650,"type":"buy","buyer":"he-index","seller":"jelly-cz","symbol":"SIM","quantity":"339.227","price":"0.00034785","timestamp":1669279593,"volume":"0.11800011","buyTxId":"51a6493016db500f11add32447e6902127fe82d2","sellTxId":"MM-P-22928213-69925416-3-31-0"},{"_id":4871128,"type":"sell","buyer":"master-lamps","seller":"thegoliath","symbol":"SIM","quantity":"18604.083","price":"0.00034501","timestamp":1669286295,"volume":"6.41859468","buyTxId":"7b4ed98773a08bbc1bab0ff6a587e30863fc5061","sellTxId":"753d5dd5497c747d8ee5c697a1d868fb50ea1e56"},{"_id":4871129,"type":"sell","buyer":"god0","seller":"thegoliath","symbol":"SIM","quantity":"76742.667","price":"0.00034501","timestamp":1669286295,"volume":"26.47698754","buyTxId":"ff5a2c7433f2bce97f216ca254f6c8eddeaf7e8b-0","sellTxId":"753d5dd5497c747d8ee5c697a1d868fb50ea1e56"},{"_id":4871789,"type":"buy","buyer":"assassyn","seller":"nftmart.fees","symbol":"SIM","quantity":"80.000","price":"0.00034632","timestamp":1669294761,"volume":"0.02770560","buyTxId":"0152794ecedbc82e8386a9e6205cf4f1f7763e76","sellTxId":"dd0afa81d42eda26a58b6edbcd45efbad78c67d5-0"},{"_id":4871902,"type":"sell","buyer":"assassyn","seller":"nftmart.fees","symbol":"SIM","quantity":"70.000","price":"0.00034632","timestamp":1669295955,"volume":"0.02424240","buyTxId":"0152794ecedbc82e8386a9e6205cf4f1f7763e76","sellTxId":"2352cb95244b02544664c1afb327e93a73f9ee75-0"},{"_id":4871960,"type":"sell","buyer":"assassyn","seller":"ieronimus","symbol":"SIM","quantity":"0.002","price":"0.00034632","timestamp":1669296426,"volume":"0.00000069","buyTxId":"0152794ecedbc82e8386a9e6205cf4f1f7763e76","sellTxId":"3d619ced07514ad85d0a7d1a18de9bc902de9a7e"},{"_id":4871995,"type":"buy","buyer":"assassyn","seller":"jelly-cz","symbol":"SIM","quantity":"1000.000","price":"0.00034633","timestamp":1669296768,"volume":"0.34633000","buyTxId":"393ec0c026c652a4287a6b86a38e7ba9c60274f7","sellTxId":"MM-P-22943392-69940603-3-31-0"},{"_id":4872243,"type":"buy","buyer":"spiritverve","seller":"nftmart.fees","symbol":"SIM","quantity":"93.000","price":"0.00034632","timestamp":1669299948,"volume":"0.03220776","buyTxId":"913d592f705dd0c156bdb6559ea4cbda990062a6","sellTxId":"9072f7f02a656acc00086d493ce5768475f9dc81-0"},{"_id":4872306,"type":"sell","buyer":"he-index","seller":"poliwalt10","symbol":"SIM","quantity":"463.755","price":"0.00034501","timestamp":1669300731,"volume":"0.16000011","buyTxId":"e5e9daffaff9de9a7929dbfad94209429f126a7b","sellTxId":"8665f8618249203f0cba413d3c3de71edef8a0b0"},{"_id":4872317,"type":"sell","buyer":"superlab","seller":"poliwalt10","symbol":"SIM","quantity":"19739.895","price":"0.00034500","timestamp":1669300839,"volume":"6.81026378","buyTxId":"189f1bfbbaba39b1843b6dbaf085c057ccc50a7e","sellTxId":"f1be83abcd8c03c9b2d1de921a7ce54bc5681471"},{"_id":4872365,"type":"buy","buyer":"oople","seller":"nftmart.fees","symbol":"SIM","quantity":"81.000","price":"0.00034632","timestamp":1669301538,"volume":"0.02805192","buyTxId":"632303106df31b01172de0cb0a11cd9b131e676e","sellTxId":"f768c7fac3491418ec3dba227dc2993e6219e808-0"},{"_id":4872366,"type":"buy","buyer":"oople","seller":"jelly-cz","symbol":"SIM","quantity":"1258.000","price":"0.00034633","timestamp":1669301538,"volume":"0.43568314","buyTxId":"632303106df31b01172de0cb0a11cd9b131e676e","sellTxId":"MM-P-22943392-69940603-3-31-0"},{"_id":4872803,"type":"buy","buyer":"he-index","seller":"nftmart.fees","symbol":"SIM","quantity":"71.000","price":"0.00034631","timestamp":1669305393,"volume":"0.02458801","buyTxId":"e4ce9b99e332e715d99d7b67b333b633db59cf87","sellTxId":"e9b05a8d7d32af656ba61d7a5019afdcc4b8070c-0"},{"_id":4872804,"type":"buy","buyer":"he-index","seller":"master-lamps","symbol":"SIM","quantity":"408.312","price":"0.00034632","timestamp":1669305393,"volume":"0.14140661","buyTxId":"e4ce9b99e332e715d99d7b67b333b633db59cf87","sellTxId":"9de8a96264101f78f9f58a89bbc4be73b9b81c42"},{"_id":4872958,"type":"buy","buyer":"maryjane.main","seller":"nftmart.fees","symbol":"SIM","quantity":"61.000","price":"0.00034631","timestamp":1669306635,"volume":"0.02112491","buyTxId":"698d71024574f786aebb6ec6915bccffdf72bfca","sellTxId":"eea57dbe352497ab68eab9334011d3ffab38d2cd-0"},{"_id":4872959,"type":"buy","buyer":"maryjane.main","seller":"master-lamps","symbol":"SIM","quantity":"18559.404","price":"0.00034632","timestamp":1669306635,"volume":"6.42749279","buyTxId":"698d71024574f786aebb6ec6915bccffdf72bfca","sellTxId":"9de8a96264101f78f9f58a89bbc4be73b9b81c42"},{"_id":4872960,"type":"buy","buyer":"maryjane.main","seller":"jelly-cz","symbol":"SIM","quantity":"16379.596","price":"0.00034633","timestamp":1669306635,"volume":"5.67274548","buyTxId":"698d71024574f786aebb6ec6915bccffdf72bfca","sellTxId":"MM-P-22943392-69940603-3-31-0"},{"_id":4873559,"type":"sell","buyer":"master-lamps","seller":"eolianpariah2","symbol":"SIM","quantity":"4.064","price":"0.00034501","timestamp":1669310610,"volume":"0.00140212","buyTxId":"b7e9f75bf425839b529e6c73157b5c10c9dec1ec","sellTxId":"305ba103c21959e5153e4ed85041a158d89dba57"},{"_id":4873669,"type":"sell","buyer":"master-lamps","seller":"braaiboy","symbol":"SIM","quantity":"405.798","price":"0.00034501","timestamp":1669311447,"volume":"0.14000437","buyTxId":"b7e9f75bf425839b529e6c73157b5c10c9dec1ec","sellTxId":"79a9cf164dd79636a8d5b60ef986ad8601437413"},{"_id":4873670,"type":"sell","buyer":"master-lamps","seller":"braaiboy","symbol":"SIM","quantity":"44.202","price":"0.00034501","timestamp":1669311447,"volume":"0.01525013","buyTxId":"0ed1e645a078f0d118f68aa4881389daf21443cd","sellTxId":"79a9cf164dd79636a8d5b60ef986ad8601437413"},{"_id":4873868,"type":"buy","buyer":"automaton","seller":"nftmart.fees","symbol":"SIM","quantity":"46.000","price":"0.00034630","timestamp":1669313253,"volume":"0.01592980","buyTxId":"de5dc5bea7991e3aa77835228a0e166bfd8ac9e4","sellTxId":"fad06ed5232cc96ac6911962074d8f3f973c0d19-0"},{"_id":4873869,"type":"buy","buyer":"automaton","seller":"master-lamps","symbol":"SIM","quantity":"26.359","price":"0.00034632","timestamp":1669313253,"volume":"0.00912865","buyTxId":"de5dc5bea7991e3aa77835228a0e166bfd8ac9e4","sellTxId":"1bb21c059ab5e258fd2dd9519ef7f63c13ae881c"},{"_id":4873870,"type":"buy","buyer":"automaton","seller":"jelly-cz","symbol":"SIM","quantity":"8127.641","price":"0.00034633","timestamp":1669313253,"volume":"2.81484591","buyTxId":"de5dc5bea7991e3aa77835228a0e166bfd8ac9e4","sellTxId":"MM-P-22943392-69940603-3-31-0"},{"_id":4873988,"type":"sell","buyer":"master-lamps","seller":"archon-drips","symbol":"SIM","quantity":"25.005","price":"0.00034501","timestamp":1669314318,"volume":"0.00862698","buyTxId":"0ed1e645a078f0d118f68aa4881389daf21443cd","sellTxId":"5673f861e7854633ef9276372703de571f1b2b4c"},{"_id":4874833,"type":"buy","buyer":"spiritverve","seller":"nftmart.fees","symbol":"SIM","quantity":"366.000","price":"0.00034589","timestamp":1669323291,"volume":"0.12659574","buyTxId":"b5e1fc25fc8f49f672dd2909865f3320093178af","sellTxId":"ce3a66dbb8272dbf5503ed648f578e370fa85276-0"},{"_id":4874840,"type":"buy","buyer":"thegoliath","seller":"oscarps","symbol":"SIM","quantity":"11.698","price":"0.00034590","timestamp":1669323366,"volume":"0.00404634","buyTxId":"19c8b9ecef339477d7604cf1fdfaddb8a2409ae8","sellTxId":"c2d069f8fcdb288f9ad21d15a872eeb1314b3e15"},{"_id":4874841,"type":"buy","buyer":"thegoliath","seller":"archon-drips","symbol":"SIM","quantity":"25.005","price":"0.00034632","timestamp":1669323366,"volume":"0.00865973","buyTxId":"19c8b9ecef339477d7604cf1fdfaddb8a2409ae8","sellTxId":"c3b8be3a64e835c37185eafde2cb806745ed47b3"},{"_id":4874842,"type":"buy","buyer":"thegoliath","seller":"jelly-cz","symbol":"SIM","quantity":"101573.763","price":"0.00034633","timestamp":1669323366,"volume":"35.17804134","buyTxId":"19c8b9ecef339477d7604cf1fdfaddb8a2409ae8","sellTxId":"MM-P-22943392-69940603-3-31-0"},{"_id":4874843,"type":"buy","buyer":"thegoliath","seller":"stayoutoftherz","symbol":"SIM","quantity":"367.000","price":"0.00034784","timestamp":1669323366,"volume":"0.12765728","buyTxId":"19c8b9ecef339477d7604cf1fdfaddb8a2409ae8","sellTxId":"f11c7c3fa19d619724dbf5a305c761daac8ed1ab"},{"_id":4874844,"type":"buy","buyer":"thegoliath","seller":"myothuzar","symbol":"SIM","quantity":"110000.000","price":"0.00034784","timestamp":1669323366,"volume":"38.26240000","buyTxId":"19c8b9ecef339477d7604cf1fdfaddb8a2409ae8","sellTxId":"7a22b889839e1169da95a14e19d9155b99fb4f4d"},{"_id":4874845,"type":"buy","buyer":"thegoliath","seller":"onlydoge","symbol":"SIM","quantity":"42371.405","price":"0.00034935","timestamp":1669323366,"volume":"14.80245034","buyTxId":"19c8b9ecef339477d7604cf1fdfaddb8a2409ae8","sellTxId":"41477842437cafd7bddb8293872f537f7fdc64ce"},{"_id":4874846,"type":"buy","buyer":"thegoliath","seller":"avose","symbol":"SIM","quantity":"115250.166","price":"0.00034936","timestamp":1669323366,"volume":"40.26379799","buyTxId":"19c8b9ecef339477d7604cf1fdfaddb8a2409ae8","sellTxId":"2840894f9d2e2129c2799f0196fbef1409fc6e9e"},{"_id":4874847,"type":"buy","buyer":"thegoliath","seller":"archon-drips","symbol":"SIM","quantity":"25.362","price":"0.00034936","timestamp":1669323366,"volume":"0.00886047","buyTxId":"19c8b9ecef339477d7604cf1fdfaddb8a2409ae8","sellTxId":"44e64a656c94310f7d021e9435b3ff2212e3dc45"},{"_id":4874848,"type":"buy","buyer":"thegoliath","seller":"archon-drips","symbol":"SIM","quantity":"0.001","price":"0.00034936","timestamp":1669323366,"volume":"0.00000035","buyTxId":"19c8b9ecef339477d7604cf1fdfaddb8a2409ae8","sellTxId":"ce8d16ff5d235667e4227bad4eb49d15d49ead00"},{"_id":4874849,"type":"buy","buyer":"thegoliath","seller":"onealfa.leo","symbol":"SIM","quantity":"6668.745","price":"0.00034938","timestamp":1669323366,"volume":"2.32992613","buyTxId":"19c8b9ecef339477d7604cf1fdfaddb8a2409ae8","sellTxId":"48534a1638fa77b678d634ed555c41674b5898d9"},{"_id":4874850,"type":"buy","buyer":"thegoliath","seller":"archon-drips","symbol":"SIM","quantity":"26.158","price":"0.00035248","timestamp":1669323366,"volume":"0.00922017","buyTxId":"19c8b9ecef339477d7604cf1fdfaddb8a2409ae8","sellTxId":"a479b91f5f6844e74f8b53d13eba7a8e6f923be3"},{"_id":4874851,"type":"buy","buyer":"thegoliath","seller":"forsakensushi","symbol":"SIM","quantity":"5355.944","price":"0.00035598","timestamp":1669323366,"volume":"1.90660895","buyTxId":"19c8b9ecef339477d7604cf1fdfaddb8a2409ae8","sellTxId":"993884200c96a4c26a108007dbafce75e820bf55"},{"_id":4874852,"type":"buy","buyer":"thegoliath","seller":"axeman","symbol":"SIM","quantity":"1435.000","price":"0.00038350","timestamp":1669323366,"volume":"0.55032250","buyTxId":"19c8b9ecef339477d7604cf1fdfaddb8a2409ae8","sellTxId":"130625017cc6c606ae75d061cf173b30dc186c00"},{"_id":4874853,"type":"buy","buyer":"thegoliath","seller":"all.coin.hive","symbol":"SIM","quantity":"125642.987","price":"0.00038500","timestamp":1669323366,"volume":"48.37255000","buyTxId":"19c8b9ecef339477d7604cf1fdfaddb8a2409ae8","sellTxId":"1314f2ca6e911580e31ed32e926184fbf4fc0650-7"},{"_id":4874854,"type":"buy","buyer":"thegoliath","seller":"onealfa","symbol":"SIM","quantity":"26595.459","price":"0.00038504","timestamp":1669323366,"volume":"10.24031553","buyTxId":"19c8b9ecef339477d7604cf1fdfaddb8a2409ae8","sellTxId":"432a7b8eef6a1c1da591af6fd7a2b58fbd438b8d"},{"_id":4874855,"type":"buy","buyer":"thegoliath","seller":"enginemaker","symbol":"SIM","quantity":"14651.307","price":"0.00038686","timestamp":1669323366,"volume":"5.66800463","buyTxId":"19c8b9ecef339477d7604cf1fdfaddb8a2409ae8","sellTxId":"MM-P-22520898-69518039-3-2-0"},{"_id":4874860,"type":"sell","buyer":"master-lamps","seller":"valor2s","symbol":"SIM","quantity":"98.270","price":"0.00034501","timestamp":1669323378,"volume":"0.03390413","buyTxId":"0ed1e645a078f0d118f68aa4881389daf21443cd","sellTxId":"67f8679c85a270a13197e32b05a85c33da20e0ea"},{"_id":4874903,"type":"buy","buyer":"thegoliath","seller":"god0","symbol":"SIM","quantity":"13951.038","price":"0.00038534","timestamp":1669323753,"volume":"5.37589298","buyTxId":"150c30a5544e1134cf952c3b0567e669a6176e66","sellTxId":"14e306aaf9c81a46a8525dbd61f05b68d328b328"},{"_id":4874904,"type":"buy","buyer":"thegoliath","seller":"jelly-cz","symbol":"SIM","quantity":"48.962","price":"0.00038535","timestamp":1669323753,"volume":"0.01886751","buyTxId":"150c30a5544e1134cf952c3b0567e669a6176e66","sellTxId":"MM-P-22955277-69952492-3-31-0"},{"_id":4875071,"type":"buy","buyer":"cryptogillone","seller":"nftmart.fees","symbol":"SIM","quantity":"319.000","price":"0.00036232","timestamp":1669325634,"volume":"0.11558008","buyTxId":"bd33c51f15ff91420d1a6e41cef941a9d3d5644e","sellTxId":"5c96e009d86de6b3d22c52be877d2ba6113d7ee2-0"},{"_id":4875072,"type":"buy","buyer":"cryptogillone","seller":"jelly-cz","symbol":"SIM","quantity":"342.775","price":"0.00036233","timestamp":1669325634,"volume":"0.12419792","buyTxId":"bd33c51f15ff91420d1a6e41cef941a9d3d5644e","sellTxId":"MM-P-22955477-69952692-3-31-0"},{"_id":4875124,"type":"sell","buyer":"all.coin.hive","seller":"samsmith1971","symbol":"SIM","quantity":"197.567","price":"0.00034504","timestamp":1669326102,"volume":"0.06816852","buyTxId":"63ab8afb7aa55d0fed41cc3d439ebe8163debab0-0","sellTxId":"e4a011287baa53f74ec031e0a18f8c70d66ace43"},{"_id":4875339,"type":"buy","buyer":"pompeylad","seller":"nastyforce","symbol":"SIM","quantity":"1000.000","price":"0.00036230","timestamp":1669328292,"volume":"0.36230000","buyTxId":"f667497f4008e50079502fc3bdee0ff5938989a9","sellTxId":"71bceb8082d122d2cfa70c9502b82941613d59f7"},{"_id":4875340,"type":"buy","buyer":"pompeylad","seller":"nftmart.fees","symbol":"SIM","quantity":"277.000","price":"0.00036232","timestamp":1669328292,"volume":"0.10036264","buyTxId":"f667497f4008e50079502fc3bdee0ff5938989a9","sellTxId":"246e94fdf65e9ab3fcb1433ffc623a2ffa9fc0bc-0"},{"_id":4875341,"type":"buy","buyer":"pompeylad","seller":"jelly-cz","symbol":"SIM","quantity":"21602.746","price":"0.00036233","timestamp":1669328292,"volume":"7.82732296","buyTxId":"f667497f4008e50079502fc3bdee0ff5938989a9","sellTxId":"MM-P-22955477-69952692-3-31-0"},{"_id":4875416,"type":"buy","buyer":"he-index","seller":"nftmart.fees","symbol":"SIM","quantity":"241.000","price":"0.00036231","timestamp":1669328790,"volume":"0.08731671","buyTxId":"670a3ce98f51dbbbb2900e238cf3b1523ff814b3","sellTxId":"a995c78c5beecdf5721135405dda479259a4a3e5-0"},{"_id":4875417,"type":"buy","buyer":"he-index","seller":"jelly-cz","symbol":"SIM","quantity":"415.860","price":"0.00036233","timestamp":1669328790,"volume":"0.15067855","buyTxId":"670a3ce98f51dbbbb2900e238cf3b1523ff814b3","sellTxId":"MM-P-22955477-69952692-3-31-0"},{"_id":4875431,"type":"sell","buyer":"god0","seller":"elevator09","symbol":"SIM","quantity":"4527.062","price":"0.00034505","timestamp":1669329033,"volume":"1.56206274","buyTxId":"f22ffb6b43b790a6ebb737ef17918c0b344df187-0","sellTxId":"8b708ca25c5cf30603c2cad30fabe14d07fd4a51"},{"_id":4875434,"type":"sell","buyer":"god0","seller":"balte","symbol":"SIM","quantity":"4527.062","price":"0.00034505","timestamp":1669329057,"volume":"1.56206274","buyTxId":"49899569f413a45076a1bf1b4b009462f1a3618e-0","sellTxId":"52a3153967d2a6747ae0a3ba44c0b1230069ec12"},{"_id":4875435,"type":"sell","buyer":"god0","seller":"balte","symbol":"SIM","quantity":"95472.938","price":"0.00034505","timestamp":1669329057,"volume":"32.94293726","buyTxId":"ebe35285baeca58a550bf438f4a4f07a0c37b889-0","sellTxId":"52a3153967d2a6747ae0a3ba44c0b1230069ec12"},{"_id":4875741,"type":"sell","buyer":"all.coin.hive","seller":"nftmart.fees","symbol":"SIM","quantity":"210.000","price":"0.00034504","timestamp":1669331955,"volume":"0.07245840","buyTxId":"63ab8afb7aa55d0fed41cc3d439ebe8163debab0-0","sellTxId":"2e35d1f79e356f307482dfbe25995ff28d1d097b-0"},{"_id":4875807,"type":"buy","buyer":"ragnarokdel","seller":"he-index","symbol":"SIM","quantity":"66.141","price":"0.00034505","timestamp":1669332531,"volume":"0.02282195","buyTxId":"b1bbde046837b608f46e52c941d9bc00de8f0987","sellTxId":"097f4fd36af7d177f0ad458af99abb8a77fe93a9"},{"_id":4875808,"type":"buy","buyer":"ragnarokdel","seller":"jelly-cz","symbol":"SIM","quantity":"128272.859","price":"0.00036082","timestamp":1669332531,"volume":"46.28341298","buyTxId":"b1bbde046837b608f46e52c941d9bc00de8f0987","sellTxId":"MM-P-22957075-69954290-3-31-0"},{"_id":4875810,"type":"sell","buyer":"ragnarokdel","seller":"konvik","symbol":"SIM","quantity":"99900.815","price":"0.00035200","timestamp":1669332618,"volume":"35.16508688","buyTxId":"9bf8e07e94887c72187f3b759b9f4d8f06dba85e","sellTxId":"44440cd3274de2d39b32206f083e2fe94a15fdac-1"},{"_id":4875904,"type":"sell","buyer":"ragnarokdel","seller":"andy4475","symbol":"SIM","quantity":"99.185","price":"0.00035200","timestamp":1669333185,"volume":"0.03491312","buyTxId":"9bf8e07e94887c72187f3b759b9f4d8f06dba85e","sellTxId":"7d6df52a4c14d3acbdcf420725d82168cdbfc98b"},{"_id":4875905,"type":"sell","buyer":"all.coin.hive","seller":"andy4475","symbol":"SIM","quantity":"31.139","price":"0.00034504","timestamp":1669333185,"volume":"0.01074420","buyTxId":"63ab8afb7aa55d0fed41cc3d439ebe8163debab0-0","sellTxId":"7d6df52a4c14d3acbdcf420725d82168cdbfc98b"},{"_id":4876070,"type":"buy","buyer":"forsakensushi","seller":"nftmart.fees","symbol":"SIM","quantity":"202.000","price":"0.00035929","timestamp":1669334400,"volume":"0.07257658","buyTxId":"1d6805464815e0a4352c62f66436045e263c1e40","sellTxId":"d31ec2297ecbf2d6f5b278c63322f964281c8cd0-0"},{"_id":4876071,"type":"buy","buyer":"forsakensushi","seller":"jelly-cz","symbol":"SIM","quantity":"128137.000","price":"0.00035930","timestamp":1669334400,"volume":"46.03962410","buyTxId":"1d6805464815e0a4352c62f66436045e263c1e40","sellTxId":"MM-P-22958274-69955489-3-31-0"},{"_id":4876121,"type":"buy","buyer":"forsakensushi","seller":"jelly-cz","symbol":"SIM","quantity":"202.000","price":"0.00035930","timestamp":1669334544,"volume":"0.07257860","buyTxId":"271fb4d0514e7fd286e312084b527980cb47305c","sellTxId":"MM-P-22958274-69955489-3-31-0"},{"_id":4876122,"type":"buy","buyer":"forsakensushi","seller":"brickbybrick","symbol":"SIM","quantity":"8444.000","price":"0.00036100","timestamp":1669334544,"volume":"3.04828400","buyTxId":"271fb4d0514e7fd286e312084b527980cb47305c","sellTxId":"97855bfb5b92fbc5a75ea25599d7f87a1f7c4379"},{"_id":4876123,"type":"buy","buyer":"forsakensushi","seller":"enginemaker","symbol":"SIM","quantity":"141354.000","price":"0.00036384","timestamp":1669334544,"volume":"51.43023936","buyTxId":"271fb4d0514e7fd286e312084b527980cb47305c","sellTxId":"MM-P-22955477-69952692-3-2-0"},{"_id":4876150,"type":"buy","buyer":"forsakensushi","seller":"konvik","symbol":"SIM","quantity":"149851.084","price":"0.00035000","timestamp":1669334622,"volume":"52.44787940","buyTxId":"f3055538245fa7a8976bfb0fcbfc9517b8bd5656","sellTxId":"6cb614e5f4db0fa9a99558e9f0836103e0fa0f7f-1"},{"_id":4876151,"type":"sell","buyer":"forsakensushi","seller":"god0","symbol":"SIM","quantity":"148.916","price":"0.00035000","timestamp":1669334622,"volume":"0.05212060","buyTxId":"f3055538245fa7a8976bfb0fcbfc9517b8bd5656","sellTxId":"890ae79d59177ded88c0032c5a3ff5626915ee50"},{"_id":4876191,"type":"buy","buyer":"forsakensushi","seller":"god0","symbol":"SIM","quantity":"265387.742","price":"0.00034999","timestamp":1669334715,"volume":"92.88305582","buyTxId":"e00ee27bc568cbf38052569f1bdc0d89656b0e01","sellTxId":"b92f3e19600c87970fff297113a49cb46b9fcab6-1"},{"_id":4876227,"type":"sell","buyer":"all.coin.hive","seller":"konvik","symbol":"SIM","quantity":"72861.479","price":"0.00035004","timestamp":1669334886,"volume":"25.50443211","buyTxId":"d3b62dc85ff092b80ded495acef0133f4009403c-0","sellTxId":"d429358c2cce1cb181fc5c82884e5da7e4030a54-1"},{"_id":4877322,"type":"buy","buyer":"mushanov","seller":"nftmart.fees","symbol":"SIM","quantity":"176.000","price":"0.00036383","timestamp":1669348398,"volume":"0.06403408","buyTxId":"95f94680a17d729233886156638238f619eef899","sellTxId":"ff0e9bd24af7b6c33713abf0992c6f9df0230eca-0"},{"_id":4877323,"type":"buy","buyer":"mushanov","seller":"enginemaker","symbol":"SIM","quantity":"8624.000","price":"0.00036384","timestamp":1669348398,"volume":"3.13775616","buyTxId":"95f94680a17d729233886156638238f619eef899","sellTxId":"MM-P-22955477-69952692-3-2-0"},{"_id":4877325,"type":"buy","buyer":"mushanov","seller":"enginemaker","symbol":"SIM","quantity":"22.000","price":"0.00036384","timestamp":1669348500,"volume":"0.00800448","buyTxId":"b6392b152ad7e9f6ff008806421014ff0d836f12","sellTxId":"MM-P-22955477-69952692-3-2-0"},{"_id":4877326,"type":"buy","buyer":"mushanov","seller":"konvik","symbol":"SIM","quantity":"8615.542","price":"0.00036400","timestamp":1669348500,"volume":"3.13605729","buyTxId":"b6392b152ad7e9f6ff008806421014ff0d836f12","sellTxId":"44e60aef6763689ef35537e6683ee67a4407d19e-1"},{"_id":4877327,"type":"sell","buyer":"mushanov","seller":"konvik","symbol":"SIM","quantity":"8662.458","price":"0.00036500","timestamp":1669348500,"volume":"3.16179717","buyTxId":"b6392b152ad7e9f6ff008806421014ff0d836f12","sellTxId":"8c3a32d413cc7994a8786087f6bd86fffb5576e4-1"