{"index": {"_index":"sim","_id":"1306782"}}
	{"id":1306782,"type":"sell","buyer":"ecoinstant","seller":"valor2s","symbol":"SIM","quantity":"23.000","price":"0.00157008","timestamp":1628134089,"volume":"0.03611184","buyTxId":"db35dfc668dfe52c46770ae00dfbe5c6e9f3ee07","sellTxId":"b92378d24a55a3d665a3d5d127a6d2e6e5187c8e"}
{"index": {"_index":"sim","_id":"1306813"}}
	{"id":1306813,"type":"sell","buyer":"ecoinstant","seller":"lifeskills-tv","symbol":"SIM","quantity":"681.040","price":"0.00157008","timestamp":1628134683,"volume":"1.06928728","buyTxId":"db35dfc668dfe52c46770ae00dfbe5c6e9f3ee07","sellTxId":"d1049f5ded96843b76fdee1eb898af48f0b339b8"}
{"index": {"_index":"sim","_id":"1306838"}}
	{"id":1306838,"type":"buy","buyer":"konvik","seller":"tussar11","symbol":"SIM","quantity":"8954.000","price":"0.00181008","timestamp":1628135562,"volume":"16.20745632","buyTxId":"2d30060c1630109ec7a9187fa7a7e1882f3c0a96-0","sellTxId":"8edfb3a93ae8bdb531366181f574b3d7520598f4"}
{"index": {"_index":"sim","_id":"1306892"}}
	{"id":1306892,"type":"buy","buyer":"konvik","seller":"jemmarti","symbol":"SIM","quantity":"26000.000","price":"0.00181997","timestamp":1628136522,"volume":"47.31922000","buyTxId":"e8bcf1ae2aa777a5ad8142104388b4782a56bc3a-0","sellTxId":"5c84d356e2a030ab316719ea103ce239d4e4234e"}
{"index": {"_index":"sim","_id":"1306901"}}
	{"id":1306901,"type":"buy","buyer":"d-pend","seller":"nftmart.fees","symbol":"SIM","quantity":"232.000","price":"0.00181996","timestamp":1628136702,"volume":"0.42223072","buyTxId":"3bd630fd52558fc8b35fb195301eac7a139881db","sellTxId":"bb623cab9259a2b1750c29ed78ffedb6b09b5812-0"}
{"index": {"_index":"sim","_id":"1306902"}}
	{"id":1306902,"type":"buy","buyer":"d-pend","seller":"martusamak","symbol":"SIM","quantity":"1310.000","price":"0.00182000","timestamp":1628136702,"volume":"2.38420000","buyTxId":"3bd630fd52558fc8b35fb195301eac7a139881db","sellTxId":"20f0d80ea7fc7a5bbf151abe1f53e477f0a15eca"}
{"index": {"_index":"sim","_id":"1306903"}}
	{"id":1306903,"type":"buy","buyer":"d-pend","seller":"eshr92","symbol":"SIM","quantity":"186.000","price":"0.00183000","timestamp":1628136702,"volume":"0.34038000","buyTxId":"3bd630fd52558fc8b35fb195301eac7a139881db","sellTxId":"877e584221938252966e92d27acf458323e13040"}
{"index": {"_index":"sim","_id":"1306904"}}
	{"id":1306904,"type":"buy","buyer":"d-pend","seller":"nastyforce","symbol":"SIM","quantity":"750.000","price":"0.00183000","timestamp":1628136702,"volume":"1.37250000","buyTxId":"3bd630fd52558fc8b35fb195301eac7a139881db","sellTxId":"350c21a8c870f302b89a0a57c10ab1568c24b741"}
{"index": {"_index":"sim","_id":"1306905"}}
	{"id":1306905,"type":"buy","buyer":"d-pend","seller":"onecent","symbol":"SIM","quantity":"315.347","price":"0.00184000","timestamp":1628136702,"volume":"0.58023848","buyTxId":"3bd630fd52558fc8b35fb195301eac7a139881db","sellTxId":"bf5390d8aa19056cd038edc9dfc28eae7573e178"}
{"index": {"_index":"sim","_id":"1306906"}}
	{"id":1306906,"type":"buy","buyer":"d-pend","seller":"accelerator","symbol":"SIM","quantity":"888.000","price":"0.00185000","timestamp":1628136702,"volume":"1.64280000","buyTxId":"3bd630fd52558fc8b35fb195301eac7a139881db","sellTxId":"63ed397174eb3d701d02a98baea17eb7c0d25cd1"}
{"index": {"_index":"sim","_id":"1306907"}}
	{"id":1306907,"type":"buy","buyer":"d-pend","seller":"onecent","symbol":"SIM","quantity":"664.160","price":"0.00185400","timestamp":1628136702,"volume":"1.23135264","buyTxId":"3bd630fd52558fc8b35fb195301eac7a139881db","sellTxId":"b703e5410ec953b4c719691c61b4a91b99402f9d"}
{"index": {"_index":"sim","_id":"1306908"}}
	{"id":1306908,"type":"buy","buyer":"d-pend","seller":"hossain525","symbol":"SIM","quantity":"654.493","price":"0.00185500","timestamp":1628136702,"volume":"1.21408452","buyTxId":"3bd630fd52558fc8b35fb195301eac7a139881db","sellTxId":"ab18fa85b76e523accd5367dd61c462742098eaa"}
{"index": {"_index":"sim","_id":"1306909"}}
	{"id":1306909,"type":"buy","buyer":"d-pend","seller":"hossain525","symbol":"SIM","quantity":"497.507","price":"0.00185500","timestamp":1628136732,"volume":"0.92287549","buyTxId":"1d4a5c3adc47b2889ac7608e84a6917780eb2d05","sellTxId":"ab18fa85b76e523accd5367dd61c462742098eaa"}
{"index": {"_index":"sim","_id":"1306910"}}
	{"id":1306910,"type":"buy","buyer":"d-pend","seller":"mapac","symbol":"SIM","quantity":"1233.000","price":"0.00185600","timestamp":1628136732,"volume":"2.28844800","buyTxId":"1d4a5c3adc47b2889ac7608e84a6917780eb2d05","sellTxId":"b59822a2b8da0bed23ddb6a4ea0dcaa9111c8cdf"}
{"index": {"_index":"sim","_id":"1306911"}}
	{"id":1306911,"type":"buy","buyer":"d-pend","seller":"solovey6o2","symbol":"SIM","quantity":"269.493","price":"0.00185997","timestamp":1628136732,"volume":"0.50124890","buyTxId":"1d4a5c3adc47b2889ac7608e84a6917780eb2d05","sellTxId":"056e7111d813ae22f8b6cce955c2d0da393fb18d"}
{"index": {"_index":"sim","_id":"1306925"}}
	{"id":1306925,"type":"sell","buyer":"ecoinstant","seller":"brofi-market","symbol":"SIM","quantity":"83.026","price":"0.00157008","timestamp":1628136882,"volume":"0.13035746","buyTxId":"db35dfc668dfe52c46770ae00dfbe5c6e9f3ee07","sellTxId":"506ad17ea9451c166cd302e7196daf05ad9d39a6"}
{"index": {"_index":"sim","_id":"1306938"}}
	{"id":1306938,"type":"sell","buyer":"ecoinstant","seller":"trentonlundy1","symbol":"SIM","quantity":"0.165","price":"0.00157008","timestamp":1628137026,"volume":"0.00025906","buyTxId":"db35dfc668dfe52c46770ae00dfbe5c6e9f3ee07","sellTxId":"17a24caaafc9a47d059fef2e118497894e376ce2"}
{"index": {"_index":"sim","_id":"1307051"}}
	{"id":1307051,"type":"buy","buyer":"eythorphoto","seller":"nftmart.fees","symbol":"SIM","quantity":"202.000","price":"0.00185996","timestamp":1628138733,"volume":"0.37571192","buyTxId":"8d35611377061e0c554a0d1e678c29188cc40ca5","sellTxId":"435e33186922c3716e24263a41eabcec6b100edb-0"}
{"index": {"_index":"sim","_id":"1307053"}}
	{"id":1307053,"type":"sell","buyer":"ecoinstant","seller":"thesimguru","symbol":"SIM","quantity":"2996.990","price":"0.00157008","timestamp":1628138787,"volume":"4.70551406","buyTxId":"db35dfc668dfe52c46770ae00dfbe5c6e9f3ee07","sellTxId":"9b3ece2006daaf77307cde50a92b32b55bab9bf5"}
{"index": {"_index":"sim","_id":"1307054"}}
	{"id":1307054,"type":"buy","buyer":"eythorphoto","seller":"solovey6o2","symbol":"SIM","quantity":"850.000","price":"0.00185997","timestamp":1628138790,"volume":"1.58097450","buyTxId":"c93f28bc5906221e8eee6e317dc5140e373c6656","sellTxId":"056e7111d813ae22f8b6cce955c2d0da393fb18d"}
{"index": {"_index":"sim","_id":"1307096"}}
	{"id":1307096,"type":"buy","buyer":"he-index","seller":"nftmart.fees","symbol":"SIM","quantity":"103.227","price":"0.00185996","timestamp":1628139660,"volume":"0.19199809","buyTxId":"d234ea9debc328af5f27fd0333de1776f4879663","sellTxId":"96b6466f3eb4a9c37972cdd8b6bc674ccca22e8a-0"}
{"index": {"_index":"sim","_id":"1307106"}}
	{"id":1307106,"type":"sell","buyer":"ecoinstant","seller":"kishan006","symbol":"SIM","quantity":"33391.000","price":"0.00157008","timestamp":1628139993,"volume":"52.42654128","buyTxId":"db35dfc668dfe52c46770ae00dfbe5c6e9f3ee07","sellTxId":"8cf220023f19f27ee6b883f557ce9c3944dd3ad7"}
{"index": {"_index":"sim","_id":"1307129"}}
	{"id":1307129,"type":"sell","buyer":"ecoinstant","seller":"winebank","symbol":"SIM","quantity":"2130.000","price":"0.00157008","timestamp":1628141127,"volume":"3.34427040","buyTxId":"db35dfc668dfe52c46770ae00dfbe5c6e9f3ee07","sellTxId":"ff3d173f0ac144bf5edd69a9167c0a5a80b857b4"}
{"index": {"_index":"sim","_id":"1307147"}}
	{"id":1307147,"type":"sell","buyer":"ecoinstant","seller":"theshaki","symbol":"SIM","quantity":"55.751","price":"0.00157008","timestamp":1628141571,"volume":"0.08753353","buyTxId":"db35dfc668dfe52c46770ae00dfbe5c6e9f3ee07","sellTxId":"1cd22700755f918c34e447324f9fc39e394fd7d1"}
{"index": {"_index":"sim","_id":"1307148"}}
	{"id":1307148,"type":"buy","buyer":"konvik","seller":"imperij4427","symbol":"SIM","quantity":"46794.000","price":"0.00170000","timestamp":1628141577,"volume":"79.54980000","buyTxId":"7b3787c7cb72086503bfc989da5936fb8aea9621-0","sellTxId":"9d52034a6073b90a86ce9e4ac5a52b2b47a6a401"}
{"index": {"_index":"sim","_id":"1307157"}}
	{"id":1307157,"type":"buy","buyer":"d-pend","seller":"nftmart.fees","symbol":"SIM","quantity":"162.000","price":"0.00182999","timestamp":1628141874,"volume":"0.29645838","buyTxId":"3ed690243d87aa1ac4cbb192c0bb3ff9cd6732fa","sellTxId":"0b9c8ac271a87d620f043607a40e3ed739961784-0"}
{"index": {"_index":"sim","_id":"1307158"}}
	{"id":1307158,"type":"buy","buyer":"d-pend","seller":"nolyoi","symbol":"SIM","quantity":"2938.000","price":"0.00183000","timestamp":1628141874,"volume":"5.37654000","buyTxId":"3ed690243d87aa1ac4cbb192c0bb3ff9cd6732fa","sellTxId":"9f150f5097bc8c72ba99d961dd4b3c67194074a2"}
{"index": {"_index":"sim","_id":"1307214"}}
	{"id":1307214,"type":"sell","buyer":"nastyforce","seller":"juanvegetarian","symbol":"SIM","quantity":"750.000","price":"0.00159000","timestamp":1628143629,"volume":"1.19250000","buyTxId":"a2222dfd79daa57794b066e9f72f0c4e3bc5a540","sellTxId":"457f980c525a0a2f075fcce496b8905a83b89ec7"}
{"index": {"_index":"sim","_id":"1307228"}}
	{"id":1307228,"type":"buy","buyer":"nastyforce","seller":"nftmart.fees","symbol":"SIM","quantity":"123.000","price":"0.00158999","timestamp":1628143857,"volume":"0.19556877","buyTxId":"7d1c73060f786f0c1bd4c4310ae3ec6ece699226","sellTxId":"8bc4221442dc35c8d8b57c2c598442f940ebdb01-0"}
{"index": {"_index":"sim","_id":"1307239"}}
	{"id":1307239,"type":"sell","buyer":"d-pend","seller":"monsterbuster","symbol":"SIM","quantity":"251.587","price":"0.00158000","timestamp":1628144325,"volume":"0.39750746","buyTxId":"d9402a1f759df371d2ff0ec065ca2f1cb8e89e35","sellTxId":"f5da8dfec951b7511a27a316ca10a19f1d61dd82"}
{"index": {"_index":"sim","_id":"1307259"}}
	{"id":1307259,"type":"buy","buyer":"hamsterpoweriii","seller":"juanvegetarian","symbol":"SIM","quantity":"326.000","price":"0.00159000","timestamp":1628144772,"volume":"0.51834000","buyTxId":"6ab0dee3b8bf6c3390806cb1fe0204e59715e30b","sellTxId":"457f980c525a0a2f075fcce496b8905a83b89ec7"}
{"index": {"_index":"sim","_id":"1307300"}}
	{"id":1307300,"type":"buy","buyer":"konvik","seller":"atomcollector","symbol":"SIM","quantity":"3300.000","price":"0.00180000","timestamp":1628145321,"volume":"5.94000000","buyTxId":"7872894c661d6799a75c146de4b5bc251d8a0e90-0","sellTxId":"106827bde9f5b2107803165c08c2d579e40212e3"}
{"index": {"_index":"sim","_id":"1307315"}}
	{"id":1307315,"type":"buy","buyer":"konvik","seller":"looftee","symbol":"SIM","quantity":"15022.000","price":"0.00176000","timestamp":1628145450,"volume":"26.43872000","buyTxId":"f8edcb7709e5ddf6964fcf7dee9ef96e10af2c1b-0","sellTxId":"0dc3929a50631af7fc8038b4fd28a0286ca3a095"}
{"index": {"_index":"sim","_id":"1307328"}}
	{"id":1307328,"type":"sell","buyer":"d-pend","seller":"dhedge-drips","symbol":"SIM","quantity":"7.783","price":"0.00158000","timestamp":1628145927,"volume":"0.01229714","buyTxId":"d9402a1f759df371d2ff0ec065ca2f1cb8e89e35","sellTxId":"f19d29ead401754ce3cff776117932c9ccb4da02"}
{"index": {"_index":"sim","_id":"1307391"}}
	{"id":1307391,"type":"buy","buyer":"konvik","seller":"mamolya","symbol":"SIM","quantity":"2859.000","price":"0.00175000","timestamp":1628148282,"volume":"5.00325000","buyTxId":"9adaae9f1b7d03abc18cabf4131ea5b0d028db6f-0","sellTxId":"718fed368edf775b04b3dc7a4667b5b31dc3a586"}
{"index": {"_index":"sim","_id":"1307394"}}
	{"id":1307394,"type":"buy","buyer":"konvik","seller":"nftmart.fees","symbol":"SIM","quantity":"125.000","price":"0.00180997","timestamp":1628148423,"volume":"0.22624625","buyTxId":"6cf904d13177368cf076591e313e51f5474ccb9f-0","sellTxId":"9da60b5cd42c6bd277a70c8bcbb2f5c543c5723d-0"}
{"index": {"_index":"sim","_id":"1307395"}}
	{"id":1307395,"type":"buy","buyer":"konvik","seller":"solovey6o2","symbol":"SIM","quantity":"128840.600","price":"0.00180997","timestamp":1628148423,"volume":"233.19762078","buyTxId":"6cf904d13177368cf076591e313e51f5474ccb9f-0","sellTxId":"d1223ee8ef9854cdfd2deb922d27b55b52c3cc07"}
{"index": {"_index":"sim","_id":"1307414"}}
	{"id":1307414,"type":"sell","buyer":"virtualinsanity","seller":"danewilliams","symbol":"SIM","quantity":"140.000","price":"0.00160000","timestamp":1628149368,"volume":"0.22400000","buyTxId":"d391f1dfb62b42f75ffec46783affee0872ecb6b","sellTxId":"a2d373231a91a05af4a8e1e242c2004239f079d9"}
{"index": {"_index":"sim","_id":"1307427"}}
	{"id":1307427,"type":"buy","buyer":"konvik","seller":"nftmart.fees","symbol":"SIM","quantity":"109.000","price":"0.00180996","timestamp":1628149521,"volume":"0.19728564","buyTxId":"ae5ce31391f18c2404795dbc51f24baf89a1e259-0","sellTxId":"15bb98c72b7779a597568cc6750912f2a7788ec2-0"}
{"index": {"_index":"sim","_id":"1307428"}}
	{"id":1307428,"type":"buy","buyer":"konvik","seller":"solovey6o2","symbol":"SIM","quantity":"26365.017","price":"0.00180997","timestamp":1628149521,"volume":"47.71988982","buyTxId":"ae5ce31391f18c2404795dbc51f24baf89a1e259-0","sellTxId":"d1223ee8ef9854cdfd2deb922d27b55b52c3cc07"}
{"index": {"_index":"sim","_id":"1307439"}}
	{"id":1307439,"type":"sell","buyer":"virtualinsanity","seller":"ebingo","symbol":"SIM","quantity":"2500.000","price":"0.00160000","timestamp":1628149683,"volume":"4.00000000","buyTxId":"d391f1dfb62b42f75ffec46783affee0872ecb6b","sellTxId":"beb75be5d1bbb67b1647585a0ab2721743d961ef"}
{"index": {"_index":"sim","_id":"1307440"}}
	{"id":1307440,"type":"sell","buyer":"hossain525","seller":"ebingo","symbol":"SIM","quantity":"4554.000","price":"0.00159000","timestamp":1628149683,"volume":"7.24086000","buyTxId":"d7484b7609737dd4a6819c964445b3a5f2e4fe17","sellTxId":"beb75be5d1bbb67b1647585a0ab2721743d961ef"}
{"index": {"_index":"sim","_id":"1307441"}}
	{"id":1307441,"type":"sell","buyer":"solovey6o2","seller":"ebingo","symbol":"SIM","quantity":"48045.962","price":"0.00158003","timestamp":1628149683,"volume":"75.91406134","buyTxId":"3cef9222a8e710d9d1c3bef99112cce6a1167793","sellTxId":"beb75be5d1bbb67b1647585a0ab2721743d961ef"}
{"index": {"_index":"sim","_id":"1307504"}}
	{"id":1307504,"type":"sell","buyer":"solovey6o2","seller":"brofi-market","symbol":"SIM","quantity":"0.001","price":"0.00158003","timestamp":1628151003,"volume":"0.00000158","buyTxId":"3cef9222a8e710d9d1c3bef99112cce6a1167793","sellTxId":"50f0ece335ee490ef5a87aaf3991cba1373fbedc"}
{"index": {"_index":"sim","_id":"1307544"}}
	{"id":1307544,"type":"sell","buyer":"solovey6o2","seller":"shebe","symbol":"SIM","quantity":"32.107","price":"0.00158003","timestamp":1628151822,"volume":"0.05073002","buyTxId":"3cef9222a8e710d9d1c3bef99112cce6a1167793","sellTxId":"6a70e5125c6267cf6784530de6d27ff9f946f116"}
{"index": {"_index":"sim","_id":"1307552"}}
	{"id":1307552,"type":"sell","buyer":"solovey6o2","seller":"adikhen","symbol":"SIM","quantity":"115.020","price":"0.00158003","timestamp":1628151957,"volume":"0.18173505","buyTxId":"3cef9222a8e710d9d1c3bef99112cce6a1167793","sellTxId":"4a37aa8baf680c1a00f31a3dd9bb56f9917644f3"}
{"index": {"_index":"sim","_id":"1307553"}}
	{"id":1307553,"type":"sell","buyer":"solovey6o2","seller":"khussan","symbol":"SIM","quantity":"69.110","price":"0.00158003","timestamp":1628151963,"volume":"0.10919587","buyTxId":"3cef9222a8e710d9d1c3bef99112cce6a1167793","sellTxId":"3d7da1002c9a01947c0bb6bb052b970d5dd732a6"}
{"index": {"_index":"sim","_id":"1307606"}}
	{"id":1307606,"type":"sell","buyer":"solovey6o2","seller":"muenchen","symbol":"SIM","quantity":"42306.000","price":"0.00158003","timestamp":1628153232,"volume":"66.84474918","buyTxId":"3cef9222a8e710d9d1c3bef99112cce6a1167793","sellTxId":"51b63bfc2ee90945555e2ea38ac84bfc04314fef"}
{"index": {"_index":"sim","_id":"1307621"}}
	{"id":1307621,"type":"sell","buyer":"solovey6o2","seller":"lightcaptured","symbol":"SIM","quantity":"707.252","price":"0.00158003","timestamp":1628153712,"volume":"1.11747938","buyTxId":"3cef9222a8e710d9d1c3bef99112cce6a1167793","sellTxId":"1fc61d6776194884b9b4d7cef468496a8ce88ea9"}
{"index": {"_index":"sim","_id":"1307662"}}
	{"id":1307662,"type":"sell","buyer":"solovey6o2","seller":"forykw","symbol":"SIM","quantity":"31710.140","price":"0.00158003","timestamp":1628154459,"volume":"50.10297250","buyTxId":"3cef9222a8e710d9d1c3bef99112cce6a1167793","sellTxId":"193152e3982cb6c6641d96dc372060c1442351aa"}
{"index": {"_index":"sim","_id":"1307663"}}
	{"id":1307663,"type":"sell","buyer":"solovey6o2","seller":"forykw","symbol":"SIM","quantity":"16639.776","price":"0.00158003","timestamp":1628154459,"volume":"26.29134527","buyTxId":"0bbc6e7774b20f67d46cae58fbb370096f6d388a","sellTxId":"193152e3982cb6c6641d96dc372060c1442351aa"}
{"index": {"_index":"sim","_id":"1307683"}}
	{"id":1307683,"type":"sell","buyer":"solovey6o2","seller":"slobberchops","symbol":"SIM","quantity":"237.603","price":"0.00158003","timestamp":1628154822,"volume":"0.37541987","buyTxId":"0bbc6e7774b20f67d46cae58fbb370096f6d388a","sellTxId":"073c8cd54d3277fdd3a534184ffa2bec95c8312e"}
{"index": {"_index":"sim","_id":"1307703"}}
	{"id":1307703,"type":"sell","buyer":"solovey6o2","seller":"clubfungus","symbol":"SIM","quantity":"13363.914","price":"0.00158003","timestamp":1628155257,"volume":"21.11538504","buyTxId":"0bbc6e7774b20f67d46cae58fbb370096f6d388a","sellTxId":"1ab2cb61dc9f2d398c7a926ab6b0ac0261bf2338"}
{"index": {"_index":"sim","_id":"1307810"}}
	{"id":1307810,"type":"buy","buyer":"nastyforce","seller":"nftmart.fees","symbol":"SIM","quantity":"100.000","price":"0.00179999","timestamp":1628157195,"volume":"0.17999900","buyTxId":"23239e1780f4fec34ba9d16a03973bf35896814c","sellTxId":"fb750ed2f43abc02d30b80a9d79bf7e7237df5ad-0"}
{"index": {"_index":"sim","_id":"1307812"}}
	{"id":1307812,"type":"buy","buyer":"konvik","seller":"eythorphoto","symbol":"SIM","quantity":"17890.753","price":"0.00179000","timestamp":1628157282,"volume":"32.02444787","buyTxId":"cf6d797368e3e1d87e79d640f1476a258a693116-0","sellTxId":"9adccd2d6a957ac9eeef036b956dbeb399fb1233"}
{"index": {"_index":"sim","_id":"1307821"}}
	{"id":1307821,"type":"sell","buyer":"solovey6o2","seller":"anosys","symbol":"SIM","quantity":"24.042","price":"0.00158003","timestamp":1628157510,"volume":"0.03798708","buyTxId":"f5d20714158ee1970df9b2c28e6a2ebba72f9648","sellTxId":"5094ac0335cbda5f7b664d3c4f2a76609c3585fa"}
{"index": {"_index":"sim","_id":"1307839"}}
	{"id":1307839,"type":"sell","buyer":"solovey6o2","seller":"andy4475","symbol":"SIM","quantity":"42.546","price":"0.00158003","timestamp":1628158047,"volume":"0.06722396","buyTxId":"f5d20714158ee1970df9b2c28e6a2ebba72f9648","sellTxId":"2a2a3c331002e722b7f3f22fb2c382af37225a84"}
{"index": {"_index":"sim","_id":"1307844"}}
	{"id":1307844,"type":"sell","buyer":"solovey6o2","seller":"libertycrypto27","symbol":"SIM","quantity":"1964.000","price":"0.00158003","timestamp":1628158101,"volume":"3.10317892","buyTxId":"f5d20714158ee1970df9b2c28e6a2ebba72f9648","sellTxId":"79d0efc960bef505db7b8c0186d0cb15ef7e6aa7"}
{"index": {"_index":"sim","_id":"1307876"}}
	{"id":1307876,"type":"sell","buyer":"solovey6o2","seller":"eythorphoto","symbol":"SIM","quantity":"4436.643","price":"0.00158003","timestamp":1628159067,"volume":"7.01002904","buyTxId":"f5d20714158ee1970df9b2c28e6a2ebba72f9648","sellTxId":"a86caca1ed47f97f3b69278adc45da8d6cb483dc"}
{"index": {"_index":"sim","_id":"1307877"}}
	{"id":1307877,"type":"sell","buyer":"d-pend","seller":"eythorphoto","symbol":"SIM","quantity":"19740.630","price":"0.00158000","timestamp":1628159067,"volume":"31.19019540","buyTxId":"d9402a1f759df371d2ff0ec065ca2f1cb8e89e35","sellTxId":"a86caca1ed47f97f3b69278adc45da8d6cb483dc"}
{"index": {"_index":"sim","_id":"1307926"}}
	{"id":1307926,"type":"sell","buyer":"ecoinstant","seller":"eythorphoto","symbol":"SIM","quantity":"5500.000","price":"0.00157008","timestamp":1628160687,"volume":"8.63544000","buyTxId":"db35dfc668dfe52c46770ae00dfbe5c6e9f3ee07","sellTxId":"99279af73d9d77776012feaecd421ec8582f269d"}
{"index": {"_index":"sim","_id":"1307948"}}
	{"id":1307948,"type":"buy","buyer":"juanmiguelsalas","seller":"nftmart.fees","symbol":"SIM","quantity":"151.000","price":"0.00178998","timestamp":1628161269,"volume":"0.27028698","buyTxId":"48d96a174676a18b1565f6bbc3df4e249dc52886","sellTxId":"38974bcf3cb9b81cb622d96e0dd6fe436986bf05-0"}
{"index": {"_index":"sim","_id":"1307949"}}
	{"id":1307949,"type":"buy","buyer":"juanmiguelsalas","seller":"solovey6o2","symbol":"SIM","quantity":"5096.000","price":"0.00178999","timestamp":1628161269,"volume":"9.12178904","buyTxId":"48d96a174676a18b1565f6bbc3df4e249dc52886","sellTxId":"d7fb9c99be0320246bad6ae4ff3bb6a652aa0d76"}
{"index": {"_index":"sim","_id":"1307955"}}
	{"id":1307955,"type":"sell","buyer":"ecoinstant","seller":"trumpman","symbol":"SIM","quantity":"1157.519","price":"0.00157008","timestamp":1628161503,"volume":"1.81739743","buyTxId":"db35dfc668dfe52c46770ae00dfbe5c6e9f3ee07","sellTxId":"c70cc205bbee32a46946312253bf17b7d39e3aae"}
{"index": {"_index":"sim","_id":"1307966"}}
	{"id":1307966,"type":"sell","buyer":"ecoinstant","seller":"ash","symbol":"SIM","quantity":"6452.711","price":"0.00157008","timestamp":1628161803,"volume":"10.13127249","buyTxId":"db35dfc668dfe52c46770ae00dfbe5c6e9f3ee07","sellTxId":"21d36a58340a82abec46caccf62c19213651bbea"}
{"index": {"_index":"sim","_id":"1308024"}}
	{"id":1308024,"type":"sell","buyer":"ecoinstant","seller":"justinparke","symbol":"SIM","quantity":"5677.449","price":"0.00157008","timestamp":1628162817,"volume":"8.91404913","buyTxId":"db35dfc668dfe52c46770ae00dfbe5c6e9f3ee07","sellTxId":"44085f031cb5c8c8b6303cb6378104e5f3638749"}
{"index": {"_index":"sim","_id":"1308056"}}
	{"id":1308056,"type":"sell","buyer":"ecoinstant","seller":"captaincryptic","symbol":"SIM","quantity":"948.660","price":"0.00157008","timestamp":1628163672,"volume":"1.48947209","buyTxId":"db35dfc668dfe52c46770ae00dfbe5c6e9f3ee07","sellTxId":"b27f24f899df043acc4754676cd7839899ae25ac"}
{"index": {"_index":"sim","_id":"1308079"}}
	{"id":1308079,"type":"sell","buyer":"ecoinstant","seller":"clubfungus","symbol":"SIM","quantity":"9300.142","price":"0.00157008","timestamp":1628164230,"volume":"14.60196695","buyTxId":"db35dfc668dfe52c46770ae00dfbe5c6e9f3ee07","sellTxId":"d36a03cf7c8d30f0ecc8ba358698f9efe4a6da11"}
{"index": {"_index":"sim","_id":"1308080"}}
	{"id":1308080,"type":"sell","buyer":"dcityfund","seller":"clubfungus","symbol":"SIM","quantity":"33851.864","price":"0.00157000","timestamp":1628164263,"volume":"53.14742648","buyTxId":"9d446a753c38d1b3585c0bda406fb236d310ff5a","sellTxId":"8882b20a6fe878c603d7b586d73c08300d13e42d"}
{"index": {"_index":"sim","_id":"1308092"}}
	{"id":1308092,"type":"sell","buyer":"gerber","seller":"bigram13","symbol":"SIM","quantity":"13800.000","price":"0.00159000","timestamp":1628164536,"volume":"21.94200000","buyTxId":"b829fec3a3e9f91e4c89363849495e93e249cc0f","sellTxId":"4783cf21ba7d86dfb13228f92621fdfc4fb3dfba"}
{"index": {"_index":"sim","_id":"1308117"}}
	{"id":1308117,"type":"buy","buyer":"gerber","seller":"solovey6o2","symbol":"SIM","quantity":"6145.285","price":"0.00178999","timestamp":1628165319,"volume":"11","buyTxId":"90645ded74229d01915c12e17d222b82aa74db34","sellTxId":"d7fb9c99be0320246bad6ae4ff3bb6a652aa0d76"}
{"index": {"_index":"sim","_id":"1308155"}}
	{"id":1308155,"type":"sell","buyer":"gerber","seller":"thesimguru","symbol":"SIM","quantity":"3430.761","price":"0.00163000","timestamp":1628166063,"volume":"5.59214043","buyTxId":"19c70acd991e3242f21de2f830d278b1edc7ab95","sellTxId":"776e1df75d28a7f7b707c21c6b0a5580310a84d3"}
{"index": {"_index":"sim","_id":"1308212"}}
	{"id":1308212,"type":"sell","buyer":"gerber","seller":"dhedge-drips","symbol":"SIM","quantity":"0.001","price":"0.00163000","timestamp":1628167521,"volume":"0.00000163","buyTxId":"19c70acd991e3242f21de2f830d278b1edc7ab95","sellTxId":"b38942057bd1f079918699acff735ffeff8ded45"}
{"index": {"_index":"sim","_id":"1308232"}}
	{"id":1308232,"type":"sell","buyer":"gerber","seller":"megalithic","symbol":"SIM","quantity":"33000.000","price":"0.00163000","timestamp":1628167836,"volume":"53.79000000","buyTxId":"19c70acd991e3242f21de2f830d278b1edc7ab95","sellTxId":"08b7e99a9c69a6b7d13440ac7a13a875dac351ff"}
{"index": {"_index":"sim","_id":"1308326"}}
	{"id":1308326,"type":"sell","buyer":"gerber","seller":"casilokodesing","symbol":"SIM","quantity":"225.000","price":"0.00163000","timestamp":1628170614,"volume":"0.36675000","buyTxId":"19c70acd991e3242f21de2f830d278b1edc7ab95","sellTxId":"5eca05d105a456624887f1afa290f1f6b495f8aa"}
{"index": {"_index":"sim","_id":"1308328"}}
	{"id":1308328,"type":"sell","buyer":"gerber","seller":"miketr","symbol":"SIM","quantity":"1000.000","price":"0.00163000","timestamp":1628170620,"volume":"1.63000000","buyTxId":"19c70acd991e3242f21de2f830d278b1edc7ab95","sellTxId":"a230f5fc2bdc882ddcec8c902a4f2edd4a9d236b"}
{"index": {"_index":"sim","_id":"1308354"}}
	{"id":1308354,"type":"sell","buyer":"gerber","seller":"trentonlundy1","symbol":"SIM","quantity":"0.006","price":"0.00163000","timestamp":1628171310,"volume":"0.00000978","buyTxId":"19c70acd991e3242f21de2f830d278b1edc7ab95","sellTxId":"0e1f41d4a8de03b987961c390d1ffc17f57f432f"}
{"index": {"_index":"sim","_id":"1308398"}}
	{"id":1308398,"type":"buy","buyer":"weddinggift","seller":"nftmart.fees","symbol":"SIM","quantity":"75.000","price":"0.00177996","timestamp":1628172267,"volume":"0.13349700","buyTxId":"d44a024f39950715516ac0320a38ba8b96b47f73","sellTxId":"14f688d0d727ef340922d9b5303e8ffe13da3033-0"}
{"index": {"_index":"sim","_id":"1308426"}}
	{"id":1308426,"type":"buy","buyer":"weddinggift","seller":"nftmart.fees","symbol":"SIM","quantity":"136.000","price":"0.00177995","timestamp":1628172714,"volume":"0.24207320","buyTxId":"0829cb4aaabe277a0fc46a2095a3b557c5dc217e","sellTxId":"0455cf786148121bed45d0991c7c46e5425ff3a6-0"}
{"index": {"_index":"sim","_id":"1308492"}}
	{"id":1308492,"type":"sell","buyer":"weddinggift","seller":"epilatero","symbol":"SIM","quantity":"26.000","price":"0.00177996","timestamp":1628173509,"volume":"0.04627896","buyTxId":"0829cb4aaabe277a0fc46a2095a3b557c5dc217e","sellTxId":"f8e3c53f5f6623bdff34fa2d7782745b73c29d74"}
{"index": {"_index":"sim","_id":"1308493"}}
	{"id":1308493,"type":"sell","buyer":"gerber","seller":"epilatero","symbol":"SIM","quantity":"272.000","price":"0.00163000","timestamp":1628173509,"volume":"0.44336000","buyTxId":"19c70acd991e3242f21de2f830d278b1edc7ab95","sellTxId":"f8e3c53f5f6623bdff34fa2d7782745b73c29d74"}
{"index": {"_index":"sim","_id":"1308551"}}
	{"id":1308551,"type":"sell","buyer":"gerber","seller":"theoriginal86","symbol":"SIM","quantity":"2000.000","price":"0.00163000","timestamp":1628174703,"volume":"3.26000000","buyTxId":"19c70acd991e3242f21de2f830d278b1edc7ab95","sellTxId":"8ec2d39c8a1460e6f078d3c19430b01352793def"}
{"index": {"_index":"sim","_id":"1308553"}}
	{"id":1308553,"type":"sell","buyer":"gerber","seller":"teenagecrypto","symbol":"SIM","quantity":"4227.564","price":"0.00163000","timestamp":1628174814,"volume":"6.89092932","buyTxId":"19c70acd991e3242f21de2f830d278b1edc7ab95","sellTxId":"e0fe02db0e3fba3dfcb931293eaef2ca1342d367"}
{"index": {"_index":"sim","_id":"1308579"}}
	{"id":1308579,"type":"sell","buyer":"gerber","seller":"eythorphoto","symbol":"SIM","quantity":"2000.000","price":"0.00163000","timestamp":1628175570,"volume":"3.26000000","buyTxId":"19c70acd991e3242f21de2f830d278b1edc7ab95","sellTxId":"00929fd1aad29492c4fee8c3ea5438521027e254"}
{"index": {"_index":"sim","_id":"1308588"}}
	{"id":1308588,"type":"buy","buyer":"konvik","seller":"mary.janikowski","symbol":"SIM","quantity":"44580.505","price":"0.00177000","timestamp":1628175888,"volume":"78.90749385","buyTxId":"da36048af43b46657de162441c53886375b855b6-0","sellTxId":"b74f5b8d366479f2abf4e6f7c1f1f9757ad1556c"}
{"index": {"_index":"sim","_id":"1308746"}}
	{"id":1308746,"type":"sell","buyer":"gerber","seller":"wearealive","symbol":"SIM","quantity":"21.409","price":"0.00163000","timestamp":1628177847,"volume":"0.03489667","buyTxId":"19c70acd991e3242f21de2f830d278b1edc7ab95","sellTxId":"844c2b28359721c329c1b9c6a586b7e8df55756e"}
{"index": {"_index":"sim","_id":"1308780"}}
	{"id":1308780,"type":"sell","buyer":"gerber","seller":"piotr42","symbol":"SIM","quantity":"10000.000","price":"0.00163000","timestamp":1628178306,"volume":"16.30000000","buyTxId":"19c70acd991e3242f21de2f830d278b1edc7ab95","sellTxId":"4a11992a19a237156d343260b9cf1b9d85d289d0"}
{"index": {"_index":"sim","_id":"1308838"}}
	{"id":1308838,"type":"sell","buyer":"gerber","seller":"gatticus","symbol":"SIM","quantity":"196.310","price":"0.00163000","timestamp":1628179599,"volume":"0.31998530","buyTxId":"19c70acd991e3242f21de2f830d278b1edc7ab95","sellTxId":"1622c5d104b8d97114508178d2723c94b1fe1197"}
{"index": {"_index":"sim","_id":"1308839"}}
	{"id":1308839,"type":"buy","buyer":"rambo21","seller":"nftmart.fees","symbol":"SIM","quantity":"112.000","price":"0.00177994","timestamp":1628179617,"volume":"0.19935328","buyTxId":"4dad9759251237a33fae4b16d5a01405076525c8","sellTxId":"a7cfc59ef316f0f67190b2087eaf0899012c157f-0"}
{"index": {"_index":"sim","_id":"1308840"}}
	{"id":1308840,"type":"buy","buyer":"rambo21","seller":"fitcoin","symbol":"SIM","quantity":"871.000","price":"0.00178000","timestamp":1628179617,"volume":"1.55038000","buyTxId":"4dad9759251237a33fae4b16d5a01405076525c8","sellTxId":"313a1dbdfb20a7870159d98220f4a2ba93d52d21"}
{"index": {"_index":"sim","_id":"1308841"}}
	{"id":1308841,"type":"buy","buyer":"rambo21","seller":"dhedge-drips","symbol":"SIM","quantity":"0.001","price":"0.00178000","timestamp":1628179617,"volume":"0.00000178","buyTxId":"4dad9759251237a33fae4b16d5a01405076525c8","sellTxId":"39d6aa42abcbf7e736a95cf013c09c8770ac6e8c"}
{"index": {"_index":"sim","_id":"1308890"}}
	{"id":1308890,"type":"sell","buyer":"rambo21","seller":"quantumg","symbol":"SIM","quantity":"16.999","price":"0.00178000","timestamp":1628180130,"volume":"0.03025822","buyTxId":"4dad9759251237a33fae4b16d5a01405076525c8","sellTxId":"6c118f3998525ae9afcd076e7ec271046483841d"}
{"index": {"_index":"sim","_id":"1308979"}}
	{"id":1308979,"type":"sell","buyer":"gerber","seller":"florian-glechner","symbol":"SIM","quantity":"16.000","price":"0.00163000","timestamp":1628180667,"volume":"0.02608000","buyTxId":"19c70acd991e3242f21de2f830d278b1edc7ab95","sellTxId":"d70c17f0d40fca1c0a738020ab39559cca6b20ac"}
{"index": {"_index":"sim","_id":"1309002"}}
	{"id":1309002,"type":"buy","buyer":"konvik","seller":"quantumg","symbol":"SIM","quantity":"591.001","price":"0.00178000","timestamp":1628180835,"volume":"1.05198178","buyTxId":"eadbf426beb00fb2906c5ed0ebc21bad12f16697-0","sellTxId":"6c118f3998525ae9afcd076e7ec271046483841d"}
{"index": {"_index":"sim","_id":"1309003"}}
	{"id":1309003,"type":"buy","buyer":"konvik","seller":"solovey6o2","symbol":"SIM","quantity":"158447.857","price":"0.00178499","timestamp":1628180835,"volume":"282.82784027","buyTxId":"eadbf426beb00fb2906c5ed0ebc21bad12f16697-0","sellTxId":"61b96cd15948a0c1964cef85373e74aedd7806ac"}
{"index": {"_index":"sim","_id":"1309004"}}
	{"id":1309004,"type":"buy","buyer":"konvik","seller":"solovey6o2","symbol":"SIM","quantity":"589.411","price":"0.00178499","timestamp":1628180838,"volume":"1.05209274","buyTxId":"52b342717621b7c043a3d1f00619a7bdfcb0c100-0","sellTxId":"61b96cd15948a0c1964cef85373e74aedd7806ac"}
{"index": {"_index":"sim","_id":"1309005"}}
	{"id":1309005,"type":"buy","buyer":"konvik","seller":"kaseldz","symbol":"SIM","quantity":"44868.683","price":"0.00178500","timestamp":1628180838,"volume":"80.09059916","buyTxId":"52b342717621b7c043a3d1f00619a7bdfcb0c100-0","sellTxId":"ea0d591ff44e66aa54437557f5997cda608926b9"}
{"index": {"_index":"sim","_id":"1309006"}}
	{"id":1309006,"type":"buy","buyer":"konvik","seller":"kaseldz","symbol":"SIM","quantity":"588.957","price":"0.00178500","timestamp":1628180841,"volume":"1.05128825","buyTxId":"ee4026c2af778538b13fd4f2795d101655d30c26-0","sellTxId":"ea0d591ff44e66aa54437557f5997cda608926b9"}
{"index": {"_index":"sim","_id":"1309007"}}
	{"id":1309007,"type":"buy","buyer":"konvik","seller":"nftmart.fees","symbol":"SIM","quantity":"112.000","price":"0.00178799","timestamp":1628180841,"volume":"0.20025488","buyTxId":"ee4026c2af778538b13fd4f2795d101655d30c26-0","sellTxId":"1bd5dd83b29d77aa6db7b14b4461a2a3ef3fdab4-0"}
{"index": {"_index":"sim","_id":"1309008"}}
	{"id":1309008,"type":"buy","buyer":"konvik","seller":"jeanlucsr","symbol":"SIM","quantity":"4299.092","price":"0.00178800","timestamp":1628180841,"volume":"7.68677650","buyTxId":"ee4026c2af778538b13fd4f2795d101655d30c26-0","sellTxId":"5568b40ee44ddb5ec9ffa99b1908bd359312b26e"}
{"index": {"_index":"sim","_id":"1309009"}}
	{"id":1309009,"type":"buy","buyer":"konvik","seller":"jeanlucsr","symbol":"SIM","quantity":"700.908","price":"0.00178800","timestamp":1628180844,"volume":"1.25322350","buyTxId":"1bfc07f620241831923d2caf3acfc13bde70fcac-0","sellTxId":"5568b40ee44ddb5ec9ffa99b1908bd359312b26e"}
{"index": {"_index":"sim","_id":"1309010"}}
	{"id":1309010,"type":"buy","buyer":"konvik","seller":"bhoa","symbol":"SIM","quantity":"3539.607","price":"0.00179000","timestamp":1628180844,"volume":"6.33589653","buyTxId":"1bfc07f620241831923d2caf3acfc13bde70fcac-0","sellTxId":"2542519feb7d894857dba19d734945067aafd5cb"}
{"index": {"_index":"sim","_id":"1309012"}}
	{"id":1309012,"type":"buy","buyer":"konvik","seller":"bhoa","symbol":"SIM","quantity":"700.866","price":"0.00179000","timestamp":1628180847,"volume":"1.25455014","buyTxId":"e928def022b05984532ddc76e68746ef7fc7ab3d-0","sellTxId":"2542519feb7d894857dba19d734945067aafd5cb"}
{"index": {"_index":"sim","_id":"1309013"}}
	{"id":1309013,"type":"buy","buyer":"konvik","seller":"ardrow","symbol":"SIM","quantity":"43210.493","price":"0.00179000","timestamp":1628180847,"volume":"77.34678247","buyTxId":"e928def022b05984532ddc76e68746ef7fc7ab3d-0","sellTxId":"2c34cbf94e5dce0f8ba014e52a9dd75484bd6eb1"}
{"index": {"_index":"sim","_id":"1309023"}}
	{"id":1309023,"type":"sell","buyer":"solovey6o2","seller":"votebetting","symbol":"SIM","quantity":"46.162","price":"0.00165003","timestamp":1628180997,"volume":"0.07616868","buyTxId":"c078c3caf5a579c25681e9e453565d77ad388c0e","sellTxId":"cb6a68c85784e753dc9eb5a5c005f02ccf156ec4"}
{"index": {"_index":"sim","_id":"1309118"}}
	{"id":1309118,"type":"sell","buyer":"solovey6o2","seller":"scriptioner","symbol":"SIM","quantity":"107873.286","price":"0.00165003","timestamp":1628182509,"volume":"177.99415810","buyTxId":"c078c3caf5a579c25681e9e453565d77ad388c0e","sellTxId":"7ea5b7d73896e8beee05ef7e87a0b3c4e15664da"}
{"index": {"_index":"sim","_id":"1309169"}}
	{"id":1309169,"type":"buy","buyer":"konvik","seller":"nolyoi","symbol":"SIM","quantity":"4196.150","price":"0.00178000","timestamp":1628183370,"volume":"7.46914700","buyTxId":"6aa9c3c03b188e30800c3979430a7a2d9eb9817e-0","sellTxId":"ad105683bb82aa4a6b94b3921c7fca0f267bb98c"}
{"index": {"_index":"sim","_id":"1309174"}}
	{"id":1309174,"type":"sell","buyer":"solovey6o2","seller":"bilpcoin.pay","symbol":"SIM","quantity":"3.337","price":"0.00165003","timestamp":1628183430,"volume":"0.00550615","buyTxId":"c078c3caf5a579c25681e9e453565d77ad388c0e","sellTxId":"6dba73344e764aad998561a185ec5715441f9001"}
{"index": {"_index":"sim","_id":"1309207"}}
	{"id":1309207,"type":"sell","buyer":"solovey6o2","seller":"hossain525","symbol":"SIM","quantity":"9324.000","price":"0.00165003","timestamp":1628183784,"volume":"15.38487972","buyTxId":"c078c3caf5a579c25681e9e453565d77ad388c0e","sellTxId":"fc01a0734ea6ac9a00c9cdddc7ee713eef4687bd"}
{"index": {"_index":"sim","_id":"1309396"}}
	{"id":1309396,"type":"sell","buyer":"solovey6o2","seller":"weirdestwolf","symbol":"SIM","quantity":"5100","price":"0.00165003","timestamp":1628186130,"volume":"8.41515300","buyTxId":"c078c3caf5a579c25681e9e453565d77ad388c0e","sellTxId":"ee5b5536e57d96a6a35c8052b76c51e7b9727cc6"}
{"index": {"_index":"sim","_id":"1309398"}}
	{"id":1309398,"type":"sell","buyer":"solovey6o2","seller":"cryptoninjaz","symbol":"SIM","quantity":"71.250","price":"0.00165003","timestamp":1628186166,"volume":"0.11756464","buyTxId":"c078c3caf5a579c25681e9e453565d77ad388c0e","sellTxId":"d9f4c90a3fee7d109a0461905aa47a5dc491ce1e"}
{"index": {"_index":"sim","_id":"1309474"}}
	{"id":1309474,"type":"buy","buyer":"lulu-the-fizzgig","seller":"nftmart.fees","symbol":"SIM","quantity":"15.000","price":"0.00178997","timestamp":1628187972,"volume":"0.02684955","buyTxId":"5c3cb8213bbf5e8716b0812ddbecb48dddc924c1","sellTxId":"ee5198bc76a78eb98e6a275a9c237bed9f42a151-0"}
{"index": {"_index":"sim","_id":"1309485"}}
	{"id":1309485,"type":"buy","buyer":"konvik","seller":"gamsam","symbol":"SIM","quantity":"27396.000","price":"0.00178990","timestamp":1628188158,"volume":"49.03610040","buyTxId":"b67fc28378db27fab3adf06c81e3968db2f4373f-0","sellTxId":"d129e10b047ba3b23f20ee65e0fd0b056ddf01e9"}
{"index": {"_index":"sim","_id":"1309493"}}
	{"id":1309493,"type":"buy","buyer":"konvik","seller":"taitux","symbol":"SIM","quantity":"1800.000","price":"0.00178000","timestamp":1628188323,"volume":"3.20400000","buyTxId":"8b5fa622579f4612a329f839b953a41b9a193730-0","sellTxId":"9dd29622863802832bc5693c861f87e3042e8432"}
{"index": {"_index":"sim","_id":"1309511"}}
	{"id":1309511,"type":"buy","buyer":"konvik","seller":"looftee","symbol":"SIM","quantity":"11000.000","price":"0.00176000","timestamp":1628188701,"volume":"19.36000000","buyTxId":"caec8a63d2727ae4f6de47c83329f04b578141f8-0","sellTxId":"f2064a52a8529213c98855c58cd36e79b62c2b4a"}
{"index": {"_index":"sim","_id":"1309513"}}
	{"id":1309513,"type":"buy","buyer":"ahmetay","seller":"mpath","symbol":"SIM","quantity":"1245.000","price":"0.00178900","timestamp":1628188779,"volume":"2.22730500","buyTxId":"ade139653934f6575d6c953bc36e9588b5321602","sellTxId":"3f0d3b583a2a25c34e0cbcfa8cdbf15ac6b871b8"}
{"index": {"_index":"sim","_id":"1309515"}}
	{"id":1309515,"type":"buy","buyer":"ahmetay","seller":"nftmart.fees","symbol":"SIM","quantity":"86.000","price":"0.00178996","timestamp":1628188887,"volume":"0.15393656","buyTxId":"8e2767beb8383b8ad843dec6257f7283ff3f4116","sellTxId":"2248151b28d84c042c3036f317b21653928d658b-0"}
{"index": {"_index":"sim","_id":"1309516"}}
	{"id":1309516,"type":"buy","buyer":"ahmetay","seller":"ardrow","symbol":"SIM","quantity":"614.427","price":"0.00179000","timestamp":1628188887,"volume":"1.09982433","buyTxId":"8e2767beb8383b8ad843dec6257f7283ff3f4116","sellTxId":"2c34cbf94e5dce0f8ba014e52a9dd75484bd6eb1"}
{"index": {"_index":"sim","_id":"1309527"}}
	{"id":1309527,"type":"sell","buyer":"solovey6o2","seller":"dhedge-drips","symbol":"SIM","quantity":"0.004","price":"0.00165003","timestamp":1628189124,"volume":"0.00000660","buyTxId":"c078c3caf5a579c25681e9e453565d77ad388c0e","sellTxId":"3ca3313a81e7bf62abeec69af752c9bcc9385fe5"}
{"index": {"_index":"sim","_id":"1309542"}}
	{"id":1309542,"type":"buy","buyer":"ahmetay","seller":"nftmart.fees","symbol":"SIM","quantity":"84.000","price":"0.00177999","timestamp":1628189385,"volume":"0.14951916","buyTxId":"c6404ad91ee2d9cbc741ffbd84bbe0e48b09a0fa","sellTxId":"82ffb91ecf4da941fa66acceb6233c6df513e868-0"}
{"index": {"_index":"sim","_id":"1309543"}}
	{"id":1309543,"type":"buy","buyer":"ahmetay","seller":"taitux","symbol":"SIM","quantity":"446.000","price":"0.00178000","timestamp":1628189385,"volume":"0.79388000","buyTxId":"c6404ad91ee2d9cbc741ffbd84bbe0e48b09a0fa","sellTxId":"0b3cc011c27e7796b47ef492360f376a42ce90ef"}
{"index": {"_index":"sim","_id":"1309544"}}
	{"id":1309544,"type":"buy","buyer":"ahmetay","seller":"captaincryptic","symbol":"SIM","quantity":"870.000","price":"0.00178995","timestamp":1628189385,"volume":"1.55725650","buyTxId":"c6404ad91ee2d9cbc741ffbd84bbe0e48b09a0fa","sellTxId":"68dd23b30db069044e4e8253bfa4353dba8d19f0"}
{"index": {"_index":"sim","_id":"1309555"}}
	{"id":1309555,"type":"buy","buyer":"ahmetay","seller":"onecent","symbol":"SIM","quantity":"1465.000","price":"0.00177800","timestamp":1628189478,"volume":"2.60477000","buyTxId":"240c8fb515845435bb572e430c9d19cf12ee5690","sellTxId":"8527acabcb174834a94c8fcae265006213387ab8"}
{"index": {"_index":"sim","_id":"1309561"}}
	{"id":1309561,"type":"buy","buyer":"ahmetay","seller":"captaincryptic","symbol":"SIM","quantity":"46.005","price":"0.00178995","timestamp":1628189553,"volume":"0.08234665","buyTxId":"6ec81dcdf0adf3b64055634167c79fb99d8ead49","sellTxId":"68dd23b30db069044e4e8253bfa4353dba8d19f0"}
{"index": {"_index":"sim","_id":"1309562"}}
	{"id":1309562,"type":"buy","buyer":"ahmetay","seller":"dhedge-drips","symbol":"SIM","quantity":"0.004","price":"0.00178995","timestamp":1628189553,"volume":"0.00000716","buyTxId":"6ec81dcdf0adf3b64055634167c79fb99d8ead49","sellTxId":"1a767119b73de452c7fc93bf1dde1bc7fd5a5c30"}
{"index": {"_index":"sim","_id":"1309563"}}
	{"id":1309563,"type":"buy","buyer":"ahmetay","seller":"ardrow","symbol":"SIM","quantity":"85.991","price":"0.00179000","timestamp":1628189553,"volume":"0.15392389","buyTxId":"6ec81dcdf0adf3b64055634167c79fb99d8ead49","sellTxId":"2c34cbf94e5dce0f8ba014e52a9dd75484bd6eb1"}
{"index": {"_index":"sim","_id":"1309568"}}
	{"id":1309568,"type":"buy","buyer":"ahmetay","seller":"nastyforce","symbol":"SIM","quantity":"750.000","price":"0.00178000","timestamp":1628189670,"volume":"1.33500000","buyTxId":"5c644a89716f726fdcfe6edeba1d5fdc044a3a1a","sellTxId":"8759fd3ca9c620648ed1d3ce977f0163b9a56e57"}
{"index": {"_index":"sim","_id":"1309580"}}
	{"id":1309580,"type":"buy","buyer":"ahmetay","seller":"ahmetay","symbol":"SIM","quantity":"50.000","price":"0.00176000","timestamp":1628189856,"volume":"0.08800000","buyTxId":"ae6d56cb9de7541b438b4f9919ebe02841cf0bac","sellTxId":"763fac3c392bd0ed6cd50a1998702b2ae179bc6d"}
{"index": {"_index":"sim","_id":"1309581"}}
	{"id":1309581,"type":"buy","buyer":"ahmetay","seller":"ardrow","symbol":"SIM","quantity":"0.009","price":"0.00179000","timestamp":1628189856,"volume":"0.00001611","buyTxId":"ae6d56cb9de7541b438b4f9919ebe02841cf0bac","sellTxId":"2c34cbf94e5dce0f8ba014e52a9dd75484bd6eb1"}
{"index": {"_index":"sim","_id":"1309582"}}
	{"id":1309582,"type":"buy","buyer":"ahmetay","seller":"mapac","symbol":"SIM","quantity":"2117.000","price":"0.00179000","timestamp":1628189856,"volume":"3.78943000","buyTxId":"ae6d56cb9de7541b438b4f9919ebe02841cf0bac","sellTxId":"c1aa8e83a4b09789d780710356dd1ca57db07000"}
{"index": {"_index":"sim","_id":"1309595"}}
	{"id":1309595,"type":"buy","buyer":"konvik","seller":"mary.janikowski","symbol":"SIM","quantity":"26051.000","price":"0.00178000","timestamp":1628190069,"volume":"46.37078000","buyTxId":"baaec74e38285ab3ce61cfb86db9a3592da8ae37-0","sellTxId":"5b7b9169dcdc0ed939eef48f460a22bcb61de6d2"}
{"index": {"_index":"sim","_id":"1309598"}}
	{"id":1309598,"type":"buy","buyer":"konvik","seller":"solovey6o2","symbol":"SIM","quantity":"122418.039","price":"0.00177999","timestamp":1628190126,"volume":"217.90288524","buyTxId":"4a2b1066bcf6411657143625e9f172e23a2eb707-0","sellTxId":"fe7417bd2d8be0375b38b56dd5299e88bd30213c"}
{"index": {"_index":"sim","_id":"1309599"}}
	{"id":1309599,"type":"sell","buyer":"nastyforce","seller":"lammbock","symbol":"SIM","quantity":"279.087","price":"0.00166000","timestamp":1628190156,"volume":"0.46328442","buyTxId":"4f13f5546d284f4a5ffdb48b7c11404e784d0b47","sellTxId":"ef8fa743c1d445ebd41eaa3983aa1cc147920f82"}
{"index": {"_index":"sim","_id":"1309612"}}
	{"id":1309612,"type":"sell","buyer":"nastyforce","seller":"willsaldeno","symbol":"SIM","quantity":"508.913","price":"0.00166000","timestamp":1628190393,"volume":"0.84479558","buyTxId":"4f13f5546d284f4a5ffdb48b7c11404e784d0b47","sellTxId":"b1a629a99e76479bdbc3d3a6a333f9d1b09c4ca5"}
{"index": {"_index":"sim","_id":"1309613"}}
	{"id":1309613,"type":"buy","buyer":"konvik","seller":"willsaldeno","symbol":"SIM","quantity":"2069.087","price":"0.00166000","timestamp":1628190396,"volume":"3.43468442","buyTxId":"b51879ab02444d34330e1fbe573dc84c11e9416b-0","sellTxId":"b1a629a99e76479bdbc3d3a6a333f9d1b09c4ca5"}
{"index": {"_index":"sim","_id":"1309614"}}
	{"id":1309614,"type":"buy","buyer":"emergehealthier","seller":"chroniccoin","symbol":"SIM","quantity":"400.000","price":"0.00178900","timestamp":1628190396,"volume":"0.71560000","buyTxId":"37157112856f8349bc7b72b9bc4eb84b3846c37d","sellTxId":"695303b6055a785ad4f306ed6a6129b5cb01a15d"}
{"index": {"_index":"sim","_id":"1309616"}}
	{"id":1309616,"type":"sell","buyer":"solovey6o2","seller":"steem.services","symbol":"SIM","quantity":"25335.643","price":"0.00165003","timestamp":1628190414,"volume":"41.80457102","buyTxId":"c078c3caf5a579c25681e9e453565d77ad388c0e","sellTxId":"267e127394879f38dc7e2193ee9540aabd8ea52d"}
{"index": {"_index":"sim","_id":"1309617"}}
	{"id":1309617,"type":"sell","buyer":"solovey6o2","seller":"steem.services","symbol":"SIM","quantity":"10491.059","price":"0.00165003","timestamp":1628190414,"volume":"17.31056208","buyTxId":"ae1417a49c9a8599f9ed5653472ca825a88158b2","sellTxId":"267e127394879f38dc7e2193ee9540aabd8ea52d"}
{"index": {"_index":"sim","_id":"1309618"}}
	{"id":1309618,"type":"sell","buyer":"solovey6o2","seller":"steem.services","symbol":"SIM","quantity":"5149.859","price":"0.00165003","timestamp":1628190414,"volume":"8.49742185","buyTxId":"a992507ad4b8da9e1097b60d2d0e15342f28c4fd","sellTxId":"267e127394879f38dc7e2193ee9540aabd8ea52d"}
{"index": {"_index":"sim","_id":"1309619"}}
	{"id":1309619,"type":"sell","buyer":"solovey6o2","seller":"steem.services","symbol":"SIM","quantity":"111019.333","price":"0.00165003","timestamp":1628190414,"volume":"183.18523003","buyTxId":"1930503c8bd0f68478fefbc1097d601fdb8b994b","sellTxId":"267e127394879f38dc7e2193ee9540aabd8ea52d"}
{"index": {"_index":"sim","_id":"1309620"}}
	{"id":1309620,"type":"sell","buyer":"gerber","seller":"steem.services","symbol":"SIM","quantity":"22111.091","price":"0.00165000","timestamp":1628190414,"volume":"36.48330015","buyTxId":"015f0d5a9ec5c36a8d25ece0904684ee87303f10","sellTxId":"267e127394879f38dc7e2193ee9540aabd8ea52d"}
{"index": {"_index":"sim","_id":"1309621"}}
	{"id":1309621,"type":"sell","buyer":"gerber","seller":"steem.services","symbol":"SIM","quantity":"5287.015","price":"0.00163000","timestamp":1628190414,"volume":"8.61783445","buyTxId":"19c70acd991e3242f21de2f830d278b1edc7ab95","sellTxId":"267e127394879f38dc7e2193ee9540aabd8ea52d"}
{"index": {"_index":"sim","_id":"1309632"}}
	{"id":1309632,"type":"sell","buyer":"gerber","seller":"juanvegetarian","symbol":"SIM","quantity":"605.087","price":"0.00163000","timestamp":1628190576,"volume":"0.98629181","buyTxId":"19c70acd991e3242f21de2f830d278b1edc7ab95","sellTxId":"9c347f08381b3977b585cfb345298aa9e467fd62"}
{"index": {"_index":"sim","_id":"1309658"}}
	{"id":1309658,"type":"sell","buyer":"gerber","seller":"tonytrillions","symbol":"SIM","quantity":"0.074","price":"0.00163000","timestamp":1628191095,"volume":"0.00012062","buyTxId":"19c70acd991e3242f21de2f830d278b1edc7ab95","sellTxId":"76a6952b55732d58262ac90ca00895eb46ad8649"}
{"index": {"_index":"sim","_id":"1309665"}}
	{"id":1309665,"type":"sell","buyer":"gerber","seller":"dera123","symbol":"SIM","quantity":"16218.915","price":"0.00163000","timestamp":1628191191,"volume":"26.43683145","buyTxId":"19c70acd991e3242f21de2f830d278b1edc7ab95","sellTxId":"3e2955538b4978a3177796aeff35496d50d699ae"}
{"index": {"_index":"sim","_id":"1309666"}}
	{"id":1309666,"type":"buy","buyer":"konvik","seller":"dera123","symbol":"SIM","quantity":"12491.901","price":"0.00163000","timestamp":1628191194,"volume":"20.36179863","buyTxId":"b77aca24a1f5e0cb1f2d02ab778d642253777296-0","sellTxId":"3e2955538b4978a3177796aeff35496d50d699ae"}
{"index": {"_index":"sim","_id":"1309683"}}
	{"id":1309683,"type":"sell","buyer":"d-pend","seller":"ayhamyou","symbol":"SIM","quantity":"3000.000","price":"0.00160000","timestamp":1628191449,"volume":"4.80000000","buyTxId":"2562516faebc7c91ecb1c3593ef91f81d7fc4c81","sellTxId":"f7e2a6a7a09865573e39c88881a53c3a9d9c981e"}
{"index": {"_index":"sim","_id":"1309693"}}
	{"id":1309693,"type":"buy","buyer":"konvik","seller":"nftmart.fees","symbol":"SIM","quantity":"77.000","price":"0.00165999","timestamp":1628191566,"volume":"0.12781923","buyTxId":"e27e94afe3a1396d2aa4fb5f48e8a63761868244-0","sellTxId":"7a6d293c9829caa741a3f18c9c0302b859a6a032-0"}
{"index": {"_index":"sim","_id":"1309694"}}
	{"id":1309694,"type":"buy","buyer":"konvik","seller":"juanvegetarian","symbol":"SIM","quantity":"508.913","price":"0.00166000","timestamp":1628191566,"volume":"0.84479558","buyTxId":"e27e94afe3a1396d2aa4fb5f48e8a63761868244-0","sellTxId":"b71bfd5effb7f514e31816dd628f7eae9c89bdb7"}
{"index": {"_index":"sim","_id":"1309695"}}
	{"id":1309695,"type":"buy","buyer":"konvik","seller":"chroniccoin","symbol":"SIM","quantity":"149.000","price":"0.00178900","timestamp":1628191566,"volume":"0.26656100","buyTxId":"e27e94afe3a1396d2aa4fb5f48e8a63761868244-0","sellTxId":"695303b6055a785ad4f306ed6a6129b5cb01a15d"}
{"index": {"_index":"sim","_id":"1309696"}}
	{"id":1309696,"type":"buy","buyer":"konvik","seller":"mapac","symbol":"SIM","quantity":"50.000","price":"0.00179000","timestamp":1628191566,"volume":"0.08950000","buyTxId":"e27e94afe3a1396d2aa4fb5f48e8a63761868244-0","sellTxId":"c1aa8e83a4b09789d780710356dd1ca57db07000"}
{"index": {"_index":"sim","_id":"1309697"}}
	{"id":1309697,"type":"buy","buyer":"konvik","seller":"accelerator","symbol":"SIM","quantity":"567.000","price":"0.00179000","timestamp":1628191566,"volume":"1.01493000","buyTxId":"e27e94afe3a1396d2aa4fb5f48e8a63761868244-0","sellTxId":"c8cd2831630b1c92be67f60922441ded7980495a"}
{"index": {"_index":"sim","_id":"1309698"}}
	{"id":1309698,"type":"buy","buyer":"konvik","seller":"medaymane","symbol":"SIM","quantity":"62.102","price":"0.00180000","timestamp":1628191566,"volume":"0.11178360","buyTxId":"e27e94afe3a1396d2aa4fb5f48e8a63761868244-0","sellTxId":"c247287f8b183272edba0d418e353b904e1ca5d3"}
{"index": {"_index":"sim","_id":"1309699"}}
	{"id":1309699,"type":"buy","buyer":"konvik","seller":"medaymane","symbol":"SIM","quantity":"192.498","price":"0.00180000","timestamp":1628191569,"volume":"0.34649640","buyTxId":"19688e8bd96e1314a282f08853aa439d30f59392-0","sellTxId":"c247287f8b183272edba0d418e353b904e1ca5d3"}
{"index": {"_index":"sim","_id":"1309700"}}
	{"id":1309700,"type":"buy","buyer":"konvik","seller":"holoferncro","symbol":"SIM","quantity":"1128.515","price":"0.00180000","timestamp":1628191569,"volume":"2.03132700","buyTxId":"19688e8bd96e1314a282f08853aa439d30f59392-0","sellTxId":"f744ea97006344a0889f557238cf0d1c6ee4e426"}
{"index": {"_index":"sim","_id":"1309701"}}
	{"id":1309701,"type":"buy","buyer":"konvik","seller":"holoferncro","symbol":"SIM","quantity":"285.486","price":"0.00180000","timestamp":1628191572,"volume":"0.51387480","buyTxId":"3c0d3dd4d563d1323cd19ee5736ee6bc406219fb-0","sellTxId":"f744ea97006344a0889f557238cf0d1c6ee4e426"}
{"index": {"_index":"sim","_id":"1309702"}}
	{"id":1309702,"type":"buy","buyer":"konvik","seller":"brofi-market","symbol":"SIM","quantity":"0.001","price":"0.00180996","timestamp":1628191572,"volume":"0.00000181","buyTxId":"3c0d3dd4d563d1323cd19ee5736ee6bc406219fb-0","sellTxId":"618506839656957a7eb56a50a8efedc42b032947"}
{"index": {"_index":"sim","_id":"1309703"}}
	{"id":1309703,"type":"buy","buyer":"konvik","seller":"dhedge-drips","symbol":"SIM","quantity":"7.783","price":"0.00180998","timestamp":1628191572,"volume":"0.01408707","buyTxId":"3c0d3dd4d563d1323cd19ee5736ee6bc406219fb-0","sellTxId":"ff3a5cb63a1705340cdd716377feaa92f3fe155d"}
{"index": {"_index":"sim","_id":"1309704"}}
	{"id":1309704,"type":"buy","buyer":"konvik","seller":"hamsterpoweriii","symbol":"SIM","quantity":"1321.000","price":"0.00180999","timestamp":1628191572,"volume":"2.39099679","buyTxId":"3c0d3dd4d563d1323cd19ee5736ee6bc406219fb-0","sellTxId":"0951cac72ddd781a12340fa8a257be77d48a8347"}
{"index": {"_index":"sim","_id":"1309705"}}
	{"id":1309705,"type":"buy","buyer":"konvik","seller":"solovey6o2","symbol":"SIM","quantity":"150383.143","price":"0.00180999","timestamp":1628191572,"volume":"272.19198500","buyTxId":"3c0d3dd4d563d1323cd19ee5736ee6bc406219fb-0","sellTxId":"62cfc8054b4a2cbb62a5e233d0ace6044a36d1d6"}
{"index": {"_index":"sim","_id":"1309706"}}
	{"id":1309706,"type":"buy","buyer":"konvik","seller":"solovey6o2","symbol":"SIM","quantity":"1612.751","price":"0.00180999","timestamp":1628191575,"volume":"2.91906318","buyTxId":"2fcfe6ebd27335d61d1668a4a79845d27b7e2684-0","sellTxId":"62cfc8054b4a2cbb62a5e233d0ace6044a36d1d6"}
{"index": {"_index":"sim","_id":"1309707"}}
	{"id":1309707,"type":"buy","buyer":"konvik","seller":"picciridda2","symbol":"SIM","quantity":"176507.070","price":"0.00181000","timestamp":1628191575,"volume":"319.47779670","buyTxId":"2fcfe6ebd27335d61d1668a4a79845d27b7e2684-0","sellTxId":"18363d0c9d72594337851690a8fbed10df540c33"}
{"index": {"_index":"sim","_id":"1309710"}}
	{"id":1309710,"type":"buy","buyer":"ahmetay","seller":"picciridda2","symbol":"SIM","quantity":"1610.970","price":"0.00181000","timestamp":1628191614,"volume":"2.91585570","buyTxId":"e9c0f58d08f1dfcc814e735d3b906a7f9470376a","sellTxId":"18363d0c9d72594337851690a8fbed10df540c33"}
{"index": {"_index":"sim","_id":"1309730"}}
	{"id":1309730,"type":"sell","buyer":"solovey6o2","seller":"bitcoinflood","symbol":"SIM","quantity":"2991.000","price":"0.00160003","timestamp":1628191971,"volume":"4.78568973","buyTxId":"23ec2fdd05ee7ad9c0a079f09b3a3f0344c88787","sellTxId":"c6a483811132f39f7d4f11005fa6282de8b591ee"}
{"index": {"_index":"sim","_id":"1309736"}}
	{"id":1309736,"type":"sell","buyer":"solovey6o2","seller":"jrcornel","symbol":"SIM","quantity":"67643.000","price":"0.00160003","timestamp":1628192040,"volume":"108.23082929","buyTxId":"23ec2fdd05ee7ad9c0a079f09b3a3f0344c88787","sellTxId":"c4454cc9ffa3e87a568944929622856b909ad5ec"}
{"index": {"_index":"sim","_id":"1309755"}}
	{"id":1309755,"type":"buy","buyer":"ahmetay","seller":"nastyforce","symbol":"SIM","quantity":"800.000","price":"0.00181000","timestamp":1628192739,"volume":"1.44800000","buyTxId":"42a02f0c4884d2012cc21b404cc5975b5007f836","sellTxId":"53ae5ac07ed69ee5e2d684f32c616478aa043038"}
{"index": {"_index":"sim","_id":"1309781"}}
	{"id":1309781,"type":"buy","buyer":"konvik","seller":"rubymooney","symbol":"SIM","quantity":"38000.000","price":"0.00179900","timestamp":1628193339,"volume":"68.36200000","buyTxId":"a786c22210260c1600b738fe2858725b6aa9219b-0","sellTxId":"5c2447378978b1b5eb60736247edbebc938b5390"}
{"index": {"_index":"sim","_id":"1309789"}}
	{"id":1309789,"type":"buy","buyer":"konvik","seller":"shaktidas2020","symbol":"SIM","quantity":"9622.100","price":"0.00180990","timestamp":1628193444,"volume":"17.41503879","buyTxId":"9a46a5167d1f0f315362cb86d52a7ad7307f1d8d-0","sellTxId":"94ecc8591a8119d608ff45864067cd72757cb47a"}
{"index": {"_index":"sim","_id":"1309792"}}
	{"id":1309792,"type":"sell","buyer":"solovey6o2","seller":"balte","symbol":"SIM","quantity":"25000.000","price":"0.00160003","timestamp":1628193504,"volume":"40.00075000","buyTxId":"23ec2fdd05ee7ad9c0a079f09b3a3f0344c88787","sellTxId":"e1edcf8f5a473eb73395b1c0a58bca2d9d0abf21"}
{"index": {"_index":"sim","_id":"1309794"}}
	{"id":1309794,"type":"sell","buyer":"solovey6o2","seller":"kaeves4711","symbol":"SIM","quantity":"7156.000","price":"0.00160003","timestamp":1628193546,"volume":"11.44981468","buyTxId":"23ec2fdd05ee7ad9c0a079f09b3a3f0344c88787","sellTxId":"984d2e031acd3ce9c798582588303af444e225c5"}
{"index": {"_index":"sim","_id":"1309804"}}
	{"id":1309804,"type":"sell","buyer":"solovey6o2","seller":"pandygirl","symbol":"SIM","quantity":"11258.747","price":"0.00160003","timestamp":1628193666,"volume":"18.01433296","buyTxId":"23ec2fdd05ee7ad9c0a079f09b3a3f0344c88787","sellTxId":"7c2fe0efb229e2f8c5780d9c59c259486533d5fb"}
{"index": {"_index":"sim","_id":"1309809"}}
	{"id":1309809,"type":"sell","buyer":"solovey6o2","seller":"enforcer48","symbol":"SIM","quantity":"2650.000","price":"0.00160003","timestamp":1628193747,"volume":"4.24007950","buyTxId":"23ec2fdd05ee7ad9c0a079f09b3a3f0344c88787","sellTxId":"a9fb6ec215d6e2df3a25f7d164772f6d048bd293"}
{"index": {"_index":"sim","_id":"1309819"}}
	{"id":1309819,"type":"buy","buyer":"enforcer48","seller":"nftmart.fees","symbol":"SIM","quantity":"58.000","price":"0.00181998","timestamp":1628194044,"volume":"0.10555884","buyTxId":"cb21cdab98e8cebdc5a5680e7817a77f62ff22ba","sellTxId":"90ad86ad8cc345b53067e9534b264b94bb1a058b-0"}
{"index": {"_index":"sim","_id":"1309820"}}
	{"id":1309820,"type":"buy","buyer":"enforcer48","seller":"onecent","symbol":"SIM","quantity":"555.000","price":"0.00182000","timestamp":1628194044,"volume":"1.01010000","buyTxId":"cb21cdab98e8cebdc5a5680e7817a77f62ff22ba","sellTxId":"695404a71d5e73e886e706d88b702357d5d1758c"}
{"index": {"_index":"sim","_id":"1309821"}}
	{"id":1309821,"type":"buy","buyer":"enforcer48","seller":"mapac","symbol":"SIM","quantity":"543.000","price":"0.00182000","timestamp":1628194044,"volume":"0.98826000","buyTxId":"cb21cdab98e8cebdc5a5680e7817a77f62ff22ba","sellTxId":"ba4e7189a1fe4d294d88186f80ba98d2332b3927"}
{"index": {"_index":"sim","_id":"1309822"}}
	{"id":1309822,"type":"buy","buyer":"enforcer48","seller":"mapac","symbol":"SIM","quantity":"1223.000","price":"0.00182300","timestamp":1628194044,"volume":"2.22952900","buyTxId":"cb21cdab98e8cebdc5a5680e7817a77f62ff22ba","sellTxId":"e2a693c8f5001b477ee68f3b3d529421e9d82337"}
{"index": {"_index":"sim","_id":"1309823"}}
	{"id":1309823,"type":"buy","buyer":"enforcer48","seller":"nolyoi","symbol":"SIM","quantity":"128.600","price":"0.00183000","timestamp":1628194044,"volume":"0.23533800","buyTxId":"cb21cdab98e8cebdc5a5680e7817a77f62ff22ba","sellTxId":"9f150f5097bc8c72ba99d961dd4b3c67194074a2"}
{"index": {"_index":"sim","_id":"1309824"}}
	{"id":1309824,"type":"buy","buyer":"enforcer48","seller":"mapac","symbol":"SIM","quantity":"1437.000","price":"0.00184300","timestamp":1628194044,"volume":"2.64839100","buyTxId":"cb21cdab98e8cebdc5a5680e7817a77f62ff22ba","sellTxId":"5be386a2578c4eda4abab2d3817b8e5ba2860ac4"}
{"index": {"_index":"sim","_id":"1309825"}}
	{"id":1309825,"type":"buy","buyer":"enforcer48","seller":"brofi-market","symbol":"SIM","quantity":"83.026","price":"0.00185997","timestamp":1628194044,"volume":"0.15442587","buyTxId":"cb21cdab98e8cebdc5a5680e7817a77f62ff22ba","sellTxId":"c7a416a8d8f137634039e97e22931cf77ee16284"}
{"index": {"_index":"sim","_id":"1309826"}}
	{"id":1309826,"type":"buy","buyer":"enforcer48","seller":"medaymane","symbol":"SIM","quantity":"1172.374","price":"0.00186391","timestamp":1628194044,"volume":"2.18519962","buyTxId":"cb21cdab98e8cebdc5a5680e7817a77f62ff22ba","sellTxId":"ac29ee1820880ede4acdd9583fac5bf6c810c45b"}
{"index": {"_index":"sim","_id":"1309879"}}
	{"id":1309879,"type":"buy","buyer":"petertag","seller":"nftmart.fees","symbol":"SIM","quantity":"59.000","price":"0.00186390","timestamp":1628194932,"volume":"0.10997010","buyTxId":"0b29610995a01eec87914aa7bfbe0667b0242939","sellTxId":"f5785a5dad4bb43a9c7b5f65a6fd25603cfd2452-0"}
{"index": {"_index":"sim","_id":"1309881"}}
	{"id":1309881,"type":"buy","buyer":"petertag","seller":"medaymane","symbol":"SIM","quantity":"455.000","price":"0.00186391","timestamp":1628194959,"volume":"0.84807905","buyTxId":"8f7e6753e3417170ec36f20cf6e3a900bd51e167","sellTxId":"ac29ee1820880ede4acdd9583fac5bf6c810c45b"}
{"index": {"_index":"sim","_id":"1309894"}}
	{"id":1309894,"type":"sell","buyer":"solovey6o2","seller":"blue.rabbit","symbol":"SIM","quantity":"32621.784","price":"0.00160003","timestamp":1628195142,"volume":"52.19583305","buyTxId":"23ec2fdd05ee7ad9c0a079f09b3a3f0344c88787","sellTxId":"ecf1a6eba7ca39acc4a02a8fee702b05936ff706"}
{"index": {"_index":"sim","_id":"1309927"}}
	{"id":1309927,"type":"sell","buyer":"solovey6o2","seller":"eythorphoto","symbol":"SIM","quantity":"399.077","price":"0.00160003","timestamp":1628196063,"volume":"0.63853517","buyTxId":"23ec2fdd05ee7ad9c0a079f09b3a3f0344c88787","sellTxId":"9ea6302afea78f6294c2e0055151a31682c9ef98"}
{"index": {"_index":"sim","_id":"1309938"}}
	{"id":1309938,"type":"sell","buyer":"solovey6o2","seller":"daveks","symbol":"SIM","quantity":"7397.117","price":"0.00160003","timestamp":1628196258,"volume":"11.83560911","buyTxId":"23ec2fdd05ee7ad9c0a079f09b3a3f0344c88787","sellTxId":"b77ad44361a02c7124fdf2148f3fce337c74ad1a"}
{"index": {"_index":"sim","_id":"1309939"}}
	{"id":1309939,"type":"sell","buyer":"d-pend","seller":"daveks","symbol":"SIM","quantity":"161.883","price":"0.00160000","timestamp":1628196258,"volume":"0.25901280","buyTxId":"2562516faebc7c91ecb1c3593ef91f81d7fc4c81","sellTxId":"b77ad44361a02c7124fdf2148f3fce337c74ad1a"}
{"index": {"_index":"sim","_id":"1309968"}}
	{"id":1309968,"type":"sell","buyer":"d-pend","seller":"xabi","symbol":"SIM","quantity":"5064.348","price":"0.00160000","timestamp":1628196708,"volume":"8.10295680","buyTxId":"2562516faebc7c91ecb1c3593ef91f81d7fc4c81","sellTxId":"7470fbb9d0e86a2efeb9f0eb05036110e950460c"}
{"index": {"_index":"sim","_id":"1309979"}}
	{"id":1309979,"type":"sell","buyer":"d-pend","seller":"deathwing","symbol":"SIM","quantity":"786","price":"0.00160000","timestamp":1628196906,"volume":"1.25760000","buyTxId":"2562516faebc7c91ecb1c3593ef91f81d7fc4c81","sellTxId":"3486aa263c4549f2c271a9cd4e7305bf45a437ca-0"}
{"index": {"_index":"sim","_id":"1310126"}}
	{"id":1310126,"type":"sell","buyer":"d-pend","seller":"worldfinances","symbol":"SIM","quantity":"2000.000","price":"0.00160000","timestamp":1628199729,"volume":"3.20000000","buyTxId":"2562516faebc7c91ecb1c3593ef91f81d7fc4c81","sellTxId":"a3b422c00abc856fdd25453ecbbac67d8f5d437c"}
{"index": {"_index":"sim","_id":"1310127"}}
	{"id":1310127,"type":"buy","buyer":"barrenwolfsbane","seller":"nftmart.fees","symbol":"SIM","quantity":"52.000","price":"0.00183999","timestamp":1628199786,"volume":"0.09567948","buyTxId":"37217542e6af80ca017aa95337b3576dc50f0900","sellTxId":"620a85210ab830a96fa9a8de02af646ba404a091-0"}
{"index": {"_index":"sim","_id":"1310131"}}
	{"id":1310131,"type":"sell","buyer":"barrenwolfsbane","seller":"worldfinances","symbol":"SIM","quantity":"2000.000","price":"0.00183999","timestamp":1628199864,"volume":"3.67998000","buyTxId":"37217542e6af80ca017aa95337b3576dc50f0900","sellTxId":"f9e30bd6155b8e5acc193c95af7a275d5ec99a50"}
{"index": {"_index":"sim","_id":"1310134"}}
	{"id":1310134,"type":"buy","buyer":"barrenwolfsbane","seller":"smooms","symbol":"SIM","quantity":"1594.440","price":"0.00184000","timestamp":1628199915,"volume":"2.93376960","buyTxId":"903520a6782a1611f32952a28bf3bfa0c8b1bc07","sellTxId":"448fe945db744a113a46c0a45b1a47d5b9961f84"}
{"index": {"_index":"sim","_id":"1310162"}}
	{"id":1310162,"type":"buy","buyer":"konvik","seller":"loganhate","symbol":"SIM","quantity":"5400.000","price":"0.00180000","timestamp":1628200581,"volume":"9.72000000","buyTxId":"944e17d7862bd7f8ec404be28935f21138c5e64f-0","sellTxId":"969496d395bab48e99abd5dc2bf5e2a241fefe1c"}
{"index": {"_index":"sim","_id":"1310213"}}
	{"id":1310213,"type":"sell","buyer":"d-pend","seller":"steinreich","symbol":"SIM","quantity":"475.000","price":"0.00160000","timestamp":1628201343,"volume":"0.76000000","buyTxId":"2562516faebc7c91ecb1c3593ef91f81d7fc4c81","sellTxId":"04a42ae8769178fcf093051b5ef53c6f3450a298"}
{"index": {"_index":"sim","_id":"1310352"}}
	{"id":1310352,"type":"buy","buyer":"d-pend","seller":"solovey6o2","symbol":"SIM","quantity":"5000.000","price":"0.00182999","timestamp":1628204313,"volume":"9.14995000","buyTxId":"3ef1042e7e41d0f5fa3e95d4832bdf0c6c286a18","sellTxId":"46c3ef37ea5d4d1cea613ae5b7a5ba962e7c68d3"}
{"index": {"_index":"sim","_id":"1310384"}}
	{"id":1310384,"type":"buy","buyer":"konvik","seller":"holoferncro","symbol":"SIM","quantity":"5222.000","price":"0.00180000","timestamp":1628204787,"volume":"9.39960000","buyTxId":"578ca1b71b518824504319935ca020cc7d1a5fd2-0","sellTxId":"51d4a2aa182551261314ba24e7683bbf935038ab"}
{"index": {"_index":"sim","_id":"1310426"}}
	{"id":1310426,"type":"buy","buyer":"konvik","seller":"jywahaha","symbol":"SIM","quantity":"40731.000","price":"0.00179000","timestamp":1628204841,"volume":"72.90849000","buyTxId":"c9e6e4f7ff0bc91689f0c797a7c8841607bf9623-0","sellTxId":"e1a6e020fe0a837cbaafa5f48b2ec6048cec3fd8"}
{"index": {"_index":"sim","_id":"1310465"}}
	{"id":1310465,"type":"buy","buyer":"chronocrypto","seller":"nftmart.fees","symbol":"SIM","quantity":"40.000","price":"0.00183997","timestamp":1628205351,"volume":"0.07359880","buyTxId":"86a80f2d037e60172553a97927d6dc7151bb25e8","sellTxId":"9a33621a6d11f015641d2e5c02a15e674452a039-0"}
{"index": {"_index":"sim","_id":"1310466"}}
	{"id":1310466,"type":"buy","buyer":"chronocrypto","seller":"smooms","symbol":"SIM","quantity":"1859.690","price":"0.00184000","timestamp":1628205351,"volume":"3.42182960","buyTxId":"86a80f2d037e60172553a97927d6dc7151bb25e8","sellTxId":"448fe945db744a113a46c0a45b1a47d5b9961f84"}
{"index": {"_index":"sim","_id":"1310467"}}
	{"id":1310467,"type":"buy","buyer":"chronocrypto","seller":"medaymane","symbol":"SIM","quantity":"2086.000","price":"0.00184000","timestamp":1628205351,"volume":"3.83824000","buyTxId":"86a80f2d037e60172553a97927d6dc7151bb25e8","sellTxId":"abbb9372551b4cd9684828148b6173b22ff87083"}
{"index": {"_index":"sim","_id":"1310468"}}
	{"id":1310468,"type":"buy","buyer":"chronocrypto","seller":"solovey6o2","symbol":"SIM","quantity":"152116.725","price":"0.00184999","timestamp":1628205351,"volume":"281.41442008","buyTxId":"86a80f2d037e60172553a97927d6dc7151bb25e8","sellTxId":"92e9d29ecf712981648f11fd76435c4c446cb2ee"}
{"index": {"_index":"sim","_id":"1310469"}}
	{"id":1310469,"type":"buy","buyer":"chronocrypto","seller":"hiq.redaktion","symbol":"SIM","quantity":"11212.530","price":"0.00185000","timestamp":1628205351,"volume":"20.74318050","buyTxId":"86a80f2d037e60172553a97927d6dc7151bb25e8","sellTxId":"b5a510cc8fb7a2abe28bc62547174901264f1daa"}
{"index": {"_index":"sim","_id":"1310470"}}
	{"id":1310470,"type":"buy","buyer":"chronocrypto","seller":"medaymane","symbol":"SIM","quantity":"410.626","price":"0.00186391","timestamp":1628205351,"volume":"0.76536991","buyTxId":"86a80f2d037e60172553a97927d6dc7151bb25e8","sellTxId":"ac29ee1820880ede4acdd9583fac5bf6c810c45b"}
{"index": {"_index":"sim","_id":"1310471"}}
	{"id":1310471,"type":"buy","buyer":"chronocrypto","seller":"kiwibloke","symbol":"SIM","quantity":"356.005","price":"0.00186791","timestamp":1628205351,"volume":"0.66498530","buyTxId":"86a80f2d037e60172553a97927d6dc7151bb25e8","sellTxId":"68c21b197f9febbca676af9c2b863a77d31a12b3"}
{"index": {"_index":"sim","_id":"1310472"}}
	{"id":1310472,"type":"buy","buyer":"chronocrypto","seller":"dhedge-drips","symbol":"SIM","quantity":"0.005","price":"0.00186997","timestamp":1628205351,"volume":"0.00000935","buyTxId":"86a80f2d037e60172553a97927d6dc7151bb25e8","sellTxId":"e38d1189f8e0244951dc3a8ba5369788ff381c31"}
{"index": {"_index":"sim","_id":"1310473"}}
	{"id":1310473,"type":"buy","buyer":"chronocrypto","seller":"mpath","symbol":"SIM","quantity":"888.000","price":"0.00187900","timestamp":1628205351,"volume":"1.66855200","buyTxId":"86a80f2d037e60172553a97927d6dc7151bb25e8","sellTxId":"7ed925a712eb205d5dfc249ca54552a6c4da4418"}
{"index": {"_index":"sim","_id":"1310474"}}
	{"id":1310474,"type":"buy","buyer":"chronocrypto","seller":"holoferncro","symbol":"SIM","quantity":"3621.000","price":"0.00187992","timestamp":1628205351,"volume":"6.80719032","buyTxId":"86a80f2d037e60172553a97927d6dc7151bb25e8","sellTxId":"1cfbc184aa6a60a909386b3f9e8c3cd0538b0496"}
{"index": {"_index":"sim","_id":"1310475"}}
	{"id":1310475,"type":"buy","buyer":"chronocrypto","seller":"onecent","symbol":"SIM","quantity":"1255.000","price":"0.00188000","timestamp":1628205351,"volume":"2.35940000","buyTxId":"86a80f2d037e60172553a97927d6dc7151bb25e8","sellTxId":"65701a20cdc867a875ae237ad124a044d2116479"}
{"index": {"_index":"sim","_id":"1310476"}}
	{"id":1310476,"type":"buy","buyer":"chronocrypto","seller":"accelerator","symbol":"SIM","quantity":"333.000","price":"0.00188000","timestamp":1628205351,"volume":"0.62604000","buyTxId":"86a80f2d037e60172553a97927d6dc7151bb25e8","sellTxId":"68c29eb5d27c175f0c2d2744842e0dcfe8c3a08f"}
{"index": {"_index":"sim","_id":"1310477"}}
	{"id":1310477,"type":"buy","buyer":"chronocrypto","seller":"holoferncro","symbol":"SIM","quantity":"4207.750","price":"0.00190000","timestamp":1628205351,"volume":"7.99472500","buyTxId":"86a80f2d037e60172553a97927d6dc7151bb25e8","sellTxId":"10f7941bf881d11b36397502b0dc96d97eed00eb"}
{"index": {"_index":"sim","_id":"1310478"}}
	{"id":1310478,"type":"buy","buyer":"chronocrypto","seller":"jeanlucsr","symbol":"SIM","quantity":"5000.000","price":"0.00195000","timestamp":1628205351,"volume":"9.75000000","buyTxId":"86a80f2d037e60172553a97927d6dc7151bb25e8","sellTxId":"27da2713f068f4d08b5e1e0e8e65f0a00f624dc0"}
{"index": {"_index":"sim","_id":"1310479"}}
	{"id":1310479,"type":"buy","buyer":"chronocrypto","seller":"megalithic","symbol":"SIM","quantity":"8000.000","price":"0.00195000","timestamp":1628205351,"volume":"15.60000000","buyTxId":"86a80f2d037e60172553a97927d6dc7151bb25e8","sellTxId":"b5de43dfe398eb77d7dfaf409ead88abe20adfee"}
{"index": {"_index":"sim","_id":"1310480"}}
	{"id":1310480,"type":"sell","buyer":"chronocrypto","seller":"konvik","symbol":"SIM","quantity":"8605.141","price":"0.00195000","timestamp":1628205354,"volume":"16.78002495","buyTxId":"86a80f2d037e60172553a97927d6dc7151bb25e8","sellTxId":"240f5a4846f1566343e146965d4c1bc765e8580d-1"}
{"index": {"_index":"sim","_id":"1310500"}}
	{"id":1310500,"type":"sell","buyer":"chronocrypto","seller":"deepresearch","symbol":"SIM","quantity":"8.000","price":"0.00195000","timestamp":1628205780,"volume":"0.01560000","buyTxId":"86a80f2d037e60172553a97927d6dc7151bb25e8","sellTxId":"05ed1c31d6e7bee256c5115e965a6a5a750d951b"}
{"index": {"_index":"sim","_id":"1310523"}}
	{"id":1310523,"type":"sell","buyer":"chronocrypto","seller":"elricmoonslayer","symbol":"SIM","quantity":"0.528","price":"0.00195000","timestamp":1628206407,"volume":"0.00102960","buyTxId":"86a80f2d037e60172553a97927d6dc7151bb25e8","sellTxId":"dd2d789c4ed1c9aa82d70408095a91a376d33c17"}
{"index": {"_index":"sim","_id":"1310541"}}
	{"id":1310541,"type":"sell","buyer":"solovey6o2","seller":"threejay","symbol":"SIM","quantity":"539.000","price":"0.00160003","timestamp":1628206761,"volume":"0.86241617","buyTxId":"05abdb6177635c73e9d8550a72bc1f43f8fa6866","sellTxId":"f73f7570aa460abef14f189f5c22ae7d9bee502c"}
{"index": {"_index":"sim","_id":"1310672"}}
	{"id":1310672,"type":"sell","buyer":"nastyforce","seller":"kaeptn-iglo","symbol":"SIM","quantity":"1173.444","price":"0.00161000","timestamp":1628209767,"volume":"1.88924484","buyTxId":"13dafaaeb988fb16cd73bf751959492417872a71","sellTxId":"6da5c655998b3b2c4cea30ad07dba56d43248f73"}
{"index": {"_index":"sim","_id":"1310673"}}
	{"id":1310673,"type":"sell","buyer":"solovey6o2","seller":"kaeptn-iglo","symbol":"SIM","quantity":"23041.014","price":"0.00160003","timestamp":1628209767,"volume":"36.86631363","buyTxId":"05abdb6177635c73e9d8550a72bc1f43f8fa6866","sellTxId":"6da5c655998b3b2c4cea30ad07dba56d43248f73"}
{"index": {"_index":"sim","_id":"1310674"}}
	{"id":1310674,"type":"sell","buyer":"solovey6o2","seller":"kaeptn-iglo","symbol":"SIM","quantity":"472.542","price":"0.00160003","timestamp":1628209767,"volume":"0.75608138","buyTxId":"be827f6fa8cbf6cec25a54eea5e768278a86e26b","sellTxId":"6da5c655998b3b2c4cea30ad07dba56d43248f73"}
{"index": {"_index":"sim","_id":"1310701"}}
	{"id":1310701,"type":"sell","buyer":"solovey6o2","seller":"dhedge-drips","symbol":"SIM","quantity":"2.545","price":"0.00160003","timestamp":1628210724,"volume":"0.00407208","buyTxId":"be827f6fa8cbf6cec25a54eea5e768278a86e26b","sellTxId":"6c01eb166f0d51c7425436b582a398908961f6b9"}
{"index": {"_index":"sim","_id":"1310729"}}
	{"id":1310729,"type":"sell","buyer":"solovey6o2","seller":"steemstreems","symbol":"SIM","quantity":"1732.003","price":"0.00160003","timestamp":1628210904,"volume":"2.77125676","buyTxId":"be827f6fa8cbf6cec25a54eea5e768278a86e26b","sellTxId":"d9d8990913d21c18b6fa57a7159969a979153edd"}
{"index": {"_index":"sim","_id":"1310758"}}
	{"id":1310758,"type":"sell","buyer":"solovey6o2","seller":"valor2s","symbol":"SIM","quantity":"24.000","price":"0.00160003","timestamp":1628211270,"volume":"0.03840072","buyTxId":"be827f6fa8cbf6cec25a54eea5e768278a86e26b","sellTxId":"c14424752c2e3b752a6e03d54f0d1add0e50f202"}
{"index": {"_index":"sim","_id":"1310765"}}
	{"id":1310765,"type":"buy","buyer":"d-pend","seller":"nftmart.fees","symbol":"SIM","quantity":"72.000","price":"0.00194998","timestamp":1628211621,"volume":"0.14039856","buyTxId":"0461120f2737d57ae5b4504455aa32d73e1251b8","sellTxId":"3aa0ca22c2a91edc4313d3f8994c5331b60750d8-0"}
{"index": {"_index":"sim","_id":"1310766"}}
	{"id":1310766,"type":"buy","buyer":"d-pend","seller":"dhedge-drips","symbol":"SIM","quantity":"2.545","price":"0.00194999","timestamp":1628211621,"volume":"0.00496272","buyTxId":"0461120f2737d57ae5b4504455aa32d73e1251b8","sellTxId":"8b0cfe78a344282a81702e5d9604c0585fb49104"}
{"index": {"_index":"sim","_id":"1310767"}}
	{"id":1310767,"type":"buy","buyer":"d-pend","seller":"elricmoonslayer","symbol":"SIM","quantity":"380.474","price":"0.00195000","timestamp":1628211621,"volume":"0.74192430","buyTxId":"0461120f2737d57ae5b4504455aa32d73e1251b8","sellTxId":"dd2d789c4ed1c9aa82d70408095a91a376d33c17"}
{"index": {"_index":"sim","_id":"1310768"}}
	{"id":1310768,"type":"buy","buyer":"d-pend","seller":"nastyforce","symbol":"SIM","quantity":"1250.000","price":"0.00195000","timestamp":1628211621,"volume":"2.43750000","buyTxId":"0461120f2737d57ae5b4504455aa32d73e1251b8","sellTxId":"2898f7fa5be7a34db01a3d0de241118405238449"}
{"index": {"_index":"sim","_id":"1310769"}}
	{"id":1310769,"type":"buy","buyer":"d-pend","seller":"mpath","symbol":"SIM","quantity":"567.000","price":"0.00197500","timestamp":1628211621,"volume":"1.11982500","buyTxId":"0461120f2737d57ae5b4504455aa32d73e1251b8","sellTxId":"14332d7bd16af95d344341b785c1a6dcef0bc180"}
{"index": {"_index":"sim","_id":"1310770"}}
	{"id":1310770,"type":"buy","buyer":"d-pend","seller":"accelerator","symbol":"SIM","quantity":"555.000","price":"0.00198700","timestamp":1628211621,"volume":"1.10278500","buyTxId":"0461120f2737d57ae5b4504455aa32d73e1251b8","sellTxId":"fdf82eb5838cce2c5a73ddaeb09ccd6bce5db789"}
{"index": {"_index":"sim","_id":"1310771"}}
	{"id":1310771,"type":"buy","buyer":"d-pend","seller":"onecent","symbol":"SIM","quantity":"555.000","price":"0.00198800","timestamp":1628211621,"volume":"1.10334000","buyTxId":"0461120f2737d57ae5b4504455aa32d73e1251b8","sellTxId":"a26e850c63445e5e55a21439bfce68e8a50269cb"}
{"index": {"_index":"sim","_id":"1310772"}}
	{"id":1310772,"type":"buy","buyer":"d-pend","seller":"mapac","symbol":"SIM","quantity":"888.000","price":"0.00198800","timestamp":1628211621,"volume":"1.76534400","buyTxId":"0461120f2737d57ae5b4504455aa32d73e1251b8","sellTxId":"646ead1e1abed550cccca7a493e7c0189eb792d4"}
{"index": {"_index":"sim","_id":"1310773"}}
	{"id":1310773,"type":"buy","buyer":"d-pend","seller":"onecent","symbol":"SIM","quantity":"729.981","price":"0.00198800","timestamp":1628211621,"volume":"1.45120223","buyTxId":"0461120f2737d57ae5b4504455aa32d73e1251b8","sellTxId":"56a946911d38fb7e25db49fb69c66358ce9ac8cb"}
{"index": {"_index":"sim","_id":"1310781"}}
	{"id":1310781,"type":"buy","buyer":"d-pend","seller":"onecent","symbol":"SIM","quantity":"158.019","price":"0.00198800","timestamp":1628211660,"volume":"0.31414177","buyTxId":"4206efcbe2b45685e0ed067b5fadb3683defc17a","sellTxId":"56a946911d38fb7e25db49fb69c66358ce9ac8cb"}
{"index": {"_index":"sim","_id":"1310782"}}
	{"id":1310782,"type":"buy","buyer":"d-pend","seller":"solovey6o2","symbol":"SIM","quantity":"1894.537","price":"0.00198989","timestamp":1628211660,"volume":"3.76992023","buyTxId":"4206efcbe2b45685e0ed067b5fadb3683defc17a","sellTxId":"e07ef534f4e10a0bc0e211a60a4584c18ff20695"}
{"index": {"_index":"sim","_id":"1310790"}}
	{"id":1310790,"type":"sell","buyer":"solovey6o2","seller":"epilatero","symbol":"SIM","quantity":"868","price":"0.00160003","timestamp":1628211771,"volume":"1.38882604","buyTxId":"be827f6fa8cbf6cec25a54eea5e768278a86e26b","sellTxId":"9063aa348f99fbf73c93198560ab9f6e6aef016a"}
{"index": {"_index":"sim","_id":"1310810"}}
	{"id":1310810,"type":"buy","buyer":"konvik","seller":"morzex","symbol":"SIM","quantity":"20781.250","price":"0.00180000","timestamp":1628212206,"volume":"37.40625000","buyTxId":"45f887d3513c042d83909ff6ee74551e06d8710f-0","sellTxId":"2f892210abc2e79495b7457b8ad1294e4ac719d2"}
{"index": {"_index":"sim","_id":"1310858"}}
	{"id":1310858,"type":"sell","buyer":"solovey6o2","seller":"trentonlundy1","symbol":"SIM","quantity":"0.176","price":"0.00161003","timestamp":1628213274,"volume":"0.00028337","buyTxId":"eeaaa39c6b1a319ce64e44cfcd30a959e05fef77","sellTxId":"d49c30bbf18bdf40b63d017610bcfe97c727fd09"}
{"index": {"_index":"sim","_id":"1310982"}}
	{"id":1310982,"type":"sell","buyer":"solovey6o2","seller":"melbourneswest","symbol":"SIM","quantity":"674.160","price":"0.00162003","timestamp":1628215896,"volume":"1.09215942","buyTxId":"2ea3ef84ae8c520191d9d7cc24da2293d3f7fc83","sellTxId":"fb49dcf05b7a66312e0b7406726fdba70a243bed"}
{"index": {"_index":"sim","_id":"1310992"}}
	{"id":1310992,"type":"sell","buyer":"solovey6o2","seller":"muenchen","symbol":"SIM","quantity":"14727.000","price":"0.00162003","timestamp":1628216214,"volume":"23.85818181","buyTxId":"2ea3ef84ae8c520191d9d7cc24da2293d3f7fc83","sellTxId":"4022585a7bdfa364c1b52adfe48d000f765e9c9b"}
{"index": {"_index":"sim","_id":"1311023"}}
	{"id":1311023,"type":"sell","buyer":"solovey6o2","seller":"thesimguru","symbol":"SIM","quantity":"2335.865","price":"0.00162003","timestamp":1628217366,"volume":"3.78417138","buyTxId":"2ea3ef84ae8c520191d9d7cc24da2293d3f7fc83","sellTxId":"d4f3a55062fb91e14af313b4826746d0032f4867"}
{"index": {"_index":"sim","_id":"1311047"}}
	{"id":1311047,"type":"buy","buyer":"stevescoins","seller":"nftmart.fees","symbol":"SIM","quantity":"62.000","price":"0.00196995","timestamp":1628217792,"volume":"0.12213690","buyTxId":"c6c508428b3ea6dd9f3af0976e977fedefb3ca28","sellTxId":"4dc2f44190874a2e41e0dfea2db1608de597c6b8-0"}
{"index": {"_index":"sim","_id":"1311052"}}
	{"id":1311052,"type":"sell","buyer":"stevescoins","seller":"danewilliams","symbol":"SIM","quantity":"147.000","price":"0.00196995","timestamp":1628217993,"volume":"0.28958265","buyTxId":"c6c508428b3ea6dd9f3af0976e977fedefb3ca28","sellTxId":"61bfff5c78b711ddcb9621c0f009377bde54b8d3"}
{"index": {"_index":"sim","_id":"1311056"}}
	{"id":1311056,"type":"sell","buyer":"stevescoins","seller":"nftmart.fees","symbol":"SIM","quantity":"54.000","price":"0.00196995","timestamp":1628218131,"volume":"0.10637730","buyTxId":"c6c508428b3ea6dd9f3af0976e977fedefb3ca28","sellTxId":"72488abe029ce7ab083974bc73fd52d70ecd7b07-0"}
