{"jsonrpc":"2.0","id":1,"result":[{"_id":5476893,"type":"sell","buyer":"mcbot","seller":"elevator09","symbol":"SIM","quantity":"6434.409","price":"0.00034619","timestamp":1676254467,"volume":"2.22752805","buyTxId":"c803792df813c14c860b32ce6a8b9db596b1029c-1","sellTxId":"1bc8bca6de398c837bb4e43d8ac3b6a2e24e2b32"},{"_id":5477534,"type":"sell","buyer":"mcbot","seller":"loganhate","symbol":"SIM","quantity":"11.000","price":"0.00034650","timestamp":1676263284,"volume":"0.00381150","buyTxId":"6f7a588c2bcdc9a3ddd9239f5c815f01be76d0bb-1","sellTxId":"f06a0ca49a6b17c095b8d34d0be7af7ffe5088c4"},{"_id":5477585,"type":"sell","buyer":"mcbot","seller":"captainloken","symbol":"SIM","quantity":"252.959","price":"0.00034650","timestamp":1676265141,"volume":"0.08765029","buyTxId":"0ec0aa7ef93f56ed1baacf521a6cb1f8d1fce8eb-1","sellTxId":"bcf3ec0452fd0c803e617adddcc606144c967719"},{"_id":5477673,"type":"sell","buyer":"mcbot","seller":"cyberblock","symbol":"SIM","quantity":"138.001","price":"0.00034652","timestamp":1676267211,"volume":"0.04782011","buyTxId":"425212e1ea75e27041b6addf99ce506aa54995f0-1","sellTxId":"85f8e5872f8d7410517c26c38ba80812992df0f7"},{"_id":5477716,"type":"sell","buyer":"mcbot","seller":"themarkymark","symbol":"SIM","quantity":"34.883","price":"0.00034657","timestamp":1676268051,"volume":"0.01208940","buyTxId":"cc32968fb842f17bb2118b86b717458214832b79-1","sellTxId":"f481d54400b3fe9842054a94ecab5414315c7a5a"},{"_id":5478268,"type":"sell","buyer":"mcbot","seller":"the01crow","symbol":"SIM","quantity":"20000.000","price":"0.00034671","timestamp":1676277093,"volume":"6.93420000","buyTxId":"938b96e43632a019df61f7a7c04e328314557116-1","sellTxId":"8dd29459550272f3f38bb4c92d9189b5797fb57b"},{"_id":5478269,"type":"buy","buyer":"god0","seller":"the01crow","symbol":"SIM","quantity":"7961.126","price":"0.00034671","timestamp":1676277093,"volume":"2.76020200","buyTxId":"4856b274bca347a2a7bbed7cb22f45263e8f6c72-0","sellTxId":"8dd29459550272f3f38bb4c92d9189b5797fb57b"},{"_id":5478608,"type":"sell","buyer":"mcbot","seller":"slothbuzz","symbol":"SIM","quantity":"169.857","price":"0.00034678","timestamp":1676280693,"volume":"0.05890301","buyTxId":"fc89169d9ae4d454365037f6f03893dd51da980b-1","sellTxId":"655bcf16344f26b507e17e3061593824a8ac4fde"},{"_id":5478757,"type":"sell","buyer":"mcbot","seller":"dswap","symbol":"SIM","quantity":"105.55","price":"0.00034678","timestamp":1676282046,"volume":"0.03660263","buyTxId":"6eab57dd1d3681587e87b224527455d1f595cb5f-1","sellTxId":"85a74e212844ca81a5e370530fb106855e3afcd2"},{"_id":5478794,"type":"sell","buyer":"god0","seller":"lightcaptured","symbol":"SIM","quantity":"80.506","price":"0.00034688","timestamp":1676282538,"volume":"0.02792592","buyTxId":"a1c990391e9d3ba94a456d037b1d5c619505eaf6","sellTxId":"5b257edb44f73eef188fc46721af6e67447e48dd"},{"_id":5478798,"type":"buy","buyer":"thegoliath","seller":"god0","symbol":"SIM","quantity":"63776.216","price":"0.00037339","timestamp":1676282652,"volume":"23.81340129","buyTxId":"a193c711cd5f133308c5ae578fe98ae14c0318aa","sellTxId":"64de82842a34a8d96b74f76330a930214377e7a9-1"},{"_id":5478799,"type":"buy","buyer":"thegoliath","seller":"jelly-cz","symbol":"SIM","quantity":"223.784","price":"0.00037349","timestamp":1676282652,"volume":"0.08358109","buyTxId":"a193c711cd5f133308c5ae578fe98ae14c0318aa","sellTxId":"MM-P-25242984-72241107-3-28-0"},{"_id":5479059,"type":"buy","buyer":"assassyn","seller":"jelly-cz","symbol":"SIM","quantity":"1500.000","price":"0.00037349","timestamp":1676286477,"volume":"0.56023500","buyTxId":"3f33e5c06d6ad7155679a577277cfc30d1f83f65","sellTxId":"MM-P-25242984-72241107-3-28-0"},{"_id":5479156,"type":"buy","buyer":"frugal-fun","seller":"jelly-cz","symbol":"SIM","quantity":"118870.117","price":"0.00037349","timestamp":1676288271,"volume":"44.39680000","buyTxId":"a7b25107c3f06a05a3ca2134e4f42a05ee13fb86","sellTxId":"MM-P-25242984-72241107-3-28-0"},{"_id":5479678,"type":"buy","buyer":"oople","seller":"jelly-cz","symbol":"SIM","quantity":"15169.408","price":"0.00037188","timestamp":1676296164,"volume":"5.64119945","buyTxId":"e22b92c3af6b4bc767f77cbaca89926f0e0e9710","sellTxId":"MM-P-25273513-72271639-3-28-0"},{"_id":5479706,"type":"buy","buyer":"oople","seller":"jelly-cz","symbol":"SIM","quantity":"20000.000","price":"0.00037188","timestamp":1676296827,"volume":"7.43760000","buyTxId":"553445c04b9eb6b7bde8be20dedefa166743a5f3","sellTxId":"MM-P-25273513-72271639-3-28-0"},{"_id":5480050,"type":"sell","buyer":"mcbot","seller":"fantasycrypto","symbol":"SIM","quantity":"3646.000","price":"0.00034706","timestamp":1676300871,"volume":"1.26538076","buyTxId":"3ece4ed352aa04a8b649b5a59d8d49744001526e-1","sellTxId":"4cbce911cffe8fb18dfcfbb696ed5f5d8767c7fd"},{"_id":5480157,"type":"buy","buyer":"assassyn","seller":"nftmart.fees","symbol":"SIM","quantity":"43.000","price":"0.00037187","timestamp":1676302161,"volume":"0.01599041","buyTxId":"4e8085201db979fb519df0cea3f62fb7bb22018a","sellTxId":"c8af14d5cd7690f8f65ab1d47f02485a7576229d-0"},{"_id":5480158,"type":"buy","buyer":"assassyn","seller":"jelly-cz","symbol":"SIM","quantity":"1457.000","price":"0.00037188","timestamp":1676302161,"volume":"0.54182916","buyTxId":"4e8085201db979fb519df0cea3f62fb7bb22018a","sellTxId":"MM-P-25273513-72271639-3-28-0"},{"_id":5481125,"type":"sell","buyer":"mcbot","seller":"archon-drips","symbol":"SIM","quantity":"11.725","price":"0.00034727","timestamp":1676312721,"volume":"0.00407174","buyTxId":"cf10c4963e5cdd8cb854d7ebfc60594b1cd27b5e-1","sellTxId":"6f941634328e2faf24fd4eef2776d0af74982095"},{"_id":5481228,"type":"buy","buyer":"thegoliath","seller":"god0","symbol":"SIM","quantity":"49825.159","price":"0.00037178","timestamp":1676314095,"volume":"18.52399761","buyTxId":"89627b2c80a12ed21e41d62834852798e8d215b2","sellTxId":"14680fb5fd028f39735675e229422bfaf602fb64-1"},{"_id":5481229,"type":"buy","buyer":"thegoliath","seller":"nftmart.fees","symbol":"SIM","quantity":"38.000","price":"0.00037186","timestamp":1676314095,"volume":"0.01413068","buyTxId":"89627b2c80a12ed21e41d62834852798e8d215b2","sellTxId":"f6a36891c1c45313e78dce3ae712fb6dd4bdefee-0"},{"_id":5481230,"type":"buy","buyer":"thegoliath","seller":"archon-drips","symbol":"SIM","quantity":"11.725","price":"0.00037187","timestamp":1676314095,"volume":"0.00436018","buyTxId":"89627b2c80a12ed21e41d62834852798e8d215b2","sellTxId":"0e0bb23959c641271326fe1efe75bbba4fb99246"},{"_id":5481231,"type":"buy","buyer":"thegoliath","seller":"jelly-cz","symbol":"SIM","quantity":"125.116","price":"0.00037188","timestamp":1676314095,"volume":"0.04652814","buyTxId":"89627b2c80a12ed21e41d62834852798e8d215b2","sellTxId":"MM-P-25273513-72271639-3-28-0"},{"_id":5481268,"type":"sell","buyer":"mcbot","seller":"trumpman","symbol":"SIM","quantity":"1016.602","price":"0.00034801","timestamp":1676314710,"volume":"0.35378766","buyTxId":"dfd41fa1767211bbe7cf99580ed7ee6376295dbc-1","sellTxId":"21ab63e3f0832803119301e27f49eca1e3d4ef72"},{"_id":5481312,"type":"buy","buyer":"god0","seller":"maryjane.main","symbol":"SIM","quantity":"22000.000","price":"0.00035812","timestamp":1676314992,"volume":"7.87864000","buyTxId":"38e01298941c6736ba14caa88ce214ed0ddcfcf6-0","sellTxId":"4d6a25f232c2ad28e14495b66a2ea01a3a2434fa"},{"_id":5481538,"type":"sell","buyer":"god0","seller":"bitcoinflood","symbol":"SIM","quantity":"1044.707","price":"0.00035822","timestamp":1676317308,"volume":"0.37423494","buyTxId":"50dfb1daaa83c456767c0bc47f9771b4f4160528-0","sellTxId":"77fafcf96693e1d988a1af33f5e5826539ed9d18"},{"_id":5481569,"type":"sell","buyer":"god0","seller":"thegoliath","symbol":"SIM","quantity":"1044.707","price":"0.00035832","timestamp":1676317656,"volume":"0.37433941","buyTxId":"8c2c720910e8c5353ade6ef7ae28c7d5802b0e66-0","sellTxId":"3da53f629a0839562b913aa012b9d69e38f6d388"},{"_id":5481570,"type":"sell","buyer":"god0","seller":"thegoliath","symbol":"SIM","quantity":"1044.707","price":"0.00035832","timestamp":1676317656,"volume":"0.37433941","buyTxId":"a06e4723e9160e74c3de59af023734e6b2e13efe-0","sellTxId":"3da53f629a0839562b913aa012b9d69e38f6d388"},{"_id":5481571,"type":"sell","buyer":"rqr4","seller":"thegoliath","symbol":"SIM","quantity":"1292.574","price":"0.00034800","timestamp":1676317656,"volume":"0.44981575","buyTxId":"dc2acc9f0b6168eb49bea1e440e5a9af25d099e3","sellTxId":"3da53f629a0839562b913aa012b9d69e38f6d388"},{"_id":5481572,"type":"sell","buyer":"all.coin.hive","seller":"thegoliath","symbol":"SIM","quantity":"91272.022","price":"0.00034726","timestamp":1676317656,"volume":"31.69512236","buyTxId":"2cdd76a34d0f688bce480d5eb23cd3007e65d44a-0","sellTxId":"3da53f629a0839562b913aa012b9d69e38f6d388"},{"_id":5481717,"type":"buy","buyer":"konvik","seller":"jelly-cz","symbol":"SIM","quantity":"107400.941","price":"0.00036091","timestamp":1676319321,"volume":"38.76207362","buyTxId":"b725f305c4dcd4e868d44c0aa4a401122415ff4b-0","sellTxId":"MM-P-25283793-72281919-3-28-0"},{"_id":5481735,"type":"buy","buyer":"konvik","seller":"jelly-cz","symbol":"SIM","quantity":"41020.358","price":"0.00035935","timestamp":1676319624,"volume":"14.74066565","buyTxId":"2b701f8cc6140138f27fdf6d9e94c693eaf3b398-0","sellTxId":"MM-P-25283892-72282018-3-28-0"},{"_id":5481737,"type":"buy","buyer":"mcbot","seller":"all.coin.hive","symbol":"SIM","quantity":"32295.904","price":"0.00036086","timestamp":1676319666,"volume":"11.6543","buyTxId":"c6aad70887322b37a31ce1ed95b495a8c8281984","sellTxId":"b18b4dd9162ebad9cb21dad2572af570c7bc1aaf-3"},{"_id":5481982,"type":"sell","buyer":"mcbot","seller":"pieternijmeijer","symbol":"SIM","quantity":"79.897","price":"0.00034607","timestamp":1676322489,"volume":"0.02764995","buyTxId":"d0503262777be1ed2cc823f730ec300e8b642acb-1","sellTxId":"12047faefa5888d05e055121c6d081da5ccff5b0"},{"_id":5482038,"type":"sell","buyer":"mcbot","seller":"ambiguity","symbol":"SIM","quantity":"2029.216","price":"0.00034612","timestamp":1676323116,"volume":"0.70235224","buyTxId":"90dc670bb14fe0a5ed1c9ed247e96daeffa5afc6-1","sellTxId":"f85820abe521aa341af94387ee64e5048e50de52"},{"_id":5482394,"type":"sell","buyer":"god0","seller":"j85063","symbol":"SIM","quantity":"20000.000","price":"0.00034629","timestamp":1676327373,"volume":"6.92580000","buyTxId":"dae5a29fb5abb00646e0b3dca632e4eebffa6171-0","sellTxId":"880a0625ab84d263e400be783d2c3b104a082659"},{"_id":5482405,"type":"sell","buyer":"mcbot","seller":"loganhate","symbol":"SIM","quantity":"11.000","price":"0.00034630","timestamp":1676327559,"volume":"0.00380930","buyTxId":"c3f8313d8259d210139896efe3b478028997c2cc-1","sellTxId":"6da77b75c570a15029de1e558ea026e7e377db48"},{"_id":5482437,"type":"buy","buyer":"cardi0","seller":"nftmart.fees","symbol":"SIM","quantity":"33.000","price":"0.00036994","timestamp":1676327997,"volume":"0.01220802","buyTxId":"770efddb46e16c8acfbb63a020638e50a8a57964","sellTxId":"3b0e8f1a8f2c1eb06b3375a7d8ebc224bae3fbf7-0"},{"_id":5482438,"type":"buy","buyer":"cardi0","seller":"all.coin.hive","symbol":"SIM","quantity":"11967.000","price":"0.00036995","timestamp":1676327997,"volume":"4.42719165","buyTxId":"770efddb46e16c8acfbb63a020638e50a8a57964","sellTxId":"1a15b1a3cb35d7a67159c07a2851e7c5b05976e6-3"},{"_id":5482605,"type":"sell","buyer":"mcbot","seller":"rishi556","symbol":"SIM","quantity":"10.245","price":"0.00034619","timestamp":1676330433,"volume":"0.00354672","buyTxId":"dcda0c452bccf73efb3c492e641c6e7ff876841f-1","sellTxId":"4930d09afb2ffde9d24322411be754aed742bb12"},{"_id":5482609,"type":"sell","buyer":"mcbot","seller":"nftmart.fees","symbol":"SIM","quantity":"193.550","price":"0.00034619","timestamp":1676330478,"volume":"0.06700507","buyTxId":"dcda0c452bccf73efb3c492e641c6e7ff876841f-1","sellTxId":"afad8a353699c120b67629f085853ecfde9904dd"},{"_id":5482659,"type":"sell","buyer":"mcbot","seller":"elevator09","symbol":"SIM","quantity":"1915.373","price":"0.00034632","timestamp":1676331009,"volume":"0.66333198","buyTxId":"96e1555edc1a755ef2a0859e734136fe62df5d4e-1","sellTxId":"f6539cacce51ec5d6f8bbcc9ab4dd33fd5206195"},{"_id":5482958,"type":"buy","buyer":"mirroredspork","seller":"nftmart.fees","symbol":"SIM","quantity":"3.000","price":"0.00036994","timestamp":1676334972,"volume":"0.00110982","buyTxId":"d68c4f39fe3e5f568aac61206cee61f37d6bb1eb","sellTxId":"12baacfbd23fb79053b3355839bc5716be505c4e-0"},{"_id":5482959,"type":"buy","buyer":"mirroredspork","seller":"all.coin.hive","symbol":"SIM","quantity":"1497.000","price":"0.00036995","timestamp":1676334972,"volume":"0.55381515","buyTxId":"d68c4f39fe3e5f568aac61206cee61f37d6bb1eb","sellTxId":"1a15b1a3cb35d7a67159c07a2851e7c5b05976e6-3"},{"_id":5483114,"type":"sell","buyer":"mcbot","seller":"themarkymark","symbol":"SIM","quantity":"34.882","price":"0.00034644","timestamp":1676337228,"volume":"0.01208452","buyTxId":"ce82e14277e84f774bc9e820ac67c77d4f21a419-1","sellTxId":"1cff8af13b526ce88f2350a268c4b245c5d7328f"},{"_id":5483267,"type":"sell","buyer":"mcbot","seller":"dhedge","symbol":"SIM","quantity":"9506.287","price":"0.00034644","timestamp":1676339361,"volume":"3.29335807","buyTxId":"7fb88a8d55b82cd18b937053810fe5311ebf2c93-1","sellTxId":"4155cd5c33db2e157c5cf8321121bef633b45e11"},{"_id":5483294,"type":"sell","buyer":"mcbot","seller":"nftmart.fees","symbol":"SIM","quantity":"23.000","price":"0.00034661","timestamp":1676339745,"volume":"0.00797203","buyTxId":"027f2630f9f282a3a9ff87ab0bbea32e1a9c312d-1","sellTxId":"c2b03a900ed88a5319ef9eae85fd9b51286f31b0"}]}