{"index": {"_index":"sim","_id":"3918553"}}
	{"id":3918553,"type":"sell","buyer":"pi-trader","seller":"zakludick","symbol":"SIM","quantity":"6.520","price":"0.00042031","timestamp":1657939593,"volume":"0.00274042","buyTxId":"1c28892a3b50e349eb84d5897b790a02021c0db0-3","sellTxId":"70ef77a34d352fe5871211f191f54cebb8ed4f17"}
{"index": {"_index":"sim","_id":"3918675"}}
	{"id":3918675,"type":"sell","buyer":"pi-trader","seller":"mindblast","symbol":"SIM","quantity":"867.000","price":"0.00042031","timestamp":1657941612,"volume":"0.36440877","buyTxId":"49fbb8d8dfd5795aef6b7eed96a7f452b8de94e4-1","sellTxId":"55a85558a8edbbc0bb0d90a18d73d3c64cdbde22"}
{"index": {"_index":"sim","_id":"3918683"}}
	{"id":3918683,"type":"sell","buyer":"pi-trader","seller":"dustindivitto","symbol":"SIM","quantity":"78650.000","price":"0.00042031","timestamp":1657941696,"volume":"33.05738150","buyTxId":"6d49fefd7d31c7f57812f2603f094edf1e626b6e-3","sellTxId":"e62b954755e316b52c098f690d3462d65141b025"}
{"index": {"_index":"sim","_id":"3918690"}}
	{"id":3918690,"type":"buy","buyer":"libert","seller":"nftmart.fees","symbol":"SIM","quantity":"63.000","price":"0.00044398","timestamp":1657941849,"volume":"0.02797074","buyTxId":"a669ed4d62c51eea90a1d17e06e0a0549f942bf4","sellTxId":"d4d73a5974e9dd2a6145dd61984973d87be703da-0"}
{"index": {"_index":"sim","_id":"3918691"}}
	{"id":3918691,"type":"buy","buyer":"libert","seller":"pi-trader","symbol":"SIM","quantity":"7684.923","price":"0.00044399","timestamp":1657941849,"volume":"3.41202926","buyTxId":"a669ed4d62c51eea90a1d17e06e0a0549f942bf4","sellTxId":"aa9be7c5d8ae6b159d6b3b38aff01aa4ddd91cd5-4"}
{"index": {"_index":"sim","_id":"3918769"}}
	{"id":3918769,"type":"buy","buyer":"hafiz34","seller":"nftmart.fees","symbol":"SIM","quantity":"55.000","price":"0.00044398","timestamp":1657943817,"volume":"0.02441890","buyTxId":"c4267737c33e5b7bf97e0cca7277bf7a508eadf8","sellTxId":"ca26c1986fcb004926ac4809f1e21d611fb9c1de-0"}
{"index": {"_index":"sim","_id":"3918770"}}
	{"id":3918770,"type":"buy","buyer":"hafiz34","seller":"pi-trader","symbol":"SIM","quantity":"50000.000","price":"0.00044399","timestamp":1657943817,"volume":"22.19950000","buyTxId":"c4267737c33e5b7bf97e0cca7277bf7a508eadf8","sellTxId":"2c73c82a56ea01a71e4aba45fdc9464b7f919319-4"}
{"index": {"_index":"sim","_id":"3918771"}}
	{"id":3918771,"type":"buy","buyer":"hafiz34","seller":"jelly-cz","symbol":"SIM","quantity":"5573.001","price":"0.00044400","timestamp":1657943817,"volume":"2.47441244","buyTxId":"c4267737c33e5b7bf97e0cca7277bf7a508eadf8","sellTxId":"MM-P-19168452-66161783-3-32-0"}
{"index": {"_index":"sim","_id":"3918884"}}
	{"id":3918884,"type":"buy","buyer":"neophytemaster","seller":"nftmart.fees","symbol":"SIM","quantity":"48.000","price":"0.00044398","timestamp":1657946088,"volume":"0.02131104","buyTxId":"b7f34811127d891349cc7343759ef33d6568183e","sellTxId":"b785ce6be797d06afec2d92ebe91b1fb8b172f03-0"}
{"index": {"_index":"sim","_id":"3918885"}}
	{"id":3918885,"type":"buy","buyer":"neophytemaster","seller":"pi-trader","symbol":"SIM","quantity":"4133.385","price":"0.00044399","timestamp":1657946088,"volume":"1.83518161","buyTxId":"b7f34811127d891349cc7343759ef33d6568183e","sellTxId":"9135883db7bcafbc3b480e94425533140ce39605-5"}
{"index": {"_index":"sim","_id":"3918891"}}
	{"id":3918891,"type":"sell","buyer":"pi-trader","seller":"theguruasia","symbol":"SIM","quantity":"20885.782","price":"0.00042041","timestamp":1657946280,"volume":"8.78059161","buyTxId":"b1924a87e02c1278c1bf742351fb4fe862f333a3-3","sellTxId":"646a04f246ef3a746c72f4fff2aa18066903c913"}
{"index": {"_index":"sim","_id":"3918904"}}
	{"id":3918904,"type":"sell","buyer":"pi-trader","seller":"mafia.wallet","symbol":"SIM","quantity":"1000.000","price":"0.00042041","timestamp":1657946583,"volume":"0.42041000","buyTxId":"cfc9643f026bb36bac55cdd1cbd4e4d01525a977-3","sellTxId":"53645c9d9ae17759e13ff435598d66da52b4fd13"}
{"index": {"_index":"sim","_id":"3918976"}}
	{"id":3918976,"type":"sell","buyer":"pi-trader","seller":"dswap","symbol":"SIM","quantity":"2.377","price":"0.00042041","timestamp":1657947969,"volume":"0.00099931","buyTxId":"42406086bc726dd38bb9ea6f745301212e527a34-4","sellTxId":"2de0344e0d515910837c601a6025f4778081c5c3"}
{"index": {"_index":"sim","_id":"3918996"}}
	{"id":3918996,"type":"buy","buyer":"enthef","seller":"nftmart.fees","symbol":"SIM","quantity":"70.000","price":"0.00044398","timestamp":1657948281,"volume":"0.03107860","buyTxId":"cd5f6612d6df5cfab941d056fd1b11f5da95fab2","sellTxId":"86941ef8a823995899e7fc1c3554fae92e3a4890-0"}
{"index": {"_index":"sim","_id":"3919074"}}
	{"id":3919074,"type":"sell","buyer":"pi-trader","seller":"leizerstark","symbol":"SIM","quantity":"1066.000","price":"0.00042051","timestamp":1657948917,"volume":"0.44826366","buyTxId":"f784fe13aa741251c49df45b1957ced3943dbf3d-1","sellTxId":"5559f22f671bc31e684ddfb515a1897c62bae70e"}
{"index": {"_index":"sim","_id":"3919430"}}
	{"id":3919430,"type":"sell","buyer":"pi-trader","seller":"chekohler","symbol":"SIM","quantity":"3.24","price":"0.00042061","timestamp":1657955610,"volume":"0.00136278","buyTxId":"da619de1d8edcb51a50cdb32be3ecafdf85dcf62-1","sellTxId":"a1f9344fd11bc8c0de8a36afc4bebc30cc9b2f5d"}
{"index": {"_index":"sim","_id":"3919474"}}
	{"id":3919474,"type":"sell","buyer":"pi-trader","seller":"dswap","symbol":"SIM","quantity":"7309.512","price":"0.00042061","timestamp":1657956144,"volume":"3.07445384","buyTxId":"7e6b36b816d35215363b1f0796c20b863436d4fc-1","sellTxId":"40b2ef28fa8cc830ae0a540760b0fac382ff3cd6"}
{"index": {"_index":"sim","_id":"3919813"}}
	{"id":3919813,"type":"buy","buyer":"bhattg","seller":"nftmart.fees","symbol":"SIM","quantity":"61.000","price":"0.00044398","timestamp":1657961601,"volume":"0.02708278","buyTxId":"eda56fc4ae6e41cf135f0a2ff6646364f5ffe999","sellTxId":"437105373133b207928547b685fcd500ef4411fc-0"}
{"index": {"_index":"sim","_id":"3919814"}}
	{"id":3919814,"type":"sell","buyer":"bhattg","seller":"konvik","symbol":"SIM","quantity":"19919.249","price":"0.00044398","timestamp":1657961604,"volume":"8.84374817","buyTxId":"eda56fc4ae6e41cf135f0a2ff6646364f5ffe999","sellTxId":"86476c974ba4fbe2525fe2cb562cc173cfca57ae-1"}
{"index": {"_index":"sim","_id":"3919815"}}
	{"id":3919815,"type":"sell","buyer":"bhattg","seller":"svirus","symbol":"SIM","quantity":"19.751","price":"0.00044398","timestamp":1657961604,"volume":"0.00876905","buyTxId":"eda56fc4ae6e41cf135f0a2ff6646364f5ffe999","sellTxId":"f9b6f0ece8dfbce9362274865b07330366d68b7c-1"}
{"index": {"_index":"sim","_id":"3919858"}}
	{"id":3919858,"type":"sell","buyer":"pi-trader","seller":"metzli","symbol":"SIM","quantity":"3974.881","price":"0.00042081","timestamp":1657962540,"volume":"1.67266967","buyTxId":"c9a71cab14327d7a2e01c8d9d9bb93def65194f5-4","sellTxId":"20f8aae9b73cb9dfd03711637fc36ede58e9f1fa"}
{"index": {"_index":"sim","_id":"3919987"}}
	{"id":3919987,"type":"buy","buyer":"demotry","seller":"nftmart.fees","symbol":"SIM","quantity":"53.000","price":"0.00044396","timestamp":1657965183,"volume":"0.02352988","buyTxId":"526f6bc64c4fd1373cffceef8e88ae4d7765aff4","sellTxId":"b8b604bfc1beff02b786c9f1168d8562dfc040cd-0"}
{"index": {"_index":"sim","_id":"3919988"}}
	{"id":3919988,"type":"buy","buyer":"demotry","seller":"pi-trader","symbol":"SIM","quantity":"40907.460","price":"0.00044397","timestamp":1657965183,"volume":"18.16168502","buyTxId":"526f6bc64c4fd1373cffceef8e88ae4d7765aff4","sellTxId":"d8b30155ca92d8f4e2b31e30b0a498c9a4f61db8-1"}
{"index": {"_index":"sim","_id":"3920137"}}
	{"id":3920137,"type":"sell","buyer":"pi-trader","seller":"metzli","symbol":"SIM","quantity":"10000.000","price":"0.00042091","timestamp":1657968279,"volume":"4.20910000","buyTxId":"12426d871c96ff10d5c94d2f44b8ae7937bfdd1d-1","sellTxId":"b45e2f513aa334d8bc33ed81fdf5a7e6ca32de71"}
{"index": {"_index":"sim","_id":"3920701"}}
	{"id":3920701,"type":"buy","buyer":"cryptogillone","seller":"nftmart.fees","symbol":"SIM","quantity":"46.000","price":"0.00044388","timestamp":1657976991,"volume":"0.02041848","buyTxId":"d27f9e69dbfc62ec4af12f881e07ed37e417d31a","sellTxId":"5aefef80d0dacdcc819b6742b70717c3c09a4e2e-0"}
{"index": {"_index":"sim","_id":"3920702"}}
	{"id":3920702,"type":"buy","buyer":"cryptogillone","seller":"pi-trader","symbol":"SIM","quantity":"2118.247","price":"0.00044389","timestamp":1657976991,"volume":"0.94026880","buyTxId":"d27f9e69dbfc62ec4af12f881e07ed37e417d31a","sellTxId":"ec94a4737841275fb24df687c1ae825b38185397-1"}
{"index": {"_index":"sim","_id":"3920848"}}
	{"id":3920848,"type":"buy","buyer":"bhattg","seller":"nftmart.fees","symbol":"SIM","quantity":"40.000","price":"0.00043999","timestamp":1657979214,"volume":"0.01759960","buyTxId":"a8ba231f271a10199b60e4dbea0f4857de2c3382","sellTxId":"55121f944e4ad6ab6ac13c6e02a8de3353934f7b-0"}
{"index": {"_index":"sim","_id":"3920849"}}
	{"id":3920849,"type":"sell","buyer":"bhattg","seller":"svirus","symbol":"SIM","quantity":"14960.000","price":"0.00043999","timestamp":1657979217,"volume":"6.58225040","buyTxId":"a8ba231f271a10199b60e4dbea0f4857de2c3382","sellTxId":"e7a9ae00e8fc5cb1116fba3a1857c1054f6bf40b-1"}
{"index": {"_index":"sim","_id":"3920854"}}
	{"id":3920854,"type":"buy","buyer":"bhattg","seller":"nftmart.fees","symbol":"SIM","quantity":"35.000","price":"0.00043999","timestamp":1657979349,"volume":"0.01539965","buyTxId":"5f2846a1721ec2eaafbc4f57730a4c81df5c48b5","sellTxId":"4b809b2611ccf78344602d3a6091f8c7501c235e-0"}
{"index": {"_index":"sim","_id":"3920855"}}
	{"id":3920855,"type":"sell","buyer":"bhattg","seller":"svirus","symbol":"SIM","quantity":"4925.560","price":"0.00043999","timestamp":1657979352,"volume":"2.16719714","buyTxId":"5f2846a1721ec2eaafbc4f57730a4c81df5c48b5","sellTxId":"1da9cd9d10f2fba52160d05c05dd63a4a80f0ce8-1"}
{"index": {"_index":"sim","_id":"3920881"}}
	{"id":3920881,"type":"buy","buyer":"emanginasal","seller":"looftee","symbol":"SIM","quantity":"2824.998","price":"0.00044000","timestamp":1657979799,"volume":"1.24299912","buyTxId":"2a826968b766f5ad29220e673024e503381becbc","sellTxId":"e8ad70e1699deaf54d00c2d9403ee52f27e68b85"}
{"index": {"_index":"sim","_id":"3920914"}}
	{"id":3920914,"type":"sell","buyer":"bhattg","seller":"forsakensushi","symbol":"SIM","quantity":"0.007","price":"0.00043999","timestamp":1657980210,"volume":"0.00000308","buyTxId":"5f2846a1721ec2eaafbc4f57730a4c81df5c48b5","sellTxId":"8259eeae1cadcdb34db9ffb9a2d43a2ffb35e1ec"}
{"index": {"_index":"sim","_id":"3920915"}}
	{"id":3920915,"type":"sell","buyer":"pi-trader","seller":"forsakensushi","symbol":"SIM","quantity":"4999.993","price":"0.00042121","timestamp":1657980210,"volume":"2.10604705","buyTxId":"8c789341d8db0c321b92df966b1c07e6e82ca62b","sellTxId":"8259eeae1cadcdb34db9ffb9a2d43a2ffb35e1ec"}
{"index": {"_index":"sim","_id":"3921273"}}
	{"id":3921273,"type":"sell","buyer":"pi-trader","seller":"agreste","symbol":"SIM","quantity":"0.793","price":"0.00042143","timestamp":1657985433,"volume":"0.00033419","buyTxId":"7e6f62c2fb8e86d5bf0bc69b316db29d0d0efd1c-1","sellTxId":"cccb1138513cab0eb7c1f6d282dc862828bfb221"}
{"index": {"_index":"sim","_id":"3921868"}}
	{"id":3921868,"type":"sell","buyer":"pi-trader","seller":"successchar","symbol":"SIM","quantity":"500.000","price":"0.00042141","timestamp":1657991193,"volume":"0.21070500","buyTxId":"1c6a6556b7a30097fedc5873298160b780a70ebe-1","sellTxId":"109734f4c2b9ba0e27658903cec0985d7981224b"}
{"index": {"_index":"sim","_id":"3922021"}}
	{"id":3922021,"type":"buy","buyer":"adacardano","seller":"nftmart.fees","symbol":"SIM","quantity":"40.000","price":"0.00043997","timestamp":1657992927,"volume":"0.01759880","buyTxId":"6e3349dfbd5727010f7af07b5b0a52aa53d7f163","sellTxId":"fdf82d81df829ba8c4548adace12fc0d8f11bfd4-0"}
{"index": {"_index":"sim","_id":"3922022"}}
	{"id":3922022,"type":"buy","buyer":"adacardano","seller":"steemmillionaire","symbol":"SIM","quantity":"9744.000","price":"0.00043998","timestamp":1657992927,"volume":"4.28716512","buyTxId":"6e3349dfbd5727010f7af07b5b0a52aa53d7f163","sellTxId":"3caf24cf4153159a7ccfaca5919149d71fdce99a"}
{"index": {"_index":"sim","_id":"3922023"}}
	{"id":3922023,"type":"buy","buyer":"adacardano","seller":"bhoa","symbol":"SIM","quantity":"14503.050","price":"0.00044390","timestamp":1657992927,"volume":"6.43790390","buyTxId":"6e3349dfbd5727010f7af07b5b0a52aa53d7f163","sellTxId":"a33b77641578269584432cd9e320f221046ff9c3"}
{"index": {"_index":"sim","_id":"3922024"}}
	{"id":3922024,"type":"buy","buyer":"adacardano","seller":"medaymane","symbol":"SIM","quantity":"960.460","price":"0.00044397","timestamp":1657992927,"volume":"0.42641543","buyTxId":"6e3349dfbd5727010f7af07b5b0a52aa53d7f163","sellTxId":"c06f2919712af3c3d420ac985b0bf73f98cc736c"}
{"index": {"_index":"sim","_id":"3922025"}}
	{"id":3922025,"type":"buy","buyer":"adacardano","seller":"allfabeta","symbol":"SIM","quantity":"10300.000","price":"0.00044400","timestamp":1657992927,"volume":"4.57320000","buyTxId":"6e3349dfbd5727010f7af07b5b0a52aa53d7f163","sellTxId":"d8bda35d713bba14ba7b442e3732f47639c09c9a"}
{"index": {"_index":"sim","_id":"3922026"}}
	{"id":3922026,"type":"buy","buyer":"adacardano","seller":"boycharlieplays","symbol":"SIM","quantity":"4452.490","price":"0.00048600","timestamp":1657992927,"volume":"2.16391014","buyTxId":"6e3349dfbd5727010f7af07b5b0a52aa53d7f163","sellTxId":"0f9b32d357c5c352d59f5f35b9bca7ea15d6ef83"}
{"index": {"_index":"sim","_id":"3922391"}}
	{"id":3922391,"type":"sell","buyer":"pfunk","seller":"pjansen","symbol":"SIM","quantity":"24.255","price":"0.00047500","timestamp":1657996713,"volume":"0.01152113","buyTxId":"75f5eb1d1f6f30ff57235abebd566e607889eda8","sellTxId":"f518874e30b6dfaba17fd08375235c9c5ea4bb1a-1"}
{"index": {"_index":"sim","_id":"3922394"}}
	{"id":3922394,"type":"sell","buyer":"pfunk","seller":"pjansen","symbol":"SIM","quantity":"5.745","price":"0.00047500","timestamp":1657996728,"volume":"0.00272887","buyTxId":"75f5eb1d1f6f30ff57235abebd566e607889eda8","sellTxId":"2944ad14fe8cd967171a9cc89383c78ac1a874eb"}
{"index": {"_index":"sim","_id":"3922395"}}
	{"id":3922395,"type":"sell","buyer":"pi-trader","seller":"pjansen","symbol":"SIM","quantity":"0.122","price":"0.00042161","timestamp":1657996728,"volume":"0.00005144","buyTxId":"4c8fa503c8c49223e19204dc8d4f6bc4661eab30-1","sellTxId":"2944ad14fe8cd967171a9cc89383c78ac1a874eb"}
{"index": {"_index":"sim","_id":"3922431"}}
	{"id":3922431,"type":"sell","buyer":"pi-trader","seller":"dhedge-drips","symbol":"SIM","quantity":"13.499","price":"0.00042161","timestamp":1657997115,"volume":"0.00569131","buyTxId":"c2d6f076c6c920aa1293041ce348d0d78bbbe77a-0","sellTxId":"2fd6aa1b38cc25be33644e23e9e46086fc29099f"}
{"index": {"_index":"sim","_id":"3922540"}}
	{"id":3922540,"type":"sell","buyer":"maryjane.main","seller":"svirus","symbol":"SIM","quantity":"14100.000","price":"0.00044598","timestamp":1657998498,"volume":"6.28831800","buyTxId":"85ecdc933eea3868278862754a2e1141685ff40c","sellTxId":"9ca68dd8e1baf96992f559b590935384aad218d5-1"}
{"index": {"_index":"sim","_id":"3922597"}}
	{"id":3922597,"type":"sell","buyer":"pi-trader","seller":"whitelightxpress","symbol":"SIM","quantity":"3.084","price":"0.00042161","timestamp":1657999125,"volume":"0.00130025","buyTxId":"857f3fa48514fdf10ec71ea2bae1d58ec6ea8fda-0","sellTxId":"de29497b9c28b059278a7020ea87032c9ccd6b4e"}
{"index": {"_index":"sim","_id":"3922739"}}
	{"id":3922739,"type":"buy","buyer":"cryptogillone","seller":"nftmart.fees","symbol":"SIM","quantity":"35.000","price":"0.00047996","timestamp":1658001042,"volume":"0.01679860","buyTxId":"b5b7b08638b5de3befdf40d319a00f9942b4f77e","sellTxId":"6149ba5443f55707689904afeee72cefbdd04064-0"}
{"index": {"_index":"sim","_id":"3922740"}}
	{"id":3922740,"type":"buy","buyer":"cryptogillone","seller":"pi-trader","symbol":"SIM","quantity":"244.100","price":"0.00047997","timestamp":1658001042,"volume":"0.11716110","buyTxId":"b5b7b08638b5de3befdf40d319a00f9942b4f77e","sellTxId":"a682416c497ffe66123fbe58cdac4ecb0f11008f-5"}
{"index": {"_index":"sim","_id":"3922824"}}
	{"id":3922824,"type":"sell","buyer":"pi-trader","seller":"poliwalt10","symbol":"SIM","quantity":"674.000","price":"0.00042171","timestamp":1658002029,"volume":"0.28423254","buyTxId":"0a7d54b517ad94cf47af42376eb4512ab0caeb31-1","sellTxId":"8c7f4f2c97758c65f1cf99f2dc2254f4fcba4595"}
{"index": {"_index":"sim","_id":"3922847"}}
	{"id":3922847,"type":"sell","buyer":"pi-trader","seller":"gsauce1989","symbol":"SIM","quantity":"1111.111","price":"0.00042171","timestamp":1658002230,"volume":"0.46856662","buyTxId":"fc084e0c4b82cdbacee75671806fbdfe9452d86c-3","sellTxId":"bf94ccba443220d39ace1ce276880ae57c59e9e8"}
{"index": {"_index":"sim","_id":"3923210"}}
	{"id":3923210,"type":"sell","buyer":"pi-trader","seller":"elevator09","symbol":"SIM","quantity":"2524.018","price":"0.00042181","timestamp":1658006004,"volume":"1.06465603","buyTxId":"a9dabab9a74c21c5a6cb59362ebde3dea16a7d52-1","sellTxId":"9f45643306d96165d1d3deb98f1209c822076e44"}
{"index": {"_index":"sim","_id":"3923341"}}
	{"id":3923341,"type":"sell","buyer":"pi-trader","seller":"reseller","symbol":"SIM","quantity":"150000.000","price":"0.00042181","timestamp":1658007774,"volume":"63.27150000","buyTxId":"5538971a661f17101ebd4245daa384455a3fb3bb-7","sellTxId":"51068526235f5661e53091fe41b4d50a4453bb9d"}
{"index": {"_index":"sim","_id":"3923400"}}
	{"id":3923400,"type":"sell","buyer":"pi-trader","seller":"he-index","symbol":"SIM","quantity":"26.218","price":"0.00042181","timestamp":1658008923,"volume":"0.01105901","buyTxId":"c7a1fca7e1af0a89b87ea61c16eca415244f0245-3","sellTxId":"ac6236d0a68a59c1da15d8330fa8e05b2c4c6147"}
{"index": {"_index":"sim","_id":"3923444"}}
	{"id":3923444,"type":"buy","buyer":"bambukah","seller":"nftmart.fees","symbol":"SIM","quantity":"30.000","price":"0.00047997","timestamp":1658010099,"volume":"0.01439910","buyTxId":"26aaf331434f11b33648db87339f92c1248ee1eb","sellTxId":"3904db42373e939335f96f5f30d33f4f4a29cddf-0"}
{"index": {"_index":"sim","_id":"3923445"}}
	{"id":3923445,"type":"buy","buyer":"bambukah","seller":"pi-trader","symbol":"SIM","quantity":"4970.000","price":"0.00047998","timestamp":1658010099,"volume":"2.38550060","buyTxId":"26aaf331434f11b33648db87339f92c1248ee1eb","sellTxId":"afd26c5fbe3adceca4192c7516ab7f99d95e0eee-6"}
{"index": {"_index":"sim","_id":"3924020"}}
	{"id":3924020,"type":"sell","buyer":"pi-trader","seller":"elianaicgomes","symbol":"SIM","quantity":"1879.036","price":"0.00042201","timestamp":1658017665,"volume":"0.79297198","buyTxId":"a0c2c0e57914c481d84583fa37428c5010728559-3","sellTxId":"035d4788205523d6b67234bbb03081f5a2c47ae3"}
{"index": {"_index":"sim","_id":"3924091"}}
	{"id":3924091,"type":"buy","buyer":"robertkdk","seller":"nftmart.fees","symbol":"SIM","quantity":"27.000","price":"0.00045998","timestamp":1658018394,"volume":"0.01241946","buyTxId":"5258aed7aab73cd9576b3dcb47af74e97efb3ddb","sellTxId":"f86c9c2d91a14344947f551c1a624bb8cf5c8174-0"}
{"index": {"_index":"sim","_id":"3924092"}}
	{"id":3924092,"type":"buy","buyer":"robertkdk","seller":"pi-trader","symbol":"SIM","quantity":"4973.000","price":"0.00045999","timestamp":1658018394,"volume":"2.28753027","buyTxId":"5258aed7aab73cd9576b3dcb47af74e97efb3ddb","sellTxId":"7d9e827b744b644a24bbb21101c451b2c6efc593-4"}
{"index": {"_index":"sim","_id":"3924123"}}
	{"id":3924123,"type":"sell","buyer":"pi-trader","seller":"dhedge-drips","symbol":"SIM","quantity":"0.001","price":"0.00042201","timestamp":1658018715,"volume":"0.00000042","buyTxId":"e6ac45a2dd99b0939c00d1d0ebe7e277a2e7e8cd-3","sellTxId":"eb6f0e7976be417d8ba4d2ce2a8d8dc0987ebde5"}
{"index": {"_index":"sim","_id":"3924192"}}
	{"id":3924192,"type":"sell","buyer":"pi-trader","seller":"valor2s","symbol":"SIM","quantity":"142.822","price":"0.00042201","timestamp":1658019639,"volume":"0.06027231","buyTxId":"c45c426d1294a7d4aa591a1434f0a03162749f9a-3","sellTxId":"ac5e30d9527e3ec69fb3348b87cf6210a9746cc1"}
{"index": {"_index":"sim","_id":"3924369"}}
	{"id":3924369,"type":"sell","buyer":"pi-trader","seller":"lanny0938","symbol":"SIM","quantity":"9.310","price":"0.00042211","timestamp":1658021823,"volume":"0.00392984","buyTxId":"37102409f4020b137c2b56ccfde6cc37e5afb5ed-1","sellTxId":"d647cd49fa20c5495f5818b44b7657e3849f94de"}
{"index": {"_index":"sim","_id":"3924374"}}
	{"id":3924374,"type":"sell","buyer":"pi-trader","seller":"dswap","symbol":"SIM","quantity":"0.537","price":"0.00042211","timestamp":1658021877,"volume":"0.00022667","buyTxId":"dd8aee634e482a19e26efacd4ca8040885e1b3fa-4","sellTxId":"71c63b525760aafddbcdb7108a9b79d69470cefe"}
{"index": {"_index":"sim","_id":"3924535"}}
	{"id":3924535,"type":"sell","buyer":"pi-trader","seller":"travelgirl","symbol":"SIM","quantity":"2310.000","price":"0.00042221","timestamp":1658024712,"volume":"0.97530510","buyTxId":"7fc41e8b8722d96512ca68e1368843eed96562c2-2","sellTxId":"99c51b3bb5b87250129b8aa2397b0e149ec2117c"}
