{"index": {"_index":"sim","_id":"1710001"}}
	{"id":1710001,"type":"sell","buyer":"pi-trader","seller":"bigram13","symbol":"SIM","quantity":"5847.000","price":"0.00095001","timestamp":1634353032,"volume":"5.55470847","buyTxId":"86a222d63dceac659a2fdeaca9806c6fc40e3d96-7","sellTxId":"2352a03a86aaf3cec881ea3a28a21b892de7544f"}
{"index": {"_index":"sim","_id":"1710223"}}
	{"id":1710223,"type":"sell","buyer":"pi-trader","seller":"willsaldeno","symbol":"SIM","quantity":"577.000","price":"0.00095003","timestamp":1634357163,"volume":"0.54816731","buyTxId":"2428e4d2cdb8659145c907c183decedaa963bbec-3","sellTxId":"7e382ac3e1d34cd54be4282dd95c41e3d8225665"}
{"index": {"_index":"sim","_id":"1710230"}}
	{"id":1710230,"type":"buy","buyer":"wizzitywillican","seller":"pi-trader","symbol":"SIM","quantity":"20000.000","price":"0.00098898","timestamp":1634357403,"volume":"19.77960000","buyTxId":"27229381d12a98ae105a9b90c315591242dd2028","sellTxId":"80bd3c0ac410f55f959985ffe4249fa7f3fbf81c-4"}
{"index": {"_index":"sim","_id":"1710231"}}
	{"id":1710231,"type":"buy","buyer":"wizzitywillican","seller":"ganjafarmer","symbol":"SIM","quantity":"7.138","price":"0.00098899","timestamp":1634357403,"volume":"0.00705941","buyTxId":"27229381d12a98ae105a9b90c315591242dd2028","sellTxId":"e658e92c7d42a9608e13ec618f67fe382ee50649"}
{"index": {"_index":"sim","_id":"1710232"}}
	{"id":1710232,"type":"buy","buyer":"wizzitywillican","seller":"brofi-market","symbol":"SIM","quantity":"0.003","price":"0.00098899","timestamp":1634357403,"volume":"0.00000297","buyTxId":"27229381d12a98ae105a9b90c315591242dd2028","sellTxId":"de02712a4cceadee08efda0c6e6ac81783df452c"}
{"index": {"_index":"sim","_id":"1710233"}}
	{"id":1710233,"type":"buy","buyer":"wizzitywillican","seller":"axeman","symbol":"SIM","quantity":"1478.090","price":"0.00098900","timestamp":1634357403,"volume":"1.46183101","buyTxId":"27229381d12a98ae105a9b90c315591242dd2028","sellTxId":"a229221f45ca54573268707383009e6f845b10b7"}
{"index": {"_index":"sim","_id":"1710234"}}
	{"id":1710234,"type":"buy","buyer":"wizzitywillican","seller":"ironshield","symbol":"SIM","quantity":"47725.867","price":"0.00099000","timestamp":1634357403,"volume":"47.24860833","buyTxId":"27229381d12a98ae105a9b90c315591242dd2028","sellTxId":"6a4d0fcbb9dd82a8ab8d55164e55e5798e47f337"}
{"index": {"_index":"sim","_id":"1710235"}}
	{"id":1710235,"type":"buy","buyer":"wizzitywillican","seller":"dera123","symbol":"SIM","quantity":"5292.076","price":"0.00100000","timestamp":1634357403,"volume":"5.29207600","buyTxId":"27229381d12a98ae105a9b90c315591242dd2028","sellTxId":"8fd951ff47fa5ad91cb79dd0bc1ba0feb59c735d"}
{"index": {"_index":"sim","_id":"1710236"}}
	{"id":1710236,"type":"sell","buyer":"wizzitywillican","seller":"genet","symbol":"SIM","quantity":"6496.826","price":"0.00100000","timestamp":1634357406,"volume":"6.49682600","buyTxId":"27229381d12a98ae105a9b90c315591242dd2028","sellTxId":"824268efca74ab59c01798b72c71b3e25f1159e4-1"}
{"index": {"_index":"sim","_id":"1710246"}}
	{"id":1710246,"type":"sell","buyer":"pi-trader","seller":"brofi-market","symbol":"SIM","quantity":"0.001","price":"0.00095001","timestamp":1634357481,"volume":"0.00000095","buyTxId":"991190fc033aedc4a6962db70c0dc2682061cd76-4","sellTxId":"729fb1bd38bb482dc866e5ec27d07c3c84dd7739"}
{"index": {"_index":"sim","_id":"1710288"}}
	{"id":1710288,"type":"sell","buyer":"pi-trader","seller":"theguruasia","symbol":"SIM","quantity":"1419.950","price":"0.00095001","timestamp":1634357835,"volume":"1.34896670","buyTxId":"cff4182280863c8619b4428852dfbb22da322104-3","sellTxId":"89a68d35547fad3ec557ee4a4eb4b78fa152d195"}
{"index": {"_index":"sim","_id":"1710299"}}
	{"id":1710299,"type":"sell","buyer":"pi-trader","seller":"hive.pizza","symbol":"SIM","quantity":"486.533","price":"0.00095001","timestamp":1634357976,"volume":"0.46221122","buyTxId":"a4ced0471ca3e06d174884c72213206e480400e0-3","sellTxId":"947b1050cebf051734b0ed3d8f02030efdbb84e2"}
{"index": {"_index":"sim","_id":"1710466"}}
	{"id":1710466,"type":"sell","buyer":"pi-trader","seller":"megalithic","symbol":"SIM","quantity":"12226.000","price":"0.00095001","timestamp":1634360853,"volume":"11.61482226","buyTxId":"1cde844cdbb6af5be72c672107f7b9491379d71b-3","sellTxId":"3c4b2fab9952244715635926ef112b77a54d9ba4"}
{"index": {"_index":"sim","_id":"1710650"}}
	{"id":1710650,"type":"sell","buyer":"wizzitywillican","seller":"genet","symbol":"SIM","quantity":"1080.000","price":"0.00100000","timestamp":1634363385,"volume":"1.08000000","buyTxId":"531b688fdb6bb615aadc1a6f41549bc3a70fbaf4","sellTxId":"28d0a877162532ea38e79bb6908bef820dac56e4-1"}
{"index": {"_index":"sim","_id":"1710654"}}
	{"id":1710654,"type":"sell","buyer":"pi-trader","seller":"invest4free","symbol":"SIM","quantity":"404.000","price":"0.00095001","timestamp":1634363412,"volume":"0.38380404","buyTxId":"90475afce0634e0a93a9288cb94368c747923ede-7","sellTxId":"530f4acf9a52734ea6794444dd3721133fefda6f"}
{"index": {"_index":"sim","_id":"1710667"}}
	{"id":1710667,"type":"sell","buyer":"pi-trader","seller":"paragism","symbol":"SIM","quantity":"1233.030","price":"0.00095001","timestamp":1634363631,"volume":"1.17139083","buyTxId":"7e41415f9c574f338353be81ec2e5629af4c6657-5","sellTxId":"1afe636ce120a4fbe1a9b59ea6a89eff97c9f5d6"}
{"index": {"_index":"sim","_id":"1710705"}}
	{"id":1710705,"type":"buy","buyer":"prapanth","seller":"pi-trader","symbol":"SIM","quantity":"1000.000","price":"0.00100998","timestamp":1634364792,"volume":"1.00998000","buyTxId":"62811f9a351671da357ca08116ff8c1d6d5cb9e3","sellTxId":"1d5781e30cec342156959c7f9b16a473098ca300-3"}
{"index": {"_index":"sim","_id":"1710747"}}
	{"id":1710747,"type":"sell","buyer":"chel-koby","seller":"genet","symbol":"SIM","quantity":"1000.000","price":"0.00100000","timestamp":1634365533,"volume":"1.00000000","buyTxId":"e1d018a4b3f5f8803561ca2263de8caa199ed58e","sellTxId":"b2e48b6c04427ee4b09c35c3065702289bd757e3-1"}
{"index": {"_index":"sim","_id":"1710911"}}
	{"id":1710911,"type":"sell","buyer":"pi-trader","seller":"muenchen","symbol":"SIM","quantity":"8654.750","price":"0.00095033","timestamp":1634368860,"volume":"8.22486857","buyTxId":"a9d92ded9ed9912d82d33dd120ebfac36c90a9f3-2","sellTxId":"23a7eb862303da386a88c9dbce64a4ffa4c9bb96"}
{"index": {"_index":"sim","_id":"1711325"}}
	{"id":1711325,"type":"buy","buyer":"stickupboys","seller":"pi-trader","symbol":"SIM","quantity":"1719.554","price":"0.00098999","timestamp":1634378616,"volume":"1.70234126","buyTxId":"2a77fdf7fdf379df52742d22e7735bc044fe7d0c","sellTxId":"907b478b2aababaaf7635bfc00f3e2750d4cb998-5"}
{"index": {"_index":"sim","_id":"1711329"}}
	{"id":1711329,"type":"sell","buyer":"pi-trader","seller":"rgondie","symbol":"SIM","quantity":"3000.000","price":"0.00095033","timestamp":1634378688,"volume":"2.85099000","buyTxId":"43b5a56b8677726efc679fd58b1210ae6695fc11-6","sellTxId":"1aece08d69e34025321c7a99c5d250c48ad1ba14"}
{"index": {"_index":"sim","_id":"1711409"}}
	{"id":1711409,"type":"sell","buyer":"pi-trader","seller":"indianteam","symbol":"SIM","quantity":"9103.950","price":"0.00095033","timestamp":1634380140,"volume":"8.65175680","buyTxId":"35f89e7e1b0e1915132a29c7f79511737230ddc1-4","sellTxId":"c25b64220d51fbb2f5492c7bf03c882cdcada9e2"}
{"index": {"_index":"sim","_id":"1711538"}}
	{"id":1711538,"type":"sell","buyer":"pi-trader","seller":"lightcaptured","symbol":"SIM","quantity":"347.073","price":"0.00095033","timestamp":1634382150,"volume":"0.32983388","buyTxId":"2f9df3ce41d29d070b8ce8f89fe77dd6d14e08c0-5","sellTxId":"1520af1561e59121be7ef4d276bdf01e1adceb27"}
{"index": {"_index":"sim","_id":"1711571"}}
	{"id":1711571,"type":"sell","buyer":"pi-trader","seller":"anosys","symbol":"SIM","quantity":"6.045","price":"0.00095033","timestamp":1634382753,"volume":"0.00574474","buyTxId":"083e03264c88f42939ece7f4605408162aa895ac-3","sellTxId":"cbeb509d17fff12bf20acb118af66ab374425fce"}
{"index": {"_index":"sim","_id":"1711587"}}
	{"id":1711587,"type":"sell","buyer":"pi-trader","seller":"andy4475","symbol":"SIM","quantity":"41.746","price":"0.00095033","timestamp":1634383098,"volume":"0.03967248","buyTxId":"d85ff75ff26dc55a14bc5cd75eb93ac904890761-1","sellTxId":"c78078fe6728282bbda9f18691b65fafc53a6443"}
{"index": {"_index":"sim","_id":"1712222"}}
	{"id":1712222,"type":"sell","buyer":"pi-trader","seller":"ctrlyse","symbol":"SIM","quantity":"0.012","price":"0.00095033","timestamp":1634393994,"volume":"0.00001140","buyTxId":"d191ab12090ba43d9292036cee6f27aa31547091-2","sellTxId":"51aa1eb9d771a31af3b06076f89b31b982deb818"}
{"index": {"_index":"sim","_id":"1712275"}}
	{"id":1712275,"type":"sell","buyer":"pi-trader","seller":"bosferi123","symbol":"SIM","quantity":"1.370","price":"0.00095033","timestamp":1634394708,"volume":"0.00130195","buyTxId":"68a1a4e8a2653d6613654452c770fff2cb685825-3","sellTxId":"d6ea704c5f99c232461a1a893537d4486e979bdc"}
{"index": {"_index":"sim","_id":"1712404"}}
	{"id":1712404,"type":"sell","buyer":"master-lamps","seller":"ministickupboy","symbol":"SIM","quantity":"48.444","price":"0.00095032","timestamp":1634396328,"volume":"0.04603730","buyTxId":"2690f620da6dd38594c3a81a81495b7ea88212ba","sellTxId":"94c76fc59df13ec7c3a90e9617f8eecb56fee9db"}
{"index": {"_index":"sim","_id":"1712465"}}
	{"id":1712465,"type":"sell","buyer":"master-lamps","seller":"peerfinance","symbol":"SIM","quantity":"259.250","price":"0.00095032","timestamp":1634397345,"volume":"0.24637046","buyTxId":"2690f620da6dd38594c3a81a81495b7ea88212ba","sellTxId":"eef5887d1ab75f5395b431b2eb7516fb9c76056d"}
{"index": {"_index":"sim","_id":"1712729"}}
	{"id":1712729,"type":"buy","buyer":"cardi0","seller":"tonytrillions","symbol":"SIM","quantity":"0.089","price":"0.00097033","timestamp":1634400231,"volume":"0.00008636","buyTxId":"4f71c29ff60d85458b0cdab7def532c260fcebb7","sellTxId":"bb6040a2125f0c9131b97a9c0f7d35dfb0c77873"}
{"index": {"_index":"sim","_id":"1712745"}}
	{"id":1712745,"type":"buy","buyer":"cardi0","seller":"pi-trader","symbol":"SIM","quantity":"5000.000","price":"0.00098990","timestamp":1634400441,"volume":"4.94950000","buyTxId":"ad92bfe4867faae2cc792e56ba558d7e81ab8c85","sellTxId":"b2d9959d19ab1075ee1883c06ce91b0a3261388c-6"}
{"index": {"_index":"sim","_id":"1712754"}}
	{"id":1712754,"type":"sell","buyer":"mmrx","seller":"brofi-market","symbol":"SIM","quantity":"0.007","price":"0.00095033","timestamp":1634400561,"volume":"0.00000665","buyTxId":"MM-P-11354393-58339658-3-42-0","sellTxId":"36381386d27ff30bbb9003bda31ee51de913f96f"}
{"index": {"_index":"sim","_id":"1713261"}}
	{"id":1713261,"type":"sell","buyer":"mmrx","seller":"fratellodes","symbol":"SIM","quantity":"417.010","price":"0.00095033","timestamp":1634405013,"volume":"0.39629711","buyTxId":"MM-P-11354393-58339658-3-42-0","sellTxId":"15f9053e79db29817e5df4f39ceda3b26b69e550"}
{"index": {"_index":"sim","_id":"1713482"}}
	{"id":1713482,"type":"sell","buyer":"mmrx","seller":"droida","symbol":"SIM","quantity":"0.066","price":"0.00095033","timestamp":1634407380,"volume":"0.00006272","buyTxId":"MM-P-11354393-58339658-3-42-0","sellTxId":"ee14350aeacd5ccf95ad92129e175fd83ea7f161"}
{"index": {"_index":"sim","_id":"1713587"}}
	{"id":1713587,"type":"sell","buyer":"mmrx","seller":"damla","symbol":"SIM","quantity":"1.065","price":"0.00095033","timestamp":1634408385,"volume":"0.00101210","buyTxId":"MM-P-11354393-58339658-3-42-0","sellTxId":"e0e4ffef705d8beb48ad1adb3374c3bcb5e90d5e"}
{"index": {"_index":"sim","_id":"1713591"}}
	{"id":1713591,"type":"sell","buyer":"mmrx","seller":"jrcornel","symbol":"SIM","quantity":"1874.655","price":"0.00095033","timestamp":1634408409,"volume":"1.78154089","buyTxId":"MM-P-11354393-58339658-3-42-0","sellTxId":"b7819a17a06d6e6fddcb4f1db3431f397e847e53"}
{"index": {"_index":"sim","_id":"1713592"}}
	{"id":1713592,"type":"sell","buyer":"master-lamps","seller":"jrcornel","symbol":"SIM","quantity":"924.786","price":"0.00095032","timestamp":1634408409,"volume":"0.87884263","buyTxId":"2690f620da6dd38594c3a81a81495b7ea88212ba","sellTxId":"b7819a17a06d6e6fddcb4f1db3431f397e847e53"}
{"index": {"_index":"sim","_id":"1713593"}}
	{"id":1713593,"type":"sell","buyer":"d-pend","seller":"jrcornel","symbol":"SIM","quantity":"8263.559","price":"0.00095000","timestamp":1634408409,"volume":"7.85038105","buyTxId":"33b841d5e484e3d41a93d453aa8ae842b66e3b79","sellTxId":"b7819a17a06d6e6fddcb4f1db3431f397e847e53"}
{"index": {"_index":"sim","_id":"1713731"}}
	{"id":1713731,"type":"sell","buyer":"d-pend","seller":"dhedge-drips","symbol":"SIM","quantity":"0.005","price":"0.00095000","timestamp":1634409927,"volume":"0.00000475","buyTxId":"33b841d5e484e3d41a93d453aa8ae842b66e3b79","sellTxId":"9d0c0baff32a9ed260dc0de704ba0cf59a842ec5"}
{"index": {"_index":"sim","_id":"1713733"}}
	{"id":1713733,"type":"sell","buyer":"d-pend","seller":"bosmob","symbol":"SIM","quantity":"6808.979","price":"0.00095000","timestamp":1634409939,"volume":"6.46853005","buyTxId":"33b841d5e484e3d41a93d453aa8ae842b66e3b79","sellTxId":"d01b211cc99de2ed093878b99ed308174db50517"}
{"index": {"_index":"sim","_id":"1713773"}}
	{"id":1713773,"type":"sell","buyer":"d-pend","seller":"willsaldeno","symbol":"SIM","quantity":"547.000","price":"0.00095000","timestamp":1634410467,"volume":"0.51965000","buyTxId":"33b841d5e484e3d41a93d453aa8ae842b66e3b79","sellTxId":"9317d52e62f3001ae44cb6471c7a69d551082f01"}
{"index": {"_index":"sim","_id":"1713775"}}
	{"id":1713775,"type":"sell","buyer":"d-pend","seller":"megalithic","symbol":"SIM","quantity":"12252.000","price":"0.00095000","timestamp":1634410491,"volume":"11.63940000","buyTxId":"33b841d5e484e3d41a93d453aa8ae842b66e3b79","sellTxId":"c017c553aede7624a3ce4d89c3b70a6f03c07167"}
{"index": {"_index":"sim","_id":"1713854"}}
	{"id":1713854,"type":"buy","buyer":"worldfinances","seller":"pi-trader","symbol":"SIM","quantity":"3000.000","price":"0.00098926","timestamp":1634411526,"volume":"2.96778000","buyTxId":"f6f6d4c95c238bfd0120d90a97160c5572da73b6","sellTxId":"ce502ef8c3faac25127bd5ca6c1086dbe24e5a4b-7"}
{"index": {"_index":"sim","_id":"1713855"}}
	{"id":1713855,"type":"sell","buyer":"d-pend","seller":"lifeskills-tv","symbol":"SIM","quantity":"493.407","price":"0.00095000","timestamp":1634411526,"volume":"0.46873665","buyTxId":"33b841d5e484e3d41a93d453aa8ae842b66e3b79","sellTxId":"7c86f5e80fe50a644d59d0510587a2840d764cc2"}
{"index": {"_index":"sim","_id":"1713878"}}
	{"id":1713878,"type":"sell","buyer":"d-pend","seller":"iamalivechalleng","symbol":"SIM","quantity":"5.024","price":"0.00095000","timestamp":1634411781,"volume":"0.00477280","buyTxId":"33b841d5e484e3d41a93d453aa8ae842b66e3b79","sellTxId":"cfa16bc915616ca6690a0e60cab5374973d5932d"}
{"index": {"_index":"sim","_id":"1713988"}}
	{"id":1713988,"type":"sell","buyer":"d-pend","seller":"eythorphoto","symbol":"SIM","quantity":"12201.772","price":"0.00095000","timestamp":1634413245,"volume":"11.59168340","buyTxId":"33b841d5e484e3d41a93d453aa8ae842b66e3b79","sellTxId":"e1906ea2864a7b220719fe2db4af91863a0e939e"}
{"index": {"_index":"sim","_id":"1713994"}}
	{"id":1713994,"type":"buy","buyer":"frugal-fun","seller":"pi-trader","symbol":"SIM","quantity":"5017.000","price":"0.00098912","timestamp":1634413395,"volume":"4.96241504","buyTxId":"7f0c9c04ab7f2a5b840d8a572f30d3063ec882e5","sellTxId":"0bfdc6552c5f336b12d5f6d8e711ab9ac230400a-7"}
{"index": {"_index":"sim","_id":"1714070"}}
	{"id":1714070,"type":"sell","buyer":"mmrx","seller":"themightyvolcano","symbol":"SIM","quantity":"9414.000","price":"0.00095001","timestamp":1634414151,"volume":"8.94339414","buyTxId":"MM-P-11358885-58344151-3-42-0","sellTxId":"67e6f91b1c02beda3eb9816673fb5b1828dc1765"}
{"index": {"_index":"sim","_id":"1714079"}}
	{"id":1714079,"type":"sell","buyer":"mmrx","seller":"cowboyzlegend27","symbol":"SIM","quantity":"144.060","price":"0.00095001","timestamp":1634414217,"volume":"0.13685844","buyTxId":"MM-P-11358885-58344151-3-42-0","sellTxId":"199f1b345072e5186fb034677ce9d4971e9d59c4"}
{"index": {"_index":"sim","_id":"1714124"}}
	{"id":1714124,"type":"sell","buyer":"mmrx","seller":"manoldonchev","symbol":"SIM","quantity":"4600.000","price":"0.00095001","timestamp":1634415018,"volume":"4.37004600","buyTxId":"MM-P-11358885-58344151-3-42-0","sellTxId":"e252276c62c8d404829c741add6c28bfe7099837"}
{"index": {"_index":"sim","_id":"1714130"}}
	{"id":1714130,"type":"sell","buyer":"mmrx","seller":"brofi-market","symbol":"SIM","quantity":"0.001","price":"0.00095001","timestamp":1634415063,"volume":"0.00000095","buyTxId":"MM-P-11358885-58344151-3-42-0","sellTxId":"b37ccad38d5ee0a97058fe65c9946a01fb19414d"}
{"index": {"_index":"sim","_id":"1714161"}}
	{"id":1714161,"type":"buy","buyer":"nyxlabs","seller":"pi-trader","symbol":"SIM","quantity":"1900.000","price":"0.00098898","timestamp":1634415489,"volume":"1.87906200","buyTxId":"e4f3bdb640c9d76f0bcf390e039002d9385e2330","sellTxId":"4cb781fbf45c1e9f011e70a81f0e87dd646a59ba-5"}
{"index": {"_index":"sim","_id":"1714165"}}
	{"id":1714165,"type":"sell","buyer":"mmrx","seller":"luisvelozamaro","symbol":"SIM","quantity":"111.720","price":"0.00095001","timestamp":1634415576,"volume":"0.10613512","buyTxId":"MM-P-11358885-58344151-3-42-0","sellTxId":"53e4541d2e98249dfb9eb5ad020774d10e618dff"}
{"index": {"_index":"sim","_id":"1714213"}}
	{"id":1714213,"type":"buy","buyer":"jelly-cz","seller":"luisvelozamaro","symbol":"SIM","quantity":"553.280","price":"0.00095001","timestamp":1634416047,"volume":"0.52562153","buyTxId":"MM-P-11359782-58345048-3-35-0","sellTxId":"53e4541d2e98249dfb9eb5ad020774d10e618dff"}
{"index": {"_index":"sim","_id":"1714244"}}
	{"id":1714244,"type":"sell","buyer":"jelly-cz","seller":"manoldonchev","symbol":"SIM","quantity":"2000.000","price":"0.00095002","timestamp":1634416485,"volume":"1.90004000","buyTxId":"MM-P-11359782-58345048-3-35-0","sellTxId":"7fa2507dc15fff7ccaa15523f04e31330ba62f2f"}
{"index": {"_index":"sim","_id":"1714312"}}
	{"id":1714312,"type":"sell","buyer":"jelly-cz","seller":"bitcoinflood","symbol":"SIM","quantity":"1813.634","price":"0.00095002","timestamp":1634417493,"volume":"1.72298857","buyTxId":"MM-P-11359782-58345048-3-35-0","sellTxId":"48f9b624462d0df3c4e19345cad0b521cffa4e0f"}
{"index": {"_index":"sim","_id":"1714330"}}
	{"id":1714330,"type":"sell","buyer":"jelly-cz","seller":"deathwing","symbol":"SIM","quantity":"0.01","price":"0.00095002","timestamp":1634417706,"volume":"0.00000950","buyTxId":"MM-P-11359782-58345048-3-35-0","sellTxId":"1272eb2f833cb0b2ed7263ffc41d9108ea7f0ef8"}
{"index": {"_index":"sim","_id":"1714337"}}
	{"id":1714337,"type":"buy","buyer":"wizzitywillican","seller":"pi-trader","symbol":"SIM","quantity":"800.000","price":"0.00098888","timestamp":1634417814,"volume":"0.79110400","buyTxId":"c071175a413af4d7ec29b9ceece030e33c8fc03d","sellTxId":"af71bfb317b31c7bf47166df46d866ef57b17d06-6"}
{"index": {"_index":"sim","_id":"1714359"}}
	{"id":1714359,"type":"buy","buyer":"kevinnag58","seller":"pi-trader","symbol":"SIM","quantity":"4425.840","price":"0.00098888","timestamp":1634418051,"volume":"4.37662485","buyTxId":"0a2e885fb0c016c2a35051b06742008d38bdbd43","sellTxId":"c3753ba2bde22b9623fb26c0bb8bb128f97f30fe-9"}
{"index": {"_index":"sim","_id":"1714382"}}
	{"id":1714382,"type":"buy","buyer":"vokus","seller":"pi-trader","symbol":"SIM","quantity":"1100.000","price":"0.00098882","timestamp":1634418801,"volume":"1.08770200","buyTxId":"6c32a25774869d2f54362b6449bdaaa27e15afe1","sellTxId":"e39451c7240418c878d8ab1b31b67d0cee408f07-9"}
{"index": {"_index":"sim","_id":"1714402"}}
	{"id":1714402,"type":"buy","buyer":"vokus","seller":"pi-trader","symbol":"SIM","quantity":"71.000","price":"0.00098882","timestamp":1634419023,"volume":"0.07020622","buyTxId":"8808beceda7cefc06f9613bfa7e6b0dd2132fb41","sellTxId":"d57536f359b65af48579cc84df6b0a34237975a7-6"}
{"index": {"_index":"sim","_id":"1714410"}}
	{"id":1714410,"type":"sell","buyer":"jelly-cz","seller":"kaelci","symbol":"SIM","quantity":"501.747","price":"0.00095002","timestamp":1634419218,"volume":"0.47666968","buyTxId":"MM-P-11359782-58345048-3-35-0","sellTxId":"4382ae1f98f9ba14d85def1c95258330816e2499"}
{"index": {"_index":"sim","_id":"1714411"}}
	{"id":1714411,"type":"sell","buyer":"d-pend","seller":"kaelci","symbol":"SIM","quantity":"187.813","price":"0.00095000","timestamp":1634419218,"volume":"0.17842235","buyTxId":"33b841d5e484e3d41a93d453aa8ae842b66e3b79","sellTxId":"4382ae1f98f9ba14d85def1c95258330816e2499"}
{"index": {"_index":"sim","_id":"1714456"}}
	{"id":1714456,"type":"sell","buyer":"d-pend","seller":"chekohler","symbol":"SIM","quantity":"0.011","price":"0.00095000","timestamp":1634420118,"volume":"0.00001045","buyTxId":"33b841d5e484e3d41a93d453aa8ae842b66e3b79","sellTxId":"d9fdad8002e398ee38faf6d138e0414de47c4ea7"}
{"index": {"_index":"sim","_id":"1714462"}}
	{"id":1714462,"type":"sell","buyer":"d-pend","seller":"luisvelozamaro","symbol":"SIM","quantity":"285.000","price":"0.00095000","timestamp":1634420259,"volume":"0.27075000","buyTxId":"33b841d5e484e3d41a93d453aa8ae842b66e3b79","sellTxId":"926be9780d1de95e4efffd1f71aec59cbf334211"}
{"index": {"_index":"sim","_id":"1714464"}}
	{"id":1714464,"type":"sell","buyer":"d-pend","seller":"madmanmusic","symbol":"SIM","quantity":"114.000","price":"0.00095000","timestamp":1634420262,"volume":"0.10830000","buyTxId":"33b841d5e484e3d41a93d453aa8ae842b66e3b79","sellTxId":"31f547d78df61a83215ba5bc3c9079bb4b6ba041"}
{"index": {"_index":"sim","_id":"1714647"}}
	{"id":1714647,"type":"buy","buyer":"marshmellowman","seller":"pi-trader","symbol":"SIM","quantity":"2483.000","price":"0.00098860","timestamp":1634422236,"volume":"2.45469380","buyTxId":"9ab8fd884a6bd667c36152066eca9067028dbb9a","sellTxId":"34fee8df975bada080331005a8a56b36d5ccb579-8"}
{"index": {"_index":"sim","_id":"1714654"}}
	{"id":1714654,"type":"buy","buyer":"marshmellowman","seller":"pi-trader","symbol":"SIM","quantity":"2033.000","price":"0.00098858","timestamp":1634422368,"volume":"2.00978314","buyTxId":"4aec6fc3c5b22e91f6080ae8de83af65c5a27f09","sellTxId":"194206c163fa670bbd4971028a920ee7caa066b1-10"}
{"index": {"_index":"sim","_id":"1714684"}}
	{"id":1714684,"type":"sell","buyer":"d-pend","seller":"thatcryptodave","symbol":"SIM","quantity":"1180.740","price":"0.00095000","timestamp":1634422686,"volume":"1.12170300","buyTxId":"33b841d5e484e3d41a93d453aa8ae842b66e3b79","sellTxId":"156c0825152de7b7208696c43ee493aa3b063f0f"}
{"index": {"_index":"sim","_id":"1714771"}}
	{"id":1714771,"type":"sell","buyer":"d-pend","seller":"lulu-the-fizzgig","symbol":"SIM","quantity":"1400.024","price":"0.00095000","timestamp":1634424384,"volume":"1.33002280","buyTxId":"33b841d5e484e3d41a93d453aa8ae842b66e3b79","sellTxId":"586c5cd7f20f1f3ee13009bd71d8c2a0ea501f64"}
{"index": {"_index":"sim","_id":"1714897"}}
	{"id":1714897,"type":"buy","buyer":"lrekt01","seller":"pi-trader","symbol":"SIM","quantity":"0.990","price":"0.00098832","timestamp":1634426367,"volume":"0.00097844","buyTxId":"f85be168c3d4d229ebf66fa8f1aef3e16bdc7046","sellTxId":"487e240f46722f05a7e9c33db25585084466ed2d-6"}
{"index": {"_index":"sim","_id":"1714958"}}
	{"id":1714958,"type":"buy","buyer":"dustindivitto","seller":"pi-trader","symbol":"SIM","quantity":"20000.000","price":"0.00098826","timestamp":1634427420,"volume":"19.76520000","buyTxId":"399d050ad081f9173d360cecf1f29f1b34f12b24","sellTxId":"8b72c7db5865817040645184839822028dbb349f-9"}
{"index": {"_index":"sim","_id":"1714959"}}
	{"id":1714959,"type":"buy","buyer":"dustindivitto","seller":"mmrx","symbol":"SIM","quantity":"16562.584","price":"0.00098827","timestamp":1634427420,"volume":"16.36830489","buyTxId":"399d050ad081f9173d360cecf1f29f1b34f12b24","sellTxId":"MM-P-11363478-58348745-3-42-0"}
{"index": {"_index":"sim","_id":"1714960"}}
	{"id":1714960,"type":"buy","buyer":"dustindivitto","seller":"brofi-market","symbol":"SIM","quantity":"0.001","price":"0.00098902","timestamp":1634427420,"volume":"0.00000099","buyTxId":"399d050ad081f9173d360cecf1f29f1b34f12b24","sellTxId":"5e5cceda733a14290922eda52efe2bb8f8448119"}
{"index": {"_index":"sim","_id":"1714961"}}
	{"id":1714961,"type":"buy","buyer":"dustindivitto","seller":"dhedge-drips","symbol":"SIM","quantity":"0.005","price":"0.00098936","timestamp":1634427420,"volume":"0.00000495","buyTxId":"399d050ad081f9173d360cecf1f29f1b34f12b24","sellTxId":"4b03ef2b1e3ab750c9c9d2d96bbd59c3539672c9"}
{"index": {"_index":"sim","_id":"1714962"}}
	{"id":1714962,"type":"buy","buyer":"dustindivitto","seller":"master-lamps","symbol":"SIM","quantity":"1232.480","price":"0.00098941","timestamp":1634427420,"volume":"1.21942804","buyTxId":"399d050ad081f9173d360cecf1f29f1b34f12b24","sellTxId":"795717063406cec3c25f0c563112899334ddb9ad"}
{"index": {"_index":"sim","_id":"1714963"}}
	{"id":1714963,"type":"buy","buyer":"dustindivitto","seller":"brofi-market","symbol":"SIM","quantity":"0.007","price":"0.00098990","timestamp":1634427420,"volume":"0.00000693","buyTxId":"399d050ad081f9173d360cecf1f29f1b34f12b24","sellTxId":"0744b6a4725addc4f504de4e7b8aef7384e4629a"}
{"index": {"_index":"sim","_id":"1714964"}}
	{"id":1714964,"type":"buy","buyer":"dustindivitto","seller":"atomcollector","symbol":"SIM","quantity":"2204.923","price":"0.00099000","timestamp":1634427420,"volume":"2.18287377","buyTxId":"399d050ad081f9173d360cecf1f29f1b34f12b24","sellTxId":"6910733c386364cd653928dacfc25cb44e28c51a"}
{"index": {"_index":"sim","_id":"1714989"}}
	{"id":1714989,"type":"buy","buyer":"sheinthu","seller":"pi-trader","symbol":"SIM","quantity":"20000.000","price":"0.00098999","timestamp":1634427744,"volume":"19.79980000","buyTxId":"35f1debbb643ca7f74e3c932376c1ae782f516f8","sellTxId":"c42c588d2ae33a788f22663c3b79eb813b51a176-4"}
{"index": {"_index":"sim","_id":"1714990"}}
	{"id":1714990,"type":"sell","buyer":"sheinthu","seller":"konvik","symbol":"SIM","quantity":"63936.638","price":"0.00098999","timestamp":1634427747,"volume":"63.29663225","buyTxId":"35f1debbb643ca7f74e3c932376c1ae782f516f8","sellTxId":"342015a79eb44841401dfe4125df72b54bee31bb-1"}
{"index": {"_index":"sim","_id":"1714991"}}
	{"id":1714991,"type":"sell","buyer":"sheinthu","seller":"svirus","symbol":"SIM","quantity":"63.362","price":"0.00098999","timestamp":1634427747,"volume":"0.06272775","buyTxId":"35f1debbb643ca7f74e3c932376c1ae782f516f8","sellTxId":"d9b78d77d84dfe52ef751b14af1bf0df63231dd6-1"}
{"index": {"_index":"sim","_id":"1715119"}}
	{"id":1715119,"type":"buy","buyer":"ahheus","seller":"pi-trader","symbol":"SIM","quantity":"3040.465","price":"0.00098998","timestamp":1634429091,"volume":"3.00999954","buyTxId":"76fb4b630feeb4b9cc90541e78b17f03dd87e3b6","sellTxId":"ce718e3b24770c80f10731bd42db2902a209d3d7-3"}
{"index": {"_index":"sim","_id":"1715155"}}
	{"id":1715155,"type":"sell","buyer":"d-pend","seller":"brofi-market","symbol":"SIM","quantity":"0.003","price":"0.00095000","timestamp":1634429430,"volume":"0.00000285","buyTxId":"33b841d5e484e3d41a93d453aa8ae842b66e3b79","sellTxId":"d89f8d15c74fb95ff93b2803c2b59740cfec0bbb"}
{"index": {"_index":"sim","_id":"1715444"}}
	{"id":1715444,"type":"sell","buyer":"d-pend","seller":"bearbear613","symbol":"SIM","quantity":"1006.031","price":"0.00095000","timestamp":1634433501,"volume":"0.95572945","buyTxId":"33b841d5e484e3d41a93d453aa8ae842b66e3b79","sellTxId":"c8faeae05d87a0c1ae2c76ed5dc01e4bdf13317e"}
{"index": {"_index":"sim","_id":"1715509"}}
	{"id":1715509,"type":"buy","buyer":"eythorphoto","seller":"pi-trader","symbol":"SIM","quantity":"4440.824","price":"0.00098999","timestamp":1634434761,"volume":"4.39637135","buyTxId":"70f877bbc66908613c32b2f7090dcc0c065779ff","sellTxId":"0cba72ef0ca663e3c22eff89184daa7227e8d019-6"}
{"index": {"_index":"sim","_id":"1715755"}}
	{"id":1715755,"type":"sell","buyer":"d-pend","seller":"ericburgoyne","symbol":"SIM","quantity":"34.301","price":"0.00095000","timestamp":1634437698,"volume":"0.03258595","buyTxId":"33b841d5e484e3d41a93d453aa8ae842b66e3b79","sellTxId":"b74cc2869b09e356d89c5659a21d572ae7457fea"}
{"index": {"_index":"sim","_id":"1715842"}}
	{"id":1715842,"type":"sell","buyer":"d-pend","seller":"gamsam","symbol":"SIM","quantity":"30656","price":"0.00095000","timestamp":1634439321,"volume":"29.12320000","buyTxId":"33b841d5e484e3d41a93d453aa8ae842b66e3b79","sellTxId":"a7cb9327b53d3247e737e4ddb8e2230e5fa862a1"}
