{"index": {"_index":"sim","_id":"1416338"}}
	{"id":1416338,"type":"sell","buyer":"pi-trader","seller":"bigram13","symbol":"SIM","quantity":"15000.000","price":"0.00168006","timestamp":1629858384,"volume":"25.20090000","buyTxId":"f4e7b296d34073f02c46203984392ca326b6d05d","sellTxId":"2c19c9d451c7d04448a12f9a096a60b51760ae2f"}
{"index": {"_index":"sim","_id":"1416339"}}
	{"id":1416339,"type":"sell","buyer":"gerber","seller":"bigram13","symbol":"SIM","quantity":"10921.000","price":"0.00168005","timestamp":1629858384,"volume":"18.34782605","buyTxId":"861194f2dcd7c62000b3306c8059f799adc9efac","sellTxId":"2c19c9d451c7d04448a12f9a096a60b51760ae2f"}
{"index": {"_index":"sim","_id":"1416372"}}
	{"id":1416372,"type":"sell","buyer":"pi-trader","seller":"jimre1","symbol":"SIM","quantity":"739.000","price":"0.00168006","timestamp":1629858780,"volume":"1.24156434","buyTxId":"8828a9d15135c9546d9f560dd013b7e387cba8ee","sellTxId":"67846e6ca817df03f5386bbbf64fc3c4291079af"}
{"index": {"_index":"sim","_id":"1416432"}}
	{"id":1416432,"type":"sell","buyer":"pi-trader","seller":"ctrlyse","symbol":"SIM","quantity":"1418.000","price":"0.00168006","timestamp":1629859527,"volume":"2.38232508","buyTxId":"44d89c20c9a39ef4bf4e73123e481e389a74875d-1","sellTxId":"3b5313ef732e07fc3e231d8aae98f2d8516ab934"}
{"index": {"_index":"sim","_id":"1416448"}}
	{"id":1416448,"type":"buy","buyer":"petlore","seller":"mmrx","symbol":"SIM","quantity":"272.978","price":"0.00171969","timestamp":1629859905,"volume":"0.46943754","buyTxId":"d568d75c329f040716521e6a02869609dc429512","sellTxId":"MM-P-9846455-56829838-3-41-0"}
{"index": {"_index":"sim","_id":"1416461"}}
	{"id":1416461,"type":"sell","buyer":"petlore","seller":"hive.miner","symbol":"SIM","quantity":"64.000","price":"0.00171969","timestamp":1629860190,"volume":"0.11006016","buyTxId":"d568d75c329f040716521e6a02869609dc429512","sellTxId":"b4e99073eca06e6e5074115d7d47390869739759"}
{"index": {"_index":"sim","_id":"1416470"}}
	{"id":1416470,"type":"sell","buyer":"petlore","seller":"nftmart.fees","symbol":"SIM","quantity":"129.000","price":"0.00171969","timestamp":1629860403,"volume":"0.22184001","buyTxId":"d568d75c329f040716521e6a02869609dc429512","sellTxId":"93045a07444d6dcd39516b8d3478d0dd47f36ab2-0"}
{"index": {"_index":"sim","_id":"1416534"}}
	{"id":1416534,"type":"buy","buyer":"kevinli","seller":"nftmart.fees","symbol":"SIM","quantity":"128.000","price":"0.00171977","timestamp":1629862122,"volume":"0.22013056","buyTxId":"923b632d87383a990374296f570f2d5f5d553824","sellTxId":"e55d6801acc38dc69ec463017f346febf2fff887-0"}
{"index": {"_index":"sim","_id":"1416535"}}
	{"id":1416535,"type":"buy","buyer":"kevinli","seller":"master-lamps","symbol":"SIM","quantity":"188.000","price":"0.00171978","timestamp":1629862122,"volume":"0.32331864","buyTxId":"923b632d87383a990374296f570f2d5f5d553824","sellTxId":"9d96a9f7f8779f3e810e6a042eccf7ef7901daeb"}
{"index": {"_index":"sim","_id":"1416536"}}
	{"id":1416536,"type":"buy","buyer":"kevinli","seller":"dhedge-drips","symbol":"SIM","quantity":"3.193","price":"0.00171985","timestamp":1629862122,"volume":"0.00549148","buyTxId":"923b632d87383a990374296f570f2d5f5d553824","sellTxId":"78088b53bfa698d0bd25adb288dc7437f8cce22d"}
{"index": {"_index":"sim","_id":"1416537"}}
	{"id":1416537,"type":"buy","buyer":"kevinli","seller":"he-index","symbol":"SIM","quantity":"1006.936","price":"0.00172000","timestamp":1629862122,"volume":"1.73192992","buyTxId":"923b632d87383a990374296f570f2d5f5d553824","sellTxId":"b07e89fa7742b0511f2b8885eedc86d10ea857df"}
{"index": {"_index":"sim","_id":"1416538"}}
	{"id":1416538,"type":"buy","buyer":"kevinli","seller":"eshr92","symbol":"SIM","quantity":"130.000","price":"0.00172000","timestamp":1629862122,"volume":"0.22360000","buyTxId":"923b632d87383a990374296f570f2d5f5d553824","sellTxId":"0a2eb01c628ad96ae3cb12f811229fe0b2a71244"}
{"index": {"_index":"sim","_id":"1416539"}}
	{"id":1416539,"type":"buy","buyer":"kevinli","seller":"joshh71390","symbol":"SIM","quantity":"750.000","price":"0.00174000","timestamp":1629862122,"volume":"1.30500000","buyTxId":"923b632d87383a990374296f570f2d5f5d553824","sellTxId":"901180eda64ad2cbbbf3d48ef3301ff593e90a9a"}
{"index": {"_index":"sim","_id":"1416540"}}
	{"id":1416540,"type":"buy","buyer":"kevinli","seller":"braaiboy","symbol":"SIM","quantity":"2391.358","price":"0.00175000","timestamp":1629862122,"volume":"4.18487650","buyTxId":"923b632d87383a990374296f570f2d5f5d553824","sellTxId":"c95553cb24638daafb07ad61decf85df55ca0fc6"}
{"index": {"_index":"sim","_id":"1416541"}}
	{"id":1416541,"type":"buy","buyer":"kevinli","seller":"joshh71390","symbol":"SIM","quantity":"750.000","price":"0.00176000","timestamp":1629862122,"volume":"1.32000000","buyTxId":"923b632d87383a990374296f570f2d5f5d553824","sellTxId":"9750d4e7cb5d9e4cd4ac8845514856358a5eede7"}
{"index": {"_index":"sim","_id":"1416542"}}
	{"id":1416542,"type":"buy","buyer":"kevinli","seller":"joshh71390","symbol":"SIM","quantity":"750.000","price":"0.00178000","timestamp":1629862122,"volume":"1.33500000","buyTxId":"923b632d87383a990374296f570f2d5f5d553824","sellTxId":"497cd5eccb8e7b018b185584c90c6c2e2714c4d0"}
{"index": {"_index":"sim","_id":"1416543"}}
	{"id":1416543,"type":"buy","buyer":"kevinli","seller":"medaymane","symbol":"SIM","quantity":"3868.000","price":"0.00178994","timestamp":1629862122,"volume":"6.92348792","buyTxId":"923b632d87383a990374296f570f2d5f5d553824","sellTxId":"879605a1fedd3ec4a5c08eca5f6a1758a120dc3b"}
{"index": {"_index":"sim","_id":"1416544"}}
	{"id":1416544,"type":"buy","buyer":"kevinli","seller":"atomcollector","symbol":"SIM","quantity":"6184.000","price":"0.00179000","timestamp":1629862122,"volume":"11.06936000","buyTxId":"923b632d87383a990374296f570f2d5f5d553824","sellTxId":"8d4025814c853e9a3c27c71d749c41bb0caf500a"}
{"index": {"_index":"sim","_id":"1416545"}}
	{"id":1416545,"type":"buy","buyer":"kevinli","seller":"master-lamps","symbol":"SIM","quantity":"2084.331","price":"0.00179998","timestamp":1629862122,"volume":"3.75175411","buyTxId":"923b632d87383a990374296f570f2d5f5d553824","sellTxId":"b59ac10efc9241a3a1d4cb22ee16a71bd3074f39"}
{"index": {"_index":"sim","_id":"1416546"}}
	{"id":1416546,"type":"buy","buyer":"kevinli","seller":"tussar11","symbol":"SIM","quantity":"9648.000","price":"0.00180000","timestamp":1629862122,"volume":"17.36640000","buyTxId":"923b632d87383a990374296f570f2d5f5d553824","sellTxId":"f5d63b44c2ce35c0a473f5638aadb2cf947d8966"}
{"index": {"_index":"sim","_id":"1416547"}}
	{"id":1416547,"type":"buy","buyer":"kevinli","seller":"dhedge-drips","symbol":"SIM","quantity":"0.005","price":"0.00180000","timestamp":1629862122,"volume":"0.00000900","buyTxId":"923b632d87383a990374296f570f2d5f5d553824","sellTxId":"301140a602003383795b67258f155b43c417e7ab"}
{"index": {"_index":"sim","_id":"1416548"}}
	{"id":1416548,"type":"buy","buyer":"kevinli","seller":"peerfinance","symbol":"SIM","quantity":"565.918","price":"0.00181000","timestamp":1629862122,"volume":"1.02431158","buyTxId":"923b632d87383a990374296f570f2d5f5d553824","sellTxId":"f34f96024bc1c389fbb8e1e9c58445b3505dd0c8"}
{"index": {"_index":"sim","_id":"1416549"}}
	{"id":1416549,"type":"sell","buyer":"kevinli","seller":"konvik","symbol":"SIM","quantity":"21530.921","price":"0.00181000","timestamp":1629862125,"volume":"38.97096701","buyTxId":"923b632d87383a990374296f570f2d5f5d553824","sellTxId":"8b16aa2bbdb1f8556a2d5f42be2876bcba8e9466-1"}
{"index": {"_index":"sim","_id":"1416555"}}
	{"id":1416555,"type":"buy","buyer":"kevinli","seller":"medaymane","symbol":"SIM","quantity":"6030.200","price":"0.00182000","timestamp":1629862230,"volume":"10.97496400","buyTxId":"5a29d8e08450700e256b2ac0bfb25edc2d3aeeba","sellTxId":"830fa8f3947bf4f8e44530ef27ab5b765ddf9a02"}
{"index": {"_index":"sim","_id":"1416556"}}
	{"id":1416556,"type":"buy","buyer":"kevinli","seller":"mapac","symbol":"SIM","quantity":"888.000","price":"0.00182000","timestamp":1629862230,"volume":"1.61616000","buyTxId":"5a29d8e08450700e256b2ac0bfb25edc2d3aeeba","sellTxId":"e8836d69c217bb758b5949f383be18fe06f0de5c"}
{"index": {"_index":"sim","_id":"1416557"}}
	{"id":1416557,"type":"buy","buyer":"kevinli","seller":"solovey6o2","symbol":"SIM","quantity":"9081.800","price":"0.00182997","timestamp":1629862230,"volume":"16.61942155","buyTxId":"5a29d8e08450700e256b2ac0bfb25edc2d3aeeba","sellTxId":"80a61b5759635bd86cefcced9070229283610d4b"}
{"index": {"_index":"sim","_id":"1416562"}}
	{"id":1416562,"type":"sell","buyer":"ecoinstats","seller":"theguruasia","symbol":"SIM","quantity":"413.870","price":"0.00172000","timestamp":1629862290,"volume":"0.71185640","buyTxId":"eb95f536d2633110911576bc6c0ca55af9c52110","sellTxId":"3b05c4d149239ccbc72145af02f57b298d05bba5"}
{"index": {"_index":"sim","_id":"1416617"}}
	{"id":1416617,"type":"sell","buyer":"pi-trader","seller":"theshaki","symbol":"SIM","quantity":"105.486","price":"0.00172001","timestamp":1629862881,"volume":"0.18143697","buyTxId":"443c4c2f8fd668e4db53619789aa4d970e14ce34","sellTxId":"6e626541659de23ed622306e5e49d46897d3cf43"}
{"index": {"_index":"sim","_id":"1416723"}}
	{"id":1416723,"type":"buy","buyer":"oahb132","seller":"nftmart.fees","symbol":"SIM","quantity":"97.000","price":"0.00182995","timestamp":1629864894,"volume":"0.17750515","buyTxId":"83a79226b11fb78f3776dd6b29e9fff72b3a31d9","sellTxId":"edd41db7d85cf8adebbeaac4afd3fe3039ae7e86-0"}
{"index": {"_index":"sim","_id":"1416725"}}
	{"id":1416725,"type":"sell","buyer":"oahb132","seller":"brofi-market","symbol":"SIM","quantity":"148.998","price":"0.00182995","timestamp":1629864897,"volume":"0.27265889","buyTxId":"83a79226b11fb78f3776dd6b29e9fff72b3a31d9","sellTxId":"47c8ebb7c57334a8a12139555b0de3e48e962204"}
{"index": {"_index":"sim","_id":"1416726"}}
	{"id":1416726,"type":"sell","buyer":"oahb132","seller":"brofi-market","symbol":"SIM","quantity":"148.998","price":"0.00182995","timestamp":1629864903,"volume":"0.27265889","buyTxId":"83a79226b11fb78f3776dd6b29e9fff72b3a31d9","sellTxId":"b8f644b79cb49d39c0b5bc442678355a8d391f5b"}
{"index": {"_index":"sim","_id":"1416737"}}
	{"id":1416737,"type":"buy","buyer":"oahb132","seller":"solovey6o2","symbol":"SIM","quantity":"120.000","price":"0.00182997","timestamp":1629864987,"volume":"0.21959640","buyTxId":"37cd2e3b7c87fbef3f370a2a8f37ab9a3c21708f","sellTxId":"80a61b5759635bd86cefcced9070229283610d4b"}
{"index": {"_index":"sim","_id":"1416741"}}
	{"id":1416741,"type":"sell","buyer":"ecoinstats","seller":"oahb132","symbol":"SIM","quantity":"3.996","price":"0.00172000","timestamp":1629865059,"volume":"0.00687312","buyTxId":"eb95f536d2633110911576bc6c0ca55af9c52110","sellTxId":"755a5c9fd79a809cca42a0bd1a9316b8b13d3d7b"}
{"index": {"_index":"sim","_id":"1416782"}}
	{"id":1416782,"type":"sell","buyer":"pi-trader","seller":"ericburgoyne","symbol":"SIM","quantity":"106.466","price":"0.00172001","timestamp":1629865596,"volume":"0.18312258","buyTxId":"a59d8ba6b8c633166f9d7e7c8055b5f669be1179","sellTxId":"e403b80067674875112ad5bd7175cdf05876b06f"}
{"index": {"_index":"sim","_id":"1416785"}}
	{"id":1416785,"type":"sell","buyer":"pi-trader","seller":"eldonburr","symbol":"SIM","quantity":"61","price":"0.00172001","timestamp":1629865668,"volume":"0.10492061","buyTxId":"25d7094510e04293e88304ff72e572266b3865d7-1","sellTxId":"8f75ebff505b377cd5fd15b6e83d7fbe4d447721"}
{"index": {"_index":"sim","_id":"1416841"}}
	{"id":1416841,"type":"sell","buyer":"pi-trader","seller":"dwinblood","symbol":"SIM","quantity":"0.048","price":"0.00172001","timestamp":1629866649,"volume":"0.00008256","buyTxId":"a8761987e6eb7336d7f418a79a1c01ac480495ad-1","sellTxId":"06d6898e614aef10445e9a7daa8c78e22df81e02"}
{"index": {"_index":"sim","_id":"1416908"}}
	{"id":1416908,"type":"sell","buyer":"pi-trader","seller":"pouchon","symbol":"SIM","quantity":"15000.000","price":"0.00173001","timestamp":1629867969,"volume":"25.95015000","buyTxId":"bfcbbf0dd3178a4d231276bf622fe9daa01d0c1d-1","sellTxId":"2859f650e7344df38308f505381fbce8da8b49e1"}
{"index": {"_index":"sim","_id":"1416909"}}
	{"id":1416909,"type":"sell","buyer":"joshh71390","seller":"pouchon","symbol":"SIM","quantity":"400.000","price":"0.00173000","timestamp":1629867969,"volume":"0.69200000","buyTxId":"a313465ba18f952a68e09ea302b7ec8c3bf79d60","sellTxId":"2859f650e7344df38308f505381fbce8da8b49e1"}
{"index": {"_index":"sim","_id":"1416910"}}
	{"id":1416910,"type":"sell","buyer":"ecoinstats","seller":"pouchon","symbol":"SIM","quantity":"982.134","price":"0.00172000","timestamp":1629867969,"volume":"1.68927048","buyTxId":"eb95f536d2633110911576bc6c0ca55af9c52110","sellTxId":"2859f650e7344df38308f505381fbce8da8b49e1"}
{"index": {"_index":"sim","_id":"1416911"}}
	{"id":1416911,"type":"sell","buyer":"petlore","seller":"pouchon","symbol":"SIM","quantity":"1774.168","price":"0.00171969","timestamp":1629867969,"volume":"3.05101896","buyTxId":"d568d75c329f040716521e6a02869609dc429512","sellTxId":"2859f650e7344df38308f505381fbce8da8b49e1"}
{"index": {"_index":"sim","_id":"1416912"}}
	{"id":1416912,"type":"sell","buyer":"master-lamps","seller":"pouchon","symbol":"SIM","quantity":"2415.600","price":"0.00168741","timestamp":1629867969,"volume":"4.07610760","buyTxId":"cbb77715d8fb6f36d6e5a8834a35771e113a0dcc","sellTxId":"2859f650e7344df38308f505381fbce8da8b49e1"}
{"index": {"_index":"sim","_id":"1416913"}}
	{"id":1416913,"type":"sell","buyer":"gerber","seller":"pouchon","symbol":"SIM","quantity":"9479.000","price":"0.00168005","timestamp":1629867969,"volume":"15.92519395","buyTxId":"861194f2dcd7c62000b3306c8059f799adc9efac","sellTxId":"2859f650e7344df38308f505381fbce8da8b49e1"}
{"index": {"_index":"sim","_id":"1416914"}}
	{"id":1416914,"type":"sell","buyer":"gerber","seller":"pouchon","symbol":"SIM","quantity":"62926.100","price":"0.00168005","timestamp":1629867969,"volume":"105.71899431","buyTxId":"83438c108421c6681a6bdbf193c6f7bb6a81e1f9","sellTxId":"2859f650e7344df38308f505381fbce8da8b49e1"}
{"index": {"_index":"sim","_id":"1417011"}}
	{"id":1417011,"type":"buy","buyer":"wizzitywillican","seller":"nftmart.fees","symbol":"SIM","quantity":"188.000","price":"0.00181999","timestamp":1629869460,"volume":"0.34215812","buyTxId":"8da36a8fbc22200afb72def2dc8c61981d56a0d8","sellTxId":"c2281ad33bf3bcea9d775420814311fa4c870928-0"}
{"index": {"_index":"sim","_id":"1417012"}}
	{"id":1417012,"type":"buy","buyer":"wizzitywillican","seller":"joshh71390","symbol":"SIM","quantity":"369.000","price":"0.00182000","timestamp":1629869460,"volume":"0.67158000","buyTxId":"8da36a8fbc22200afb72def2dc8c61981d56a0d8","sellTxId":"a58f62d01264a10f201c9e22b4cbe891ec685a45"}
{"index": {"_index":"sim","_id":"1417096"}}
	{"id":1417096,"type":"sell","buyer":"pi-trader","seller":"krakonos","symbol":"SIM","quantity":"19.000","price":"0.00170001","timestamp":1629871290,"volume":"0.03230019","buyTxId":"f384fca5c0c5dae5d52d9d8f54e21f6f3a6256a6-1","sellTxId":"82429671d61147db18da0f0c4f8cc24426917914"}
{"index": {"_index":"sim","_id":"1417110"}}
	{"id":1417110,"type":"sell","buyer":"pi-trader","seller":"manoldonchev","symbol":"SIM","quantity":"5363.000","price":"0.00170001","timestamp":1629871512,"volume":"9.11715363","buyTxId":"672a73d452dc6f2fc37a268965a8a18bf0b7abbc-1","sellTxId":"3cb1044700000782d15902585e675f66dd29b4a8"}
{"index": {"_index":"sim","_id":"1417144"}}
	{"id":1417144,"type":"sell","buyer":"pi-trader","seller":"eythorphoto","symbol":"SIM","quantity":"15000.000","price":"0.00170001","timestamp":1629871998,"volume":"25.50015000","buyTxId":"df64205e7c4e034ccb789edcecddf7ff88c2e574-1","sellTxId":"63c17e834c9f020e9aa6ae5076cf96878e1b89aa"}
{"index": {"_index":"sim","_id":"1417154"}}
	{"id":1417154,"type":"buy","buyer":"nastyforce","seller":"nftmart.fees","symbol":"SIM","quantity":"163.000","price":"0.00179999","timestamp":1629872031,"volume":"0.29339837","buyTxId":"c872d26ef05607fa184cc38f04d68528231e5e12","sellTxId":"5c2ddfd3fc78c4b3fa8df8f10ca27834dd44fcc5-0"}
{"index": {"_index":"sim","_id":"1417156"}}
	{"id":1417156,"type":"buy","buyer":"nastyforce","seller":"mawit07","symbol":"SIM","quantity":"2092.000","price":"0.00180000","timestamp":1629872067,"volume":"3.76560000","buyTxId":"e5869d0f4043bc2128ca4cf3d3fab93b70d6a54e","sellTxId":"c32c9b5ffc5605b38d3c4640a8b91eeabd75d4f0"}
{"index": {"_index":"sim","_id":"1417286"}}
	{"id":1417286,"type":"sell","buyer":"pi-trader","seller":"trumpman","symbol":"SIM","quantity":"1801.261","price":"0.00170001","timestamp":1629873498,"volume":"3.06216171","buyTxId":"06741d703791194d00afd0b54cb5524bb6208c0a","sellTxId":"036abb672d174ec259dde34127e54d5a40777fe2"}
{"index": {"_index":"sim","_id":"1417304"}}
	{"id":1417304,"type":"sell","buyer":"pi-trader","seller":"dhedge-drips","symbol":"SIM","quantity":"13.969","price":"0.00170001","timestamp":1629873921,"volume":"0.02374744","buyTxId":"59f213e97f12de671bb7aeab065f77357edba85e-1","sellTxId":"1c6aa3edfc4fb174f35db07d448d6bed65ede567"}
{"index": {"_index":"sim","_id":"1417380"}}
	{"id":1417380,"type":"sell","buyer":"pi-trader","seller":"lightcaptured","symbol":"SIM","quantity":"1255.814","price":"0.00170001","timestamp":1629874836,"volume":"2.13489636","buyTxId":"70106b82a30d199c82fd976daf74638574bef7b8-1","sellTxId":"dd98688ba20830a249de3d7210716f76eea2a18d"}
{"index": {"_index":"sim","_id":"1417399"}}
	{"id":1417399,"type":"sell","buyer":"pi-trader","seller":"thatcryptodave","symbol":"SIM","quantity":"1655.810","price":"0.00170001","timestamp":1629875286,"volume":"2.81489356","buyTxId":"ee7d2dd44cc83a93893bcf9d5ae17c65e8e1e5ad-1","sellTxId":"66fe242bc5190dc2059a47dee1021f6a617ffb9f"}
{"index": {"_index":"sim","_id":"1417455"}}
	{"id":1417455,"type":"sell","buyer":"pi-trader","seller":"hiveupme","symbol":"SIM","quantity":"278.000","price":"0.00170001","timestamp":1629875901,"volume":"0.47260278","buyTxId":"e90588ffaf1ffeaaf62266810e18f8782abb676c-1","sellTxId":"4e30398c6dc0bb256afd542bcb19103910d75f02"}
{"index": {"_index":"sim","_id":"1417494"}}
	{"id":1417494,"type":"sell","buyer":"pi-trader","seller":"phusionphil","symbol":"SIM","quantity":"2.575","price":"0.00170001","timestamp":1629876540,"volume":"0.00437753","buyTxId":"367a627785542de54dd966244f7030cc54b596a9-1","sellTxId":"b610b574a4f76b851c2f03e9667ee32ef6300843"}
{"index": {"_index":"sim","_id":"1417545"}}
	{"id":1417545,"type":"sell","buyer":"pi-trader","seller":"thatcryptodave","symbol":"SIM","quantity":"341.000","price":"0.00170003","timestamp":1629877677,"volume":"0.57971023","buyTxId":"8d4540c782dc7d582d82f5896eb240db77b72b1a-1","sellTxId":"737edb00ffb9a66ae741096b8aaa63e43c115664"}
{"index": {"_index":"sim","_id":"1417598"}}
	{"id":1417598,"type":"sell","buyer":"pi-trader","seller":"jacques0829","symbol":"SIM","quantity":"1140.000","price":"0.00170001","timestamp":1629878757,"volume":"1.93801140","buyTxId":"490d5453de75353d375d7d92b2f414cd183f3b02-1","sellTxId":"663755acb067eacac45769c69d9d8cb3aea21257"}
{"index": {"_index":"sim","_id":"1417679"}}
	{"id":1417679,"type":"buy","buyer":"juanvegetarian","seller":"nftmart.fees","symbol":"SIM","quantity":"147.000","price":"0.00179993","timestamp":1629879855,"volume":"0.26458971","buyTxId":"5cbdf6deb5efb9f9b1876f8487877601ef041a30","sellTxId":"d2bcab47761ee312c477395e4fb1f9a906e0c09d-0"}
{"index": {"_index":"sim","_id":"1417685"}}
	{"id":1417685,"type":"sell","buyer":"pi-trader","seller":"muenchen","symbol":"SIM","quantity":"15000.000","price":"0.00170001","timestamp":1629880002,"volume":"25.50015000","buyTxId":"34f1621ff4065a7f0d353a9506ae53ce534fbec5-1","sellTxId":"9c746c982e1b2cca50c59efbfe1b1fcb1d676529"}
{"index": {"_index":"sim","_id":"1417687"}}
	{"id":1417687,"type":"sell","buyer":"pi-trader","seller":"muenchen","symbol":"SIM","quantity":"2000.000","price":"0.00170001","timestamp":1629880026,"volume":"3.40002000","buyTxId":"b2a0cdb746de1d04b2a16bad55f76d202f984c86","sellTxId":"73d44dff749b09f432ede3dbefd549d84f1a9e07"}
{"index": {"_index":"sim","_id":"1417689"}}
	{"id":1417689,"type":"sell","buyer":"pi-trader","seller":"muenchen","symbol":"SIM","quantity":"13000.000","price":"0.00170001","timestamp":1629880050,"volume":"22.10013000","buyTxId":"b2a0cdb746de1d04b2a16bad55f76d202f984c86","sellTxId":"dd4b8f0b65d08137fb9858b65eb9fe6e71201259"}
{"index": {"_index":"sim","_id":"1417690"}}
	{"id":1417690,"type":"buy","buyer":"juanvegetarian","seller":"nftmart.fees","symbol":"SIM","quantity":"1.000","price":"0.00179993","timestamp":1629880050,"volume":"0.00179993","buyTxId":"8249179dfc7d2ee063b4c4fb097b2e7290d86b29","sellTxId":"d2bcab47761ee312c477395e4fb1f9a906e0c09d-0"}
{"index": {"_index":"sim","_id":"1417694"}}
	{"id":1417694,"type":"sell","buyer":"pi-trader","seller":"muenchen","symbol":"SIM","quantity":"2000.000","price":"0.00170001","timestamp":1629880074,"volume":"3.40002000","buyTxId":"3b7b1b79848169090737e69b60a36501ebf7d621","sellTxId":"6dc8eb6d9c6a573d0eec42e06deb20a38f3e46d0"}
{"index": {"_index":"sim","_id":"1417695"}}
	{"id":1417695,"type":"sell","buyer":"pi-trader","seller":"muenchen","symbol":"SIM","quantity":"13000.000","price":"0.00170001","timestamp":1629880095,"volume":"22.10013000","buyTxId":"3b7b1b79848169090737e69b60a36501ebf7d621","sellTxId":"c79fd8104b338e731918f3eb90f76b43a5759209"}
{"index": {"_index":"sim","_id":"1417698"}}
	{"id":1417698,"type":"sell","buyer":"pi-trader","seller":"muenchen","symbol":"SIM","quantity":"15000.000","price":"0.00170001","timestamp":1629880116,"volume":"25.50015000","buyTxId":"086243ac657ccdc313886060eb446e150dcc7561-1","sellTxId":"9c256e8f02f8a0e0de10d1d6007df74733800cef"}
{"index": {"_index":"sim","_id":"1417701"}}
	{"id":1417701,"type":"sell","buyer":"pi-trader","seller":"muenchen","symbol":"SIM","quantity":"2000.000","price":"0.00170001","timestamp":1629880137,"volume":"3.40002000","buyTxId":"8b41c793331cfafd69e636fe46289ed6a6f2a244","sellTxId":"c9ace0ec93721de6dc5397bc70c7b6bb4db612ec"}
{"index": {"_index":"sim","_id":"1417702"}}
	{"id":1417702,"type":"buy","buyer":"juanvegetarian","seller":"dhedge-drips","symbol":"SIM","quantity":"13.969","price":"0.00179998","timestamp":1629880152,"volume":"0.02514392","buyTxId":"64452b3efd4f4a9cbd49ff05fbaf9eebd604804a","sellTxId":"a51112af2d7de67ea162708a863719ffe286df16"}
{"index": {"_index":"sim","_id":"1417703"}}
	{"id":1417703,"type":"sell","buyer":"pi-trader","seller":"muenchen","symbol":"SIM","quantity":"13000.000","price":"0.00170001","timestamp":1629880161,"volume":"22.10013000","buyTxId":"8b41c793331cfafd69e636fe46289ed6a6f2a244","sellTxId":"f980e1fc58d63a146c57101d7242156ec72bf218"}
{"index": {"_index":"sim","_id":"1417705"}}
	{"id":1417705,"type":"sell","buyer":"pi-trader","seller":"heikki1337","symbol":"SIM","quantity":"10012.000","price":"0.00170001","timestamp":1629880179,"volume":"17.02050012","buyTxId":"53b349ab9fb9063154883d65a964e499a003cb15","sellTxId":"1703117c8b02ec51f5c199e65f1a9b43da6009c0"}
{"index": {"_index":"sim","_id":"1417708"}}
	{"id":1417708,"type":"sell","buyer":"pi-trader","seller":"muenchen","symbol":"SIM","quantity":"2000.000","price":"0.00170001","timestamp":1629880185,"volume":"3.40002000","buyTxId":"53b349ab9fb9063154883d65a964e499a003cb15","sellTxId":"0a872882bff07e6f27dd9615bf534c6708e01130"}
{"index": {"_index":"sim","_id":"1417711"}}
	{"id":1417711,"type":"sell","buyer":"pi-trader","seller":"muenchen","symbol":"SIM","quantity":"1505.200","price":"0.00170001","timestamp":1629880206,"volume":"2.55885505","buyTxId":"53b349ab9fb9063154883d65a964e499a003cb15","sellTxId":"83d74791528ec759d6f64df86cddd42f70f194c7"}
{"index": {"_index":"sim","_id":"1417715"}}
	{"id":1417715,"type":"buy","buyer":"juanvegetarian","seller":"mawit07","symbol":"SIM","quantity":"7908.000","price":"0.00180000","timestamp":1629880266,"volume":"14.23440000","buyTxId":"13d9349805e0cb4e0dc6cb7ec53ee1e7eee5c7bf","sellTxId":"c32c9b5ffc5605b38d3c4640a8b91eeabd75d4f0"}
{"index": {"_index":"sim","_id":"1417721"}}
	{"id":1417721,"type":"buy","buyer":"juanvegetarian","seller":"joshh71390","symbol":"SIM","quantity":"381.000","price":"0.00182000","timestamp":1629880386,"volume":"0.69342000","buyTxId":"f364525d253a712a5b48b053f3f09e4f85ea7f1d","sellTxId":"a58f62d01264a10f201c9e22b4cbe891ec685a45"}
{"index": {"_index":"sim","_id":"1417724"}}
	{"id":1417724,"type":"buy","buyer":"juanvegetarian","seller":"cryptofiloz","symbol":"SIM","quantity":"1588.000","price":"0.00182501","timestamp":1629880497,"volume":"2.89811588","buyTxId":"078929f907915253a7807765da47396d1416438e","sellTxId":"c510b3f70feab12c2ab7b64d353bda0939545209"}
{"index": {"_index":"sim","_id":"1417735"}}
	{"id":1417735,"type":"buy","buyer":"juanvegetarian","seller":"solovey6o2","symbol":"SIM","quantity":"755.000","price":"0.00182997","timestamp":1629880599,"volume":"1.38162735","buyTxId":"aa9de8af5237d4bb4797423ccb514385c5c61f63","sellTxId":"80a61b5759635bd86cefcced9070229283610d4b"}
{"index": {"_index":"sim","_id":"1417931"}}
	{"id":1417931,"type":"sell","buyer":"pi-trader","seller":"chesatochi","symbol":"SIM","quantity":"105.046","price":"0.00170003","timestamp":1629882768,"volume":"0.17858135","buyTxId":"f4ff8f9426ead53279284a47dfeddd738761a51f-1","sellTxId":"92b148ee28646ca9b25a183bd32100d7a5642bbe"}
{"index": {"_index":"sim","_id":"1417961"}}
	{"id":1417961,"type":"sell","buyer":"pi-trader","seller":"veramen","symbol":"SIM","quantity":"1.241","price":"0.00170001","timestamp":1629882960,"volume":"0.00210971","buyTxId":"f55e3cc45ca6398e98b0a695fdb2608d70d04221-1","sellTxId":"6eda940a4fc5f60ce3ceb59427d307eb9031a40f"}
{"index": {"_index":"sim","_id":"1417998"}}
	{"id":1417998,"type":"sell","buyer":"pi-trader","seller":"eythorphoto","symbol":"SIM","quantity":"15000.000","price":"0.00170001","timestamp":1629883251,"volume":"25.50015000","buyTxId":"1268d885a70192d43b7d7e248d03200069eb827b-1","sellTxId":"a557d5213d7a05bc24b948af8791dd6a2f7665e0"}
{"index": {"_index":"sim","_id":"1417999"}}
	{"id":1417999,"type":"sell","buyer":"finris","seller":"eythorphoto","symbol":"SIM","quantity":"2000.000","price":"0.00170000","timestamp":1629883251,"volume":"3.40000000","buyTxId":"b117fbd44013140ab77b030a0d72ab82665939c4","sellTxId":"a557d5213d7a05bc24b948af8791dd6a2f7665e0"}
{"index": {"_index":"sim","_id":"1418014"}}
	{"id":1418014,"type":"sell","buyer":"pi-trader","seller":"eythorphoto","symbol":"SIM","quantity":"15000.000","price":"0.00168006","timestamp":1629883365,"volume":"25.20090000","buyTxId":"9ced4cfd2d25fb3a4fc28e6cfe99b8b149f4f6aa","sellTxId":"3a303259da27316ec947a3625ad902f519ec0946"}
{"index": {"_index":"sim","_id":"1418019"}}
	{"id":1418019,"type":"sell","buyer":"pi-trader","seller":"eythorphoto","symbol":"SIM","quantity":"15000.000","price":"0.00168006","timestamp":1629883431,"volume":"25.20090000","buyTxId":"75529b4f4228b570223cb51bd8d6e1df1ed51e8a","sellTxId":"d4979822c6b90f6f7ac5dc275990955123be4fa0"}
{"index": {"_index":"sim","_id":"1418039"}}
	{"id":1418039,"type":"buy","buyer":"balte","seller":"nftmart.fees","symbol":"SIM","quantity":"131.000","price":"0.00182994","timestamp":1629883749,"volume":"0.23972214","buyTxId":"57e6e05206c531bf09f44701dbe4d137ba40579e","sellTxId":"c1d7699e6a6aa954d96f9720c514b1b7b67ee9ec-0"}
{"index": {"_index":"sim","_id":"1418040"}}
	{"id":1418040,"type":"buy","buyer":"balte","seller":"solovey6o2","symbol":"SIM","quantity":"27869.000","price":"0.00182997","timestamp":1629883749,"volume":"50.99943393","buyTxId":"57e6e05206c531bf09f44701dbe4d137ba40579e","sellTxId":"80a61b5759635bd86cefcced9070229283610d4b"}
{"index": {"_index":"sim","_id":"1418056"}}
	{"id":1418056,"type":"sell","buyer":"pi-trader","seller":"eythorphoto","symbol":"SIM","quantity":"15000.000","price":"0.00168006","timestamp":1629883872,"volume":"25.20090000","buyTxId":"4071be458b86a361b8a447b7e72c1d8f4435c150","sellTxId":"fab0751fcdc14f8ec8f1489c4586b3466f25cba2"}
{"index": {"_index":"sim","_id":"1418066"}}
	{"id":1418066,"type":"sell","buyer":"pi-trader","seller":"scriptioner","symbol":"SIM","quantity":"15000.000","price":"0.00168006","timestamp":1629884007,"volume":"25.20090000","buyTxId":"c036505cc859d7e7affa40744f5cd37de57500c7","sellTxId":"0e29b5d986feadd88f4c509d41de6d1004840a79"}
{"index": {"_index":"sim","_id":"1418067"}}
	{"id":1418067,"type":"sell","buyer":"gerber","seller":"scriptioner","symbol":"SIM","quantity":"34235.196","price":"0.00168005","timestamp":1629884007,"volume":"57.51684104","buyTxId":"83438c108421c6681a6bdbf193c6f7bb6a81e1f9","sellTxId":"0e29b5d986feadd88f4c509d41de6d1004840a79"}
{"index": {"_index":"sim","_id":"1418077"}}
	{"id":1418077,"type":"sell","buyer":"pi-trader","seller":"bosferi123","symbol":"SIM","quantity":"13.240","price":"0.00168006","timestamp":1629884154,"volume":"0.02224399","buyTxId":"86dca91d4b299c619ee8b817f7fd519f6bdf32f8","sellTxId":"9bbaa5d6209ca56c8c5c50b042a3fe07def5d90d"}
{"index": {"_index":"sim","_id":"1418169"}}
	{"id":1418169,"type":"sell","buyer":"pi-trader","seller":"pimpstudio","symbol":"SIM","quantity":"5589.000","price":"0.00168006","timestamp":1629886194,"volume":"9.38985534","buyTxId":"abd33eb66f47b83300affedb03c929c16ec74440-1","sellTxId":"54edd1aa7927a5e6063ce51a4be188a156e0129d"}
{"index": {"_index":"sim","_id":"1418203"}}
	{"id":1418203,"type":"buy","buyer":"linco","seller":"nftmart.fees","symbol":"SIM","quantity":"116.000","price":"0.00182799","timestamp":1629887055,"volume":"0.21204684","buyTxId":"7b7fdf795885c932fd27ca588b13c4e7eb93bdc2","sellTxId":"523b0dad89eecbf0fe6c60c4b6714f610258db33-0"}
{"index": {"_index":"sim","_id":"1418204"}}
	{"id":1418204,"type":"buy","buyer":"linco","seller":"medaymane","symbol":"SIM","quantity":"741.000","price":"0.00182800","timestamp":1629887055,"volume":"1.35454800","buyTxId":"7b7fdf795885c932fd27ca588b13c4e7eb93bdc2","sellTxId":"5b04ec901e77ba1de803677192b96a1657af827f"}
{"index": {"_index":"sim","_id":"1418205"}}
	{"id":1418205,"type":"buy","buyer":"linco","seller":"master-lamps","symbol":"SIM","quantity":"2576.343","price":"0.00182990","timestamp":1629887055,"volume":"4.71445006","buyTxId":"7b7fdf795885c932fd27ca588b13c4e7eb93bdc2","sellTxId":"16a11606a032216ea9f9631c669ef2c757b92ed9"}
{"index": {"_index":"sim","_id":"1418206"}}
	{"id":1418206,"type":"buy","buyer":"linco","seller":"solovey6o2","symbol":"SIM","quantity":"66.657","price":"0.00182997","timestamp":1629887055,"volume":"0.12198031","buyTxId":"7b7fdf795885c932fd27ca588b13c4e7eb93bdc2","sellTxId":"80a61b5759635bd86cefcced9070229283610d4b"}
{"index": {"_index":"sim","_id":"1418230"}}
	{"id":1418230,"type":"sell","buyer":"pi-trader","seller":"tamaralovelace","symbol":"SIM","quantity":"1096.000","price":"0.00168010","timestamp":1629887724,"volume":"1.84138960","buyTxId":"6d8c037760798aa7095ceccbce166ede20acca54-1","sellTxId":"a192929db6fcf77fd8cd2b8c377c394c636ed7f3"}
{"index": {"_index":"sim","_id":"1418442"}}
	{"id":1418442,"type":"sell","buyer":"pi-trader","seller":"andy4475","symbol":"SIM","quantity":"77.491","price":"0.00168010","timestamp":1629890115,"volume":"0.13019263","buyTxId":"fa47482fcda3247d4dcb4910e6a8ecd54e8c0ceb-1","sellTxId":"871f7f4c95c914edba73c63b6808c9e62694abfd"}
{"index": {"_index":"sim","_id":"1418583"}}
	{"id":1418583,"type":"sell","buyer":"pi-trader","seller":"goldcoin","symbol":"SIM","quantity":"58.241","price":"0.00168010","timestamp":1629891297,"volume":"0.09785070","buyTxId":"f7f28f0f93556947686740eb2baa76027d9dfcb0-1","sellTxId":"0baa6db5f8eaf91eef7a08031e573669c7134105"}
{"index": {"_index":"sim","_id":"1418650"}}
	{"id":1418650,"type":"sell","buyer":"pi-trader","seller":"holovision","symbol":"SIM","quantity":"108.000","price":"0.00168010","timestamp":1629892302,"volume":"0.18145080","buyTxId":"e993208cb145c097b87b278044dc679c915b396e-1","sellTxId":"780ff10613cd109d03a6035e49ad9e4c1db49aea"}
{"index": {"_index":"sim","_id":"1418741"}}
	{"id":1418741,"type":"sell","buyer":"pi-trader","seller":"brofi-market","symbol":"SIM","quantity":"0.002","price":"0.00168010","timestamp":1629893373,"volume":"0.00000336","buyTxId":"d2ba9ec310328625dee42a618dec60203f38e147-1","sellTxId":"238c4acd55bced52d9bb9f34e44c6ae1f43cdbf3"}
{"index": {"_index":"sim","_id":"1418822"}}
	{"id":1418822,"type":"sell","buyer":"pi-trader","seller":"themightyvolcano","symbol":"SIM","quantity":"15000.000","price":"0.00168010","timestamp":1629894099,"volume":"25.20150000","buyTxId":"90bc66b97aed8812d8c90674ac57ddfec1b7532a-1","sellTxId":"88099f3ccbd52cdf8cf8ae6a18fbc4b5145bef4a"}
{"index": {"_index":"sim","_id":"1418823"}}
	{"id":1418823,"type":"sell","buyer":"master-lamps","seller":"themightyvolcano","symbol":"SIM","quantity":"2805.999","price":"0.00168009","timestamp":1629894099,"volume":"4.71433086","buyTxId":"f086d58fb8008e13194e015107433861d3d39365","sellTxId":"88099f3ccbd52cdf8cf8ae6a18fbc4b5145bef4a"}
{"index": {"_index":"sim","_id":"1418824"}}
	{"id":1418824,"type":"sell","buyer":"solovey6o2","seller":"themightyvolcano","symbol":"SIM","quantity":"15626.491","price":"0.00168006","timestamp":1629894099,"volume":"26.25344247","buyTxId":"d1789d03a0767b2ae24f4d72878af072c7991d9b","sellTxId":"88099f3ccbd52cdf8cf8ae6a18fbc4b5145bef4a"}
{"index": {"_index":"sim","_id":"1418825"}}
	{"id":1418825,"type":"sell","buyer":"gerber","seller":"themightyvolcano","symbol":"SIM","quantity":"39206.510","price":"0.00168005","timestamp":1629894099,"volume":"65.86889713","buyTxId":"83438c108421c6681a6bdbf193c6f7bb6a81e1f9","sellTxId":"88099f3ccbd52cdf8cf8ae6a18fbc4b5145bef4a"}
{"index": {"_index":"sim","_id":"1418886"}}
	{"id":1418886,"type":"sell","buyer":"pi-trader","seller":"theguruasia","symbol":"SIM","quantity":"5187.716","price":"0.00168008","timestamp":1629894693,"volume":"8.71577790","buyTxId":"5e10790e9335c052ce201fefc47950c825a60666-1","sellTxId":"57d6a8e1a76986782d3de2ed3ea9811f2a5b483f"}
{"index": {"_index":"sim","_id":"1418940"}}
	{"id":1418940,"type":"sell","buyer":"pi-trader","seller":"taitux","symbol":"SIM","quantity":"7055.000","price":"0.00168008","timestamp":1629895179,"volume":"11.85296440","buyTxId":"b24cdc465c6bf810d9724eebfdce810fc03dcf1a-1","sellTxId":"ccc1b10f53b9fbf1143e5d2a1a46a7f7b5ecc683"}
{"index": {"_index":"sim","_id":"1419048"}}
	{"id":1419048,"type":"sell","buyer":"pi-trader","seller":"hirohurl","symbol":"SIM","quantity":"86.992","price":"0.00168010","timestamp":1629896196,"volume":"0.14615526","buyTxId":"26b76ea1a763239b1b461c819034740ff5f5639c-1","sellTxId":"e071b260622d657ce932b644facd121fdddc8db2"}
{"index": {"_index":"sim","_id":"1419062"}}
	{"id":1419062,"type":"sell","buyer":"pi-trader","seller":"kapitanrosomak","symbol":"SIM","quantity":"105.000","price":"0.00168010","timestamp":1629896484,"volume":"0.17641050","buyTxId":"f8268da46e0f7ff7268073014c41701971a564db-1","sellTxId":"d7418e4c48443ef9eb4e5fc073436af9255e9383"}
{"index": {"_index":"sim","_id":"1419071"}}
	{"id":1419071,"type":"sell","buyer":"pi-trader","seller":"velourex","symbol":"SIM","quantity":"15000.000","price":"0.00168010","timestamp":1629896607,"volume":"25.20150000","buyTxId":"92cf4a1a5d8dfb5eb8a142e7eb4ac6aca36b63c1-1","sellTxId":"2c5b4c19e741efa0e5a13ab6e8bb11348c7f4d38"}
{"index": {"_index":"sim","_id":"1419072"}}
	{"id":1419072,"type":"sell","buyer":"master-lamps","seller":"velourex","symbol":"SIM","quantity":"1210.200","price":"0.00168009","timestamp":1629896607,"volume":"2.03324492","buyTxId":"9002d73e31fd4bc0e187f63d6dc1ed7e6e3b5758","sellTxId":"2c5b4c19e741efa0e5a13ab6e8bb11348c7f4d38"}
{"index": {"_index":"sim","_id":"1419073"}}
	{"id":1419073,"type":"sell","buyer":"bilpcoinbot","seller":"velourex","symbol":"SIM","quantity":"250.000","price":"0.00168007","timestamp":1629896607,"volume":"0.42001750","buyTxId":"0d922d1b3da89b12579349dc4debcd716c0dadf5","sellTxId":"2c5b4c19e741efa0e5a13ab6e8bb11348c7f4d38"}
{"index": {"_index":"sim","_id":"1419074"}}
	{"id":1419074,"type":"sell","buyer":"gerber","seller":"velourex","symbol":"SIM","quantity":"10133.700","price":"0.00168005","timestamp":1629896607,"volume":"17.02512269","buyTxId":"83438c108421c6681a6bdbf193c6f7bb6a81e1f9","sellTxId":"2c5b4c19e741efa0e5a13ab6e8bb11348c7f4d38"}
{"index": {"_index":"sim","_id":"1419131"}}
	{"id":1419131,"type":"sell","buyer":"pi-trader","seller":"frugal-fun","symbol":"SIM","quantity":"15000.000","price":"0.00168011","timestamp":1629897246,"volume":"25.20165000","buyTxId":"90898b294d1a13802479294b9ce144a2cf38c5fd-1","sellTxId":"1b0ad0ae144716ff13d5b5ed9944d39b18c06b9a"}
{"index": {"_index":"sim","_id":"1419132"}}
	{"id":1419132,"type":"sell","buyer":"bilpcoinbot","seller":"frugal-fun","symbol":"SIM","quantity":"600.000","price":"0.00168010","timestamp":1629897246,"volume":"1.00806000","buyTxId":"2292346470aa134766d3fb64d6c2de136946bf4b","sellTxId":"1b0ad0ae144716ff13d5b5ed9944d39b18c06b9a"}
{"index": {"_index":"sim","_id":"1419133"}}
	{"id":1419133,"type":"sell","buyer":"gerber","seller":"frugal-fun","symbol":"SIM","quantity":"17442.000","price":"0.00168005","timestamp":1629897246,"volume":"29.30343210","buyTxId":"83438c108421c6681a6bdbf193c6f7bb6a81e1f9","sellTxId":"1b0ad0ae144716ff13d5b5ed9944d39b18c06b9a"}
{"index": {"_index":"sim","_id":"1419161"}}
	{"id":1419161,"type":"sell","buyer":"pi-trader","seller":"trentonlundy1","symbol":"SIM","quantity":"0.032","price":"0.00168006","timestamp":1629897801,"volume":"0.00005376","buyTxId":"834d563ab391ec6a90ff1b8b373d32792021a648","sellTxId":"0cd50ed24cf5a7d7ca832ce2a38c3c7f9c08b3ce"}
{"index": {"_index":"sim","_id":"1419243"}}
	{"id":1419243,"type":"sell","buyer":"pi-trader","seller":"bosmob","symbol":"SIM","quantity":"5513.002","price":"0.00168006","timestamp":1629899115,"volume":"9.26217414","buyTxId":"81a571d8d43dd7d7df9d69de381cb69a3c1043ea-1","sellTxId":"bdb1fdb5bf45a978b87dde3548646ae9b0d6e7f1"}
{"index": {"_index":"sim","_id":"1419360"}}
	{"id":1419360,"type":"buy","buyer":"stickupboys","seller":"nftmart.fees","symbol":"SIM","quantity":"102.000","price":"0.00181998","timestamp":1629900174,"volume":"0.18563796","buyTxId":"e8de6a4cbe0b726798d2db18d0b4c4c65a831863","sellTxId":"d3c4dc3805c0e112e154b99e488606c05e71ff32-0"}
{"index": {"_index":"sim","_id":"1419361"}}
	{"id":1419361,"type":"buy","buyer":"stickupboys","seller":"bilpcoinbot","symbol":"SIM","quantity":"600.000","price":"0.00182000","timestamp":1629900174,"volume":"1.09200000","buyTxId":"e8de6a4cbe0b726798d2db18d0b4c4c65a831863","sellTxId":"66cd428d5faecb620210608291fd9d6b2b5aba98"}
{"index": {"_index":"sim","_id":"1419362"}}
	{"id":1419362,"type":"buy","buyer":"stickupboys","seller":"mpath","symbol":"SIM","quantity":"555.000","price":"0.00182000","timestamp":1629900174,"volume":"1.01010000","buyTxId":"e8de6a4cbe0b726798d2db18d0b4c4c65a831863","sellTxId":"a25c6339f85a9ec42ce2427e82b7f492daf98ea8"}
{"index": {"_index":"sim","_id":"1419363"}}
	{"id":1419363,"type":"buy","buyer":"stickupboys","seller":"bilpcoinbot","symbol":"SIM","quantity":"250.000","price":"0.00182820","timestamp":1629900174,"volume":"0.45705000","buyTxId":"e8de6a4cbe0b726798d2db18d0b4c4c65a831863","sellTxId":"952fa2edc9e4eaa985cba79e1e90769203d2372e"}
{"index": {"_index":"sim","_id":"1419364"}}
	{"id":1419364,"type":"buy","buyer":"stickupboys","seller":"master-lamps","symbol":"SIM","quantity":"1210.200","price":"0.00182820","timestamp":1629900174,"volume":"2.21248764","buyTxId":"e8de6a4cbe0b726798d2db18d0b4c4c65a831863","sellTxId":"c1ddc17667bb98ca35e57dd304535ed7986f66de"}
{"index": {"_index":"sim","_id":"1419365"}}
	{"id":1419365,"type":"buy","buyer":"stickupboys","seller":"mapac","symbol":"SIM","quantity":"555.000","price":"0.00182830","timestamp":1629900174,"volume":"1.01470650","buyTxId":"e8de6a4cbe0b726798d2db18d0b4c4c65a831863","sellTxId":"b4bd77d5d5907287c70760cdb0eab01a60c11beb"}
{"index": {"_index":"sim","_id":"1419366"}}
	{"id":1419366,"type":"buy","buyer":"stickupboys","seller":"master-lamps","symbol":"SIM","quantity":"2805.999","price":"0.00182989","timestamp":1629900174,"volume":"5.13466951","buyTxId":"e8de6a4cbe0b726798d2db18d0b4c4c65a831863","sellTxId":"d600c705048a5ba38ab5a7d241c2cb7f53c580cb"}
{"index": {"_index":"sim","_id":"1419367"}}
	{"id":1419367,"type":"buy","buyer":"stickupboys","seller":"bilpcoinbot","symbol":"SIM","quantity":"14.750","price":"0.00182990","timestamp":1629900174,"volume":"0.02699103","buyTxId":"e8de6a4cbe0b726798d2db18d0b4c4c65a831863","sellTxId":"f03abe5c1e4de16a81ab6b03dbb9ee65bfb8b0a1"}
{"index": {"_index":"sim","_id":"1419368"}}
	{"id":1419368,"type":"buy","buyer":"stickupboys","seller":"brofi-market","symbol":"SIM","quantity":"0.002","price":"0.00182990","timestamp":1629900174,"volume":"0.00000366","buyTxId":"e8de6a4cbe0b726798d2db18d0b4c4c65a831863","sellTxId":"77e4c09147cd8e371f7b1f379be82cd9cade68d2"}
{"index": {"_index":"sim","_id":"1419369"}}
	{"id":1419369,"type":"buy","buyer":"stickupboys","seller":"solovey6o2","symbol":"SIM","quantity":"13907.049","price":"0.00182999","timestamp":1629900174,"volume":"25.44976060","buyTxId":"e8de6a4cbe0b726798d2db18d0b4c4c65a831863","sellTxId":"0c9ca8d59f46e6cdc775ede4dc98f56e4dd974b1"}
{"index": {"_index":"sim","_id":"1419500"}}
	{"id":1419500,"type":"sell","buyer":"pi-trader","seller":"steemstreems","symbol":"SIM","quantity":"5634.006","price":"0.00168008","timestamp":1629901917,"volume":"9.46558080","buyTxId":"4e311da3430b1ecb6122c0c0bae36819b6a76836-1","sellTxId":"9a1caec55bcc912c293a97933e69cc01d94c2ddc"}
{"index": {"_index":"sim","_id":"1419576"}}
	{"id":1419576,"type":"sell","buyer":"pi-trader","seller":"flaxz","symbol":"SIM","quantity":"17.715","price":"0.00168008","timestamp":1629903015,"volume":"0.02976262","buyTxId":"be4da28ec45c91d2860d5801a9c3b61f88dedb5c-1","sellTxId":"2c1e070d2775b8910dbc752d210c9899624cc97a"}
{"index": {"_index":"sim","_id":"1419670"}}
	{"id":1419670,"type":"sell","buyer":"pi-trader","seller":"atongis","symbol":"SIM","quantity":"9.004","price":"0.00168008","timestamp":1629904098,"volume":"0.01512744","buyTxId":"503f7e41db9310873e59a9fbf7f4fe91d9482802-1","sellTxId":"a352470fe534c52595b074f971b9f21431a84746"}
{"index": {"_index":"sim","_id":"1419977"}}
	{"id":1419977,"type":"sell","buyer":"pi-trader","seller":"smooms","symbol":"SIM","quantity":"2704.000","price":"0.00170001","timestamp":1629908172,"volume":"4.59682704","buyTxId":"02770d386477adf9d84186eeea663893bd82c1d9-1","sellTxId":"d4d66fc6440e296bea72808c601f3a258a7a170c"}
{"index": {"_index":"sim","_id":"1420007"}}
	{"id":1420007,"type":"sell","buyer":"pi-trader","seller":"snackaholic","symbol":"SIM","quantity":"243.000","price":"0.00170001","timestamp":1629908679,"volume":"0.41310243","buyTxId":"5b82129c167cccdd59a5f775bcb54b0281dd876c-1","sellTxId":"6631ca3fa46e6f2606378a1ee7c13c6fc709fa47"}
{"index": {"_index":"sim","_id":"1420144"}}
	{"id":1420144,"type":"sell","buyer":"pi-trader","seller":"jjprac","symbol":"SIM","quantity":"56.686","price":"0.00170001","timestamp":1629909675,"volume":"0.09636677","buyTxId":"593b14ac4a9ab7783c03c8bb5eaa50725eb9e512-1","sellTxId":"fe2a1dd9b80063f8d912a965da871142f9990dac"}
{"index": {"_index":"sim","_id":"1420367"}}
	{"id":1420367,"type":"sell","buyer":"pi-trader","seller":"scriptioner","symbol":"SIM","quantity":"3908.225","price":"0.00170001","timestamp":1629911937,"volume":"6.64402158","buyTxId":"510bc7522820b60d452f82e411263cb12043c114-1","sellTxId":"db12eb6a5a2cb0a475cd1734b650dbf797cec23e"}
{"index": {"_index":"sim","_id":"1420609"}}
	{"id":1420609,"type":"sell","buyer":"pi-trader","seller":"megalithic","symbol":"SIM","quantity":"15000.000","price":"0.00173001","timestamp":1629915111,"volume":"25.95015000","buyTxId":"a13ed1212a296ac58fbfde400c174150f25ff886-1","sellTxId":"b5431c13548e567ae2f83ae45277345e9bdfc8c4"}
{"index": {"_index":"sim","_id":"1420610"}}
	{"id":1420610,"type":"sell","buyer":"d-pend","seller":"megalithic","symbol":"SIM","quantity":"12854.000","price":"0.00173000","timestamp":1629915111,"volume":"22.23742000","buyTxId":"7ed304005bc6baa9327cfe275ed49527a17f6349","sellTxId":"b5431c13548e567ae2f83ae45277345e9bdfc8c4"}
{"index": {"_index":"sim","_id":"1420625"}}
	{"id":1420625,"type":"sell","buyer":"pi-trader","seller":"bitcoinflood","symbol":"SIM","quantity":"3662.939","price":"0.00173001","timestamp":1629915267,"volume":"6.33692110","buyTxId":"da4875e5227cfa0391bdbc2eca25d5a15fdc2ad8","sellTxId":"37e33eede038eadbca048e1e58caa676f67e262b"}
{"index": {"_index":"sim","_id":"1420626"}}
	{"id":1420626,"type":"buy","buyer":"d-pend","seller":"nftmart.fees","symbol":"SIM","quantity":"90.000","price":"0.00177998","timestamp":1629915270,"volume":"0.16019820","buyTxId":"0d4723407b7a3915c8fbbf3c9b6f69ddb063f5d7","sellTxId":"51e6a4195fc18fe814b934bab3ea2fdea5978711-0"}
{"index": {"_index":"sim","_id":"1420627"}}
	{"id":1420627,"type":"buy","buyer":"d-pend","seller":"joshh71390","symbol":"SIM","quantity":"1000.000","price":"0.00178000","timestamp":1629915270,"volume":"1.78000000","buyTxId":"0d4723407b7a3915c8fbbf3c9b6f69ddb063f5d7","sellTxId":"6eae04a4cee4b18392731f1faa65b1da9f7c29e4"}
{"index": {"_index":"sim","_id":"1420628"}}
	{"id":1420628,"type":"buy","buyer":"d-pend","seller":"joshh71390","symbol":"SIM","quantity":"10000.000","price":"0.00180000","timestamp":1629915270,"volume":"18.00000000","buyTxId":"0d4723407b7a3915c8fbbf3c9b6f69ddb063f5d7","sellTxId":"c21d8f875736a6831e50a3da20bc177673dd7e19"}
{"index": {"_index":"sim","_id":"1420629"}}
	{"id":1420629,"type":"buy","buyer":"d-pend","seller":"medaymane","symbol":"SIM","quantity":"114.000","price":"0.00182800","timestamp":1629915270,"volume":"0.20839200","buyTxId":"0d4723407b7a3915c8fbbf3c9b6f69ddb063f5d7","sellTxId":"bb7faa08ee9b470fd242f12540f25caf3c5b4abb"}
{"index": {"_index":"sim","_id":"1420630"}}
	{"id":1420630,"type":"buy","buyer":"d-pend","seller":"solovey6o2","symbol":"SIM","quantity":"8796.000","price":"0.00182999","timestamp":1629915270,"volume":"16.09659204","buyTxId":"0d4723407b7a3915c8fbbf3c9b6f69ddb063f5d7","sellTxId":"53c83693a032d77f1b73d333587eb8a71f7c50d5"}
{"index": {"_index":"sim","_id":"1420653"}}
	{"id":1420653,"type":"sell","buyer":"solovey6o2","seller":"innyc","symbol":"SIM","quantity":"475.000","price":"0.00174001","timestamp":1629915468,"volume":"0.82650475","buyTxId":"f92e60c8eb77bd77e0072f8e636f621576d2fe25","sellTxId":"713883bfaae5432ac86126453dd35ab3914e504b"}
{"index": {"_index":"sim","_id":"1420665"}}
	{"id":1420665,"type":"sell","buyer":"solovey6o2","seller":"adamada","symbol":"SIM","quantity":"494.316","price":"0.00174001","timestamp":1629915516,"volume":"0.86011478","buyTxId":"f92e60c8eb77bd77e0072f8e636f621576d2fe25","sellTxId":"70a96b8429dd39084a135e31764d3b3d29404bab"}
{"index": {"_index":"sim","_id":"1420668"}}
	{"id":1420668,"type":"buy","buyer":"d-pend","seller":"solovey6o2","symbol":"SIM","quantity":"489563.820","price":"0.00182999","timestamp":1629915558,"volume":"895.89689496","buyTxId":"c1ccaebf332a28d01bf45ae9861d7fc7bea4a8b5","sellTxId":"53c83693a032d77f1b73d333587eb8a71f7c50d5"}
{"index": {"_index":"sim","_id":"1420669"}}
	{"id":1420669,"type":"buy","buyer":"d-pend","seller":"picciridda2","symbol":"SIM","quantity":"1210.682","price":"0.00183000","timestamp":1629915558,"volume":"2.21554806","buyTxId":"c1ccaebf332a28d01bf45ae9861d7fc7bea4a8b5","sellTxId":"ed679d6a2b867795dd075f53ae65149d51307df7"}
{"index": {"_index":"sim","_id":"1420670"}}
	{"id":1420670,"type":"buy","buyer":"d-pend","seller":"ardrow","symbol":"SIM","quantity":"9225.498","price":"0.00183000","timestamp":1629915558,"volume":"16.88266134","buyTxId":"c1ccaebf332a28d01bf45ae9861d7fc7bea4a8b5","sellTxId":"5323b8a3a0995064f1be94efaae72d9164d3b806"}
{"index": {"_index":"sim","_id":"1420676"}}
	{"id":1420676,"type":"sell","buyer":"solovey6o2","seller":"epilatero","symbol":"SIM","quantity":"1294","price":"0.00174001","timestamp":1629915642,"volume":"2.25157294","buyTxId":"f92e60c8eb77bd77e0072f8e636f621576d2fe25","sellTxId":"f26cd13974cce7a47ab17cde35ad337693318456"}
{"index": {"_index":"sim","_id":"1420716"}}
	{"id":1420716,"type":"sell","buyer":"solovey6o2","seller":"kaeves4711","symbol":"SIM","quantity":"12274.000","price":"0.00174001","timestamp":1629916155,"volume":"21.35688274","buyTxId":"f92e60c8eb77bd77e0072f8e636f621576d2fe25","sellTxId":"ae9dcc07006fa7bbe55332db11986791936e9a69"}
{"index": {"_index":"sim","_id":"1420719"}}
	{"id":1420719,"type":"sell","buyer":"solovey6o2","seller":"dwinblood","symbol":"SIM","quantity":"0.024","price":"0.00174001","timestamp":1629916176,"volume":"0.00004176","buyTxId":"f92e60c8eb77bd77e0072f8e636f621576d2fe25","sellTxId":"31f26a60c8d1bbee5e449eb5c3e321beb951edb6"}
{"index": {"_index":"sim","_id":"1420729"}}
	{"id":1420729,"type":"sell","buyer":"solovey6o2","seller":"peerfinance","symbol":"SIM","quantity":"817.244","price":"0.00174001","timestamp":1629916371,"volume":"1.42201273","buyTxId":"f92e60c8eb77bd77e0072f8e636f621576d2fe25","sellTxId":"a8c82538b4577520c8ac120178bc95e98fbc9fae"}
{"index": {"_index":"sim","_id":"1420746"}}
	{"id":1420746,"type":"sell","buyer":"solovey6o2","seller":"florian-glechner","symbol":"SIM","quantity":"49.000","price":"0.00174001","timestamp":1629916482,"volume":"0.08526049","buyTxId":"f92e60c8eb77bd77e0072f8e636f621576d2fe25","sellTxId":"1c526e36244a9255d30c4c328bbde49f1c68f703"}
{"index": {"_index":"sim","_id":"1420768"}}
	{"id":1420768,"type":"sell","buyer":"solovey6o2","seller":"ctrlyse","symbol":"SIM","quantity":"153.000","price":"0.00174001","timestamp":1629916659,"volume":"0.26622153","buyTxId":"f92e60c8eb77bd77e0072f8e636f621576d2fe25","sellTxId":"e5b7d61a123dc3ecc2a9ed81ec0b8b90a9eb2b08"}
{"index": {"_index":"sim","_id":"1420775"}}
	{"id":1420775,"type":"sell","buyer":"solovey6o2","seller":"monsterjamgold","symbol":"SIM","quantity":"1534.000","price":"0.00174001","timestamp":1629916722,"volume":"2.66917534","buyTxId":"f92e60c8eb77bd77e0072f8e636f621576d2fe25","sellTxId":"a5f63b55ba0744a452f5d014f9595424489f009a"}
{"index": {"_index":"sim","_id":"1420776"}}
	{"id":1420776,"type":"sell","buyer":"solovey6o2","seller":"frugal-fun","symbol":"SIM","quantity":"14334.416","price":"0.00174001","timestamp":1629916746,"volume":"24.94202718","buyTxId":"f92e60c8eb77bd77e0072f8e636f621576d2fe25","sellTxId":"344118d0eac693d75fd403758993cb66886b4e36"}
{"index": {"_index":"sim","_id":"1420777"}}
	{"id":1420777,"type":"sell","buyer":"solovey6o2","seller":"frugal-fun","symbol":"SIM","quantity":"3808.266","price":"0.00174001","timestamp":1629916746,"volume":"6.62642092","buyTxId":"14fb4dea94a8afc65a9a002985d40eae1ac46842","sellTxId":"344118d0eac693d75fd403758993cb66886b4e36"}
{"index": {"_index":"sim","_id":"1420808"}}
	{"id":1420808,"type":"sell","buyer":"solovey6o2","seller":"dhedge-drips","symbol":"SIM","quantity":"0.005","price":"0.00174001","timestamp":1629917136,"volume":"0.00000870","buyTxId":"14fb4dea94a8afc65a9a002985d40eae1ac46842","sellTxId":"75ef1d1fb8348db7998daf96151b392e15e98577"}
{"index": {"_index":"sim","_id":"1420832"}}
	{"id":1420832,"type":"sell","buyer":"solovey6o2","seller":"gamsam","symbol":"SIM","quantity":"25393","price":"0.00174001","timestamp":1629917253,"volume":"44.18407393","buyTxId":"14fb4dea94a8afc65a9a002985d40eae1ac46842","sellTxId":"0e4cdada7b83db5a6f35103a5c3cc172c8df7465"}
{"index": {"_index":"sim","_id":"1420858"}}
	{"id":1420858,"type":"sell","buyer":"solovey6o2","seller":"jjb777","symbol":"SIM","quantity":"464197.398","price":"0.00174001","timestamp":1629917517,"volume":"807.70811449","buyTxId":"14fb4dea94a8afc65a9a002985d40eae1ac46842","sellTxId":"1aa61f6ac51f3340ff13da2d1c356fe79a0ecc38"}
{"index": {"_index":"sim","_id":"1420859"}}
	{"id":1420859,"type":"sell","buyer":"solovey6o2","seller":"jjb777","symbol":"SIM","quantity":"59933.593","price":"0.00174001","timestamp":1629917517,"volume":"104.28505116","buyTxId":"6bff48235d4db169e9f76ac0237c6983f9edf6b9","sellTxId":"1aa61f6ac51f3340ff13da2d1c356fe79a0ecc38"}
{"index": {"_index":"sim","_id":"1420860"}}
	{"id":1420860,"type":"sell","buyer":"d-pend","seller":"jjb777","symbol":"SIM","quantity":"50000.000","price":"0.00174000","timestamp":1629917517,"volume":"87.00000000","buyTxId":"c9163c4a54784d1b21ba27d258d0296c36300c94","sellTxId":"1aa61f6ac51f3340ff13da2d1c356fe79a0ecc38"}
{"index": {"_index":"sim","_id":"1420861"}}
	{"id":1420861,"type":"sell","buyer":"d-pend","seller":"jjb777","symbol":"SIM","quantity":"25869.009","price":"0.00173000","timestamp":1629917517,"volume":"44.75338557","buyTxId":"7ed304005bc6baa9327cfe275ed49527a17f6349","sellTxId":"1aa61f6ac51f3340ff13da2d1c356fe79a0ecc38"}
{"index": {"_index":"sim","_id":"1420875"}}
	{"id":1420875,"type":"sell","buyer":"pi-trader","seller":"jjb777","symbol":"SIM","quantity":"15000.000","price":"0.00173001","timestamp":1629917697,"volume":"25.95015000","buyTxId":"c3c14c8dbf0d4baad091c7e645c1a2d2277a96d8","sellTxId":"6ba8b6334117e80a32bca1c796cdab9b046c73fa"}
{"index": {"_index":"sim","_id":"1420876"}}
	{"id":1420876,"type":"sell","buyer":"d-pend","seller":"jjb777","symbol":"SIM","quantity":"61276.991","price":"0.00173000","timestamp":1629917697,"volume":"106.00919443","buyTxId":"7ed304005bc6baa9327cfe275ed49527a17f6349","sellTxId":"6ba8b6334117e80a32bca1c796cdab9b046c73fa"}
{"index": {"_index":"sim","_id":"1420877"}}
	{"id":1420877,"type":"sell","buyer":"joshh71390","seller":"jjb777","symbol":"SIM","quantity":"1250.000","price":"0.00172000","timestamp":1629917697,"volume":"2.15000000","buyTxId":"0338587d15a6f1f01fff74e16b49f4a59ee667b0","sellTxId":"6ba8b6334117e80a32bca1c796cdab9b046c73fa"}
{"index": {"_index":"sim","_id":"1420878"}}
	{"id":1420878,"type":"sell","buyer":"master-lamps","seller":"jjb777","symbol":"SIM","quantity":"4341.300","price":"0.00170002","timestamp":1629917697,"volume":"7.38029683","buyTxId":"2877f41ba4086a7d3b71bb57334e06282f00a663","sellTxId":"6ba8b6334117e80a32bca1c796cdab9b046c73fa"}
{"index": {"_index":"sim","_id":"1420879"}}
	{"id":1420879,"type":"sell","buyer":"sbi-tokens","seller":"jjb777","symbol":"SIM","quantity":"102941.000","price":"0.00170000","timestamp":1629917697,"volume":"174.99970000","buyTxId":"1e979d19827796c0b7d759692ddc90a0036b8930","sellTxId":"6ba8b6334117e80a32bca1c796cdab9b046c73fa"}
{"index": {"_index":"sim","_id":"1420880"}}
	{"id":1420880,"type":"sell","buyer":"mastergerund","seller":"jjb777","symbol":"SIM","quantity":"18507.265","price":"0.00169000","timestamp":1629917697,"volume":"31.27727785","buyTxId":"561883da7e8c37c53d678f84c94496ab82e7aa51","sellTxId":"6ba8b6334117e80a32bca1c796cdab9b046c73fa"}
{"index": {"_index":"sim","_id":"1420885"}}
	{"id":1420885,"type":"sell","buyer":"pi-trader","seller":"steem.services","symbol":"SIM","quantity":"15000.000","price":"0.00169001","timestamp":1629917796,"volume":"25.35015000","buyTxId":"507002c87898f087d8c160ca7e608f311bb6217c","sellTxId":"43cdc87ac3c746efe2630339e6957e97f365dfca"}
{"index": {"_index":"sim","_id":"1420886"}}
	{"id":1420886,"type":"sell","buyer":"mastergerund","seller":"steem.services","symbol":"SIM","quantity":"22918.735","price":"0.00169000","timestamp":1629917796,"volume":"38.73266215","buyTxId":"561883da7e8c37c53d678f84c94496ab82e7aa51","sellTxId":"43cdc87ac3c746efe2630339e6957e97f365dfca"}
{"index": {"_index":"sim","_id":"1420887"}}
	{"id":1420887,"type":"sell","buyer":"gerber","seller":"steem.services","symbol":"SIM","quantity":"66456.494","price":"0.00168005","timestamp":1629917796,"volume":"111.65023274","buyTxId":"83438c108421c6681a6bdbf193c6f7bb6a81e1f9","sellTxId":"43cdc87ac3c746efe2630339e6957e97f365dfca"}
{"index": {"_index":"sim","_id":"1420888"}}
	{"id":1420888,"type":"sell","buyer":"he-index","seller":"steem.services","symbol":"SIM","quantity":"588.078","price":"0.00168005","timestamp":1629917796,"volume":"0.98800044","buyTxId":"537898325c23f1ce8926a0f0a64b9c743d69fa77","sellTxId":"43cdc87ac3c746efe2630339e6957e97f365dfca"}
{"index": {"_index":"sim","_id":"1420889"}}
	{"id":1420889,"type":"sell","buyer":"enginemaker","seller":"steem.services","symbol":"SIM","quantity":"14880.952","price":"0.00168000","timestamp":1629917796,"volume":"24.99999936","buyTxId":"MM-P-9865199-56848603-3-2-0","sellTxId":"43cdc87ac3c746efe2630339e6957e97f365dfca"}
{"index": {"_index":"sim","_id":"1420890"}}
	{"id":1420890,"type":"sell","buyer":"d-pend","seller":"steem.services","symbol":"SIM","quantity":"4550.741","price":"0.00167000","timestamp":1629917796,"volume":"7.59973747","buyTxId":"2c682917ca95366d25982c144578217a62eaca07","sellTxId":"43cdc87ac3c746efe2630339e6957e97f365dfca"}
{"index": {"_index":"sim","_id":"1420909"}}
	{"id":1420909,"type":"sell","buyer":"pi-trader","seller":"thahodler","symbol":"SIM","quantity":"2000.000","price":"0.00167001","timestamp":1629918027,"volume":"3.34002000","buyTxId":"1a94e1aed98515cafb2eb88b483366115e48b32e","sellTxId":"7086ff48a2efb0205804ef96d0fd37c3c1a6632e"}
{"index": {"_index":"sim","_id":"1420933"}}
	{"id":1420933,"type":"sell","buyer":"pi-trader","seller":"bitcoinflood","symbol":"SIM","quantity":"1937.000","price":"0.00167001","timestamp":1629918243,"volume":"3.23480937","buyTxId":"ab4186c691e4a42f0cd314d36e26974ca1259a5c-1","sellTxId":"64c6dca016e12116523c69cac9242c4ebb4c009b"}
{"index": {"_index":"sim","_id":"1420980"}}
	{"id":1420980,"type":"buy","buyer":"konvik","seller":"looftee","symbol":"SIM","quantity":"11672.000","price":"0.00176000","timestamp":1629918561,"volume":"20.54272000","buyTxId":"57cdbc628f7e35a0b0bb7242d9fa303598854e54-0","sellTxId":"a0660f8779d8094d1fdd1fa7ff89189a27ccdc7c"}
{"index": {"_index":"sim","_id":"1420981"}}
	{"id":1420981,"type":"sell","buyer":"pi-trader","seller":"willsaldeno","symbol":"SIM","quantity":"4443.000","price":"0.00167001","timestamp":1629918564,"volume":"7.41985443","buyTxId":"3f24884539b90a055c4102c1dacfca55fb985de2-1","sellTxId":"04e6fcf3431fb4db56e0427a347375f4dc88b7df"}
{"index": {"_index":"sim","_id":"1420982"}}
	{"id":1420982,"type":"buy","buyer":"senstless","seller":"nftmart.fees","symbol":"SIM","quantity":"139.000","price":"0.00178999","timestamp":1629918567,"volume":"0.24880861","buyTxId":"d840ba13d03aeadb7204112fe4595a3d27e8dbef","sellTxId":"e16b83a9c91a6542f442b4829af9dc1148c21982-0"}
{"index": {"_index":"sim","_id":"1420983"}}
	{"id":1420983,"type":"buy","buyer":"senstless","seller":"enginemaker","symbol":"SIM","quantity":"14880.952","price":"0.00179000","timestamp":1629918567,"volume":"26.63690408","buyTxId":"d840ba13d03aeadb7204112fe4595a3d27e8dbef","sellTxId":"MM-P-9865897-56849301-3-2-1"}
{"index": {"_index":"sim","_id":"1420984"}}
	{"id":1420984,"type":"sell","buyer":"senstless","seller":"konvik","symbol":"SIM","quantity":"7972.147","price":"0.00179000","timestamp":1629918570,"volume":"14.27014313","buyTxId":"d840ba13d03aeadb7204112fe4595a3d27e8dbef","sellTxId":"5b1b61c690831a17c92f1374b73a28d23f7cb70e-1"}
{"index": {"_index":"sim","_id":"1421000"}}
	{"id":1421000,"type":"sell","buyer":"senstless","seller":"jrcornel","symbol":"SIM","quantity":"7.901","price":"0.00179000","timestamp":1629918786,"volume":"0.01414279","buyTxId":"d840ba13d03aeadb7204112fe4595a3d27e8dbef","sellTxId":"e66a1348fc112b1e1177fb0760ab8a6d5c5741ba"}
{"index": {"_index":"sim","_id":"1421001"}}
	{"id":1421001,"type":"sell","buyer":"d-pend","seller":"jrcornel","symbol":"SIM","quantity":"76939.099","price":"0.00167000","timestamp":1629918786,"volume":"128.48829533","buyTxId":"2c682917ca95366d25982c144578217a62eaca07","sellTxId":"e66a1348fc112b1e1177fb0760ab8a6d5c5741ba"}
{"index": {"_index":"sim","_id":"1421011"}}
	{"id":1421011,"type":"sell","buyer":"pi-trader","seller":"tonytrillions","symbol":"SIM","quantity":"0.076","price":"0.00167001","timestamp":1629918849,"volume":"0.00012692","buyTxId":"ff03bea170b8da6b1512b8d38fe8ff8367899d38","sellTxId":"69e5c7fe2f24be52aed3ef42e47c9c84eb75d0e5"}
{"index": {"_index":"sim","_id":"1421040"}}
	{"id":1421040,"type":"sell","buyer":"pi-trader","seller":"artistparthoroy","symbol":"SIM","quantity":"1612.000","price":"0.00167001","timestamp":1629919170,"volume":"2.69205612","buyTxId":"c8b4fd02d73775349bbc1c658ebf9ba5735b9728-1","sellTxId":"a676164671c0d0581147e3232325166a08a12efe"}
{"index": {"_index":"sim","_id":"1421063"}}
	{"id":1421063,"type":"buy","buyer":"onealfa","seller":"nftmart.fees","symbol":"SIM","quantity":"141.000","price":"0.00179997","timestamp":1629919437,"volume":"0.25379577","buyTxId":"9bcc1c530236c7888a4d1ce2adf8f1d3dc9789ae","sellTxId":"f2cf6e0c319d03cf50c224f45eee11c40dd473e4-0"}
{"index": {"_index":"sim","_id":"1421064"}}
	{"id":1421064,"type":"buy","buyer":"onealfa","seller":"master-lamps","symbol":"SIM","quantity":"2011.802","price":"0.00179998","timestamp":1629919437,"volume":"3.62120423","buyTxId":"9bcc1c530236c7888a4d1ce2adf8f1d3dc9789ae","sellTxId":"f8447bf8af40be407ad6f98e0b41bfd9cf99999f"}
{"index": {"_index":"sim","_id":"1421115"}}
	{"id":1421115,"type":"sell","buyer":"joshh71390","seller":"tomathomas0","symbol":"SIM","quantity":"789.000","price":"0.00174000","timestamp":1629920049,"volume":"1.37286000","buyTxId":"9c504d50ac5c8017aa20db646a90680d8a70899f","sellTxId":"2f05f85e9fe67d590089051e053e0d9bb732ba69"}
{"index": {"_index":"sim","_id":"1421124"}}
	{"id":1421124,"type":"buy","buyer":"konvik","seller":"joshh71390","symbol":"SIM","quantity":"850.000","price":"0.00176000","timestamp":1629920196,"volume":"1.49600000","buyTxId":"ba6edd4e1a0de6f9178fbb0ac1791bc2ab21410d-0","sellTxId":"739997763b7bae181ad1de9237f454361b599dfc"}
{"index": {"_index":"sim","_id":"1421125"}}
	{"id":1421125,"type":"buy","buyer":"konvik","seller":"mary.janikowski","symbol":"SIM","quantity":"34231.350","price":"0.00176000","timestamp":1629920196,"volume":"60.24717600","buyTxId":"ba6edd4e1a0de6f9178fbb0ac1791bc2ab21410d-0","sellTxId":"227ab881064463ab483cc447f050b4c538b49638"}
{"index": {"_index":"sim","_id":"1421222"}}
	{"id":1421222,"type":"sell","buyer":"master-lamps","seller":"boycharliefamily","symbol":"SIM","quantity":"2358.970","price":"0.00174001","timestamp":1629921360,"volume":"4.10463139","buyTxId":"34668ae9c07a2b8aa1e90022ede211a6e2de19c9","sellTxId":"8fdd451a026ab8d18d4847e535ff37d6d7b48972"}
{"index": {"_index":"sim","_id":"1421223"}}
	{"id":1421223,"type":"buy","buyer":"konvik","seller":"boycharliefamily","symbol":"SIM","quantity":"14304.667","price":"0.00174001","timestamp":1629921363,"volume":"24.89026363","buyTxId":"bd53c177ff65c905129f16e8def9d76fa25246b7-0","sellTxId":"8fdd451a026ab8d18d4847e535ff37d6d7b48972"}
{"index": {"_index":"sim","_id":"1421253"}}
	{"id":1421253,"type":"buy","buyer":"egistar","seller":"nftmart.fees","symbol":"SIM","quantity":"110.000","price":"0.00175998","timestamp":1629921795,"volume":"0.19359780","buyTxId":"db4baba7f3263d4a3c104231c5362fdb59fd2c27","sellTxId":"816e522ef8b29afa41e733428a7059ec19682fc0-0"}
{"index": {"_index":"sim","_id":"1421254"}}
	{"id":1421254,"type":"buy","buyer":"egistar","seller":"mary.janikowski","symbol":"SIM","quantity":"849.650","price":"0.00176000","timestamp":1629921795,"volume":"1.49538400","buyTxId":"db4baba7f3263d4a3c104231c5362fdb59fd2c27","sellTxId":"227ab881064463ab483cc447f050b4c538b49638"}
{"index": {"_index":"sim","_id":"1421255"}}
	{"id":1421255,"type":"buy","buyer":"egistar","seller":"joshh71390","symbol":"SIM","quantity":"850.000","price":"0.00178000","timestamp":1629921795,"volume":"1.51300000","buyTxId":"db4baba7f3263d4a3c104231c5362fdb59fd2c27","sellTxId":"8cc7ec8624a11aa36e9ef5e88be07715d9a3584a"}
{"index": {"_index":"sim","_id":"1421256"}}
	{"id":1421256,"type":"buy","buyer":"egistar","seller":"master-lamps","symbol":"SIM","quantity":"93.344","price":"0.00179998","timestamp":1629921795,"volume":"0.16801820","buyTxId":"db4baba7f3263d4a3c104231c5362fdb59fd2c27","sellTxId":"f8447bf8af40be407ad6f98e0b41bfd9cf99999f"}
{"index": {"_index":"sim","_id":"1421297"}}
	{"id":1421297,"type":"sell","buyer":"master-lamps","seller":"simplegame","symbol":"SIM","quantity":"32.728","price":"0.00174001","timestamp":1629922602,"volume":"0.05694705","buyTxId":"585f0c15c030f20c7b23a9339ea8861f62d42a1b","sellTxId":"79c3e9f61d9f0bfd6bac3702ead712e03acaee97"}
{"index": {"_index":"sim","_id":"1421345"}}
	{"id":1421345,"type":"sell","buyer":"master-lamps","seller":"manoldonchev","symbol":"SIM","quantity":"63.869","price":"0.00174001","timestamp":1629923601,"volume":"0.11113270","buyTxId":"585f0c15c030f20c7b23a9339ea8861f62d42a1b","sellTxId":"07860d57f7cebb71567647c7ceaee70a7c975273"}
{"index": {"_index":"sim","_id":"1421346"}}
	{"id":1421346,"type":"sell","buyer":"joshh71390","seller":"manoldonchev","symbol":"SIM","quantity":"461.000","price":"0.00174000","timestamp":1629923601,"volume":"0.80214000","buyTxId":"9c504d50ac5c8017aa20db646a90680d8a70899f","sellTxId":"07860d57f7cebb71567647c7ceaee70a7c975273"}
{"index": {"_index":"sim","_id":"1421347"}}
	{"id":1421347,"type":"sell","buyer":"joshh71390","seller":"manoldonchev","symbol":"SIM","quantity":"1250.000","price":"0.00173000","timestamp":1629923601,"volume":"2.16250000","buyTxId":"d6a41665aba799fd08e619f531fab4ce192496ad","sellTxId":"07860d57f7cebb71567647c7ceaee70a7c975273"}
{"index": {"_index":"sim","_id":"1421348"}}
	{"id":1421348,"type":"sell","buyer":"joshh71390","seller":"manoldonchev","symbol":"SIM","quantity":"1250.000","price":"0.00172000","timestamp":1629923601,"volume":"2.15000000","buyTxId":"04f563b2f077b21f5bb74642a94795b52b2f05e3","sellTxId":"07860d57f7cebb71567647c7ceaee70a7c975273"}
{"index": {"_index":"sim","_id":"1421349"}}
	{"id":1421349,"type":"sell","buyer":"joshh71390","seller":"manoldonchev","symbol":"SIM","quantity":"1250.000","price":"0.00171500","timestamp":1629923601,"volume":"2.14375000","buyTxId":"911f743a7a1a0ab3a57ce7907c680b3fae6d6ed0","sellTxId":"07860d57f7cebb71567647c7ceaee70a7c975273"}
{"index": {"_index":"sim","_id":"1421409"}}
	{"id":1421409,"type":"sell","buyer":"pi-trader","seller":"m2nnari","symbol":"SIM","quantity":"1730.000","price":"0.00170221","timestamp":1629924426,"volume":"2.94482330","buyTxId":"f4f53cca54fb016da2396f22ecc535a8544c4348","sellTxId":"25768cdf858bc40ec57f26e458b6a92db8b5dcc1"}
{"index": {"_index":"sim","_id":"1421440"}}
	{"id":1421440,"type":"sell","buyer":"pi-trader","seller":"deathwing","symbol":"SIM","quantity":"1117","price":"0.00170221","timestamp":1629924906,"volume":"1.90136857","buyTxId":"0af755332d68734df5516aec1023ce08ed9e1305-1","sellTxId":"83d292569c6a9428fbfc09c9971b043df7e681ac-0"}
{"index": {"_index":"sim","_id":"1421473"}}
	{"id":1421473,"type":"sell","buyer":"pi-trader","seller":"flauwy","symbol":"SIM","quantity":"8029.000","price":"0.00170221","timestamp":1629925035,"volume":"13.66704409","buyTxId":"4b1d5fd5daa0aa3bbfed42b8a9c67660b978901a-1","sellTxId":"36142caeed44b107a4652005b2a6c5de932f8f62"}
{"index": {"_index":"sim","_id":"1421525"}}
	{"id":1421525,"type":"sell","buyer":"pi-trader","seller":"eythorphoto","symbol":"SIM","quantity":"15000.000","price":"0.00170221","timestamp":1629925998,"volume":"25.53315000","buyTxId":"d7bd7354fc4f7155b3ca312dd450c5f2b7c7a53e-1","sellTxId":"1b3f833c5ef37b542262cb71321e3e101f7a3461"}
{"index": {"_index":"sim","_id":"1421526"}}
	{"id":1421526,"type":"sell","buyer":"pi-trader","seller":"eythorphoto","symbol":"SIM","quantity":"15000.000","price":"0.00170221","timestamp":1629926046,"volume":"25.53315000","buyTxId":"c70d5bf073e59a54edad21dc0ba330962e8eac15","sellTxId":"0e795f2143b7bee155d079e7cdd3e302d7a2db2c"}
{"index": {"_index":"sim","_id":"1421527"}}
	{"id":1421527,"type":"sell","buyer":"joshh71390","seller":"eythorphoto","symbol":"SIM","quantity":"824.000","price":"0.00170220","timestamp":1629926046,"volume":"1.40261280","buyTxId":"64390a8d25f64a5c4d6196c5b6c27e54419f152e","sellTxId":"0e795f2143b7bee155d079e7cdd3e302d7a2db2c"}
{"index": {"_index":"sim","_id":"1421528"}}
	{"id":1421528,"type":"sell","buyer":"joshh71390","seller":"eythorphoto","symbol":"SIM","quantity":"1250.000","price":"0.00170000","timestamp":1629926046,"volume":"2.12500000","buyTxId":"939f0542802b3e341c737103ae5a410f8e8ab061","sellTxId":"0e795f2143b7bee155d079e7cdd3e302d7a2db2c"}
{"index": {"_index":"sim","_id":"1421529"}}
	{"id":1421529,"type":"sell","buyer":"joshh71390","seller":"eythorphoto","symbol":"SIM","quantity":"1250.000","price":"0.00168000","timestamp":1629926046,"volume":"2.10000000","buyTxId":"efa298b54e585e8cabef99d9a15b58799b7f4d28","sellTxId":"0e795f2143b7bee155d079e7cdd3e302d7a2db2c"}
{"index": {"_index":"sim","_id":"1421530"}}
	{"id":1421530,"type":"sell","buyer":"gerber","seller":"eythorphoto","symbol":"SIM","quantity":"11676.000","price":"0.00165000","timestamp":1629926046,"volume":"19.26540000","buyTxId":"e7e63f7fd4a70d4081e0ec371ce384b62416c900","sellTxId":"0e795f2143b7bee155d079e7cdd3e302d7a2db2c"}
{"index": {"_index":"sim","_id":"1421556"}}
	{"id":1421556,"type":"sell","buyer":"pi-trader","seller":"ayhamyou","symbol":"SIM","quantity":"9527.500","price":"0.00165001","timestamp":1629926424,"volume":"15.72047028","buyTxId":"c0fe0fd4a13344e5405596512dc58024ee59b279","sellTxId":"12e277cc883d5d20acb6ad7c67f1631cea8d9d85"}
{"index": {"_index":"sim","_id":"1421606"}}
	{"id":1421606,"type":"sell","buyer":"pi-trader","seller":"taitux","symbol":"SIM","quantity":"3845.000","price":"0.00165001","timestamp":1629926790,"volume":"6.34428845","buyTxId":"1ff2b70f0a966227959305b56a635f24b8c94217-1","sellTxId":"48be73375c5d74dca8acb6d52fac9d161bfb3e2f"}
{"index": {"_index":"sim","_id":"1421612"}}
	{"id":1421612,"type":"sell","buyer":"pi-trader","seller":"wolfninja","symbol":"SIM","quantity":"12.184","price":"0.00165001","timestamp":1629926844,"volume":"0.02010372","buyTxId":"743b087c7f9007e1babfecdec32a4e609cdeaec4-1","sellTxId":"cf527c040b6216b0cc24c6a0228c548b97ea82bd"}
{"index": {"_index":"sim","_id":"1421652"}}
	{"id":1421652,"type":"buy","buyer":"konvik","seller":"adamdabeast","symbol":"SIM","quantity":"5000.000","price":"0.00170897","timestamp":1629927417,"volume":"8.54485000","buyTxId":"6e34bf14c3787cd9c4bfc1ede96ad2fbbfae2e23-0","sellTxId":"25a823c4c52429617e1fdce3725cc3e87491bb7e"}
{"index": {"_index":"sim","_id":"1421662"}}
	{"id":1421662,"type":"buy","buyer":"konvik","seller":"dera123","symbol":"SIM","quantity":"24561.144","price":"0.00170000","timestamp":1629927453,"volume":"41.75394480","buyTxId":"58fb4d35f0c59d43db51389ca3278bb1534e5915-0","sellTxId":"72dc8137bfffa4597b7a9afb9173aab339b36dd0"}
{"index": {"_index":"sim","_id":"1421664"}}
	{"id":1421664,"type":"sell","buyer":"pi-trader","seller":"drew0","symbol":"SIM","quantity":"6434.779","price":"0.00165001","timestamp":1629927480,"volume":"10.61744970","buyTxId":"56c3d3a4c606ab607d1078cfcc9cc9286cf90588-1","sellTxId":"d0f6a18cf80d2aea9224729b6f524ae21a993bd1"}
{"index": {"_index":"sim","_id":"1421671"}}
	{"id":1421671,"type":"sell","buyer":"pi-trader","seller":"steemstreems","symbol":"SIM","quantity":"3055","price":"0.00165002","timestamp":1629927711,"volume":"5.04081110","buyTxId":"1fe5ee96e583dc127ae724ebb5110e88e51469d8-1","sellTxId":"a6305337f56de7c18a4d4fd9ec42648bb3e6bb49"}
{"index": {"_index":"sim","_id":"1421728"}}
	{"id":1421728,"type":"buy","buyer":"genet","seller":"nftmart.fees","symbol":"SIM","quantity":"99.000","price":"0.00170996","timestamp":1629928422,"volume":"0.16928604","buyTxId":"2fcbaba4345361327b1263898907d1513aa5c3f6-0","sellTxId":"d784e7f6c254868cbf6264fe679939d4051e9580-0"}
{"index": {"_index":"sim","_id":"1421730"}}
	{"id":1421730,"type":"buy","buyer":"genet","seller":"manoldonchev","symbol":"SIM","quantity":"344.131","price":"0.00171000","timestamp":1629928449,"volume":"0.58846401","buyTxId":"7b5de490f7c7d2c7ae05701c993308a369ee36c6-0","sellTxId":"07860d57f7cebb71567647c7ceaee70a7c975273"}
{"index": {"_index":"sim","_id":"1421741"}}
	{"id":1421741,"type":"sell","buyer":"pi-trader","seller":"resiliencia","symbol":"SIM","quantity":"537.847","price":"0.00165002","timestamp":1629928623,"volume":"0.88745831","buyTxId":"62cb5fdc8e7bc881514f824abf1a927082d17080-1","sellTxId":"0dfa9fd65ce0574757b76cf39d6c3a471c11aad2"}
{"index": {"_index":"sim","_id":"1421788"}}
	{"id":1421788,"type":"sell","buyer":"pi-trader","seller":"cryptictruth","symbol":"SIM","quantity":"8000.000","price":"0.00170001","timestamp":1629929415,"volume":"13.60008000","buyTxId":"b8c5460513a9adb7670c9a7483828e3a93b95448-1","sellTxId":"a645a3552107741f9cba2c17a153cc55731c8c88"}
{"index": {"_index":"sim","_id":"1421789"}}
	{"id":1421789,"type":"sell","buyer":"pi-trader","seller":"bigram13","symbol":"SIM","quantity":"15000.000","price":"0.00170001","timestamp":1629929439,"volume":"25.50015000","buyTxId":"df2c81f9ec11eaba9f665cba379b8ccac01b9943-1","sellTxId":"83e3f5b7a65c7e8b15ee68e13ce35f320e8ac52c"}
{"index": {"_index":"sim","_id":"1421790"}}
	{"id":1421790,"type":"sell","buyer":"dagger212","seller":"bigram13","symbol":"SIM","quantity":"8200.000","price":"0.00170000","timestamp":1629929439,"volume":"13.94000000","buyTxId":"c5aca0475baa9db80593be110acff7aafedf21cd","sellTxId":"83e3f5b7a65c7e8b15ee68e13ce35f320e8ac52c"}
{"index": {"_index":"sim","_id":"1421856"}}
	{"id":1421856,"type":"buy","buyer":"misuli","seller":"nftmart.fees","symbol":"SIM","quantity":"86.000","price":"0.00177999","timestamp":1629930249,"volume":"0.15307914","buyTxId":"97f82ee0341e055783e8f73e2c4c57143b50689d","sellTxId":"ec36a621f580545bd03b2eba4adf8a9734a4e8ad-0"}
{"index": {"_index":"sim","_id":"1421857"}}
	{"id":1421857,"type":"buy","buyer":"misuli","seller":"joshh71390","symbol":"SIM","quantity":"2004.000","price":"0.00178000","timestamp":1629930249,"volume":"3.56712000","buyTxId":"97f82ee0341e055783e8f73e2c4c57143b50689d","sellTxId":"7b61e1176004bec3ab725a76fec9edfcc8a9c309"}
{"index": {"_index":"sim","_id":"1421875"}}
	{"id":1421875,"type":"sell","buyer":"pi-trader","seller":"elevator09","symbol":"SIM","quantity":"5500.000","price":"0.00170001","timestamp":1629930510,"volume":"9.35005500","buyTxId":"5d889993428b0e01417dee0690016ba9a1de3447","sellTxId":"d4416b22cbc52dbc32e7a2ea0ed3a8625ad5f608"}
{"index": {"_index":"sim","_id":"1421882"}}
	{"id":1421882,"type":"buy","buyer":"misuli","seller":"joshh71390","symbol":"SIM","quantity":"1150.000","price":"0.00178000","timestamp":1629930528,"volume":"2.04700000","buyTxId":"6d5e9cec1b2ee3b1143eaf0406d3f466edef58a5","sellTxId":"7b61e1176004bec3ab725a76fec9edfcc8a9c309"}
{"index": {"_index":"sim","_id":"1421933"}}
	{"id":1421933,"type":"buy","buyer":"misuli","seller":"joshh71390","symbol":"SIM","quantity":"195.000","price":"0.00178000","timestamp":1629930930,"volume":"0.34710000","buyTxId":"24aef3dc9a0bdffbc731b052892752d22b427b8c","sellTxId":"7b61e1176004bec3ab725a76fec9edfcc8a9c309"}
{"index": {"_index":"sim","_id":"1421970"}}
	{"id":1421970,"type":"sell","buyer":"pi-trader","seller":"atongis","symbol":"SIM","quantity":"8.000","price":"0.00170001","timestamp":1629931782,"volume":"0.01360008","buyTxId":"d5a2777f50f7fb0edabfd225b5e6d5bafd13cad4-1","sellTxId":"23610ce7f3be1de103aa259df426391d1eb35d16"}
{"index": {"_index":"sim","_id":"1421984"}}
	{"id":1421984,"type":"buy","buyer":"misuli","seller":"nftmart.fees","symbol":"SIM","quantity":"88.000","price":"0.00177999","timestamp":1629932160,"volume":"0.15663912","buyTxId":"a5ddc93380717835734a127ff31396718894d536","sellTxId":"4d8677a19e31597dd15581aa1ee41e40e047ea92-0"}
{"index": {"_index":"sim","_id":"1421985"}}
	{"id":1421985,"type":"buy","buyer":"misuli","seller":"joshh71390","symbol":"SIM","quantity":"2651.000","price":"0.00178000","timestamp":1629932160,"volume":"4.71878000","buyTxId":"a5ddc93380717835734a127ff31396718894d536","sellTxId":"7b61e1176004bec3ab725a76fec9edfcc8a9c309"}
{"index": {"_index":"sim","_id":"1421986"}}
	{"id":1421986,"type":"sell","buyer":"misuli","seller":"konvik","symbol":"SIM","quantity":"14246.881","price":"0.00178000","timestamp":1629932163,"volume":"25.35944818","buyTxId":"a5ddc93380717835734a127ff31396718894d536","sellTxId":"af7e9f84fed1d204eb6ee764f5f04ad79ab5eae3-1"}
{"index": {"_index":"sim","_id":"1422047"}}
	{"id":1422047,"type":"sell","buyer":"misuli","seller":"solarpowers","symbol":"SIM","quantity":"14.119","price":"0.00178000","timestamp":1629933669,"volume":"0.02513182","buyTxId":"a5ddc93380717835734a127ff31396718894d536","sellTxId":"e8cc060b7100d0754cbdf735f7beadb16af618c5"}
{"index": {"_index":"sim","_id":"1422174"}}
	{"id":1422174,"type":"sell","buyer":"pi-trader","seller":"solarpowers","symbol":"SIM","quantity":"5788.881","price":"0.00170001","timestamp":1629936270,"volume":"9.84115559","buyTxId":"206fdffd2b30cbd612db2fda7e190e52a2a70faf","sellTxId":"9094a33545b66b3fd58b3f9428a523234ea30a07"}
{"index": {"_index":"sim","_id":"1422214"}}
	{"id":1422214,"type":"sell","buyer":"pi-trader","seller":"tsnaks","symbol":"SIM","quantity":"775.001","price":"0.00170001","timestamp":1629937200,"volume":"1.31750945","buyTxId":"a5f316f280b743129c32e36781d29360f45176ef-1","sellTxId":"1740fdc6876b87c2636a50e4870054df9f0983f8"}
{"index": {"_index":"sim","_id":"1422228"}}
	{"id":1422228,"type":"sell","buyer":"pi-trader","seller":"forykw","symbol":"SIM","quantity":"12656.665","price":"0.00170001","timestamp":1629937482,"volume":"21.51645707","buyTxId":"a2738e197f1c3210af40e6282a353a17450cf944-1","sellTxId":"d3c9dced62200af212f52095441bc2542de81dbc"}
{"index": {"_index":"sim","_id":"1422260"}}
	{"id":1422260,"type":"sell","buyer":"pi-trader","seller":"captaincryptic","symbol":"SIM","quantity":"2254.290","price":"0.00170001","timestamp":1629938010,"volume":"3.83231554","buyTxId":"7eda0097a9fa306a07e8699e636f45148b765dc4-1","sellTxId":"cb472501d9c67f0a50290f9faffc1e27761e1562"}
{"index": {"_index":"sim","_id":"1422292"}}
	{"id":1422292,"type":"sell","buyer":"pi-trader","seller":"dhedge-drips","symbol":"SIM","quantity":"2.467","price":"0.00170003","timestamp":1629938721,"volume":"0.00419397","buyTxId":"7411af3971f3c5ab9374cb439c56caf266a9e651-1","sellTxId":"37177982862179782a4a96f6a4a575b37b47ca19"}
{"index": {"_index":"sim","_id":"1422319"}}
	{"id":1422319,"type":"buy","buyer":"barrenwolfsbane","seller":"joshh71390","symbol":"SIM","quantity":"17.437","price":"0.00177800","timestamp":1629939069,"volume":"0.03100299","buyTxId":"998af4dd92ab6d9b915dcd1d1582fbe66b1b868c","sellTxId":"7d311ba0c96fd28a5566dd6405527db610263286"}
{"index": {"_index":"sim","_id":"1422344"}}
	{"id":1422344,"type":"sell","buyer":"pi-trader","seller":"badmusgreene","symbol":"SIM","quantity":"267.626","price":"0.00170001","timestamp":1629939657,"volume":"0.45496688","buyTxId":"908ccda793d22ea26a5e6cfacfb14f13f081482f-1","sellTxId":"9dd5573b5a9caffe4f96b4e4c67dd56f35668495"}
{"index": {"_index":"sim","_id":"1422436"}}
	{"id":1422436,"type":"sell","buyer":"pi-trader","seller":"dustindivitto","symbol":"SIM","quantity":"15000.000","price":"0.00170001","timestamp":1629941022,"volume":"25.50015000","buyTxId":"384e032dd6325fd40d749bc92f5a78f74ede6521-1","sellTxId":"e937f73efaadb3da2210d5b35636839c16d60f8f"}
{"index": {"_index":"sim","_id":"1422437"}}
	{"id":1422437,"type":"sell","buyer":"dagger212","seller":"dustindivitto","symbol":"SIM","quantity":"9447.000","price":"0.00170000","timestamp":1629941022,"volume":"16.05990000","buyTxId":"c5aca0475baa9db80593be110acff7aafedf21cd","sellTxId":"e937f73efaadb3da2210d5b35636839c16d60f8f"}
{"index": {"_index":"sim","_id":"1422438"}}
	{"id":1422438,"type":"sell","buyer":"he-index","seller":"dustindivitto","symbol":"SIM","quantity":"261.817","price":"0.00165001","timestamp":1629941022,"volume":"0.43200067","buyTxId":"167e18ba087fe91df00b282775c7bf20f5f42e46","sellTxId":"e937f73efaadb3da2210d5b35636839c16d60f8f"}
{"index": {"_index":"sim","_id":"1422439"}}
	{"id":1422439,"type":"sell","buyer":"gerber","seller":"dustindivitto","symbol":"SIM","quantity":"11324.000","price":"0.00165000","timestamp":1629941022,"volume":"18.68460000","buyTxId":"e7e63f7fd4a70d4081e0ec371ce384b62416c900","sellTxId":"e937f73efaadb3da2210d5b35636839c16d60f8f"}
{"index": {"_index":"sim","_id":"1422440"}}
	{"id":1422440,"type":"sell","buyer":"eirik","seller":"dustindivitto","symbol":"SIM","quantity":"1000.000","price":"0.00165000","timestamp":1629941022,"volume":"1.65000000","buyTxId":"2196715fbf87d668dd92ab0969536ac1c8f01f94","sellTxId":"e937f73efaadb3da2210d5b35636839c16d60f8f"}
{"index": {"_index":"sim","_id":"1422441"}}
	{"id":1422441,"type":"sell","buyer":"solovey6o2","seller":"dustindivitto","symbol":"SIM","quantity":"141409.764","price":"0.00162501","timestamp":1629941022,"volume":"229.79228060","buyTxId":"a5027f5ebfb4f37fb907feaaf0e8293bd4376bf8","sellTxId":"e937f73efaadb3da2210d5b35636839c16d60f8f"}
{"index": {"_index":"sim","_id":"1422442"}}
	{"id":1422442,"type":"sell","buyer":"solovey6o2","seller":"dustindivitto","symbol":"SIM","quantity":"6019.913","price":"0.00162501","timestamp":1629941022,"volume":"9.78241882","buyTxId":"a3a0c72a19ca598e6056a24f427a2dad9cec9411","sellTxId":"e937f73efaadb3da2210d5b35636839c16d60f8f"}
{"index": {"_index":"sim","_id":"1422443"}}
	{"id":1422443,"type":"sell","buyer":"solovey6o2","seller":"dustindivitto","symbol":"SIM","quantity":"19454.843","price":"0.00162501","timestamp":1629941022,"volume":"31.61431442","buyTxId":"20c2c17a1d6e7256f77f1ebb94e630f6992cdf7b","sellTxId":"e937f73efaadb3da2210d5b35636839c16d60f8f"}
{"index": {"_index":"sim","_id":"1422444"}}
	{"id":1422444,"type":"sell","buyer":"jelly-cz","seller":"dustindivitto","symbol":"SIM","quantity":"23455.663","price":"0.00162500","timestamp":1629941022,"volume":"38.11545238","buyTxId":"MM-P-9842571-56825947-3-34-0","sellTxId":"e937f73efaadb3da2210d5b35636839c16d60f8f"}
{"index": {"_index":"sim","_id":"1422454"}}
	{"id":1422454,"type":"sell","buyer":"pi-trader","seller":"helengutier2","symbol":"SIM","quantity":"3178.470","price":"0.00162501","timestamp":1629941226,"volume":"5.16504553","buyTxId":"cb0a5f3ad4366ca5895780f1258a28eaa975b775","sellTxId":"957d9518a6dfa08d47f0ee5a6fecc7e67632b781"}
{"index": {"_index":"sim","_id":"1422498"}}
	{"id":1422498,"type":"buy","buyer":"konvik","seller":"jywahaha","symbol":"SIM","quantity":"72843.450","price":"0.00172000","timestamp":1629941694,"volume":"125.29073400","buyTxId":"a0bd1522dc7b13f8ef8e5d2e7c5923b6c5c6f67e-0","sellTxId":"953f750dc60806b3927b97dca300e718aaf26408"}
{"index": {"_index":"sim","_id":"1422635"}}
	{"id":1422635,"type":"sell","buyer":"pi-trader","seller":"theguruasia","symbol":"SIM","quantity":"10099.627","price":"0.00162501","timestamp":1629943503,"volume":"16.41199487","buyTxId":"246c9e21fb2a9951785f3463af47cd48782d48a3-1","sellTxId":"d6dc314c793e70847748338d98c659feb0131098"}
{"index": {"_index":"sim","_id":"1422662"}}
	{"id":1422662,"type":"buy","buyer":"genet","seller":"darth-azrael","symbol":"SIM","quantity":"578.762","price":"0.00163000","timestamp":1629943917,"volume":"0.94338206","buyTxId":"f8e1aa10056ed584508eb28450cba128340ae9d0-0","sellTxId":"5c91565a6bdd6c812a27aaf18944bdffde8d0c0e"}
{"index": {"_index":"sim","_id":"1422706"}}
	{"id":1422706,"type":"sell","buyer":"pi-trader","seller":"quantumg","symbol":"SIM","quantity":"155.950","price":"0.00162501","timestamp":1629944166,"volume":"0.25342031","buyTxId":"be19f56cdc79b9968021495aaf3d18c757789274-1","sellTxId":"26daa1071932e63fa1486b50d5ad196ed55f81b5"}
{"index": {"_index":"sim","_id":"1422754"}}
	{"id":1422754,"type":"buy","buyer":"nastyforce","seller":"nftmart.fees","symbol":"SIM","quantity":"67.000","price":"0.00174995","timestamp":1629944457,"volume":"0.11724665","buyTxId":"6117cd39e6b46b37a9c4f5f54aed383080688755","sellTxId":"8b6f62d7190de8a605d3377c27dc5b44003a4544-0"}
{"index": {"_index":"sim","_id":"1422760"}}
	{"id":1422760,"type":"buy","buyer":"nastyforce","seller":"solovey6o2","symbol":"SIM","quantity":"2253.000","price":"0.00174999","timestamp":1629944496,"volume":"3.94272747","buyTxId":"acf104ef7ba4300dfeb982048fd1fc8b9133012d","sellTxId":"757dc19b366ba63535ecfe0833d79a61686deb09"}
