{"index": {"_index":"sim","_id":"1661990"}}
	{"id":1661990,"type":"buy","buyer":"dkid14","seller":"monsterjamgold","symbol":"SIM","quantity":"4.203","price":"0.00103999","timestamp":1633661601,"volume":"0.00437108","buyTxId":"09c68812f88be7f2c0096176b9e3891f271ce206","sellTxId":"59e572c2f19dbeef3531824f3f77d7fb8e2d9a4d"}
{"index": {"_index":"sim","_id":"1661991"}}
	{"id":1661991,"type":"buy","buyer":"dkid14","seller":"brofi-market","symbol":"SIM","quantity":"0.003","price":"0.00103999","timestamp":1633661601,"volume":"0.00000312","buyTxId":"09c68812f88be7f2c0096176b9e3891f271ce206","sellTxId":"d557307d68502d66325213f89c06730d559f8983"}
{"index": {"_index":"sim","_id":"1661992"}}
	{"id":1661992,"type":"buy","buyer":"dkid14","seller":"dhedge-drips","symbol":"SIM","quantity":"0.001","price":"0.00103999","timestamp":1633661601,"volume":"0.00000104","buyTxId":"09c68812f88be7f2c0096176b9e3891f271ce206","sellTxId":"2a37f34637e2100989cd00c0af74e889cdcdce9c"}
{"index": {"_index":"sim","_id":"1661993"}}
	{"id":1661993,"type":"sell","buyer":"dkid14","seller":"svirus","symbol":"SIM","quantity":"80451.690","price":"0.00103999","timestamp":1633661604,"volume":"83.66895308","buyTxId":"09c68812f88be7f2c0096176b9e3891f271ce206","sellTxId":"f0d5db3158182a2390beb874e6f426ce6326980d-1"}
{"index": {"_index":"sim","_id":"1662058"}}
	{"id":1662058,"type":"sell","buyer":"dkid14","seller":"jimre1","symbol":"SIM","quantity":"0.009","price":"0.00103999","timestamp":1633662732,"volume":"0.00000936","buyTxId":"09c68812f88be7f2c0096176b9e3891f271ce206","sellTxId":"506f9be56cda4ab15ced72793014ae46e36f4883"}
{"index": {"_index":"sim","_id":"1662066"}}
	{"id":1662066,"type":"sell","buyer":"pi-trader","seller":"theguruasia","symbol":"SIM","quantity":"1916.059","price":"0.00098012","timestamp":1633663020,"volume":"1.87796775","buyTxId":"3e96f823aae425af173ea7f4232bf1c151837bbb-3","sellTxId":"d6ffb0223d0a5d5efe703a2e405e54a00c918f48"}
{"index": {"_index":"sim","_id":"1662107"}}
	{"id":1662107,"type":"buy","buyer":"numpypython","seller":"jimre1","symbol":"SIM","quantity":"112.000","price":"0.00103800","timestamp":1633663920,"volume":"0.11625600","buyTxId":"40293be9a2b98dd5281c01c94b0ed371d618e2e3","sellTxId":"506f9be56cda4ab15ced72793014ae46e36f4883"}
{"index": {"_index":"sim","_id":"1662170"}}
	{"id":1662170,"type":"sell","buyer":"pi-trader","seller":"krakonos","symbol":"SIM","quantity":"2.529","price":"0.00098012","timestamp":1633665522,"volume":"0.00247872","buyTxId":"45d3eec2a7c1d0c58291670f2b2a7045b72d3637-3","sellTxId":"7bd6f5487f041634c94b955f1d56c4dfd092144a"}
{"index": {"_index":"sim","_id":"1662297"}}
	{"id":1662297,"type":"sell","buyer":"pi-trader","seller":"kiwibloke","symbol":"SIM","quantity":"1313","price":"0.00099001","timestamp":1633667886,"volume":"1.29988313","buyTxId":"efb0a1ec19042a775f36bb8798d8a68c2de95621-3","sellTxId":"08372471f51c221b12c5bf8e4bdbba0be85efcdc"}
{"index": {"_index":"sim","_id":"1662300"}}
	{"id":1662300,"type":"sell","buyer":"pi-trader","seller":"muenchen","symbol":"SIM","quantity":"7961.000","price":"0.00099001","timestamp":1633668003,"volume":"7.88146961","buyTxId":"8b8fb5a590acf526bbd940aaecc76af4bf450663-1","sellTxId":"36a08fa299a9df7c6a7dfe7b721527205b663549"}
{"index": {"_index":"sim","_id":"1662346"}}
	{"id":1662346,"type":"buy","buyer":"steemstreems","seller":"mango-juice","symbol":"SIM","quantity":"3220.042","price":"0.00103000","timestamp":1633669002,"volume":"3.31664326","buyTxId":"ce46fc48daccd8112bd03cd35716841f36f15019","sellTxId":"89958162f5a45ae86e27a2141a079c303f1e3ec6"}
{"index": {"_index":"sim","_id":"1662347"}}
	{"id":1662347,"type":"buy","buyer":"steemstreems","seller":"jimre1","symbol":"SIM","quantity":"387.991","price":"0.00103800","timestamp":1633669002,"volume":"0.40273466","buyTxId":"ce46fc48daccd8112bd03cd35716841f36f15019","sellTxId":"506f9be56cda4ab15ced72793014ae46e36f4883"}
{"index": {"_index":"sim","_id":"1662348"}}
	{"id":1662348,"type":"buy","buyer":"steemstreems","seller":"youloseagain","symbol":"SIM","quantity":"9.307","price":"0.00104000","timestamp":1633669002,"volume":"0.00967928","buyTxId":"ce46fc48daccd8112bd03cd35716841f36f15019","sellTxId":"8e15517f3424886baf6622bcb9db658dfb05f10b"}
{"index": {"_index":"sim","_id":"1662349"}}
	{"id":1662349,"type":"buy","buyer":"steemstreems","seller":"brofi-market","symbol":"SIM","quantity":"0.008","price":"0.00104000","timestamp":1633669002,"volume":"0.00000832","buyTxId":"ce46fc48daccd8112bd03cd35716841f36f15019","sellTxId":"b85299098d574f5328bc8d2fdb6d1fe903f8e83b"}
{"index": {"_index":"sim","_id":"1662350"}}
	{"id":1662350,"type":"buy","buyer":"steemstreems","seller":"jimre1","symbol":"SIM","quantity":"500.000","price":"0.00104000","timestamp":1633669002,"volume":"0.52000000","buyTxId":"ce46fc48daccd8112bd03cd35716841f36f15019","sellTxId":"4f57dc8de01b2487f8d1c8a1aae2d89666887180"}
{"index": {"_index":"sim","_id":"1662351"}}
	{"id":1662351,"type":"buy","buyer":"steemstreems","seller":"brofi-market","symbol":"SIM","quantity":"0.001","price":"0.00104000","timestamp":1633669002,"volume":"0.00000104","buyTxId":"ce46fc48daccd8112bd03cd35716841f36f15019","sellTxId":"49f9a8cf9e3eeb3225166db669f1392ab7488427"}
{"index": {"_index":"sim","_id":"1662352"}}
	{"id":1662352,"type":"buy","buyer":"steemstreems","seller":"atomcollector","symbol":"SIM","quantity":"1000.000","price":"0.00104000","timestamp":1633669002,"volume":"1.04000000","buyTxId":"ce46fc48daccd8112bd03cd35716841f36f15019","sellTxId":"49bb7b0327ce00070c1817b25f922b9acb805c10"}
{"index": {"_index":"sim","_id":"1662353"}}
	{"id":1662353,"type":"buy","buyer":"steemstreems","seller":"quekery","symbol":"SIM","quantity":"1821.879","price":"0.00107000","timestamp":1633669002,"volume":"1.94941080","buyTxId":"ce46fc48daccd8112bd03cd35716841f36f15019","sellTxId":"054a5aa2f4246eb0c3e98890dfe28aa3bbc7ac12"}
{"index": {"_index":"sim","_id":"1662486"}}
	{"id":1662486,"type":"sell","buyer":"pi-trader","seller":"outlinez","symbol":"SIM","quantity":"1216.010","price":"0.00099001","timestamp":1633671897,"volume":"1.20386206","buyTxId":"66b1734deb7b52988d25a826d33cadb485da8afb-2","sellTxId":"7e939b6f925c53c638316980a14d02083f4a040c"}
{"index": {"_index":"sim","_id":"1662680"}}
	{"id":1662680,"type":"sell","buyer":"pi-trader","seller":"anosys","symbol":"SIM","quantity":"9.038","price":"0.00099001","timestamp":1633676193,"volume":"0.00894771","buyTxId":"c9a9ed18960f04e7e731299725a3333dced6b86a-3","sellTxId":"62daefdf63c3e7beb4abefe0807666848df397c4"}
{"index": {"_index":"sim","_id":"1662717"}}
	{"id":1662717,"type":"sell","buyer":"pi-trader","seller":"sn0n","symbol":"SIM","quantity":"3738.578","price":"0.00099001","timestamp":1633677387,"volume":"3.70122961","buyTxId":"cb3a69adca4caabe02358ec188d0e0893468dac3-3","sellTxId":"c93cdee9f778b92257163b129d296402b79fb8ad"}
{"index": {"_index":"sim","_id":"1662907"}}
	{"id":1662907,"type":"sell","buyer":"pi-trader","seller":"mfblack","symbol":"SIM","quantity":"2259.055","price":"0.00099001","timestamp":1633681191,"volume":"2.23648704","buyTxId":"bc4f2e4835c25deb11fbd8b08127228763f138a1-1","sellTxId":"b7850b3a36533c63ce1d384c968b44c8cdce1590"}
{"index": {"_index":"sim","_id":"1663102"}}
	{"id":1663102,"type":"sell","buyer":"pi-trader","seller":"j85063","symbol":"SIM","quantity":"50000.000","price":"0.00099001","timestamp":1633686264,"volume":"49.50050000","buyTxId":"4b3853b5a1195e31d752a074ba0a09ff1a80bb11-1","sellTxId":"d9081e230285b4597f6e25028642845226cbf387"}
{"index": {"_index":"sim","_id":"1663187"}}
	{"id":1663187,"type":"sell","buyer":"pi-trader","seller":"goldcoin","symbol":"SIM","quantity":"46.418","price":"0.00099001","timestamp":1633689003,"volume":"0.04595428","buyTxId":"07d43c336c8f59d3b0da0486ccdec2ca1e0584e5-2","sellTxId":"a42fa32d9bb9395d40d889dcd3e329701a04f210"}
{"index": {"_index":"sim","_id":"1663359"}}
	{"id":1663359,"type":"sell","buyer":"pi-trader","seller":"paragism","symbol":"SIM","quantity":"968.000","price":"0.00099001","timestamp":1633693437,"volume":"0.95832968","buyTxId":"8b64f6932d78ae59479af1dc110c69d7710a8644-3","sellTxId":"9037519e76e965a2c6d8b5abdee74a0aaa285775"}
{"index": {"_index":"sim","_id":"1663416"}}
	{"id":1663416,"type":"sell","buyer":"pi-trader","seller":"brofi-market","symbol":"SIM","quantity":"0.008","price":"0.00099001","timestamp":1633694901,"volume":"0.00000792","buyTxId":"6f75be1a52406a352ab8df5cd59658399bc52538-3","sellTxId":"6ea7b6baabfbf34c73b343f63982ca9100b81ecd"}
{"index": {"_index":"sim","_id":"1663432"}}
	{"id":1663432,"type":"sell","buyer":"pi-trader","seller":"chesatochi","symbol":"SIM","quantity":"83.264","price":"0.00099001","timestamp":1633695063,"volume":"0.08243219","buyTxId":"85a31f943ad70f0f2bc7ce50e13423abdd048f59-5","sellTxId":"0334e74abbca6c92b10d11585ed760e80fd65871"}
{"index": {"_index":"sim","_id":"1663438"}}
	{"id":1663438,"type":"sell","buyer":"pi-trader","seller":"andy4475","symbol":"SIM","quantity":"29.622","price":"0.00099001","timestamp":1633695159,"volume":"0.02932608","buyTxId":"f79e1f29150d36dcbc6f97ba077d044e4593b0b8-5","sellTxId":"72a468306fdbae890ea94df63092c95e0b03c726"}
{"index": {"_index":"sim","_id":"1663470"}}
	{"id":1663470,"type":"sell","buyer":"pi-trader","seller":"bigram13","symbol":"SIM","quantity":"17600.000","price":"0.00099001","timestamp":1633695438,"volume":"17.42417600","buyTxId":"5fa7d4a7bdcc25f44c9670f054a8e213ab59ce13-3","sellTxId":"e0e01316ba8c9c9d810b861c2040a036fd6232a5"}
{"index": {"_index":"sim","_id":"1663508"}}
	{"id":1663508,"type":"sell","buyer":"pi-trader","seller":"ayhamyou","symbol":"SIM","quantity":"12048.560","price":"0.00099001","timestamp":1633695714,"volume":"11.92819489","buyTxId":"e51dd1eb0b5db192dbe58806f61118ff69443b83-7","sellTxId":"b0392b11c9b666e1d99f1716a47ba8cb400722f5"}
{"index": {"_index":"sim","_id":"1663519"}}
	{"id":1663519,"type":"buy","buyer":"olympicdragon","seller":"steem-hodler","symbol":"SIM","quantity":"1153.846","price":"0.00104000","timestamp":1633695771,"volume":"1.2","buyTxId":"db9644a84c5b047faac93ee3be496451cbb65622","sellTxId":"1b2816fbe51b7fc43fca95edb66400b4028ce6f2"}
{"index": {"_index":"sim","_id":"1663596"}}
	{"id":1663596,"type":"buy","buyer":"dswap","seller":"steem-hodler","symbol":"SIM","quantity":"2743.373","price":"0.00104000","timestamp":1633697145,"volume":"2.85310810","buyTxId":"c3ae36e778ae6a38d423ad2eb3759e52f5c945bf","sellTxId":"1b2816fbe51b7fc43fca95edb66400b4028ce6f2"}
{"index": {"_index":"sim","_id":"1663708"}}
	{"id":1663708,"type":"sell","buyer":"pi-trader","seller":"themightyvolcano","symbol":"SIM","quantity":"36246.000","price":"0.00099001","timestamp":1633699101,"volume":"35.88390246","buyTxId":"1a5e7ad6b52de87d4bf0c37d48a53f0d13dbde84-7","sellTxId":"53278936c352ef7c72d4ca9a649b6433bee76bcb"}
{"index": {"_index":"sim","_id":"1664085"}}
	{"id":1664085,"type":"sell","buyer":"pi-trader","seller":"jwjqu.wam","symbol":"SIM","quantity":"1842.000","price":"0.00099044","timestamp":1633704186,"volume":"1.82439048","buyTxId":"90eeb6bc03fb2dc3dcc8deea6ee268140101d458-3","sellTxId":"e8046eab37b099ac5abf2e523fabd9c9351a5d5b"}
{"index": {"_index":"sim","_id":"1664087"}}
	{"id":1664087,"type":"sell","buyer":"pi-trader","seller":"yintercept","symbol":"SIM","quantity":"4.441","price":"0.00099044","timestamp":1633704195,"volume":"0.00439854","buyTxId":"90eeb6bc03fb2dc3dcc8deea6ee268140101d458-3","sellTxId":"72177a7a8ce7e6e700e08cb9cb852ce4b5cd1d73"}
{"index": {"_index":"sim","_id":"1664196"}}
	{"id":1664196,"type":"sell","buyer":"pi-trader","seller":"ctrlyse","symbol":"SIM","quantity":"0.002","price":"0.00099052","timestamp":1633705614,"volume":"0.00000198","buyTxId":"a370a371b3fb6a1b881baa33441aa995d844ae70-3","sellTxId":"94a060a3ad291cce581c82e1c74467e9816fefbf"}
{"index": {"_index":"sim","_id":"1664235"}}
	{"id":1664235,"type":"sell","buyer":"pi-trader","seller":"lv99-rd-chocobo","symbol":"SIM","quantity":"100.283","price":"0.00099058","timestamp":1633706379,"volume":"0.09933833","buyTxId":"5db3ccd351f9d1350038e4249089d5c291018627-3","sellTxId":"8dba94cd036e8765ca9475dcdb37fdd33c9c0862"}
{"index": {"_index":"sim","_id":"1664281"}}
	{"id":1664281,"type":"sell","buyer":"pi-trader","seller":"gamsam","symbol":"SIM","quantity":"9704.05","price":"0.00099062","timestamp":1633707084,"volume":"9.61302601","buyTxId":"353ea4330fcfe2dd4aa1075cd68ede868293a0b7-3","sellTxId":"e3749e78ad1adac65dbab3092b0c78b2381c4fa9"}
{"index": {"_index":"sim","_id":"1664350"}}
	{"id":1664350,"type":"buy","buyer":"eythorphoto","seller":"lulu-the-fizzgig","symbol":"SIM","quantity":"5.000","price":"0.00103990","timestamp":1633707849,"volume":"0.00519950","buyTxId":"bafecf736cf587f5a493947abc7c35aa6a0bc4e5","sellTxId":"a2548a1fc5a1e85a132371112b74da9957413496"}
{"index": {"_index":"sim","_id":"1664352"}}
	{"id":1664352,"type":"buy","buyer":"wizzitywillican","seller":"lulu-the-fizzgig","symbol":"SIM","quantity":"96.000","price":"0.00103990","timestamp":1633707885,"volume":"0.09983040","buyTxId":"42812a367b4a55f1f5729cd641c2ec76ce2aa48a","sellTxId":"a2548a1fc5a1e85a132371112b74da9957413496"}
{"index": {"_index":"sim","_id":"1664353"}}
	{"id":1664353,"type":"buy","buyer":"wizzitywillican","seller":"steem-hodler","symbol":"SIM","quantity":"1434.000","price":"0.00104000","timestamp":1633707885,"volume":"1.49136000","buyTxId":"42812a367b4a55f1f5729cd641c2ec76ce2aa48a","sellTxId":"1b2816fbe51b7fc43fca95edb66400b4028ce6f2"}
{"index": {"_index":"sim","_id":"1664418"}}
	{"id":1664418,"type":"sell","buyer":"pi-trader","seller":"eythorphoto","symbol":"SIM","quantity":"3305.013","price":"0.00099072","timestamp":1633708407,"volume":"3.27434248","buyTxId":"2c349278d5e7446977a5836b3f5fa24a88ded377-3","sellTxId":"f1a2e83a18baeee13e9b446d8942cf2e6e5280fe"}
{"index": {"_index":"sim","_id":"1664488"}}
	{"id":1664488,"type":"sell","buyer":"pi-trader","seller":"brofi-market","symbol":"SIM","quantity":"0.001","price":"0.00099011","timestamp":1633709334,"volume":"0.00000099","buyTxId":"72837b1401804a4d7c7dbcf383244ec8f0240b5f-4","sellTxId":"a638bc0e6f81751dae1a4e50951728a91b76fc45"}
{"index": {"_index":"sim","_id":"1664713"}}
	{"id":1664713,"type":"sell","buyer":"pi-trader","seller":"thatcryptodave","symbol":"SIM","quantity":"1209.907","price":"0.00099011","timestamp":1633711614,"volume":"1.19794102","buyTxId":"815eeb88893b12c53c52370abb854c831e960fde-5","sellTxId":"dd20e4979c1e73b557695a68d4e3972a32df8b8d"}
{"index": {"_index":"sim","_id":"1664952"}}
	{"id":1664952,"type":"buy","buyer":"numpypython","seller":"steem-hodler","symbol":"SIM","quantity":"10368.781","price":"0.00104000","timestamp":1633714344,"volume":"10.78353224","buyTxId":"f5a0e240c15d06481feae2a09aebadc56333f536","sellTxId":"1b2816fbe51b7fc43fca95edb66400b4028ce6f2"}
{"index": {"_index":"sim","_id":"1664971"}}
	{"id":1664971,"type":"buy","buyer":"numpypython","seller":"jimre1","symbol":"SIM","quantity":"500.000","price":"0.00104000","timestamp":1633714620,"volume":"0.52000000","buyTxId":"743a41499054084adecda9a58ff4d0abcb2602f8","sellTxId":"eb1aafe493351e9703377b926db5f4502eb8a1d9"}
{"index": {"_index":"sim","_id":"1664972"}}
	{"id":1664972,"type":"buy","buyer":"numpypython","seller":"brofi-market","symbol":"SIM","quantity":"0.001","price":"0.00104000","timestamp":1633714620,"volume":"0.00000104","buyTxId":"743a41499054084adecda9a58ff4d0abcb2602f8","sellTxId":"00cf0f7e51937c325c3f6983f357f6536e9483b5"}
{"index": {"_index":"sim","_id":"1664978"}}
	{"id":1664978,"type":"buy","buyer":"numpypython","seller":"lightcaptured","symbol":"SIM","quantity":"2000.000","price":"0.00105000","timestamp":1633714710,"volume":"2.10000000","buyTxId":"d152ec7d9acc33ddff720cfcf13fe13cad54b907","sellTxId":"5554ba6043fd69c922287950db55e1b7cbf4d2d0"}
{"index": {"_index":"sim","_id":"1664987"}}
	{"id":1664987,"type":"sell","buyer":"lulu-the-fizzgig","seller":"pimpstudio","symbol":"SIM","quantity":"100.000","price":"0.00099010","timestamp":1633714812,"volume":"0.09901000","buyTxId":"5c8855d095ec6681f52ff3ed1e92b1c0c84f459d","sellTxId":"a3915436fa427e32ecba13430e2bfaf7e4303949"}
{"index": {"_index":"sim","_id":"1664988"}}
	{"id":1664988,"type":"buy","buyer":"numpypython","seller":"pimpstudio","symbol":"SIM","quantity":"2000.000","price":"0.00099010","timestamp":1633714842,"volume":"1.98020000","buyTxId":"6431562112ca03ce485b27af324fde80daca8530","sellTxId":"a3915436fa427e32ecba13430e2bfaf7e4303949"}
{"index": {"_index":"sim","_id":"1664991"}}
	{"id":1664991,"type":"sell","buyer":"dustindivitto","seller":"outlinez","symbol":"SIM","quantity":"152.000","price":"0.00099000","timestamp":1633714881,"volume":"0.15048000","buyTxId":"7a7c89a25bdbf7df2ebfe4df873f81744a70060a","sellTxId":"b7a4deec15aba47a53afc80e84b8cfc34fbf8c6f"}
{"index": {"_index":"sim","_id":"1664996"}}
	{"id":1664996,"type":"sell","buyer":"dustindivitto","seller":"pimpstudio","symbol":"SIM","quantity":"4902.000","price":"0.00099000","timestamp":1633714926,"volume":"4.85298000","buyTxId":"7a7c89a25bdbf7df2ebfe4df873f81744a70060a","sellTxId":"1ec7a8709a3f49d70e6a0b298dd4f47835fa60f3"}
{"index": {"_index":"sim","_id":"1665030"}}
	{"id":1665030,"type":"buy","buyer":"kevinnag58","seller":"lightcaptured","symbol":"SIM","quantity":"662.305","price":"0.00105000","timestamp":1633715376,"volume":"0.69542025","buyTxId":"aea0f6167d9d85298c8c57a8c25da5fdcf0d7045","sellTxId":"5554ba6043fd69c922287950db55e1b7cbf4d2d0"}
{"index": {"_index":"sim","_id":"1665031"}}
	{"id":1665031,"type":"buy","buyer":"kevinnag58","seller":"brofi-market","symbol":"SIM","quantity":"0.008","price":"0.00105000","timestamp":1633715376,"volume":"0.00000840","buyTxId":"aea0f6167d9d85298c8c57a8c25da5fdcf0d7045","sellTxId":"0dbb8f27c8e55187fd306247df953c9ac17983ce"}
{"index": {"_index":"sim","_id":"1665032"}}
	{"id":1665032,"type":"buy","buyer":"kevinnag58","seller":"mpath","symbol":"SIM","quantity":"285.446","price":"0.00106700","timestamp":1633715376,"volume":"0.30457135","buyTxId":"aea0f6167d9d85298c8c57a8c25da5fdcf0d7045","sellTxId":"3f3fe454cbf7ea5b53fcd9337249e0960dd6f736"}
{"index": {"_index":"sim","_id":"1665068"}}
	{"id":1665068,"type":"sell","buyer":"numpypython","seller":"lisamgentile1961","symbol":"SIM","quantity":"189.610","price":"0.00099010","timestamp":1633716102,"volume":"0.18773286","buyTxId":"7debc0ba3f485810715649638b76f339ee08124e","sellTxId":"43b18fac67c6e09a1b354b79b7a04a15745a942c"}
{"index": {"_index":"sim","_id":"1665129"}}
	{"id":1665129,"type":"sell","buyer":"numpypython","seller":"jrcornel","symbol":"SIM","quantity":"18496.000","price":"0.00099010","timestamp":1633717128,"volume":"18.31288960","buyTxId":"7debc0ba3f485810715649638b76f339ee08124e","sellTxId":"bd71ab0c4b15da484bbd864648c13da99f062fc5"}
{"index": {"_index":"sim","_id":"1665235"}}
	{"id":1665235,"type":"sell","buyer":"numpypython","seller":"dhedge-drips","symbol":"SIM","quantity":"0.004","price":"0.00099010","timestamp":1633718718,"volume":"0.00000396","buyTxId":"7debc0ba3f485810715649638b76f339ee08124e","sellTxId":"64dc987b80737ea6b69147a3151a285bc0e944ba"}
{"index": {"_index":"sim","_id":"1665337"}}
	{"id":1665337,"type":"sell","buyer":"numpypython","seller":"bosmob","symbol":"SIM","quantity":"3060.067","price":"0.00099010","timestamp":1633719969,"volume":"3.02977234","buyTxId":"7debc0ba3f485810715649638b76f339ee08124e","sellTxId":"4094dcc48142f959fbac39e72ade8414aeeffc47"}
{"index": {"_index":"sim","_id":"1665338"}}
	{"id":1665338,"type":"sell","buyer":"dustindivitto","seller":"bosmob","symbol":"SIM","quantity":"2846.000","price":"0.00099000","timestamp":1633719969,"volume":"2.81754000","buyTxId":"7a7c89a25bdbf7df2ebfe4df873f81744a70060a","sellTxId":"4094dcc48142f959fbac39e72ade8414aeeffc47"}
{"index": {"_index":"sim","_id":"1665339"}}
	{"id":1665339,"type":"sell","buyer":"linco","seller":"bosmob","symbol":"SIM","quantity":"1650.000","price":"0.00098011","timestamp":1633719969,"volume":"1.61718150","buyTxId":"8685fd76bd01c0d44952f8f726651b283d539f37","sellTxId":"4094dcc48142f959fbac39e72ade8414aeeffc47"}
{"index": {"_index":"sim","_id":"1665340"}}
	{"id":1665340,"type":"sell","buyer":"steemshiro","seller":"bosmob","symbol":"SIM","quantity":"6465.943","price":"0.00098010","timestamp":1633719969,"volume":"6.33727073","buyTxId":"47aafd133d15bda0d73b0410d0d925a30f9293ad","sellTxId":"4094dcc48142f959fbac39e72ade8414aeeffc47"}
{"index": {"_index":"sim","_id":"1665352"}}
	{"id":1665352,"type":"buy","buyer":"jwjqu.wam","seller":"atomcollector","symbol":"SIM","quantity":"1000.000","price":"0.00106000","timestamp":1633720071,"volume":"1.06000000","buyTxId":"f552d9f65f92c047ae0f2f77cebd80e72de66bf3","sellTxId":"0c7d04b4f721578b674f99e8060805d96be94cb9"}
{"index": {"_index":"sim","_id":"1665353"}}
	{"id":1665353,"type":"buy","buyer":"jwjqu.wam","seller":"dhedge-drips","symbol":"SIM","quantity":"0.004","price":"0.00106000","timestamp":1633720071,"volume":"0.00000424","buyTxId":"f552d9f65f92c047ae0f2f77cebd80e72de66bf3","sellTxId":"ed5ae726b05f984391d69561158d093cd2ed189b"}
{"index": {"_index":"sim","_id":"1665423"}}
	{"id":1665423,"type":"sell","buyer":"jwjqu.wam","seller":"monsterjamgold","symbol":"SIM","quantity":"1257.996","price":"0.00106000","timestamp":1633720947,"volume":"1.33347576","buyTxId":"f552d9f65f92c047ae0f2f77cebd80e72de66bf3","sellTxId":"f04775e56cb7b2a917c4804c2ac58e286fae411f"}
{"index": {"_index":"sim","_id":"1665492"}}
	{"id":1665492,"type":"sell","buyer":"pumplander","seller":"svirus","symbol":"SIM","quantity":"10000.000","price":"0.00103000","timestamp":1633721997,"volume":"10.30000000","buyTxId":"5b7c43840038896f3c77750e5079bc5895fa25b1","sellTxId":"42255910932421f2b507064fd22656acf81bfef3-1"}
{"index": {"_index":"sim","_id":"1665499"}}
	{"id":1665499,"type":"buy","buyer":"pumplander","seller":"d-pend","symbol":"SIM","quantity":"40000.000","price":"0.00103000","timestamp":1633722066,"volume":"41.20000000","buyTxId":"b66298dc4144517748edef6ce63f17aadd091962","sellTxId":"faa152138cdf4f5076563d3ca1784b8655df9184"}
{"index": {"_index":"sim","_id":"1665517"}}
	{"id":1665517,"type":"sell","buyer":"steemshiro","seller":"taitux","symbol":"SIM","quantity":"1311.020","price":"0.00098010","timestamp":1633722444,"volume":"1.28493070","buyTxId":"47aafd133d15bda0d73b0410d0d925a30f9293ad","sellTxId":"618090da08ba5cfa981f57c67d9653b807b8b39d"}
{"index": {"_index":"sim","_id":"1665560"}}
	{"id":1665560,"type":"sell","buyer":"mmrx","seller":"themightyvolcano","symbol":"SIM","quantity":"6309.951","price":"0.00098011","timestamp":1633723113,"volume":"6.18444607","buyTxId":"MM-P-11129516-58114598-3-42-0","sellTxId":"1239794bfbb0c33d3789c91219939e2f04be5a89"}
{"index": {"_index":"sim","_id":"1665561"}}
	{"id":1665561,"type":"sell","buyer":"steemshiro","seller":"themightyvolcano","symbol":"SIM","quantity":"10077.049","price":"0.00098010","timestamp":1633723113,"volume":"9.87651572","buyTxId":"47aafd133d15bda0d73b0410d0d925a30f9293ad","sellTxId":"1239794bfbb0c33d3789c91219939e2f04be5a89"}
{"index": {"_index":"sim","_id":"1665577"}}
	{"id":1665577,"type":"sell","buyer":"steemshiro","seller":"bitcoinflood","symbol":"SIM","quantity":"1797.042","price":"0.00098010","timestamp":1633723443,"volume":"1.76128086","buyTxId":"47aafd133d15bda0d73b0410d0d925a30f9293ad","sellTxId":"4b0763d7165b758908e01ad75b8a95e0ccd6b303"}
{"index": {"_index":"sim","_id":"1665662"}}
	{"id":1665662,"type":"buy","buyer":"sheinthu","seller":"mmrx","symbol":"SIM","quantity":"257.428","price":"0.00100999","timestamp":1633724364,"volume":"0.26","buyTxId":"578d849218df82ff42a44020d4e3a3ce33d69d16","sellTxId":"MM-P-11129716-58114798-3-42-0"}
{"index": {"_index":"sim","_id":"1665698"}}
	{"id":1665698,"type":"sell","buyer":"steemshiro","seller":"pimpstudio","symbol":"SIM","quantity":"2058.000","price":"0.00098010","timestamp":1633724859,"volume":"2.01704580","buyTxId":"47aafd133d15bda0d73b0410d0d925a30f9293ad","sellTxId":"2e9939d6187f490d55ac3acc7afd367eb5cacb7b"}
{"index": {"_index":"sim","_id":"1665747"}}
	{"id":1665747,"type":"sell","buyer":"steemshiro","seller":"dera123","symbol":"SIM","quantity":"3535.305","price":"0.00098010","timestamp":1633725771,"volume":"3.46495243","buyTxId":"47aafd133d15bda0d73b0410d0d925a30f9293ad","sellTxId":"e307ac86abd4fe640bfd84491fd7afa7b9f0288f"}
{"index": {"_index":"sim","_id":"1665790"}}
	{"id":1665790,"type":"sell","buyer":"steemshiro","seller":"deathwing","symbol":"SIM","quantity":"0.01","price":"0.00098010","timestamp":1633726506,"volume":"0.00000980","buyTxId":"47aafd133d15bda0d73b0410d0d925a30f9293ad","sellTxId":"5e3612afb1a340df030fca811e42b2ae0cfe2dfc-0"}
{"index": {"_index":"sim","_id":"1665808"}}
	{"id":1665808,"type":"sell","buyer":"steemshiro","seller":"jrcornel","symbol":"SIM","quantity":"11144.000","price":"0.00098010","timestamp":1633727088,"volume":"10.92223440","buyTxId":"47aafd133d15bda0d73b0410d0d925a30f9293ad","sellTxId":"65e2b71a732ebb3d873b7f2efb0d66d4be9395c0"}
{"index": {"_index":"sim","_id":"1665861"}}
	{"id":1665861,"type":"sell","buyer":"steemshiro","seller":"valor2s","symbol":"SIM","quantity":"10.000","price":"0.00098010","timestamp":1633728021,"volume":"0.00980100","buyTxId":"47aafd133d15bda0d73b0410d0d925a30f9293ad","sellTxId":"1f2ec924ba95103a2ae2dddb5735772894d64bd0"}
{"index": {"_index":"sim","_id":"1665876"}}
	{"id":1665876,"type":"buy","buyer":"bambukah","seller":"mmrx","symbol":"SIM","quantity":"792.087","price":"0.00100999","timestamp":1633728342,"volume":"0.8","buyTxId":"3ee5f252fa1fb5da4514b4c7836f727131b9922c","sellTxId":"MM-P-11129716-58114798-3-42-0"}
{"index": {"_index":"sim","_id":"1665902"}}
	{"id":1665902,"type":"buy","buyer":"bambukah","seller":"mmrx","symbol":"SIM","quantity":"89.109","price":"0.00100999","timestamp":1633728636,"volume":"0.09","buyTxId":"81e47762be942118f393d2dea5d543a1ab3c66c9","sellTxId":"MM-P-11129716-58114798-3-42-0"}
{"index": {"_index":"sim","_id":"1665992"}}
	{"id":1665992,"type":"sell","buyer":"steemshiro","seller":"ctrlyse","symbol":"SIM","quantity":"9.000","price":"0.00098010","timestamp":1633730712,"volume":"0.00882090","buyTxId":"47aafd133d15bda0d73b0410d0d925a30f9293ad","sellTxId":"e4713d286171dab10013676fc3a0b54529175dbd"}
{"index": {"_index":"sim","_id":"1666114"}}
	{"id":1666114,"type":"buy","buyer":"dlmmqb","seller":"mmrx","symbol":"SIM","quantity":"1486.387","price":"0.00100999","timestamp":1633733103,"volume":"1.50123602","buyTxId":"fa317565256b89d876d5ce804e28da2b1a3cd048","sellTxId":"MM-P-11129716-58114798-3-42-0"}
{"index": {"_index":"sim","_id":"1666162"}}
	{"id":1666162,"type":"sell","buyer":"d-pend","seller":"konvik","symbol":"SIM","quantity":"66971.452","price":"0.00099000","timestamp":1633734717,"volume":"66.30173748","buyTxId":"0ec44e839cd385f9acb57109a7e12e8966dbfbca","sellTxId":"e71372e1e2ca9f7d449ae8c17ee5a056ee53b8dd-1"}
{"index": {"_index":"sim","_id":"1666251"}}
	{"id":1666251,"type":"sell","buyer":"d-pend","seller":"travelgirl","symbol":"SIM","quantity":"3293.000","price":"0.00099000","timestamp":1633736532,"volume":"3.26007000","buyTxId":"0ec44e839cd385f9acb57109a7e12e8966dbfbca","sellTxId":"b482112638fc05364452f2bdee3d0a80bf24fb4f"}
{"index": {"_index":"sim","_id":"1666295"}}
	{"id":1666295,"type":"buy","buyer":"boycharliefamily","seller":"mmrx","symbol":"SIM","quantity":"3684.940","price":"0.00100999","timestamp":1633737510,"volume":"3.72175255","buyTxId":"2cd5825572524750e6e425fbfa04177138a2da80","sellTxId":"MM-P-11129716-58114798-3-42-0"}
{"index": {"_index":"sim","_id":"1666296"}}
	{"id":1666296,"type":"sell","buyer":"boycharliefamily","seller":"konvik","symbol":"SIM","quantity":"38818.590","price":"0.00100999","timestamp":1633737513,"volume":"39.20638771","buyTxId":"2cd5825572524750e6e425fbfa04177138a2da80","sellTxId":"0cfe296f9f600dd4bb88ac3b4bffb397e91be124-1"}
{"index": {"_index":"sim","_id":"1666297"}}
	{"id":1666297,"type":"sell","buyer":"boycharliefamily","seller":"svirus","symbol":"SIM","quantity":"38.470","price":"0.00100999","timestamp":1633737513,"volume":"0.03885432","buyTxId":"2cd5825572524750e6e425fbfa04177138a2da80","sellTxId":"ea433484925ee9b68314887ecb06292d62c58181-1"}
{"index": {"_index":"sim","_id":"1666357"}}
	{"id":1666357,"type":"sell","buyer":"d-pend","seller":"brofi-market","symbol":"SIM","quantity":"0.003","price":"0.00099000","timestamp":1633738257,"volume":"0.00000297","buyTxId":"0ec44e839cd385f9acb57109a7e12e8966dbfbca","sellTxId":"69c4262c2f690260aa878fa262e29ee27e8fcc7b"}
{"index": {"_index":"sim","_id":"1666419"}}
	{"id":1666419,"type":"buy","buyer":"nastyforce","seller":"mary.janikowski","symbol":"SIM","quantity":"250.000","price":"0.00101000","timestamp":1633738581,"volume":"0.25250000","buyTxId":"79e34726227a559f1681d1a715feddefac623a1a","sellTxId":"35357900c4c465be1f56e1005fbb3810b2f94f67"}
{"index": {"_index":"sim","_id":"1666443"}}
	{"id":1666443,"type":"sell","buyer":"d-pend","seller":"taitux","symbol":"SIM","quantity":"2421.550","price":"0.00099000","timestamp":1633738863,"volume":"2.39733450","buyTxId":"0ec44e839cd385f9acb57109a7e12e8966dbfbca","sellTxId":"1927d943dd317f1f79b92d583be7ec436a096a79"}
{"index": {"_index":"sim","_id":"1666471"}}
	{"id":1666471,"type":"sell","buyer":"d-pend","seller":"evernoticethat","symbol":"SIM","quantity":"569.381","price":"0.00099000","timestamp":1633739175,"volume":"0.56368719","buyTxId":"0ec44e839cd385f9acb57109a7e12e8966dbfbca","sellTxId":"e51aca8fbf990d237d6b56ac77bd3338910d1a51"}
{"index": {"_index":"sim","_id":"1666577"}}
	{"id":1666577,"type":"sell","buyer":"d-pend","seller":"dhedge-drips","symbol":"SIM","quantity":"0.001","price":"0.00099000","timestamp":1633740318,"volume":"0.00000099","buyTxId":"0ec44e839cd385f9acb57109a7e12e8966dbfbca","sellTxId":"19e9c31b7791ad8d9ebec71623d5a67b42a2d632"}
{"index": {"_index":"sim","_id":"1666671"}}
	{"id":1666671,"type":"sell","buyer":"mmrx","seller":"imperij4427","symbol":"SIM","quantity":"13304.000","price":"0.00099001","timestamp":1633741896,"volume":"13.17109304","buyTxId":"MM-P-11135504-58120587-3-42-0","sellTxId":"ce8c9ad1f8ed538b48b2979293d389487402d6e8"}
{"index": {"_index":"sim","_id":"1666761"}}
	{"id":1666761,"type":"sell","buyer":"mmrx","seller":"opinizeunltd","symbol":"SIM","quantity":"6897.781","price":"0.00099001","timestamp":1633743591,"volume":"6.82887217","buyTxId":"MM-P-11135504-58120587-3-42-0","sellTxId":"ef8d6e3f0976227fddf91b6a51e724add1dd463c"}
{"index": {"_index":"sim","_id":"1666762"}}
	{"id":1666762,"type":"sell","buyer":"d-pend","seller":"opinizeunltd","symbol":"SIM","quantity":"797.219","price":"0.00099000","timestamp":1633743591,"volume":"0.78924681","buyTxId":"0ec44e839cd385f9acb57109a7e12e8966dbfbca","sellTxId":"ef8d6e3f0976227fddf91b6a51e724add1dd463c"}
{"index": {"_index":"sim","_id":"1666823"}}
	{"id":1666823,"type":"sell","buyer":"d-pend","seller":"opinizeunltd","symbol":"SIM","quantity":"7669.000","price":"0.00099000","timestamp":1633745736,"volume":"7.59231000","buyTxId":"0ec44e839cd385f9acb57109a7e12e8966dbfbca","sellTxId":"38de3d534a7d067604719d0102b380125db65088"}
{"index": {"_index":"sim","_id":"1666836"}}
	{"id":1666836,"type":"sell","buyer":"d-pend","seller":"opinizeunltd","symbol":"SIM","quantity":"1027.000","price":"0.00099000","timestamp":1633746264,"volume":"1.01673000","buyTxId":"0ec44e839cd385f9acb57109a7e12e8966dbfbca","sellTxId":"ee39cdf46f5c4096150417219694d0bb07cd89da"}
{"index": {"_index":"sim","_id":"1666878"}}
	{"id":1666878,"type":"buy","buyer":"kevinnag58","seller":"mmrx","symbol":"SIM","quantity":"2973.270","price":"0.00100899","timestamp":1633747188,"volume":"3","buyTxId":"87ce47c4464205950f0c50039e4059f6c773009b","sellTxId":"MM-P-11135904-58120987-3-42-0"}
