{"index": {"_index":"sim","_id":"3570983"}}
	{"id":3570983,"type":"sell","buyer":"otherbrandt","seller":"nftmart.fees","symbol":"SIM","quantity":"68.000","price":"0.00052000","timestamp":1653965679,"volume":"0.03536000","buyTxId":"c0d27fb88889038ba17eeaf6e1ee965ee7426859","sellTxId":"43515eeeee10b56edfa4e6fb04b97875d63b493e"}
{"index": {"_index":"sim","_id":"3571162"}}
	{"id":3571162,"type":"buy","buyer":"soteyapanbot","seller":"maryjane.main","symbol":"SIM","quantity":"7549.107","price":"0.00052899","timestamp":1653968238,"volume":"3.99340211","buyTxId":"36f6740d722f584f0708a8f2d3d7aeb395d7c4ee","sellTxId":"6ae6ed02223a684fe0f889665537d2720cc7ec8f"}
{"index": {"_index":"sim","_id":"3571163"}}
	{"id":3571163,"type":"buy","buyer":"soteyapanbot","seller":"medaymane","symbol":"SIM","quantity":"1081.100","price":"0.00052899","timestamp":1653968238,"volume":"0.57189109","buyTxId":"36f6740d722f584f0708a8f2d3d7aeb395d7c4ee","sellTxId":"223cffca33f305521acd5718101e046577a0b28a"}
{"index": {"_index":"sim","_id":"3571164"}}
	{"id":3571164,"type":"sell","buyer":"soteyapanbot","seller":"svirus","symbol":"SIM","quantity":"10234.130","price":"0.00052899","timestamp":1653968241,"volume":"5.41375243","buyTxId":"36f6740d722f584f0708a8f2d3d7aeb395d7c4ee","sellTxId":"7007dfa868953da884ef1d25e02bfa5c3194bdec-1"}
{"index": {"_index":"sim","_id":"3571228"}}
	{"id":3571228,"type":"sell","buyer":"soteyapanbot","seller":"jelly-cz","symbol":"SIM","quantity":"0.005","price":"0.00052899","timestamp":1653969279,"volume":"0.00000264","buyTxId":"36f6740d722f584f0708a8f2d3d7aeb395d7c4ee","sellTxId":"MM-P-17854763-64845371-3-30-0"}
{"index": {"_index":"sim","_id":"3571317"}}
	{"id":3571317,"type":"buy","buyer":"otherbrandt","seller":"jelly-cz","symbol":"SIM","quantity":"46000.000","price":"0.00052789","timestamp":1653970647,"volume":"24.28294000","buyTxId":"a1b9cdfacc73d7160af1d56495ec74ff9f744607","sellTxId":"MM-P-17854763-64845371-3-30-0"}
{"index": {"_index":"sim","_id":"3571432"}}
	{"id":3571432,"type":"buy","buyer":"dswap","seller":"nftmart.fees","symbol":"SIM","quantity":"1.000","price":"0.00052788","timestamp":1653972735,"volume":"0.00052788","buyTxId":"c1a1f2236748f297f2b0a1f48151296d610a4a39","sellTxId":"827d3b4ed0db0580e8cc02773255d182409b7dfe-0"}
{"index": {"_index":"sim","_id":"3571433"}}
	{"id":3571433,"type":"buy","buyer":"dswap","seller":"jelly-cz","symbol":"SIM","quantity":"756.828","price":"0.00052789","timestamp":1653972735,"volume":"0.39952212","buyTxId":"c1a1f2236748f297f2b0a1f48151296d610a4a39","sellTxId":"MM-P-17854763-64845371-3-30-0"}
{"index": {"_index":"sim","_id":"3571614"}}
	{"id":3571614,"type":"sell","buyer":"pi-trader","seller":"automaton","symbol":"SIM","quantity":"600.000","price":"0.00051054","timestamp":1653975855,"volume":"0.30632400","buyTxId":"e0e88bed05e6b20b22827c7b68999fbfc9147471-1","sellTxId":"2b4fc524fa674ef3a45c267f59c7b847a4aeba67"}
{"index": {"_index":"sim","_id":"3571659"}}
	{"id":3571659,"type":"buy","buyer":"fredfettmeister","seller":"jelly-cz","symbol":"SIM","quantity":"1900.000","price":"0.00052789","timestamp":1653976455,"volume":"1.00299100","buyTxId":"9011e6105f1f14b4349f558616e6949d9f07fb7d","sellTxId":"MM-P-17854763-64845371-3-30-0"}
{"index": {"_index":"sim","_id":"3571719"}}
	{"id":3571719,"type":"buy","buyer":"xenotype","seller":"jelly-cz","symbol":"SIM","quantity":"2000.000","price":"0.00052789","timestamp":1653977460,"volume":"1.05578000","buyTxId":"c51462d6ebd3fdffa17e88f3c453633198904ea9","sellTxId":"MM-P-17854763-64845371-3-30-0"}
{"index": {"_index":"sim","_id":"3571911"}}
	{"id":3571911,"type":"sell","buyer":"metzli","seller":"themarkymark","symbol":"SIM","quantity":"461.702","price":"0.00052198","timestamp":1653979800,"volume":"0.24099921","buyTxId":"fe93a9b943ab582e74644183f5bb92866381cde8","sellTxId":"d9a10fdaeb6b18ea183d104c86f011448cad3741"}
{"index": {"_index":"sim","_id":"3571970"}}
	{"id":3571970,"type":"buy","buyer":"xenotype","seller":"jelly-cz","symbol":"SIM","quantity":"24000.000","price":"0.00052789","timestamp":1653980496,"volume":"12.66936000","buyTxId":"de19acacb819261c358ceb5d3fac4b7661afa360","sellTxId":"MM-P-17854763-64845371-3-30-0"}
{"index": {"_index":"sim","_id":"3572057"}}
	{"id":3572057,"type":"sell","buyer":"metzli","seller":"anderssinho","symbol":"SIM","quantity":"0.644","price":"0.00052198","timestamp":1653981198,"volume":"0.00033616","buyTxId":"fe93a9b943ab582e74644183f5bb92866381cde8","sellTxId":"4c2ebb8e8b7a80136f5b82cbda44c39958a92e64"}
{"index": {"_index":"sim","_id":"3572175"}}
	{"id":3572175,"type":"buy","buyer":"ana-maria","seller":"jelly-cz","symbol":"SIM","quantity":"172.000","price":"0.00052789","timestamp":1653982869,"volume":"0.09079708","buyTxId":"e5e231d51fc813fcfd07d2a873160393da91efa6","sellTxId":"MM-P-17854763-64845371-3-30-0"}
{"index": {"_index":"sim","_id":"3572273"}}
	{"id":3572273,"type":"sell","buyer":"metzli","seller":"taitux","symbol":"SIM","quantity":"1037.654","price":"0.00052198","timestamp":1653983961,"volume":"0.54163463","buyTxId":"fe93a9b943ab582e74644183f5bb92866381cde8","sellTxId":"4c169ed4040dba94a925a917603c9429b455093d"}
{"index": {"_index":"sim","_id":"3572452"}}
	{"id":3572452,"type":"sell","buyer":"pi-trader","seller":"juan13579","symbol":"SIM","quantity":"1437.720","price":"0.00051199","timestamp":1653986157,"volume":"0.73609826","buyTxId":"e2e347484405ef1b747d7da8608847587810bf91-0","sellTxId":"79d8963ddc9ebf260f084d2d3d91e933f9d3269d"}
{"index": {"_index":"sim","_id":"3572590"}}
	{"id":3572590,"type":"sell","buyer":"pi-trader","seller":"onealfa","symbol":"SIM","quantity":"17218","price":"0.00051199","timestamp":1653988296,"volume":"8.81544382","buyTxId":"d63a5da57c31c1b1e99273bc8c529d57ab38bdf3-6","sellTxId":"3c59ca360208838b71d842d3f11d274600a183fc"}
{"index": {"_index":"sim","_id":"3572772"}}
	{"id":3572772,"type":"sell","buyer":"metzli","seller":"allfabeta","symbol":"SIM","quantity":"1500.000","price":"0.00051198","timestamp":1653990621,"volume":"0.76797000","buyTxId":"e476dae8c5a6c194ca8d428e26c22f78b1393ba7","sellTxId":"6ddcea9f8da53b8ba53398065b9261711e7a8863"}
{"index": {"_index":"sim","_id":"3572800"}}
	{"id":3572800,"type":"buy","buyer":"pjansen","seller":"nftmart.fees","symbol":"SIM","quantity":"8.000","price":"0.00051099","timestamp":1653991092,"volume":"0.00408792","buyTxId":"b98128d03a943cf697e7fd87b7dee2a5ad1376f5","sellTxId":"d2809917d39b44e763b48af78c93e08cd041dc53-0"}
{"index": {"_index":"sim","_id":"3572801"}}
	{"id":3572801,"type":"buy","buyer":"pjansen","seller":"allfabeta","symbol":"SIM","quantity":"2802.000","price":"0.00051100","timestamp":1653991092,"volume":"1.43182200","buyTxId":"b98128d03a943cf697e7fd87b7dee2a5ad1376f5","sellTxId":"6ddcea9f8da53b8ba53398065b9261711e7a8863"}
{"index": {"_index":"sim","_id":"3572802"}}
	{"id":3572802,"type":"buy","buyer":"pjansen","seller":"jelly-cz","symbol":"SIM","quantity":"2.100","price":"0.00051894","timestamp":1653991092,"volume":"0.00109008","buyTxId":"b98128d03a943cf697e7fd87b7dee2a5ad1376f5","sellTxId":"MM-P-17861549-64852161-3-30-0"}
{"index": {"_index":"sim","_id":"3572827"}}
	{"id":3572827,"type":"sell","buyer":"metzli","seller":"thedoc07","symbol":"SIM","quantity":"1500.000","price":"0.00051097","timestamp":1653991644,"volume":"0.76645500","buyTxId":"d657c3c1974bedfd3f5ba997e284404ff0bd6baf","sellTxId":"499528c90ae99f673a7132c51016e47eb19eb139"}
{"index": {"_index":"sim","_id":"3572844"}}
	{"id":3572844,"type":"sell","buyer":"metzli","seller":"thedoc07","symbol":"SIM","quantity":"1400.000","price":"0.00051086","timestamp":1653991797,"volume":"0.71520400","buyTxId":"ce98a03f093e6333e97106f89e864e24fb5fb553","sellTxId":"96deac6b626b67940b80fbcd4f91b92568d8821b"}
{"index": {"_index":"sim","_id":"3573150"}}
	{"id":3573150,"type":"buy","buyer":"assassyn","seller":"nftmart.fees","symbol":"SIM","quantity":"7.000","price":"0.00051741","timestamp":1653995751,"volume":"0.00362187","buyTxId":"64edb339f49f2c99883dd7074b3dcf8c33d27142","sellTxId":"af70208f619a7f884180105bfa72014d19357fcc-0"}
{"index": {"_index":"sim","_id":"3573171"}}
	{"id":3573171,"type":"buy","buyer":"tommyl33","seller":"jelly-cz","symbol":"SIM","quantity":"30000.000","price":"0.00051742","timestamp":1653996186,"volume":"15.52260000","buyTxId":"7a69b330a6641098d56cb8216120f5d9d1ff7324","sellTxId":"MM-P-17862646-64853258-3-30-0"}
{"index": {"_index":"sim","_id":"3573175"}}
	{"id":3573175,"type":"sell","buyer":"assassyn","seller":"pjansen","symbol":"SIM","quantity":"204.000","price":"0.00051741","timestamp":1653996354,"volume":"0.10555164","buyTxId":"64edb339f49f2c99883dd7074b3dcf8c33d27142","sellTxId":"844e9dcf3ff308bec081a16bb4e3973bb80239dd"}
{"index": {"_index":"sim","_id":"3573176"}}
	{"id":3573176,"type":"sell","buyer":"metzli","seller":"pjansen","symbol":"SIM","quantity":"0.262","price":"0.00051086","timestamp":1653996354,"volume":"0.00013385","buyTxId":"ce98a03f093e6333e97106f89e864e24fb5fb553","sellTxId":"844e9dcf3ff308bec081a16bb4e3973bb80239dd"}
{"index": {"_index":"sim","_id":"3573285"}}
	{"id":3573285,"type":"sell","buyer":"metzli","seller":"vcelier","symbol":"SIM","quantity":"99.738","price":"0.00051086","timestamp":1653997536,"volume":"0.05095215","buyTxId":"ce98a03f093e6333e97106f89e864e24fb5fb553","sellTxId":"8ec24fb30194cc986ad8d14c459e068711b54da8"}
{"index": {"_index":"sim","_id":"3573286"}}
	{"id":3573286,"type":"sell","buyer":"metzli","seller":"vcelier","symbol":"SIM","quantity":"1500.000","price":"0.00051075","timestamp":1653997536,"volume":"0.76612500","buyTxId":"0b7322005d64c273c59022272f96a9f5f6db714d","sellTxId":"8ec24fb30194cc986ad8d14c459e068711b54da8"}
{"index": {"_index":"sim","_id":"3573287"}}
	{"id":3573287,"type":"buy","buyer":"tommyl33","seller":"vcelier","symbol":"SIM","quantity":"1000.000","price":"0.00051075","timestamp":1653997539,"volume":"0.51075000","buyTxId":"9f0ba6c76ce904a6a662a4b50cba66c9cc75d539","sellTxId":"8ec24fb30194cc986ad8d14c459e068711b54da8"}
{"index": {"_index":"sim","_id":"3573408"}}
	{"id":3573408,"type":"buy","buyer":"burst1","seller":"nftmart.fees","symbol":"SIM","quantity":"172.000","price":"0.00051074","timestamp":1653998874,"volume":"0.08784728","buyTxId":"1c9a9687400b0e37e78759d80961894588a4e725","sellTxId":"971c499b7757ad3df3d2f40b8e1fff89f6a0dfb2-0"}
{"index": {"_index":"sim","_id":"3573409"}}
	{"id":3573409,"type":"buy","buyer":"burst1","seller":"vcelier","symbol":"SIM","quantity":"4050.922","price":"0.00051075","timestamp":1653998874,"volume":"2.06900892","buyTxId":"1c9a9687400b0e37e78759d80961894588a4e725","sellTxId":"8ec24fb30194cc986ad8d14c459e068711b54da8"}
{"index": {"_index":"sim","_id":"3573512"}}
	{"id":3573512,"type":"buy","buyer":"frugal-fun","seller":"nftmart.fees","symbol":"SIM","quantity":"150.000","price":"0.00051074","timestamp":1654000080,"volume":"0.07661100","buyTxId":"92230f669b309e3c4408e5966c3ebfadb1044559","sellTxId":"b5aafc87e313e090f19a671fd3c2f39f42c634c9-0"}
{"index": {"_index":"sim","_id":"3573513"}}
	{"id":3573513,"type":"buy","buyer":"frugal-fun","seller":"vcelier","symbol":"SIM","quantity":"107271.146","price":"0.00051075","timestamp":1654000080,"volume":"54.78873782","buyTxId":"92230f669b309e3c4408e5966c3ebfadb1044559","sellTxId":"8ec24fb30194cc986ad8d14c459e068711b54da8"}
{"index": {"_index":"sim","_id":"3573552"}}
	{"id":3573552,"type":"sell","buyer":"metzli","seller":"poliwalt10","symbol":"SIM","quantity":"1318.000","price":"0.00051064","timestamp":1654000608,"volume":"0.67302352","buyTxId":"eb8233054ceab0c622cf82fcc797737222063477","sellTxId":"6b204d081892502f7f15e768b56d7e57d8e0d6df"}
{"index": {"_index":"sim","_id":"3574079"}}
	{"id":3574079,"type":"sell","buyer":"metzli","seller":"liuke96player","symbol":"SIM","quantity":"168.000","price":"0.00051064","timestamp":1654006980,"volume":"0.08578752","buyTxId":"eb8233054ceab0c622cf82fcc797737222063477","sellTxId":"207b534b5e4b8ada8a17693484591a1425aef37e"}
{"index": {"_index":"sim","_id":"3574406"}}
	{"id":3574406,"type":"sell","buyer":"metzli","seller":"pokerarema","symbol":"SIM","quantity":"14.000","price":"0.00051064","timestamp":1654009992,"volume":"0.00714896","buyTxId":"eb8233054ceab0c622cf82fcc797737222063477","sellTxId":"87e7bcac5b9e1ef583a85d98c1cae450870c7d8d"}
{"index": {"_index":"sim","_id":"3574407"}}
	{"id":3574407,"type":"sell","buyer":"metzli","seller":"pokerarema","symbol":"SIM","quantity":"1500.000","price":"0.00051053","timestamp":1654009992,"volume":"0.76579500","buyTxId":"0a05c0b583e85fbfaf878a17eb3b91f7248466eb","sellTxId":"87e7bcac5b9e1ef583a85d98c1cae450870c7d8d"}
{"index": {"_index":"sim","_id":"3574421"}}
	{"id":3574421,"type":"sell","buyer":"metzli","seller":"pokerarema","symbol":"SIM","quantity":"1500.000","price":"0.00051042","timestamp":1654010085,"volume":"0.76563000","buyTxId":"e4c62cec018d5487bcd715614a1cc41610b23228","sellTxId":"686a31a92443e1839bebec52fb1a72c2c231718e"}
{"index": {"_index":"sim","_id":"3574422"}}
	{"id":3574422,"type":"sell","buyer":"metzli","seller":"pokerarema","symbol":"SIM","quantity":"1500.000","price":"0.00051031","timestamp":1654010085,"volume":"0.76546500","buyTxId":"5c15f3fc78f10d04095c9d5b1bbb61b0924a4d6e","sellTxId":"686a31a92443e1839bebec52fb1a72c2c231718e"}
{"index": {"_index":"sim","_id":"3574423"}}
	{"id":3574423,"type":"sell","buyer":"metzli","seller":"pokerarema","symbol":"SIM","quantity":"1500.000","price":"0.00051020","timestamp":1654010085,"volume":"0.76530000","buyTxId":"df5521e0a6757967cc760f2f053d5d5c240553a5","sellTxId":"686a31a92443e1839bebec52fb1a72c2c231718e"}
{"index": {"_index":"sim","_id":"3574424"}}
	{"id":3574424,"type":"sell","buyer":"metzli","seller":"pokerarema","symbol":"SIM","quantity":"1500.000","price":"0.00051010","timestamp":1654010085,"volume":"0.76515000","buyTxId":"d9c1934705381a570d9f1d71534575e01b01d0cb","sellTxId":"686a31a92443e1839bebec52fb1a72c2c231718e"}
{"index": {"_index":"sim","_id":"3574425"}}
	{"id":3574425,"type":"sell","buyer":"metzli","seller":"pokerarema","symbol":"SIM","quantity":"1500.000","price":"0.00051008","timestamp":1654010085,"volume":"0.76512000","buyTxId":"e2aa878ba9fe762829a5e18e867c557b62dab2c0","sellTxId":"686a31a92443e1839bebec52fb1a72c2c231718e"}
{"index": {"_index":"sim","_id":"3574426"}}
	{"id":3574426,"type":"sell","buyer":"metzli","seller":"pokerarema","symbol":"SIM","quantity":"1390.000","price":"0.00051006","timestamp":1654010085,"volume":"0.70898340","buyTxId":"d1603e8672c75ad00bc52ef14dff7cb0ebeaaa93","sellTxId":"686a31a92443e1839bebec52fb1a72c2c231718e"}
{"index": {"_index":"sim","_id":"3574427"}}
	{"id":3574427,"type":"sell","buyer":"metzli","seller":"pokerarema","symbol":"SIM","quantity":"145.000","price":"0.00051004","timestamp":1654010085,"volume":"0.07395580","buyTxId":"9f15623deb2144424dc1495b3d46de7dc5f5505e","sellTxId":"686a31a92443e1839bebec52fb1a72c2c231718e"}
{"index": {"_index":"sim","_id":"3574428"}}
	{"id":3574428,"type":"sell","buyer":"metzli","seller":"pokerarema","symbol":"SIM","quantity":"490.000","price":"0.00051004","timestamp":1654010085,"volume":"0.24991960","buyTxId":"a4d81a28b24b0925dfb7ac4a018671861394082b","sellTxId":"686a31a92443e1839bebec52fb1a72c2c231718e"}
{"index": {"_index":"sim","_id":"3574429"}}
	{"id":3574429,"type":"sell","buyer":"metzli","seller":"pokerarema","symbol":"SIM","quantity":"107.000","price":"0.00051004","timestamp":1654010085,"volume":"0.05457428","buyTxId":"5622bae56f64f6faf448a0dbb56033496957f769","sellTxId":"686a31a92443e1839bebec52fb1a72c2c231718e"}
{"index": {"_index":"sim","_id":"3574430"}}
	{"id":3574430,"type":"sell","buyer":"kitsuki","seller":"pokerarema","symbol":"SIM","quantity":"400.000","price":"0.00051003","timestamp":1654010085,"volume":"0.20401200","buyTxId":"9138f986dff71d4a348eb60e0fe09d272ff60531","sellTxId":"686a31a92443e1839bebec52fb1a72c2c231718e"}
{"index": {"_index":"sim","_id":"3574431"}}
	{"id":3574431,"type":"sell","buyer":"enginemaker","seller":"pokerarema","symbol":"SIM","quantity":"44968.000","price":"0.00051000","timestamp":1654010085,"volume":"22.93368000","buyTxId":"MM-P-17809616-64800156-3-2-0","sellTxId":"686a31a92443e1839bebec52fb1a72c2c231718e"}
{"index": {"_index":"sim","_id":"3574608"}}
	{"id":3574608,"type":"sell","buyer":"enginemaker","seller":"florian-glechner","symbol":"SIM","quantity":"48.021","price":"0.00051000","timestamp":1654011972,"volume":"0.02449071","buyTxId":"MM-P-17809616-64800156-3-2-0","sellTxId":"d717d8dc11caf96e638c29c23a056df25a73cff4"}
{"index": {"_index":"sim","_id":"3574745"}}
	{"id":3574745,"type":"buy","buyer":"metzli","seller":"nftmart.fees","symbol":"SIM","quantity":"115.000","price":"0.00051050","timestamp":1654012929,"volume":"0.05870750","buyTxId":"d1d343ea70178f18e0df2eaeb8cb217f47e0a5aa","sellTxId":"45327c2449d7a908434076a0433caa02ec92a073-0"}
{"index": {"_index":"sim","_id":"3574748"}}
	{"id":3574748,"type":"buy","buyer":"metzli","seller":"pokerarema","symbol":"SIM","quantity":"8486.000","price":"0.00051053","timestamp":1654012974,"volume":"4.33235758","buyTxId":"fe585bc6031f27c0a25d0499fc668cfae745e16c","sellTxId":"87e7bcac5b9e1ef583a85d98c1cae450870c7d8d"}
{"index": {"_index":"sim","_id":"3574753"}}
	{"id":3574753,"type":"buy","buyer":"metzli","seller":"vcelier","symbol":"SIM","quantity":"400.000","price":"0.00051075","timestamp":1654013055,"volume":"0.20430000","buyTxId":"9acaed05023e39121c6d636a5ee8be509bb28a25","sellTxId":"8ec24fb30194cc986ad8d14c459e068711b54da8"}
{"index": {"_index":"sim","_id":"3574891"}}
	{"id":3574891,"type":"buy","buyer":"he-index","seller":"nftmart.fees","symbol":"SIM","quantity":"115.000","price":"0.00051074","timestamp":1654014513,"volume":"0.05873510","buyTxId":"790a42c11d773d559ad008d1e51829fca0ee2a13","sellTxId":"06977c6ef3bd21c48ec56258e00e672ffb39151f-0"}
{"index": {"_index":"sim","_id":"3574892"}}
	{"id":3574892,"type":"buy","buyer":"he-index","seller":"vcelier","symbol":"SIM","quantity":"390.140","price":"0.00051075","timestamp":1654014513,"volume":"0.19926401","buyTxId":"790a42c11d773d559ad008d1e51829fca0ee2a13","sellTxId":"8ec24fb30194cc986ad8d14c459e068711b54da8"}
{"index": {"_index":"sim","_id":"3574964"}}
	{"id":3574964,"type":"sell","buyer":"enginemaker","seller":"laritheghost","symbol":"SIM","quantity":"22.126","price":"0.00051000","timestamp":1654015011,"volume":"0.01128426","buyTxId":"MM-P-17809616-64800156-3-2-0","sellTxId":"6bf8a3ffd6ff97feaa0a4fc1ea9ed881bb243305"}
{"index": {"_index":"sim","_id":"3575231"}}
	{"id":3575231,"type":"buy","buyer":"metzli","seller":"nftmart.fees","symbol":"SIM","quantity":"100.000","price":"0.00051074","timestamp":1654016976,"volume":"0.05107400","buyTxId":"03792f065b26a78d8d8577eaef98b06b126540e0","sellTxId":"161121e725d0022017ce74ce9816b62f180b1e7a-0"}
{"index": {"_index":"sim","_id":"3575246"}}
	{"id":3575246,"type":"buy","buyer":"cryptogillone","seller":"vcelier","symbol":"SIM","quantity":"986.718","price":"0.00051075","timestamp":1654017078,"volume":"0.5039664","buyTxId":"4a695a95739aa4c56f0b6b862ba2748b745548ca","sellTxId":"8ec24fb30194cc986ad8d14c459e068711b54da8"}
{"index": {"_index":"sim","_id":"3575306"}}
	{"id":3575306,"type":"buy","buyer":"he-index","seller":"nftmart.fees","symbol":"SIM","quantity":"87.000","price":"0.00051074","timestamp":1654017393,"volume":"0.04443438","buyTxId":"2bbbde4d775242efc126504ffda24b5efb92d16c","sellTxId":"549374ec33973d5319b53db80c87b8c280ab91eb-0"}
{"index": {"_index":"sim","_id":"3575307"}}
	{"id":3575307,"type":"buy","buyer":"he-index","seller":"vcelier","symbol":"SIM","quantity":"1551.767","price":"0.00051075","timestamp":1654017393,"volume":"0.79256500","buyTxId":"2bbbde4d775242efc126504ffda24b5efb92d16c","sellTxId":"8ec24fb30194cc986ad8d14c459e068711b54da8"}
{"index": {"_index":"sim","_id":"3575460"}}
	{"id":3575460,"type":"sell","buyer":"enginemaker","seller":"denmarkguy","symbol":"SIM","quantity":"1.678","price":"0.00051000","timestamp":1654018398,"volume":"0.00085578","buyTxId":"MM-P-17809616-64800156-3-2-0","sellTxId":"3b21c6d1bb06a40dba8d938c00a810d8eb85e1fe"}
{"index": {"_index":"sim","_id":"3575521"}}
	{"id":3575521,"type":"sell","buyer":"enginemaker","seller":"chekohler","symbol":"SIM","quantity":"2.731","price":"0.00051000","timestamp":1654018839,"volume":"0.00139281","buyTxId":"MM-P-17809616-64800156-3-2-0","sellTxId":"8ce97d1e921fc1b61fc213356994fa4710eb18b3"}
{"index": {"_index":"sim","_id":"3575529"}}
	{"id":3575529,"type":"sell","buyer":"enginemaker","seller":"automaton","symbol":"SIM","quantity":"400.000","price":"0.00051000","timestamp":1654018962,"volume":"0.20400000","buyTxId":"MM-P-17809616-64800156-3-2-0","sellTxId":"c2e4a5e3cfef3335ced703aeb24f691a3792db73"}
{"index": {"_index":"sim","_id":"3576067"}}
	{"id":3576067,"type":"sell","buyer":"enginemaker","seller":"andy4475","symbol":"SIM","quantity":"14.757","price":"0.00051000","timestamp":1654021533,"volume":"0.00752607","buyTxId":"MM-P-17809616-64800156-3-2-0","sellTxId":"a84776df970419122cba9f671601e99503236be8"}
{"index": {"_index":"sim","_id":"3576150"}}
	{"id":3576150,"type":"buy","buyer":"assassyn","seller":"nftmart.fees","symbol":"SIM","quantity":"81.000","price":"0.00051073","timestamp":1654022292,"volume":"0.04136913","buyTxId":"361e5fd6269b364928075e507e4b52fa3ba99216","sellTxId":"faf436418ea9c14ef5ee5eb1bbd2580409ef90bf-0"}
{"index": {"_index":"sim","_id":"3576151"}}
	{"id":3576151,"type":"buy","buyer":"assassyn","seller":"xheadhunterz","symbol":"SIM","quantity":"2008.000","price":"0.00051074","timestamp":1654022292,"volume":"1.02556592","buyTxId":"361e5fd6269b364928075e507e4b52fa3ba99216","sellTxId":"c0a06cdab70865903fcebde3e995dbdc1538595a"}
{"index": {"_index":"sim","_id":"3576152"}}
	{"id":3576152,"type":"buy","buyer":"assassyn","seller":"vcelier","symbol":"SIM","quantity":"7911.000","price":"0.00051075","timestamp":1654022292,"volume":"4.04054325","buyTxId":"361e5fd6269b364928075e507e4b52fa3ba99216","sellTxId":"8ec24fb30194cc986ad8d14c459e068711b54da8"}
{"index": {"_index":"sim","_id":"3576158"}}
	{"id":3576158,"type":"sell","buyer":"enginemaker","seller":"jelly-cz","symbol":"SIM","quantity":"3562.295","price":"0.00051000","timestamp":1654022379,"volume":"1.81677045","buyTxId":"MM-P-17809616-64800156-3-2-0","sellTxId":"MM-P-17872379-64863035-3-30-0"}
{"index": {"_index":"sim","_id":"3576159"}}
	{"id":3576159,"type":"sell","buyer":"he-index","seller":"jelly-cz","symbol":"SIM","quantity":"1292.157","price":"0.00051000","timestamp":1654022379,"volume":"0.65900007","buyTxId":"49858f76e1ee8959274f7f72221c52b6ee94b3b0","sellTxId":"MM-P-17872379-64863035-3-30-0"}
{"index": {"_index":"sim","_id":"3576174"}}
	{"id":3576174,"type":"sell","buyer":"cryptounicorn420","seller":"vetrnik","symbol":"SIM","quantity":"24996.794","price":"0.00050000","timestamp":1654022568,"volume":"12.49839700","buyTxId":"b6b9f8e90fde3a28850d2a60ca508c4dfb3311b1","sellTxId":"e174d43245fb4872c896c583009e1871273e7f48"}
{"index": {"_index":"sim","_id":"3576175"}}
	{"id":3576175,"type":"sell","buyer":"d-pend","seller":"vetrnik","symbol":"SIM","quantity":"1000000.000","price":"0.00050000","timestamp":1654022568,"volume":"500.00000000","buyTxId":"6cc9037339fa8ec77c1177dec66f0fc60a418b57","sellTxId":"e174d43245fb4872c896c583009e1871273e7f48"}
{"index": {"_index":"sim","_id":"3576176"}}
	{"id":3576176,"type":"buy","buyer":"konvik","seller":"vetrnik","symbol":"SIM","quantity":"107933.821","price":"0.00050000","timestamp":1654022574,"volume":"53.96691050","buyTxId":"7b872e0f408409e21f79c506d6f6a66ce5bd115e-0","sellTxId":"e174d43245fb4872c896c583009e1871273e7f48"}
{"index": {"_index":"sim","_id":"3576241"}}
	{"id":3576241,"type":"sell","buyer":"beco132","seller":"whitelightxpress","symbol":"SIM","quantity":"1.364","price":"0.00049500","timestamp":1654023363,"volume":"0.00067518","buyTxId":"218e1e7c51abb352cc106cd8abd73ab01a9292d6","sellTxId":"12e16ce546259a7dd159badbd836bec65a7ff62d"}
{"index": {"_index":"sim","_id":"3576415"}}
	{"id":3576415,"type":"buy","buyer":"frugal-fun","seller":"nftmart.fees","symbol":"SIM","quantity":"71.000","price":"0.00049922","timestamp":1654025703,"volume":"0.03544462","buyTxId":"e738b82bc83ada992a57c43efc53deb3166ffd93","sellTxId":"dd2d2e34ae51b39526820a62a22bfb5b73d63866-0"}
{"index": {"_index":"sim","_id":"3576418"}}
	{"id":3576418,"type":"buy","buyer":"frugal-fun","seller":"enginemaker","symbol":"SIM","quantity":"49019.608","price":"0.00049923","timestamp":1654025730,"volume":"24.47205890","buyTxId":"64b700fd0629691d0a009cbaf8a2ae11f819ce4c","sellTxId":"MM-P-17872479-64863135-3-2-1"}
{"index": {"_index":"sim","_id":"3576938"}}
	{"id":3576938,"type":"sell","buyer":"beco132","seller":"flaxz","symbol":"SIM","quantity":"2.688","price":"0.00049500","timestamp":1654029870,"volume":"0.00133056","buyTxId":"218e1e7c51abb352cc106cd8abd73ab01a9292d6","sellTxId":"672c42c8daf51a6b8872c1ee721cedbc74e210ab"}
{"index": {"_index":"sim","_id":"3577120"}}
	{"id":3577120,"type":"sell","buyer":"beco132","seller":"medaymane","symbol":"SIM","quantity":"3210.200","price":"0.00049500","timestamp":1654031802,"volume":"1.58904900","buyTxId":"218e1e7c51abb352cc106cd8abd73ab01a9292d6","sellTxId":"312cec64d6c41da402e166d470add8b700760303"}
{"index": {"_index":"sim","_id":"3577355"}}
	{"id":3577355,"type":"sell","buyer":"pi-trader","seller":"he-index","symbol":"SIM","quantity":"89.827","price":"0.00049501","timestamp":1654034586,"volume":"0.04446526","buyTxId":"a6385d566f4d44f12b49883310d05fd3c5bc3d19-2","sellTxId":"01784fc1de70166d6e0d598890cafc52e14cb29b"}
{"index": {"_index":"sim","_id":"3577602"}}
	{"id":3577602,"type":"sell","buyer":"pi-trader","seller":"maryjane.main","symbol":"SIM","quantity":"15621.000","price":"0.00049501","timestamp":1654035507,"volume":"7.73255121","buyTxId":"00bc9cc404e75c533d70f2d410b5b614ba72277b-3","sellTxId":"ce797ed75956b840997e4a11b94d2ec8bbb0671d"}
{"index": {"_index":"sim","_id":"3577661"}}
	{"id":3577661,"type":"sell","buyer":"pi-trader","seller":"maryjane.main","symbol":"SIM","quantity":"59798.000","price":"0.00049601","timestamp":1654036263,"volume":"29.66040598","buyTxId":"c684afccf3116e2144b0c54b7d570f3463cb5b8d-3","sellTxId":"2fb88148d50a37f91b0aca798c5ec60287196183"}
{"index": {"_index":"sim","_id":"3578062"}}
	{"id":3578062,"type":"buy","buyer":"balte","seller":"nftmart.fees","symbol":"SIM","quantity":"61.000","price":"0.00050199","timestamp":1654040559,"volume":"0.03062139","buyTxId":"788feb0e205d7f330aa67dda33ea29a25fef3f98","sellTxId":"ce0cd8d7f6f6caf314d173431eec88c44efe5d85-0"}
{"index": {"_index":"sim","_id":"3578063"}}
	{"id":3578063,"type":"buy","buyer":"balte","seller":"jelly-cz","symbol":"SIM","quantity":"59939.000","price":"0.00050200","timestamp":1654040559,"volume":"30.08937800","buyTxId":"788feb0e205d7f330aa67dda33ea29a25fef3f98","sellTxId":"MM-P-17873979-64864635-3-30-0"}
{"index": {"_index":"sim","_id":"3578231"}}
	{"id":3578231,"type":"sell","buyer":"pi-trader","seller":"dustindivitto","symbol":"SIM","quantity":"71352.000","price":"0.00049601","timestamp":1654041930,"volume":"35.39130552","buyTxId":"bda41147d5e636555be7d55af853e69e166b961a-5","sellTxId":"cf54cc5917340de2cecf7f09fbeec0378f5b3787"}
{"index": {"_index":"sim","_id":"3578423"}}
	{"id":3578423,"type":"sell","buyer":"pi-trader","seller":"taitux","symbol":"SIM","quantity":"542.346","price":"0.00049601","timestamp":1654043919,"volume":"0.26900904","buyTxId":"74cf3e18e0fa6c71717437ece3b301fe82a51539-3","sellTxId":"4c0820d4670ca785076e59bb97994bb56bbccd02"}
{"index": {"_index":"sim","_id":"3578472"}}
	{"id":3578472,"type":"sell","buyer":"pi-trader","seller":"dhedge-drips","symbol":"SIM","quantity":"12.500","price":"0.00049602","timestamp":1654044315,"volume":"0.00620025","buyTxId":"5c3fdae96847ac17e9790c9644f2cf5ef1e540e1-3","sellTxId":"b47032fe7744357dc4481fa9e966dbaf3b5726c8"}
{"index": {"_index":"sim","_id":"3578534"}}
	{"id":3578534,"type":"sell","buyer":"pi-trader","seller":"elevator09","symbol":"SIM","quantity":"3488.069","price":"0.00049602","timestamp":1654045053,"volume":"1.73015199","buyTxId":"aa0a31d7af2138486435b4e30cbbb0c1528ca89f-1","sellTxId":"ac8a56ab1faf95c0e15b9238f71e5e8c822607a8"}
{"index": {"_index":"sim","_id":"3578539"}}
	{"id":3578539,"type":"buy","buyer":"libert","seller":"nftmart.fees","symbol":"SIM","quantity":"53.000","price":"0.00050198","timestamp":1654045092,"volume":"0.02660494","buyTxId":"97aab3ba141b55ff4420f3fd51c61f3ed2858833","sellTxId":"35044628e0971a1b432576ae98df0f9a869405c9-0"}
{"index": {"_index":"sim","_id":"3578540"}}
	{"id":3578540,"type":"buy","buyer":"libert","seller":"dhedge-drips","symbol":"SIM","quantity":"12.500","price":"0.00050199","timestamp":1654045092,"volume":"0.00627488","buyTxId":"97aab3ba141b55ff4420f3fd51c61f3ed2858833","sellTxId":"4a5d539498eb70143f750e3de846a15ef84aa7d0"}
{"index": {"_index":"sim","_id":"3578541"}}
	{"id":3578541,"type":"buy","buyer":"libert","seller":"jelly-cz","symbol":"SIM","quantity":"3199.442","price":"0.00050200","timestamp":1654045092,"volume":"1.60612018","buyTxId":"97aab3ba141b55ff4420f3fd51c61f3ed2858833","sellTxId":"MM-P-17873979-64864635-3-30-0"}
{"index": {"_index":"sim","_id":"3578840"}}
	{"id":3578840,"type":"sell","buyer":"pi-trader","seller":"mindblast","symbol":"SIM","quantity":"9596.000","price":"0.00049602","timestamp":1654047579,"volume":"4.75980792","buyTxId":"af8c13788d84cde005b868c2afa581c251869996-3","sellTxId":"4ccdd17882ec6157e81462df8c98ad660e034f45"}
{"index": {"_index":"sim","_id":"3578920"}}
	{"id":3578920,"type":"sell","buyer":"pi-trader","seller":"igr6479","symbol":"SIM","quantity":"1000.000","price":"0.00049602","timestamp":1654048983,"volume":"0.49602000","buyTxId":"d1faf5a48b9687d168b85a42035e249e096117a1-3","sellTxId":"6e0deb25f7e78b711a7401667e0bef2312c0efd9"}
{"index": {"_index":"sim","_id":"3579037"}}
	{"id":3579037,"type":"buy","buyer":"cryptogillone","seller":"nftmart.fees","symbol":"SIM","quantity":"77.000","price":"0.00050199","timestamp":1654050723,"volume":"0.03865323","buyTxId":"148fc4d62780e594006da3261eaa8c0d753f68ae","sellTxId":"0fae64deca3880f984e81867585ca96ebbb93a76-0"}
{"index": {"_index":"sim","_id":"3579038"}}
	{"id":3579038,"type":"buy","buyer":"cryptogillone","seller":"jelly-cz","symbol":"SIM","quantity":"724.384","price":"0.00050200","timestamp":1654050723,"volume":"0.36364097","buyTxId":"148fc4d62780e594006da3261eaa8c0d753f68ae","sellTxId":"MM-P-17873979-64864635-3-30-0"}
{"index": {"_index":"sim","_id":"3579119"}}
	{"id":3579119,"type":"buy","buyer":"tommyl33","seller":"nftmart.fees","symbol":"SIM","quantity":"187.000","price":"0.00050199","timestamp":1654051965,"volume":"0.09387213","buyTxId":"3415e478344119b62596c3bf976405920ca407d1","sellTxId":"d7824111e9711eadc4eb616ce9b8d980cabd7f7d-0"}
{"index": {"_index":"sim","_id":"3579120"}}
	{"id":3579120,"type":"buy","buyer":"tommyl33","seller":"jelly-cz","symbol":"SIM","quantity":"9813.000","price":"0.00050200","timestamp":1654051965,"volume":"4.92612600","buyTxId":"3415e478344119b62596c3bf976405920ca407d1","sellTxId":"MM-P-17873979-64864635-3-30-0"}
