{"index": {"_index":"alive","_id":"4108737"}}
	{"id":4108737,"type":"sell","buyer":"ana-maria","seller":"caracasprin","symbol":"ALIVE","quantity":"6.5718","price":"0.02010201","timestamp":1660178592,"volume":"0.13210639","buyTxId":"0b36826ebf5ae408aaa10520ed819e826981c70f","sellTxId":"721aa60a15c9d6aabe857044bb4a7125a97b8b20"}
{"index": {"_index":"alive","_id":"4109204"}}
	{"id":4109204,"type":"sell","buyer":"ana-maria","seller":"mateodm03","symbol":"ALIVE","quantity":"8.2500","price":"0.02010201","timestamp":1660184994,"volume":"0.16584158","buyTxId":"0b36826ebf5ae408aaa10520ed819e826981c70f","sellTxId":"a3450f6b51b83a0fe255bc364e5c1d300a102122"}
{"index": {"_index":"alive","_id":"4109287"}}
	{"id":4109287,"type":"sell","buyer":"ana-maria","seller":"iamraincrystal","symbol":"ALIVE","quantity":"85.1782","price":"0.02010201","timestamp":1660186566,"volume":"1.71225303","buyTxId":"0b36826ebf5ae408aaa10520ed819e826981c70f","sellTxId":"a6482290a8de6dc6e1833a4ed8cf48a087063f07"}
{"index": {"_index":"alive","_id":"4109882"}}
	{"id":4109882,"type":"sell","buyer":"davidxxl","seller":"lottery-entry","symbol":"ALIVE","quantity":"20.5505","price":"0.02010110","timestamp":1660196403,"volume":"0.41308765","buyTxId":"dd81141176a18c55d5b8508631b6ba2524d13818","sellTxId":"ffbbb747bc1ec7b692e623595005c1f9b484ed47"}
{"index": {"_index":"alive","_id":"4109883"}}
	{"id":4109883,"type":"sell","buyer":"flaxz","seller":"lottery-entry","symbol":"ALIVE","quantity":"29.5591","price":"0.02010110","timestamp":1660196403,"volume":"0.59417043","buyTxId":"c4965437a1ff93ae9ee83824257ed930577a6472","sellTxId":"ffbbb747bc1ec7b692e623595005c1f9b484ed47"}
{"index": {"_index":"alive","_id":"4110124"}}
	{"id":4110124,"type":"buy","buyer":"mario89","seller":"listik303","symbol":"ALIVE","quantity":"24.8266","price":"0.02010201","timestamp":1660200621,"volume":"0.49906456","buyTxId":"c1bea30764546e2fec2aaf2612db400e96e36ce6","sellTxId":"699ad7890bc9517b2d68976bca5c3d1cc262a634"}
{"index": {"_index":"alive","_id":"4110249"}}
	{"id":4110249,"type":"buy","buyer":"ana-maria","seller":"listik303","symbol":"ALIVE","quantity":"329.6074","price":"0.02010201","timestamp":1660202388,"volume":"6.62577125","buyTxId":"1e00c61fe4e68e1abbcb6658a59cb33d75763e09","sellTxId":"699ad7890bc9517b2d68976bca5c3d1cc262a634"}
{"index": {"_index":"alive","_id":"4110445"}}
	{"id":4110445,"type":"sell","buyer":"flaxz","seller":"mervinthepogi","symbol":"ALIVE","quantity":"25.0000","price":"0.02010110","timestamp":1660204650,"volume":"0.50252750","buyTxId":"c4965437a1ff93ae9ee83824257ed930577a6472","sellTxId":"4a823ece54b07fb9d1cbeb936ec4c8c76e2d4c38"}
{"index": {"_index":"alive","_id":"4110519"}}
	{"id":4110519,"type":"sell","buyer":"flaxz","seller":"florenceboens","symbol":"ALIVE","quantity":"4.5736","price":"0.02010110","timestamp":1660205196,"volume":"0.09193439","buyTxId":"c4965437a1ff93ae9ee83824257ed930577a6472","sellTxId":"2f08e4f4676fd6fddc11f3edb407952b095ef698"}
{"index": {"_index":"alive","_id":"4111260"}}
	{"id":4111260,"type":"buy","buyer":"gestion.alive","seller":"ben.haase","symbol":"ALIVE","quantity":"2.4716","price":"0.02499899","timestamp":1660218066,"volume":"0.06178750","buyTxId":"76a09e2bff768b6200f063c4b610a92ae319fca7","sellTxId":"548345a0d484a48d53b9a39c2a35249def9995e9"}
{"index": {"_index":"alive","_id":"4111261"}}
	{"id":4111261,"type":"buy","buyer":"gestion.alive","seller":"ben.haase","symbol":"ALIVE","quantity":"0.4149","price":"0.02499899","timestamp":1660218066,"volume":"0.01037208","buyTxId":"76a09e2bff768b6200f063c4b610a92ae319fca7","sellTxId":"1f75f72633afbc1ebd7f803b6f556c3edc382be7"}
{"index": {"_index":"alive","_id":"4111262"}}
	{"id":4111262,"type":"buy","buyer":"gestion.alive","seller":"onlydoge","symbol":"ALIVE","quantity":"9.9255","price":"0.02499900","timestamp":1660218066,"volume":"0.24812757","buyTxId":"76a09e2bff768b6200f063c4b610a92ae319fca7","sellTxId":"90c47e132dd0dc7721c2256e19465d778556cc12"}
{"index": {"_index":"alive","_id":"4111273"}}
	{"id":4111273,"type":"sell","buyer":"flaxz","seller":"hankanon","symbol":"ALIVE","quantity":"0.7159","price":"0.02010110","timestamp":1660218198,"volume":"0.01439038","buyTxId":"c4965437a1ff93ae9ee83824257ed930577a6472","sellTxId":"7a59ece22cafedaad939380a6d640fd080756d85"}
{"index": {"_index":"alive","_id":"4111961"}}
	{"id":4111961,"type":"buy","buyer":"pixresteemer","seller":"noonespecialz","symbol":"ALIVE","quantity":"0.3342","price":"0.02400000","timestamp":1660227147,"volume":"0.00802080","buyTxId":"23ffde631bb30ec5b7748ad2f8156263d574191f","sellTxId":"a3473ba44ca94a57e7a94c879411db1e10393bb6"}
{"index": {"_index":"alive","_id":"4112125"}}
	{"id":4112125,"type":"sell","buyer":"steem-holder","seller":"pjansen","symbol":"ALIVE","quantity":"0.2","price":"0.02100000","timestamp":1660229115,"volume":"0.00420000","buyTxId":"e769a28d687ef9123693403cafc9309415e53a2f","sellTxId":"1014e6bc2bfaf4059129a44e8ccfcbffa2d09658"}
{"index": {"_index":"alive","_id":"4112235"}}
	{"id":4112235,"type":"sell","buyer":"steem-holder","seller":"faireye","symbol":"ALIVE","quantity":"15.0328","price":"0.02100000","timestamp":1660230069,"volume":"0.31568880","buyTxId":"e769a28d687ef9123693403cafc9309415e53a2f","sellTxId":"8dd14136c974ce90a312f9c2b06d171ad49232ab"}
{"index": {"_index":"alive","_id":"4113286"}}
	{"id":4113286,"type":"sell","buyer":"steem-holder","seller":"eghnim","symbol":"ALIVE","quantity":"0.1000","price":"0.02100000","timestamp":1660240626,"volume":"0.00210000","buyTxId":"e769a28d687ef9123693403cafc9309415e53a2f","sellTxId":"0a1d62fa8fc98bbf9413bd101b44ea2e9387e138"}
{"index": {"_index":"alive","_id":"4113747"}}
	{"id":4113747,"type":"sell","buyer":"roger.remix","seller":"dswap","symbol":"ALIVE","quantity":"14","price":"0.02106000","timestamp":1660244754,"volume":"0.29484000","buyTxId":"96533cbbffce3875d5fbfb25c53921268a228d3a","sellTxId":"f3a4d1fc01dd0d034e8e2ac152d0e94e236063cf"}
{"index": {"_index":"alive","_id":"4113817"}}
	{"id":4113817,"type":"buy","buyer":"gestion.alive","seller":"onlydoge","symbol":"ALIVE","quantity":"28.6815","price":"0.02499900","timestamp":1660245489,"volume":"0.71700882","buyTxId":"b60bd0750a15c67bfdebc71b7d4949b3a3f1db16","sellTxId":"90c47e132dd0dc7721c2256e19465d778556cc12"}
{"index": {"_index":"alive","_id":"4114040"}}
	{"id":4114040,"type":"sell","buyer":"steem-holder","seller":"ironshield","symbol":"ALIVE","quantity":"13.5997","price":"0.02110000","timestamp":1660248651,"volume":"0.28695367","buyTxId":"a3a2cbf1589b71e9cb3c57ff4f570c59228afda2","sellTxId":"703cc8333c0e276b8a2e06f7e75c13d3248c2469"}
{"index": {"_index":"alive","_id":"4114361"}}
	{"id":4114361,"type":"sell","buyer":"steem-holder","seller":"etorobong","symbol":"ALIVE","quantity":"79.6230","price":"0.02110000","timestamp":1660253424,"volume":"1.68004530","buyTxId":"a3a2cbf1589b71e9cb3c57ff4f570c59228afda2","sellTxId":"4b2a6f7d0bb5c7edbbf9e059164649da2fc1e3ed"}
{"index": {"_index":"alive","_id":"4114584"}}
	{"id":4114584,"type":"sell","buyer":"steem-holder","seller":"zealous4ever","symbol":"ALIVE","quantity":"150.7773","price":"0.02110000","timestamp":1660256574,"volume":"3.18140103","buyTxId":"a3a2cbf1589b71e9cb3c57ff4f570c59228afda2","sellTxId":"63c3efc89452c12c88276ab9fa64757853cef835"}
{"index": {"_index":"alive","_id":"4114592"}}
	{"id":4114592,"type":"sell","buyer":"roger.remix","seller":"zealous4ever","symbol":"ALIVE","quantity":"150.0300","price":"0.02106000","timestamp":1660256652,"volume":"3.15963180","buyTxId":"96533cbbffce3875d5fbfb25c53921268a228d3a","sellTxId":"21d2cfdd280d8b7b39aca9f09037a91acadab77c"}
{"index": {"_index":"alive","_id":"4114828"}}
	{"id":4114828,"type":"sell","buyer":"roger.remix","seller":"jlufer","symbol":"ALIVE","quantity":"137.7692","price":"0.02106000","timestamp":1660259625,"volume":"2.90141935","buyTxId":"96533cbbffce3875d5fbfb25c53921268a228d3a","sellTxId":"5317c2418a1a49e3ba6e6de45a01cdf29ab5662a"}
{"index": {"_index":"alive","_id":"4115243"}}
	{"id":4115243,"type":"sell","buyer":"roger.remix","seller":"cryptonotes","symbol":"ALIVE","quantity":"14.0567","price":"0.02106000","timestamp":1660263213,"volume":"0.29603410","buyTxId":"96533cbbffce3875d5fbfb25c53921268a228d3a","sellTxId":"8bbd4492540e36328698e972f7b6a3566c6d724e"}
