{"index": {"_index":"alive","_id":"4028306"}}
	{"id":4028306,"type":"buy","buyer":"ironshield","seller":"ironshield","symbol":"ALIVE","quantity":"5.0000","price":"0.03777000","timestamp":1659236769,"volume":"0.18885000","buyTxId":"5281c45f94448c97d1470c5313fed9e0687e2061","sellTxId":"ec0dd940e0a0961791ee971180fcead95912f6ce"}
{"index": {"_index":"alive","_id":"4028628"}}
	{"id":4028628,"type":"sell","buyer":"ironshield","seller":"aldrahad","symbol":"ALIVE","quantity":"2.1816","price":"0.03000000","timestamp":1659241365,"volume":"0.06544800","buyTxId":"eee93c77202e4a1d49a0dffbda24c882beaf6171","sellTxId":"5640fe674bc989f9fe7157fa0d0a3adc518b8a76"}
{"index": {"_index":"alive","_id":"4029050"}}
	{"id":4029050,"type":"sell","buyer":"ironshield","seller":"chireerocks","symbol":"ALIVE","quantity":"6.3296","price":"0.03000000","timestamp":1659248004,"volume":"0.18988800","buyTxId":"eee93c77202e4a1d49a0dffbda24c882beaf6171","sellTxId":"663e748a971ed61036c8356257d251c78242273f"}
{"index": {"_index":"alive","_id":"4029369"}}
	{"id":4029369,"type":"sell","buyer":"ironshield","seller":"assassyn","symbol":"ALIVE","quantity":"12.8139","price":"0.03000000","timestamp":1659252504,"volume":"0.38441700","buyTxId":"eee93c77202e4a1d49a0dffbda24c882beaf6171","sellTxId":"8b4044a3184cf7b07ed35ddd2db737accbbb50ca"}
{"index": {"_index":"alive","_id":"4030070"}}
	{"id":4030070,"type":"sell","buyer":"ironshield","seller":"lottery-entry","symbol":"ALIVE","quantity":"0.0363","price":"0.03000000","timestamp":1659260679,"volume":"0.00108900","buyTxId":"eee93c77202e4a1d49a0dffbda24c882beaf6171","sellTxId":"9968d664a5b274333c1b2f1afb111d097bf0bdfd"}
{"index": {"_index":"alive","_id":"4030095"}}
	{"id":4030095,"type":"buy","buyer":"gestion.alive","seller":"ben.haase","symbol":"ALIVE","quantity":"1.9556","price":"0.03698999","timestamp":1659261138,"volume":"0.07233762","buyTxId":"1a8a73863485df0959688fd9736c7903209215b6","sellTxId":"8e9617e7cfd8744337c1c681d36a7d83d09fcc6a"}
{"index": {"_index":"alive","_id":"4030096"}}
	{"id":4030096,"type":"buy","buyer":"gestion.alive","seller":"onlydoge","symbol":"ALIVE","quantity":"6.7207","price":"0.03699000","timestamp":1659261138,"volume":"0.24859869","buyTxId":"1a8a73863485df0959688fd9736c7903209215b6","sellTxId":"042fab71b450a0016a71c6fb4c399322361a5526"}
{"index": {"_index":"alive","_id":"4030404"}}
	{"id":4030404,"type":"sell","buyer":"ironshield","seller":"iamraincrystal","symbol":"ALIVE","quantity":"78.6386","price":"0.03000000","timestamp":1659263520,"volume":"2.35915800","buyTxId":"eee93c77202e4a1d49a0dffbda24c882beaf6171","sellTxId":"85dab07e7fb34fb0bc9446f6e313197cbc6be809"}
{"index": {"_index":"alive","_id":"4030851"}}
	{"id":4030851,"type":"sell","buyer":"ana-maria","seller":"dswap","symbol":"ALIVE","quantity":"0.041","price":"0.02910101","timestamp":1659270300,"volume":"0.00119314","buyTxId":"97f9cc6a08af4c1e77abbe21159341c3b910131d","sellTxId":"1a9479f447b6a1bab924744523931bc818fd0a28"}
{"index": {"_index":"alive","_id":"4030865"}}
	{"id":4030865,"type":"sell","buyer":"ana-maria","seller":"hankanon","symbol":"ALIVE","quantity":"0.5768","price":"0.02910101","timestamp":1659270432,"volume":"0.01678546","buyTxId":"97f9cc6a08af4c1e77abbe21159341c3b910131d","sellTxId":"9a9941bdf47cb398b414fbd203b5cd8dbf6f7fe7"}
{"index": {"_index":"alive","_id":"4031557"}}
	{"id":4031557,"type":"buy","buyer":"gestion.alive","seller":"onlydoge","symbol":"ALIVE","quantity":"62.9049","price":"0.03699000","timestamp":1659278262,"volume":"2.32685225","buyTxId":"10b5147d97aff719ccf87598c862b43ffd74900c","sellTxId":"042fab71b450a0016a71c6fb4c399322361a5526"}
{"index": {"_index":"alive","_id":"4031559"}}
	{"id":4031559,"type":"buy","buyer":"gestion.alive","seller":"mypathtofire","symbol":"ALIVE","quantity":"28.0000","price":"0.03700000","timestamp":1659278283,"volume":"1.03600000","buyTxId":"67587fc677d6d545b0b879d1e14008387b096e14","sellTxId":"da6a76ab993ea0915b78d05763050aae9199d31f"}
{"index": {"_index":"alive","_id":"4032111"}}
	{"id":4032111,"type":"sell","buyer":"onlydoge","seller":"vaporent","symbol":"ALIVE","quantity":"0.8707","price":"0.03201000","timestamp":1659284466,"volume":"0.02787111","buyTxId":"94db4a6bd579505ed59efbd854f8c84730686e29","sellTxId":"7f13aa316df27e805fff75cb98b24e986da5192b"}
{"index": {"_index":"alive","_id":"4032211"}}
	{"id":4032211,"type":"sell","buyer":"onlydoge","seller":"jlufer","symbol":"ALIVE","quantity":"218.2337","price":"0.03201000","timestamp":1659285540,"volume":"6.98566074","buyTxId":"94db4a6bd579505ed59efbd854f8c84730686e29","sellTxId":"5d87418cc36f3574e99e4610face1df4d23363f2"}
{"index": {"_index":"alive","_id":"4032425"}}
	{"id":4032425,"type":"sell","buyer":"ana-maria","seller":"therealsnowjon","symbol":"ALIVE","quantity":"50.0000","price":"0.03201001","timestamp":1659288711,"volume":"1.60050050","buyTxId":"9d058fcd61b1d83cd6efc6bc0bea9fe2ffd1c918","sellTxId":"ba256099fcbc6418ec5c38b8523346ea166b0a2d"}
{"index": {"_index":"alive","_id":"4032426"}}
	{"id":4032426,"type":"sell","buyer":"pixresteemer","seller":"therealsnowjon","symbol":"ALIVE","quantity":"61.0000","price":"0.03200000","timestamp":1659288735,"volume":"1.95200000","buyTxId":"33e173a2cbfa2b0c40e8c7bbdf91954155e6b5f9","sellTxId":"37924384f61c5c9317a6c8c6de7a220dad165156"}
{"index": {"_index":"alive","_id":"4032429"}}
	{"id":4032429,"type":"sell","buyer":"steem-holder","seller":"therealsnowjon","symbol":"ALIVE","quantity":"70.0000","price":"0.03100000","timestamp":1659288777,"volume":"2.17000000","buyTxId":"208b519cc6b11f479dd01a4dca6fa349a4bde78a","sellTxId":"1a2e7c3518c787c864540e5f855ab1e9a446adcd"}
{"index": {"_index":"alive","_id":"4032430"}}
	{"id":4032430,"type":"sell","buyer":"ben.haase","seller":"therealsnowjon","symbol":"ALIVE","quantity":"2.4857","price":"0.02910102","timestamp":1659288804,"volume":"0.07233641","buyTxId":"ed1797b1ac2d3734d4943d1ffeff75110703ca59","sellTxId":"2ad6fcbf765984b33529a1eafad7ee26b8496123"}
{"index": {"_index":"alive","_id":"4032431"}}
	{"id":4032431,"type":"sell","buyer":"ana-maria","seller":"therealsnowjon","symbol":"ALIVE","quantity":"25.4893","price":"0.02910101","timestamp":1659288804,"volume":"0.74176437","buyTxId":"97f9cc6a08af4c1e77abbe21159341c3b910131d","sellTxId":"2ad6fcbf765984b33529a1eafad7ee26b8496123"}
{"index": {"_index":"alive","_id":"4033024"}}
	{"id":4033024,"type":"buy","buyer":"edgerik","seller":"fredkese","symbol":"ALIVE","quantity":"13.0000","price":"0.03869900","timestamp":1659295506,"volume":"0.50308700","buyTxId":"e0a2f8d15c912122fbe7dfe1784efb07bd4d37b9","sellTxId":"fe05cd0e4315609a891f5b925f12d304f04b224f"}
{"index": {"_index":"alive","_id":"4033509"}}
	{"id":4033509,"type":"sell","buyer":"steem-holder","seller":"bilpcoinbot","symbol":"ALIVE","quantity":"0.7912","price":"0.03000000","timestamp":1659300231,"volume":"0.02373600","buyTxId":"8aa83fff5e9699865d39d30e067bcb28c58a18a1","sellTxId":"456326a2a65a9d5c9203842db122d283e1d83b3c"}
{"index": {"_index":"alive","_id":"4033590"}}
	{"id":4033590,"type":"sell","buyer":"steem-holder","seller":"bilpcoinbot","symbol":"ALIVE","quantity":"0.2584","price":"0.03000000","timestamp":1659301083,"volume":"0.00775200","buyTxId":"8aa83fff5e9699865d39d30e067bcb28c58a18a1","sellTxId":"da953fc82e230cf13c9ea69c4d11c6130fbeef07"}
{"index": {"_index":"alive","_id":"4033605"}}
	{"id":4033605,"type":"sell","buyer":"steem-holder","seller":"apoloo1","symbol":"ALIVE","quantity":"5.5593","price":"0.03000000","timestamp":1659301248,"volume":"0.16677900","buyTxId":"8aa83fff5e9699865d39d30e067bcb28c58a18a1","sellTxId":"25024e8341c7acf8f5521f3d196fd0a38cca580b"}
{"index": {"_index":"alive","_id":"4035074"}}
	{"id":4035074,"type":"sell","buyer":"steem-holder","seller":"gank","symbol":"ALIVE","quantity":"16.3911","price":"0.03000000","timestamp":1659313836,"volume":"0.49173300","buyTxId":"8aa83fff5e9699865d39d30e067bcb28c58a18a1","sellTxId":"a6e534c7e7c0c3f242ac5bbd28a8398185017224"}
{"index": {"_index":"alive","_id":"4035075"}}
	{"id":4035075,"type":"sell","buyer":"ana-maria","seller":"gank","symbol":"ALIVE","quantity":"1.0153","price":"0.02910101","timestamp":1659313836,"volume":"0.02954626","buyTxId":"97f9cc6a08af4c1e77abbe21159341c3b910131d","sellTxId":"a6e534c7e7c0c3f242ac5bbd28a8398185017224"}
