{"index": {"_index":"alive","_id":"3924297"}}
	{"id":3924297,"type":"sell","buyer":"ana-maria","seller":"jlufer","symbol":"ALIVE","quantity":"20.0000","price":"0.01983993","timestamp":1658021100,"volume":"0.39679860","buyTxId":"6b5ca0cfc3edca9a5a9d783ba1536b8b5efad3f9","sellTxId":"38a45f2a72bc5e6f4da16d589bc8242cca430fd9"}
{"index": {"_index":"alive","_id":"3924298"}}
	{"id":3924298,"type":"sell","buyer":"misterc","seller":"jlufer","symbol":"ALIVE","quantity":"34.0000","price":"0.01983992","timestamp":1658021100,"volume":"0.67455728","buyTxId":"dff33fda014d90e7b23ab0b634477d114cfccf77","sellTxId":"38a45f2a72bc5e6f4da16d589bc8242cca430fd9"}
{"index": {"_index":"alive","_id":"3924307"}}
	{"id":3924307,"type":"sell","buyer":"misterc","seller":"jlufer","symbol":"ALIVE","quantity":"0.1922","price":"0.01983992","timestamp":1658021184,"volume":"0.00381323","buyTxId":"dff33fda014d90e7b23ab0b634477d114cfccf77","sellTxId":"6e2625b08c756d2842a1a1f414437d05083266c2"}
{"index": {"_index":"alive","_id":"3924308"}}
	{"id":3924308,"type":"sell","buyer":"misterc","seller":"jlufer","symbol":"ALIVE","quantity":"100.0000","price":"0.01983992","timestamp":1658021184,"volume":"1.98399200","buyTxId":"48283ffc0af16f2fbb681d02565c092b50750ab3","sellTxId":"6e2625b08c756d2842a1a1f414437d05083266c2"}
{"index": {"_index":"alive","_id":"3924309"}}
	{"id":3924309,"type":"sell","buyer":"misterc","seller":"jlufer","symbol":"ALIVE","quantity":"96.8078","price":"0.01983992","timestamp":1658021184,"volume":"1.92065901","buyTxId":"a46a03d6cd9ab40cde9af454872fe891af5141c2","sellTxId":"6e2625b08c756d2842a1a1f414437d05083266c2"}
{"index": {"_index":"alive","_id":"3925284"}}
	{"id":3925284,"type":"sell","buyer":"misterc","seller":"iamraincrystal","symbol":"ALIVE","quantity":"3.1922","price":"0.01983992","timestamp":1658038557,"volume":"0.06333299","buyTxId":"a46a03d6cd9ab40cde9af454872fe891af5141c2","sellTxId":"72285d59249d59864a283d810dd1d90fa0607ec8"}
{"index": {"_index":"alive","_id":"3925285"}}
	{"id":3925285,"type":"sell","buyer":"flaxz","seller":"iamraincrystal","symbol":"ALIVE","quantity":"89.0060","price":"0.01983992","timestamp":1658038557,"volume":"1.76587192","buyTxId":"be07bc7ab06de1f1c3ea94be51ffcdc52a37c8be","sellTxId":"72285d59249d59864a283d810dd1d90fa0607ec8"}
{"index": {"_index":"alive","_id":"3925286"}}
	{"id":3925286,"type":"sell","buyer":"flaxz","seller":"iamraincrystal","symbol":"ALIVE","quantity":"107.8018","price":"0.01983992","timestamp":1658038557,"volume":"2.13877909","buyTxId":"0d7583d06f2f5cb7d3304cdb590cb412c8f55a01","sellTxId":"72285d59249d59864a283d810dd1d90fa0607ec8"}
{"index": {"_index":"alive","_id":"3925598"}}
	{"id":3925598,"type":"sell","buyer":"flaxz","seller":"ben.haase","symbol":"ALIVE","quantity":"4.1061","price":"0.01983992","timestamp":1658042073,"volume":"0.08146470","buyTxId":"0d7583d06f2f5cb7d3304cdb590cb412c8f55a01","sellTxId":"25ac0fd7edbcf3e3736807d62aafa69ca375629e"}
{"index": {"_index":"alive","_id":"3925977"}}
	{"id":3925977,"type":"sell","buyer":"flaxz","seller":"florenceboens","symbol":"ALIVE","quantity":"0.6053","price":"0.01983992","timestamp":1658046477,"volume":"0.01200910","buyTxId":"0d7583d06f2f5cb7d3304cdb590cb412c8f55a01","sellTxId":"eeb3675c1857e37cd586d2b058bfd1b6aec9613a"}
{"index": {"_index":"alive","_id":"3926650"}}
	{"id":3926650,"type":"buy","buyer":"hirohurl","seller":"onlydoge","symbol":"ALIVE","quantity":"1.8494","price":"0.02897000","timestamp":1658057811,"volume":"0.05357712","buyTxId":"461c9ec47131806938c5ca2009a4f57b1875706d","sellTxId":"890dfef1d1ace47ab81f612199c14fb7a55dcb19"}
{"index": {"_index":"alive","_id":"3927124"}}
	{"id":3927124,"type":"sell","buyer":"flaxz","seller":"ben.haase","symbol":"ALIVE","quantity":"0.4607","price":"0.01983992","timestamp":1658064588,"volume":"0.00914025","buyTxId":"0d7583d06f2f5cb7d3304cdb590cb412c8f55a01","sellTxId":"1206f83aea141e1091fd3a76dc162fd22fc1f028"}
{"index": {"_index":"alive","_id":"3928077"}}
	{"id":3928077,"type":"buy","buyer":"ironshield","seller":"yintercept","symbol":"ALIVE","quantity":"3.8047","price":"0.02890000","timestamp":1658074329,"volume":"0.10995583","buyTxId":"4108646d6ced39b6e2792f19080714e9fdbd02af","sellTxId":"688df76654f032d72e223a7311d817f48623a7f3"}
{"index": {"_index":"alive","_id":"3928078"}}
	{"id":3928078,"type":"buy","buyer":"ironshield","seller":"onlydoge","symbol":"ALIVE","quantity":"1.1953","price":"0.02897000","timestamp":1658074329,"volume":"0.03462784","buyTxId":"4108646d6ced39b6e2792f19080714e9fdbd02af","sellTxId":"890dfef1d1ace47ab81f612199c14fb7a55dcb19"}
{"index": {"_index":"alive","_id":"3928851"}}
	{"id":3928851,"type":"sell","buyer":"flaxz","seller":"ben.haase","symbol":"ALIVE","quantity":"0.9406","price":"0.01983992","timestamp":1658081553,"volume":"0.01866143","buyTxId":"0d7583d06f2f5cb7d3304cdb590cb412c8f55a01","sellTxId":"b67fce7e1c49c40d45270dca267d4d57dc6dd05a"}
{"index": {"_index":"alive","_id":"3929064"}}
	{"id":3929064,"type":"sell","buyer":"flaxz","seller":"lisamgentile1961","symbol":"ALIVE","quantity":"2.6414","price":"0.01983992","timestamp":1658084154,"volume":"0.05240516","buyTxId":"0d7583d06f2f5cb7d3304cdb590cb412c8f55a01","sellTxId":"b790ed27fb17e4dc5a07c6f7b887d7dbe549e695"}
{"index": {"_index":"alive","_id":"3929970"}}
	{"id":3929970,"type":"sell","buyer":"flaxz","seller":"ben.haase","symbol":"ALIVE","quantity":"0.4626","price":"0.01983992","timestamp":1658087067,"volume":"0.00917795","buyTxId":"0d7583d06f2f5cb7d3304cdb590cb412c8f55a01","sellTxId":"beca6b4e2440df592d77fe1beea65d47e4b3688f"}
{"index": {"_index":"alive","_id":"3930161"}}
	{"id":3930161,"type":"buy","buyer":"alive.chat","seller":"onlydoge","symbol":"ALIVE","quantity":"29.3525","price":"0.02897000","timestamp":1658089611,"volume":"0.8503445","buyTxId":"aee510a1d67d6a081160e96b001c2d6a5191cd28","sellTxId":"890dfef1d1ace47ab81f612199c14fb7a55dcb19"}
{"index": {"_index":"alive","_id":"3930812"}}
	{"id":3930812,"type":"sell","buyer":"flaxz","seller":"pjansen","symbol":"ALIVE","quantity":"0.2","price":"0.01983992","timestamp":1658098167,"volume":"0.00396798","buyTxId":"0d7583d06f2f5cb7d3304cdb590cb412c8f55a01","sellTxId":"4b5dc032d7750070dd0dc83a2b30fa69b47b0eb0"}
{"index": {"_index":"alive","_id":"3930850"}}
	{"id":3930850,"type":"sell","buyer":"flaxz","seller":"ministickupboy","symbol":"ALIVE","quantity":"3.1740","price":"0.01983992","timestamp":1658098650,"volume":"0.06297191","buyTxId":"0d7583d06f2f5cb7d3304cdb590cb412c8f55a01","sellTxId":"c4310c023d4298802aa63c31b2c60e0bdbf8d52a"}
{"index": {"_index":"alive","_id":"3930851"}}
	{"id":3930851,"type":"sell","buyer":"flaxz","seller":"ministickupboy","symbol":"ALIVE","quantity":"42.8260","price":"0.01983992","timestamp":1658098650,"volume":"0.84966441","buyTxId":"58a003cd13458f1a992297e84cacb88738b1429f","sellTxId":"c4310c023d4298802aa63c31b2c60e0bdbf8d52a"}
