{"index": {"_index":"alive","_id":"4076076"}}
	{"id":4076076,"type":"sell","buyer":"pixresteemer","seller":"rishi556","symbol":"ALIVE","quantity":"1.6279","price":"0.02100000","timestamp":1659751818,"volume":"0.03418590","buyTxId":"de6209196f03a9a4fd36d8d3ce1b0fdaac1c1ccf","sellTxId":"102d313fc78b0cca0ac15a3138f4e3a49b8ace23-21"}
{"index": {"_index":"alive","_id":"4077559"}}
	{"id":4077559,"type":"buy","buyer":"vocup","seller":"lennethvalkyrie","symbol":"ALIVE","quantity":"34.3947","price":"0.03488800","timestamp":1659773181,"volume":"1.19996229","buyTxId":"91ad0e618a2a0cdca2a387da444ea0cad0474704","sellTxId":"e8247338e18273ba86dd8aa1f065971113491d2d"}
{"index": {"_index":"alive","_id":"4078328"}}
	{"id":4078328,"type":"sell","buyer":"ana-maria","seller":"lottery-entry","symbol":"ALIVE","quantity":"0.2073","price":"0.02130001","timestamp":1659784875,"volume":"0.00441549","buyTxId":"1a15a67b2369b3a928b71e517c1e985a7b41e967","sellTxId":"5f026d2056d431b54582598265468fee7308b5eb"}
{"index": {"_index":"alive","_id":"4079011"}}
	{"id":4079011,"type":"sell","buyer":"ana-maria","seller":"lisamgentile1961","symbol":"ALIVE","quantity":"1.8006","price":"0.02130001","timestamp":1659794484,"volume":"0.03835280","buyTxId":"1a15a67b2369b3a928b71e517c1e985a7b41e967","sellTxId":"0beae96f147290e5837aa0e44017c5b33634b410"}
{"index": {"_index":"alive","_id":"4079157"}}
	{"id":4079157,"type":"sell","buyer":"ana-maria","seller":"chireerocks","symbol":"ALIVE","quantity":"2.3736","price":"0.02130001","timestamp":1659796224,"volume":"0.05055770","buyTxId":"1a15a67b2369b3a928b71e517c1e985a7b41e967","sellTxId":"76e302cd2abefeba5a788d24cb1d28767064d066"}
{"index": {"_index":"alive","_id":"4079182"}}
	{"id":4079182,"type":"sell","buyer":"ana-maria","seller":"mba2020","symbol":"ALIVE","quantity":"2.1190","price":"0.02130001","timestamp":1659796446,"volume":"0.04513472","buyTxId":"1a15a67b2369b3a928b71e517c1e985a7b41e967","sellTxId":"ab9e9a880e06c7ff2d4ca76805cd7bc34757d024"}
{"index": {"_index":"alive","_id":"4079701"}}
	{"id":4079701,"type":"buy","buyer":"gestion.alive","seller":"brutalmonkey","symbol":"ALIVE","quantity":"0.7912","price":"0.03299499","timestamp":1659803190,"volume":"0.02610564","buyTxId":"7555795cc65d4e6ddf70243801b758f06ec3902c","sellTxId":"4c6c94a3a7dfd4eafc083044879caef76427d489"}
{"index": {"_index":"alive","_id":"4079702"}}
	{"id":4079702,"type":"buy","buyer":"gestion.alive","seller":"mervinthepogi","symbol":"ALIVE","quantity":"7.3759","price":"0.03299499","timestamp":1659803190,"volume":"0.24336774","buyTxId":"7555795cc65d4e6ddf70243801b758f06ec3902c","sellTxId":"b051f8cd44f105f5a3459449360ec3d6e8cfaf6d"}
{"index": {"_index":"alive","_id":"4079716"}}
	{"id":4079716,"type":"buy","buyer":"thx.bht","seller":"mervinthepogi","symbol":"ALIVE","quantity":"193.6482","price":"0.03299499","timestamp":1659803340,"volume":"6.38942042","buyTxId":"8514c150637a9b91bedaa51273a14d91b7ac7565","sellTxId":"b051f8cd44f105f5a3459449360ec3d6e8cfaf6d"}
{"index": {"_index":"alive","_id":"4080078"}}
	{"id":4080078,"type":"sell","buyer":"ana-maria","seller":"wine-cellar","symbol":"ALIVE","quantity":"93.4995","price":"0.02130001","timestamp":1659807897,"volume":"1.99154028","buyTxId":"1a15a67b2369b3a928b71e517c1e985a7b41e967","sellTxId":"0820bf856ca8c77eb8b724a78a1fcbdeb29a548e"}
{"index": {"_index":"alive","_id":"4080277"}}
	{"id":4080277,"type":"sell","buyer":"roger.remix","seller":"marketroll","symbol":"ALIVE","quantity":"432.0000","price":"0.02130000","timestamp":1659809544,"volume":"9.20160000","buyTxId":"d91f3870597ee989f981dcaa3d1a5b3bb34c6b06","sellTxId":"5a1a4744ba8e25233983cd4c07a0c66b9e031647"}
{"index": {"_index":"alive","_id":"4080280"}}
	{"id":4080280,"type":"sell","buyer":"pixresteemer","seller":"marketroll","symbol":"ALIVE","quantity":"81.5690","price":"0.02100000","timestamp":1659809574,"volume":"1.71294900","buyTxId":"de6209196f03a9a4fd36d8d3ce1b0fdaac1c1ccf","sellTxId":"279df8f0109d04d603deb9c7a4f32f114bde2bf6"}
{"index": {"_index":"alive","_id":"4080288"}}
	{"id":4080288,"type":"sell","buyer":"davidxxl","seller":"marketroll","symbol":"ALIVE","quantity":"50.0000","price":"0.02001000","timestamp":1659809619,"volume":"1.00050000","buyTxId":"adbc8f9ba19daaceeac45f2415785b173f2512a5","sellTxId":"769d2b865f3871a95a5e0b6b006a2eb7f86c5e19"}
{"index": {"_index":"alive","_id":"4080289"}}
	{"id":4080289,"type":"sell","buyer":"flaxz","seller":"marketroll","symbol":"ALIVE","quantity":"243.5553","price":"0.02000000","timestamp":1659809619,"volume":"4.87110600","buyTxId":"a5f6802c3457e42977211bd15ec17868ab22fedc","sellTxId":"769d2b865f3871a95a5e0b6b006a2eb7f86c5e19"}
{"index": {"_index":"alive","_id":"4080293"}}
	{"id":4080293,"type":"sell","buyer":"flaxz","seller":"marketroll","symbol":"ALIVE","quantity":"249.1000","price":"0.01901000","timestamp":1659809652,"volume":"4.73539100","buyTxId":"18abd4e7d423b4d8b709d2b3070bcf0b9c83be75","sellTxId":"894b3e41a211711979a910a98c2a5bfc6a8d17d9"}
{"index": {"_index":"alive","_id":"4080297"}}
	{"id":4080297,"type":"sell","buyer":"roger.remix","seller":"marketroll","symbol":"ALIVE","quantity":"900.0000","price":"0.01818000","timestamp":1659809691,"volume":"16.36200000","buyTxId":"89c1869fe74c2a675e33f86c12f6ecb5d26a7f97","sellTxId":"e2159b2fee201e0dc88d811a745056054c4826ef"}
{"index": {"_index":"alive","_id":"4080306"}}
	{"id":4080306,"type":"sell","buyer":"ana-maria","seller":"marketroll","symbol":"ALIVE","quantity":"46.0440","price":"0.01800101","timestamp":1659809745,"volume":"0.82883850","buyTxId":"8e1456c42d8c4fe5129426bf92546bf4f87b0051","sellTxId":"5d2e4e02e5971f071506ee56948a896919c541a1"}
{"index": {"_index":"alive","_id":"4080307"}}
	{"id":4080307,"type":"sell","buyer":"flaxz","seller":"marketroll","symbol":"ALIVE","quantity":"41.8364","price":"0.01799999","timestamp":1659809766,"volume":"0.75305478","buyTxId":"b00282c6f8f965e99d0aa547c6dc4d56c6c06692","sellTxId":"53ba37e080cf487b0f98243616182770a95deb2f"}
{"index": {"_index":"alive","_id":"4080309"}}
	{"id":4080309,"type":"sell","buyer":"ana-maria","seller":"marketroll","symbol":"ALIVE","quantity":"50.0000","price":"0.01700002","timestamp":1659809808,"volume":"0.85000100","buyTxId":"88426058a820bb52d0582bab533855c290cba1ca","sellTxId":"55648b0e46b51433ea6a2a3076da557513a15395"}
{"index": {"_index":"alive","_id":"4080316"}}
	{"id":4080316,"type":"buy","buyer":"marketroll","seller":"marketroll","symbol":"ALIVE","quantity":"4.0000","price":"0.01700002","timestamp":1659809961,"volume":"0.06800008","buyTxId":"1e84406046aee5cc2929f1f9cafc9f016d3c8fa3","sellTxId":"55648b0e46b51433ea6a2a3076da557513a15395"}
{"index": {"_index":"alive","_id":"4080545"}}
	{"id":4080545,"type":"buy","buyer":"flaxz","seller":"marketroll","symbol":"ALIVE","quantity":"8.1636","price":"0.01799999","timestamp":1659811521,"volume":"0.14694472","buyTxId":"a23816cb06095ee5d62c245b200d80301c99031f","sellTxId":"53ba37e080cf487b0f98243616182770a95deb2f"}
{"index": {"_index":"alive","_id":"4080546"}}
	{"id":4080546,"type":"buy","buyer":"flaxz","seller":"marketroll","symbol":"ALIVE","quantity":"3.9560","price":"0.01800101","timestamp":1659811521,"volume":"0.07121200","buyTxId":"a23816cb06095ee5d62c245b200d80301c99031f","sellTxId":"5d2e4e02e5971f071506ee56948a896919c541a1"}
{"index": {"_index":"alive","_id":"4080547"}}
	{"id":4080547,"type":"buy","buyer":"flaxz","seller":"marketroll","symbol":"ALIVE","quantity":"9.0000","price":"0.01818000","timestamp":1659811521,"volume":"0.16362000","buyTxId":"a23816cb06095ee5d62c245b200d80301c99031f","sellTxId":"e2159b2fee201e0dc88d811a745056054c4826ef"}
{"index": {"_index":"alive","_id":"4080548"}}
	{"id":4080548,"type":"buy","buyer":"flaxz","seller":"marketroll","symbol":"ALIVE","quantity":"11.9000","price":"0.01901000","timestamp":1659811521,"volume":"0.22621900","buyTxId":"a23816cb06095ee5d62c245b200d80301c99031f","sellTxId":"894b3e41a211711979a910a98c2a5bfc6a8d17d9"}
{"index": {"_index":"alive","_id":"4080549"}}
	{"id":4080549,"type":"buy","buyer":"flaxz","seller":"marketroll","symbol":"ALIVE","quantity":"6.4447","price":"0.02000000","timestamp":1659811521,"volume":"0.12889400","buyTxId":"a23816cb06095ee5d62c245b200d80301c99031f","sellTxId":"769d2b865f3871a95a5e0b6b006a2eb7f86c5e19"}
{"index": {"_index":"alive","_id":"4080550"}}
	{"id":4080550,"type":"buy","buyer":"flaxz","seller":"marketroll","symbol":"ALIVE","quantity":"8.4310","price":"0.02100000","timestamp":1659811521,"volume":"0.17705100","buyTxId":"a23816cb06095ee5d62c245b200d80301c99031f","sellTxId":"279df8f0109d04d603deb9c7a4f32f114bde2bf6"}
{"index": {"_index":"alive","_id":"4080551"}}
	{"id":4080551,"type":"buy","buyer":"flaxz","seller":"marketroll","symbol":"ALIVE","quantity":"8.0000","price":"0.02130000","timestamp":1659811521,"volume":"0.17040000","buyTxId":"a23816cb06095ee5d62c245b200d80301c99031f","sellTxId":"5a1a4744ba8e25233983cd4c07a0c66b9e031647"}
{"index": {"_index":"alive","_id":"4080552"}}
	{"id":4080552,"type":"buy","buyer":"flaxz","seller":"wine-cellar","symbol":"ALIVE","quantity":"7.6421","price":"0.02130001","timestamp":1659811521,"volume":"0.16277681","buyTxId":"a23816cb06095ee5d62c245b200d80301c99031f","sellTxId":"0820bf856ca8c77eb8b724a78a1fcbdeb29a548e"}
{"index": {"_index":"alive","_id":"4080553"}}
	{"id":4080553,"type":"buy","buyer":"flaxz","seller":"onlydoge","symbol":"ALIVE","quantity":"22.8222","price":"0.03298900","timestamp":1659811521,"volume":"0.75288247","buyTxId":"a23816cb06095ee5d62c245b200d80301c99031f","sellTxId":"bd1e08601e8bf2b44d668e883bd1caf9c2686032"}
{"index": {"_index":"alive","_id":"4080641"}}
	{"id":4080641,"type":"sell","buyer":"flaxz","seller":"assassyn","symbol":"ALIVE","quantity":"8.6350","price":"0.01800000","timestamp":1659812460,"volume":"0.15543000","buyTxId":"7eef8adba8988783869d4f69c53c8cbebf46f472","sellTxId":"fdcc8cdaf9f89056e7204b06abbc17795070ecd4"}
{"index": {"_index":"alive","_id":"4081476"}}
	{"id":4081476,"type":"buy","buyer":"flaxz","seller":"onlydoge","symbol":"ALIVE","quantity":"18.1920","price":"0.03298700","timestamp":1659824208,"volume":"0.60010073","buyTxId":"098c86aaf66d4f459033ab0b75c97288ae26ed48","sellTxId":"5fab240d147bc77a49c55baa94e7a2d54be8f825"}
{"index": {"_index":"alive","_id":"4082027"}}
	{"id":4082027,"type":"buy","buyer":"benthomaswwd","seller":"onlydoge","symbol":"ALIVE","quantity":"250.0000","price":"0.03298700","timestamp":1659830934,"volume":"8.24675000","buyTxId":"b869d5a78bd8ea6ad55343a13cfe7c715df1aec0","sellTxId":"5fab240d147bc77a49c55baa94e7a2d54be8f825"}
{"index": {"_index":"alive","_id":"4082624"}}
	{"id":4082624,"type":"buy","buyer":"curatorcat.pal","seller":"onlydoge","symbol":"ALIVE","quantity":"0.6731","price":"0.03298700","timestamp":1659837822,"volume":"0.02220355","buyTxId":"1736748d3c7c135a515195f2b00c09d0ab4094aa","sellTxId":"5fab240d147bc77a49c55baa94e7a2d54be8f825"}
