{"index": {"_index":"alive","_id":"3953399"}}
	{"id":3953399,"type":"sell","buyer":"flaxz","seller":"iamraincrystal","symbol":"ALIVE","quantity":"34.0000","price":"0.02200000","timestamp":1658372613,"volume":"0.74800000","buyTxId":"b771c8f14b227b4c6d84da2d0518ac99cab6bbd6","sellTxId":"5e08ecc5e4319e6c73c629c8e5945efb87e32111"}
{"index": {"_index":"alive","_id":"3953403"}}
	{"id":3953403,"type":"sell","buyer":"flaxz","seller":"iamraincrystal","symbol":"ALIVE","quantity":"0.8913","price":"0.02200000","timestamp":1658372655,"volume":"0.01960860","buyTxId":"b771c8f14b227b4c6d84da2d0518ac99cab6bbd6","sellTxId":"c48806fd84f3a01dc0d36be4ec419cc1026d7f71"}
{"index": {"_index":"alive","_id":"3954000"}}
	{"id":3954000,"type":"buy","buyer":"captainspaulding","seller":"ben.haase","symbol":"ALIVE","quantity":"1.7997","price":"0.02699999","timestamp":1658383182,"volume":"0.04859188","buyTxId":"0ed047a5ebb0fe2665b48407038a5f1741e6bf18","sellTxId":"d3758db41a17b8674e4b3ac117e2c90872169001"}
{"index": {"_index":"alive","_id":"3954012"}}
	{"id":3954012,"type":"buy","buyer":"captainspaulding","seller":"jlufer","symbol":"ALIVE","quantity":"16.9577","price":"0.02700000","timestamp":1658383455,"volume":"0.45785790","buyTxId":"1c6a2a4ad4afa71e403ab22aac8e568a975bc788","sellTxId":"d22fd2d53d334a3996904fd579f4dd813ae24dc5"}
{"index": {"_index":"alive","_id":"3954024"}}
	{"id":3954024,"type":"buy","buyer":"ana-maria","seller":"jlufer","symbol":"ALIVE","quantity":"127.5107","price":"0.02700000","timestamp":1658383788,"volume":"3.44278890","buyTxId":"08763a1e72a6edc598b6276ff9e081435fd9fec9","sellTxId":"d22fd2d53d334a3996904fd579f4dd813ae24dc5"}
{"index": {"_index":"alive","_id":"3954027"}}
	{"id":3954027,"type":"buy","buyer":"tengolotodo","seller":"mypathtofire","symbol":"ALIVE","quantity":"33.7020","price":"0.02800000","timestamp":1658383971,"volume":"0.94365600","buyTxId":"1a4dfe5c8d4ccc6ef48141639d089089ed789464","sellTxId":"78aee576843b86dda0464ca4e5894ca30029ad60"}
{"index": {"_index":"alive","_id":"3954061"}}
	{"id":3954061,"type":"buy","buyer":"tengolotodo","seller":"mypathtofire","symbol":"ALIVE","quantity":"9.7517","price":"0.02800000","timestamp":1658384415,"volume":"0.27304760","buyTxId":"62190ab83f98052607ede1ee706429127e4cd35d","sellTxId":"78aee576843b86dda0464ca4e5894ca30029ad60"}
{"index": {"_index":"alive","_id":"3954068"}}
	{"id":3954068,"type":"buy","buyer":"tengolotodo","seller":"ana-maria","symbol":"ALIVE","quantity":"100.0000","price":"0.02895949","timestamp":1658384448,"volume":"2.89594900","buyTxId":"44af97fef85d259e4414d50fa0c9312a82526eb7","sellTxId":"073a6b7a46a6110685345056e396658932bce377"}
{"index": {"_index":"alive","_id":"3954076"}}
	{"id":3954076,"type":"buy","buyer":"tengolotodo","seller":"erhan92","symbol":"ALIVE","quantity":"35.0344","price":"0.02896000","timestamp":1658384580,"volume":"1.01459622","buyTxId":"4496171bd6898074416ec9b9502dc4b33d3d9344","sellTxId":"241ee60b7606568f91b795fe27d46817b01ef467"}
{"index": {"_index":"alive","_id":"3954092"}}
	{"id":3954092,"type":"buy","buyer":"invest-time","seller":"erhan92","symbol":"ALIVE","quantity":"65.0000","price":"0.02896000","timestamp":1658384907,"volume":"1.88240000","buyTxId":"cc7c9ace3e9687c4b778b9ec89cbed5c3130ecfd","sellTxId":"241ee60b7606568f91b795fe27d46817b01ef467"}
{"index": {"_index":"alive","_id":"3954093"}}
	{"id":3954093,"type":"buy","buyer":"invest-time","seller":"faireye","symbol":"ALIVE","quantity":"8.7032","price":"0.03200000","timestamp":1658384907,"volume":"0.27850240","buyTxId":"cc7c9ace3e9687c4b778b9ec89cbed5c3130ecfd","sellTxId":"86b1dc945603ef3877034a9a2d397ec6ca2a8634"}
{"index": {"_index":"alive","_id":"3954094"}}
	{"id":3954094,"type":"buy","buyer":"invest-time","seller":"ana-maria","symbol":"ALIVE","quantity":"0.9927","price":"0.03769949","timestamp":1658384907,"volume":"0.03742428","buyTxId":"cc7c9ace3e9687c4b778b9ec89cbed5c3130ecfd","sellTxId":"6c0194eae653368aa9b53d3d72a4bcf140b35666"}
{"index": {"_index":"alive","_id":"3954098"}}
	{"id":3954098,"type":"buy","buyer":"invest-time","seller":"ana-maria","symbol":"ALIVE","quantity":"16.3841","price":"0.03769949","timestamp":1658384928,"volume":"0.61767221","buyTxId":"36336bcc26a520b08be0279b97b12bdba14a31fc","sellTxId":"6c0194eae653368aa9b53d3d72a4bcf140b35666"}
{"index": {"_index":"alive","_id":"3954912"}}
	{"id":3954912,"type":"sell","buyer":"onlydoge","seller":"ben.haase","symbol":"ALIVE","quantity":"0.4184","price":"0.02001000","timestamp":1658393079,"volume":"0.00837218","buyTxId":"7f3eb57a8f05da7afc4aa63854e33adcb053941c","sellTxId":"9e7bfca9e286fb7d556f2b957728af5204e9960f"}
{"index": {"_index":"alive","_id":"3955321"}}
	{"id":3955321,"type":"sell","buyer":"onlydoge","seller":"adaezeinchrist","symbol":"ALIVE","quantity":"5.0306","price":"0.02001000","timestamp":1658398281,"volume":"0.10066231","buyTxId":"7f3eb57a8f05da7afc4aa63854e33adcb053941c","sellTxId":"aebc329d85797e2bea7f53b760253cef5210c22c"}
{"index": {"_index":"alive","_id":"3955660"}}
	{"id":3955660,"type":"sell","buyer":"onlydoge","seller":"ben.haase","symbol":"ALIVE","quantity":"0.8961","price":"0.02001000","timestamp":1658404146,"volume":"0.01793096","buyTxId":"7f3eb57a8f05da7afc4aa63854e33adcb053941c","sellTxId":"b231a9b937cbab5866a12cd9d0ce85b5182a15cb"}
{"index": {"_index":"alive","_id":"3956613"}}
	{"id":3956613,"type":"sell","buyer":"pixresteemer","seller":"jlufer","symbol":"ALIVE","quantity":"25.3184","price":"0.03000000","timestamp":1658414526,"volume":"0.75955200","buyTxId":"783552fb97093fb7894cc22dc0688bad648ea073","sellTxId":"b0d7851e60006131730b0c66cae935a2fbe9970b"}
{"index": {"_index":"alive","_id":"3957227"}}
	{"id":3957227,"type":"buy","buyer":"mirroredspork","seller":"ana-maria","symbol":"ALIVE","quantity":"20.0000","price":"0.03769949","timestamp":1658418402,"volume":"0.75398980","buyTxId":"a3a6f939c1016bb936a3e1301855de03223c4d51","sellTxId":"6c0194eae653368aa9b53d3d72a4bcf140b35666"}
{"index": {"_index":"alive","_id":"3957850"}}
	{"id":3957850,"type":"sell","buyer":"pixresteemer","seller":"mypathtofire","symbol":"ALIVE","quantity":"10.1455","price":"0.03000000","timestamp":1658424882,"volume":"0.30436500","buyTxId":"783552fb97093fb7894cc22dc0688bad648ea073","sellTxId":"100a6a7b3862b01ec0ce78ebba4cb11e91b42381"}
{"index": {"_index":"alive","_id":"3958565"}}
	{"id":3958565,"type":"sell","buyer":"pixresteemer","seller":"ben.haase","symbol":"ALIVE","quantity":"0.4594","price":"0.03000000","timestamp":1658430960,"volume":"0.01378200","buyTxId":"783552fb97093fb7894cc22dc0688bad648ea073","sellTxId":"bf627729b1f51da37424808afc1597e70547c773"}
{"index": {"_index":"alive","_id":"3958687"}}
	{"id":3958687,"type":"sell","buyer":"pixresteemer","seller":"master-lamps","symbol":"ALIVE","quantity":"0.1078","price":"0.03000000","timestamp":1658433168,"volume":"0.00323400","buyTxId":"783552fb97093fb7894cc22dc0688bad648ea073","sellTxId":"0ab40ef2dd9a66d06c216ef1894d2c11cfdd96e7"}
{"index": {"_index":"alive","_id":"3958788"}}
	{"id":3958788,"type":"buy","buyer":"dswap","seller":"ana-maria","symbol":"ALIVE","quantity":"62.6232","price":"0.03769949","timestamp":1658434329,"volume":"2.36086270","buyTxId":"f906df833bc7f2529035e2667d9e7657010e9f4f","sellTxId":"6c0194eae653368aa9b53d3d72a4bcf140b35666"}
{"index": {"_index":"alive","_id":"3958789"}}
	{"id":3958789,"type":"buy","buyer":"dswap","seller":"neshk","symbol":"ALIVE","quantity":"33.2304","price":"0.03769949","timestamp":1658434329,"volume":"1.25276913","buyTxId":"f906df833bc7f2529035e2667d9e7657010e9f4f","sellTxId":"663dc49ae801dcabf2057a2791cc49dec803cf51"}
{"index": {"_index":"alive","_id":"3958790"}}
	{"id":3958790,"type":"buy","buyer":"dswap","seller":"zoe24","symbol":"ALIVE","quantity":"75.2208","price":"0.03769999","timestamp":1658434329,"volume":"2.83582341","buyTxId":"f906df833bc7f2529035e2667d9e7657010e9f4f","sellTxId":"081f2f05971d6f2d9b715d4aa69da867e61e02a9"}
{"index": {"_index":"alive","_id":"3958791"}}
	{"id":3958791,"type":"buy","buyer":"dswap","seller":"zoe24","symbol":"ALIVE","quantity":"38.0061","price":"0.03920000","timestamp":1658434329,"volume":"1.48983912","buyTxId":"f906df833bc7f2529035e2667d9e7657010e9f4f","sellTxId":"b2b82b49d4fd3360d62ba5ffa844b557b32bd3a7"}
{"index": {"_index":"alive","_id":"3958792"}}
	{"id":3958792,"type":"buy","buyer":"dswap","seller":"ana-maria","symbol":"ALIVE","quantity":"50.0000","price":"0.03929999","timestamp":1658434329,"volume":"1.96499950","buyTxId":"f906df833bc7f2529035e2667d9e7657010e9f4f","sellTxId":"dc7c6c23cc6d869d7accda2bb45fd7da80a0ebf7"}
{"index": {"_index":"alive","_id":"3958793"}}
	{"id":3958793,"type":"buy","buyer":"dswap","seller":"ana-maria","symbol":"ALIVE","quantity":"50.0000","price":"0.03929999","timestamp":1658434329,"volume":"1.96499950","buyTxId":"f906df833bc7f2529035e2667d9e7657010e9f4f","sellTxId":"4f7f6e809100a463a47a7ba414c683ddc98aa6c2"}
{"index": {"_index":"alive","_id":"3958794"}}
	{"id":3958794,"type":"buy","buyer":"dswap","seller":"hive.pizza","symbol":"ALIVE","quantity":"79.6617","price":"0.03930000","timestamp":1658434329,"volume":"3.13070664","buyTxId":"f906df833bc7f2529035e2667d9e7657010e9f4f","sellTxId":"22306da779688e510fc00a126646e843492361f9"}
{"index": {"_index":"alive","_id":"3958826"}}
	{"id":3958826,"type":"buy","buyer":"dswap","seller":"hive.pizza","symbol":"ALIVE","quantity":"302.0768","price":"0.03930000","timestamp":1658434659,"volume":"11.87161987","buyTxId":"4cc220e998dc8f960e4a60ade56ae1285117a44a","sellTxId":"22306da779688e510fc00a126646e843492361f9"}
{"index": {"_index":"alive","_id":"3958866"}}
	{"id":3958866,"type":"buy","buyer":"dswap","seller":"hive.pizza","symbol":"ALIVE","quantity":"164.3964","price":"0.03930000","timestamp":1658435043,"volume":"6.46078244","buyTxId":"ae81a686029a7547712825e248cf60faa958b6e5","sellTxId":"22306da779688e510fc00a126646e843492361f9"}
{"index": {"_index":"alive","_id":"3958975"}}
	{"id":3958975,"type":"sell","buyer":"onlydoge","seller":"mypathtofire","symbol":"ALIVE","quantity":"12.5556","price":"0.03001000","timestamp":1658436723,"volume":"0.37679356","buyTxId":"ae151a8861599991c4393b95a69b857f42edbec0","sellTxId":"58937c3eb46ebc88bb82ed3e0df047547833e357"}
{"index": {"_index":"alive","_id":"3958994"}}
	{"id":3958994,"type":"sell","buyer":"onlydoge","seller":"vaporent","symbol":"ALIVE","quantity":"2.1917","price":"0.03001000","timestamp":1658437005,"volume":"0.06577292","buyTxId":"ae151a8861599991c4393b95a69b857f42edbec0","sellTxId":"c5012600774323f30f15f2fca2b1e059206e22bc"}
{"index": {"_index":"alive","_id":"3959312"}}
	{"id":3959312,"type":"buy","buyer":"pixresteemer","seller":"onlydoge","symbol":"ALIVE","quantity":"0.9296","price":"0.03929000","timestamp":1658441970,"volume":"0.03652398","buyTxId":"d7aef547030e71e740e24f4d6f83e4a95248ce01","sellTxId":"fab139bf89620988f42112d1a6634473fba95b0b"}
{"index": {"_index":"alive","_id":"3959408"}}
	{"id":3959408,"type":"buy","buyer":"steem-holder","seller":"onlydoge","symbol":"ALIVE","quantity":"20.0000","price":"0.03929000","timestamp":1658442927,"volume":"0.78580000","buyTxId":"3ceefde9fe17bbede4c4ab89a56be1d7e1f897d6","sellTxId":"fab139bf89620988f42112d1a6634473fba95b0b"}
{"index": {"_index":"alive","_id":"3959518"}}
	{"id":3959518,"type":"buy","buyer":"pixelfan","seller":"onlydoge","symbol":"ALIVE","quantity":"0.1628","price":"0.03929000","timestamp":1658443347,"volume":"0.00639641","buyTxId":"0661034fec93e4bc08ea4ae17bcb65b9dbcb49fa","sellTxId":"fab139bf89620988f42112d1a6634473fba95b0b"}
{"index": {"_index":"alive","_id":"3959519"}}
	{"id":3959519,"type":"buy","buyer":"pixelfan","seller":"hive.pizza","symbol":"ALIVE","quantity":"16.8372","price":"0.03930000","timestamp":1658443347,"volume":"0.66170196","buyTxId":"0661034fec93e4bc08ea4ae17bcb65b9dbcb49fa","sellTxId":"22306da779688e510fc00a126646e843492361f9"}
{"index": {"_index":"alive","_id":"3959684"}}
	{"id":3959684,"type":"sell","buyer":"pixresteemer","seller":"thatcryptodave","symbol":"ALIVE","quantity":"12.0000","price":"0.03100000","timestamp":1658445309,"volume":"0.37200000","buyTxId":"fad096cc9b4a57addc93860473c0048f4ffc730a","sellTxId":"ad7734a211fb8634e2d4fcd156a2547f4b39d369"}
{"index": {"_index":"alive","_id":"3959978"}}
	{"id":3959978,"type":"sell","buyer":"onlydoge","seller":"dswap","symbol":"ALIVE","quantity":"3.74","price":"0.03001000","timestamp":1658448993,"volume":"0.11223740","buyTxId":"ae151a8861599991c4393b95a69b857f42edbec0","sellTxId":"79a8ef5452d537ad994d30a30714f410f411c907"}
{"index": {"_index":"alive","_id":"3960247"}}
	{"id":3960247,"type":"buy","buyer":"jesustiano","seller":"zoe24","symbol":"ALIVE","quantity":"15.1872","price":"0.03920000","timestamp":1658452761,"volume":"0.59533824","buyTxId":"81450a08208b444a5e88cd39013249bdf3f1de8d","sellTxId":"a97aeedec1d9cddea3388731534aeed28b4552ec"}
{"index": {"_index":"alive","_id":"3960273"}}
	{"id":3960273,"type":"sell","buyer":"onlydoge","seller":"ben.haase","symbol":"ALIVE","quantity":"1.9946","price":"0.03001000","timestamp":1658453151,"volume":"0.05985795","buyTxId":"ae151a8861599991c4393b95a69b857f42edbec0","sellTxId":"09bd1a91a24182c0d994eea544349098bdbbc9dd"}
