{"index": {"_index":"alive","_id":"3874648"}}
	{"id":3874648,"type":"sell","buyer":"ana-maria","seller":"epic-fail","symbol":"ALIVE","quantity":"100.0000","price":"0.00980003","timestamp":1657407288,"volume":"0.98000300","buyTxId":"f68697c93d46768736ef69cf689150a4e110a9af","sellTxId":"f674ea03b4a9a68e4c36d5315afa5c6c3cde798b"}
{"index": {"_index":"alive","_id":"3874649"}}
	{"id":3874649,"type":"sell","buyer":"flaxz","seller":"epic-fail","symbol":"ALIVE","quantity":"10.2509","price":"0.00980003","timestamp":1657407288,"volume":"0.10045913","buyTxId":"2fab6d84f7ee950e60eff778a15f1e8d04c8d7b1","sellTxId":"f674ea03b4a9a68e4c36d5315afa5c6c3cde798b"}
{"index": {"_index":"alive","_id":"3877195"}}
	{"id":3877195,"type":"buy","buyer":"urri2020","seller":"ben.haase","symbol":"ALIVE","quantity":"20.1526","price":"0.01189999","timestamp":1657443543,"volume":"0.23981574","buyTxId":"52e0de835f07a706032c287700a5de1de272a21b","sellTxId":"10296f68c57794896004470e7e05af05c2a1caef"}
{"index": {"_index":"alive","_id":"3877196"}}
	{"id":3877196,"type":"buy","buyer":"urri2020","seller":"jlufer","symbol":"ALIVE","quantity":"262.8176","price":"0.01190000","timestamp":1657443543,"volume":"3.12752944","buyTxId":"52e0de835f07a706032c287700a5de1de272a21b","sellTxId":"948cefc0e428dbb5316919e3e63737ce820ce924"}
{"index": {"_index":"alive","_id":"3877197"}}
	{"id":3877197,"type":"buy","buyer":"urri2020","seller":"iamraincrystal","symbol":"ALIVE","quantity":"67.0298","price":"0.01190000","timestamp":1657443543,"volume":"0.79765462","buyTxId":"52e0de835f07a706032c287700a5de1de272a21b","sellTxId":"92d399cb76ab159da720a108524b7dcf742f10e5"}
{"index": {"_index":"alive","_id":"3877564"}}
	{"id":3877564,"type":"sell","buyer":"urri2020","seller":"florenceboens","symbol":"ALIVE","quantity":"0.2603","price":"0.01000000","timestamp":1657449198,"volume":"0.00260300","buyTxId":"034407b91317c4a191893c8509e12fea12ca1825","sellTxId":"cb40d196662b01531633474cfe1b57d61ac99110"}
{"index": {"_index":"alive","_id":"3877646"}}
	{"id":3877646,"type":"sell","buyer":"urri2020","seller":"isiksenpalvoja","symbol":"ALIVE","quantity":"0.0987","price":"0.01000000","timestamp":1657450665,"volume":"0.00098700","buyTxId":"034407b91317c4a191893c8509e12fea12ca1825","sellTxId":"a4d8abff9a049d59a8028b18da02a08a2f7db7f0"}
{"index": {"_index":"alive","_id":"3877984"}}
	{"id":3877984,"type":"buy","buyer":"penderis","seller":"iamraincrystal","symbol":"ALIVE","quantity":"32.9702","price":"0.01190000","timestamp":1657455102,"volume":"0.39234538","buyTxId":"52d88d7eb4753377251eafcc9576b31141c6d17c","sellTxId":"92d399cb76ab159da720a108524b7dcf742f10e5"}
{"index": {"_index":"alive","_id":"3877985"}}
	{"id":3877985,"type":"buy","buyer":"penderis","seller":"ben.haase","symbol":"ALIVE","quantity":"2.1854","price":"0.01499998","timestamp":1657455135,"volume":"0.03278096","buyTxId":"b4111196410d4650c017c541791f4095278997a0","sellTxId":"38bfd581e8c1fdf11cb4a1929ac26f893f18670a"}
{"index": {"_index":"alive","_id":"3877986"}}
	{"id":3877986,"type":"buy","buyer":"penderis","seller":"ana-maria","symbol":"ALIVE","quantity":"50.0000","price":"0.01499998","timestamp":1657455135,"volume":"0.74999900","buyTxId":"b4111196410d4650c017c541791f4095278997a0","sellTxId":"253a3b35fdfffdc8efd783f87fcb0a10d15a961b"}
{"index": {"_index":"alive","_id":"3877987"}}
	{"id":3877987,"type":"buy","buyer":"penderis","seller":"magicbeans","symbol":"ALIVE","quantity":"100.0000","price":"0.01499999","timestamp":1657455168,"volume":"1.49999900","buyTxId":"42d5dd4c66625a179d63d0911642b5d42d6c0201","sellTxId":"c1570e64b89881a1c53c57283901c47bf1e96d92"}
{"index": {"_index":"alive","_id":"3878426"}}
	{"id":3878426,"type":"sell","buyer":"magicbeans","seller":"learningenglish","symbol":"ALIVE","quantity":"100.0000","price":"0.01000003","timestamp":1657459962,"volume":"1.00000300","buyTxId":"6b5f3509b57f2481aa8bb462f49a992973254c7b","sellTxId":"5692634a77ce0b55c7b250e774101daf3eaa43a0"}
{"index": {"_index":"alive","_id":"3878427"}}
	{"id":3878427,"type":"sell","buyer":"ben.haase","seller":"learningenglish","symbol":"ALIVE","quantity":"3.2782","price":"0.01000002","timestamp":1657459962,"volume":"0.03278207","buyTxId":"605ef0ed80fcd6b1267340ddb2f0399e64f7ba09","sellTxId":"5692634a77ce0b55c7b250e774101daf3eaa43a0"}
{"index": {"_index":"alive","_id":"3878428"}}
	{"id":3878428,"type":"sell","buyer":"ben.haase","seller":"learningenglish","symbol":"ALIVE","quantity":"0.8788","price":"0.01000002","timestamp":1657459962,"volume":"0.00878802","buyTxId":"e77ff540544f33d97898905968947041ef983b65","sellTxId":"5692634a77ce0b55c7b250e774101daf3eaa43a0"}
{"index": {"_index":"alive","_id":"3878429"}}
	{"id":3878429,"type":"sell","buyer":"urri2020","seller":"learningenglish","symbol":"ALIVE","quantity":"221.7542","price":"0.01000000","timestamp":1657459962,"volume":"2.21754200","buyTxId":"034407b91317c4a191893c8509e12fea12ca1825","sellTxId":"5692634a77ce0b55c7b250e774101daf3eaa43a0"}
{"index": {"_index":"alive","_id":"3878501"}}
	{"id":3878501,"type":"buy","buyer":"benthomaswwd","seller":"magicbeans","symbol":"ALIVE","quantity":"100.0000","price":"0.01569998","timestamp":1657460355,"volume":"1.56999800","buyTxId":"717891f2575dee15f37e85ff92bdcc0ba3f15082","sellTxId":"8faff022a2dab051e8ef0ed5dd7d7d16caa14cf2"}
{"index": {"_index":"alive","_id":"3878503"}}
	{"id":3878503,"type":"buy","buyer":"benthomaswwd","seller":"ddn688","symbol":"ALIVE","quantity":"191.1625","price":"0.01569999","timestamp":1657460385,"volume":"3.00124934","buyTxId":"1c2225494abeb6503846c87b7a7323f3095fc124","sellTxId":"2583635280cd1f8397af5fbf06ec245aacb900a9"}
{"index": {"_index":"alive","_id":"3878506"}}
	{"id":3878506,"type":"buy","buyer":"benthomaswwd","seller":"iamraincrystal","symbol":"ALIVE","quantity":"100.0000","price":"0.01580000","timestamp":1657460451,"volume":"1.58000000","buyTxId":"9175f6b1b34bb41ba6b44fa7ae61f8b035711182","sellTxId":"b41a37b57a5f4d40ecd20c5690377921d2cc56cf"}
{"index": {"_index":"alive","_id":"3878508"}}
	{"id":3878508,"type":"buy","buyer":"benthomaswwd","seller":"ironshield","symbol":"ALIVE","quantity":"28.6857","price":"0.01899000","timestamp":1657460478,"volume":"0.54474144","buyTxId":"390c48ecaeaf761a22ef26ba2121f5ca2a7cffe4","sellTxId":"64a6b4b6379d1892084a9905250f8a0615764615"}
{"index": {"_index":"alive","_id":"3878511"}}
	{"id":3878511,"type":"buy","buyer":"benthomaswwd","seller":"brianhuang","symbol":"ALIVE","quantity":"2.7790","price":"0.01969000","timestamp":1657460538,"volume":"0.05471851","buyTxId":"6e3f282c5f1e059146278b1188c2d0c47b72fb97","sellTxId":"bb58850192d1d0812291ee3649cb206943209cae"}
{"index": {"_index":"alive","_id":"3878513"}}
	{"id":3878513,"type":"buy","buyer":"benthomaswwd","seller":"mypathtofire","symbol":"ALIVE","quantity":"50.0000","price":"0.01982998","timestamp":1657460571,"volume":"0.99149900","buyTxId":"14b898be5d66b078b5bd58b5b0543fd7e2df12b1","sellTxId":"fa28c0019398c885f1c436201ab7e765aefc1b5d"}
{"index": {"_index":"alive","_id":"3878517"}}
	{"id":3878517,"type":"buy","buyer":"benthomaswwd","seller":"ana-maria","symbol":"ALIVE","quantity":"50.0000","price":"0.01982999","timestamp":1657460601,"volume":"0.99149950","buyTxId":"f16bf5f6b916d6fe95f764d4cdd619845b887899","sellTxId":"20824a79fed722b713dec727a5f8307b0e66e55b"}
{"index": {"_index":"alive","_id":"3878520"}}
	{"id":3878520,"type":"buy","buyer":"benthomaswwd","seller":"onlydoge","symbol":"ALIVE","quantity":"522.0960","price":"0.01983000","timestamp":1657460628,"volume":"10.35316368","buyTxId":"ef6fc54b094d918853cf9f5cdba8f53ffb505a59","sellTxId":"5e1bde2a111c341f1f61843e78d603afde3cf607"}
{"index": {"_index":"alive","_id":"3878803"}}
	{"id":3878803,"type":"sell","buyer":"magicbeans","seller":"hive.phyowinkoko","symbol":"ALIVE","quantity":"100.0000","price":"0.01001001","timestamp":1657463631,"volume":"1.00100100","buyTxId":"87382f1d2874a2850cc1e22fb41a63fe2118a3db","sellTxId":"6d598fe5bb9e697cef9d362dd4bc479a361b1325"}
{"index": {"_index":"alive","_id":"3878804"}}
	{"id":3878804,"type":"sell","buyer":"onlydoge","seller":"hive.phyowinkoko","symbol":"ALIVE","quantity":"1139.0668","price":"0.01001000","timestamp":1657463631,"volume":"11.40205867","buyTxId":"d3f566764c0075b52f46de17973353e12fda2388","sellTxId":"6d598fe5bb9e697cef9d362dd4bc479a361b1325"}
{"index": {"_index":"alive","_id":"3879221"}}
	{"id":3879221,"type":"sell","buyer":"urri2020","seller":"twicejoy","symbol":"ALIVE","quantity":"24.6264","price":"0.01110000","timestamp":1657467408,"volume":"0.27335304","buyTxId":"a891f487f34468fa726ba7638b8e8d8a681874c1","sellTxId":"71eb61a9b55185e909bbc5046c64417241fbf917"}
{"index": {"_index":"alive","_id":"3880465"}}
	{"id":3880465,"type":"buy","buyer":"dotz132","seller":"magicbeans","symbol":"ALIVE","quantity":"100.0000","price":"0.01978990","timestamp":1657479963,"volume":"1.97899000","buyTxId":"feef72f18f19c4229cbf8b5b75b65a126ff9e3f4","sellTxId":"87a8c166c5203be760149972d1176a0c88fc753d"}
{"index": {"_index":"alive","_id":"3880500"}}
	{"id":3880500,"type":"sell","buyer":"urri2020","seller":"stickupboys","symbol":"ALIVE","quantity":"26.9147","price":"0.01110000","timestamp":1657480086,"volume":"0.29875317","buyTxId":"a891f487f34468fa726ba7638b8e8d8a681874c1","sellTxId":"a20e44397521294da0a513cd6d583338531cc8aa"}
{"index": {"_index":"alive","_id":"3880765"}}
	{"id":3880765,"type":"sell","buyer":"magicbeans","seller":"stickupcurator","symbol":"ALIVE","quantity":"37.5313","price":"0.01110001","timestamp":1657480593,"volume":"0.41659781","buyTxId":"6703ac1a2a60ed5d20e5c12d6dc29b0b31abeca3","sellTxId":"c0fb8c11e60d58b9fdf6dc1aa3d6a4c74f6303ca"}
{"index": {"_index":"alive","_id":"3881026"}}
	{"id":3881026,"type":"buy","buyer":"nahueldare3627","seller":"onlydoge","symbol":"ALIVE","quantity":"153.4628","price":"0.01949000","timestamp":1657483629,"volume":"2.99099162","buyTxId":"cc3ee3030d47dcd5cd6c439022c9a1ce486dbb2b","sellTxId":"3bb75a1cd4d74ca3635687b8d10c4ef9bdbab2ad"}
{"index": {"_index":"alive","_id":"3881042"}}
	{"id":3881042,"type":"sell","buyer":"magicbeans","seller":"vaporent","symbol":"ALIVE","quantity":"1.9753","price":"0.01110001","timestamp":1657483857,"volume":"0.02192585","buyTxId":"6703ac1a2a60ed5d20e5c12d6dc29b0b31abeca3","sellTxId":"8dc2973ce56f4d7d5d2481b5ca759e85d2fd45bb"}
{"index": {"_index":"alive","_id":"3881124"}}
	{"id":3881124,"type":"buy","buyer":"tengolotodo","seller":"urri2020","symbol":"ALIVE","quantity":"95.6040","price":"0.01500000","timestamp":1657485027,"volume":"1.43406000","buyTxId":"f4b99fd98f676b85fbb53d67ac27f267cf98e920","sellTxId":"6de7ea6ff8a22e464bd6f64e80be246202985dff"}
{"index": {"_index":"alive","_id":"3881132"}}
	{"id":3881132,"type":"buy","buyer":"tengolotodo","seller":"urri2020","symbol":"ALIVE","quantity":"30.9052","price":"0.01500000","timestamp":1657485060,"volume":"0.46357800","buyTxId":"e0fc246375063c49c79eab17f85e88dbc08d2d59","sellTxId":"6de7ea6ff8a22e464bd6f64e80be246202985dff"}
{"index": {"_index":"alive","_id":"3881137"}}
	{"id":3881137,"type":"buy","buyer":"tengolotodo","seller":"urri2020","symbol":"ALIVE","quantity":"95.6040","price":"0.01750000","timestamp":1657485102,"volume":"1.67307000","buyTxId":"66e488590bcfb8616f705003880ff9a8ceb9f075","sellTxId":"81c251a14962cbadb13c50f2e4c0987172d2af00"}
{"index": {"_index":"alive","_id":"3881548"}}
	{"id":3881548,"type":"sell","buyer":"magicbeans","seller":"pjansen","symbol":"ALIVE","quantity":"0.1","price":"0.01111001","timestamp":1657490754,"volume":"0.00111100","buyTxId":"fee7f2025b3800031ec1a5da44dbc0451a219474","sellTxId":"31da0f96be7623bac1bbbcff27109ea40e1a6b73"}
{"index": {"_index":"alive","_id":"3881698"}}
	{"id":3881698,"type":"sell","buyer":"magicbeans","seller":"lolz.devs","symbol":"ALIVE","quantity":"13.7265","price":"0.01111001","timestamp":1657493133,"volume":"0.15250155","buyTxId":"fee7f2025b3800031ec1a5da44dbc0451a219474","sellTxId":"0df508b4a6410d97a61e9dbcc7bfa26fcf4d6037"}
{"index": {"_index":"alive","_id":"3877984"}}
	{"id":3877984,"type":"buy","buyer":"penderis","seller":"iamraincrystal","symbol":"ALIVE","quantity":"32.9702","price":"0.01190000","timestamp":1657455102,"volume":"0.39234538","buyTxId":"52d88d7eb4753377251eafcc9576b31141c6d17c","sellTxId":"92d399cb76ab159da720a108524b7dcf742f10e5"}
{"index": {"_index":"alive","_id":"3877985"}}
	{"id":3877985,"type":"buy","buyer":"penderis","seller":"ben.haase","symbol":"ALIVE","quantity":"2.1854","price":"0.01499998","timestamp":1657455135,"volume":"0.03278096","buyTxId":"b4111196410d4650c017c541791f4095278997a0","sellTxId":"38bfd581e8c1fdf11cb4a1929ac26f893f18670a"}
{"index": {"_index":"alive","_id":"3877986"}}
	{"id":3877986,"type":"buy","buyer":"penderis","seller":"ana-maria","symbol":"ALIVE","quantity":"50.0000","price":"0.01499998","timestamp":1657455135,"volume":"0.74999900","buyTxId":"b4111196410d4650c017c541791f4095278997a0","sellTxId":"253a3b35fdfffdc8efd783f87fcb0a10d15a961b"}
{"index": {"_index":"alive","_id":"3877987"}}
	{"id":3877987,"type":"buy","buyer":"penderis","seller":"magicbeans","symbol":"ALIVE","quantity":"100.0000","price":"0.01499999","timestamp":1657455168,"volume":"1.49999900","buyTxId":"42d5dd4c66625a179d63d0911642b5d42d6c0201","sellTxId":"c1570e64b89881a1c53c57283901c47bf1e96d92"}
{"index": {"_index":"alive","_id":"3878426"}}
	{"id":3878426,"type":"sell","buyer":"magicbeans","seller":"learningenglish","symbol":"ALIVE","quantity":"100.0000","price":"0.01000003","timestamp":1657459962,"volume":"1.00000300","buyTxId":"6b5f3509b57f2481aa8bb462f49a992973254c7b","sellTxId":"5692634a77ce0b55c7b250e774101daf3eaa43a0"}
{"index": {"_index":"alive","_id":"3878427"}}
	{"id":3878427,"type":"sell","buyer":"ben.haase","seller":"learningenglish","symbol":"ALIVE","quantity":"3.2782","price":"0.01000002","timestamp":1657459962,"volume":"0.03278207","buyTxId":"605ef0ed80fcd6b1267340ddb2f0399e64f7ba09","sellTxId":"5692634a77ce0b55c7b250e774101daf3eaa43a0"}
{"index": {"_index":"alive","_id":"3878428"}}
	{"id":3878428,"type":"sell","buyer":"ben.haase","seller":"learningenglish","symbol":"ALIVE","quantity":"0.8788","price":"0.01000002","timestamp":1657459962,"volume":"0.00878802","buyTxId":"e77ff540544f33d97898905968947041ef983b65","sellTxId":"5692634a77ce0b55c7b250e774101daf3eaa43a0"}
{"index": {"_index":"alive","_id":"3878429"}}
	{"id":3878429,"type":"sell","buyer":"urri2020","seller":"learningenglish","symbol":"ALIVE","quantity":"221.7542","price":"0.01000000","timestamp":1657459962,"volume":"2.21754200","buyTxId":"034407b91317c4a191893c8509e12fea12ca1825","sellTxId":"5692634a77ce0b55c7b250e774101daf3eaa43a0"}
{"index": {"_index":"alive","_id":"3878501"}}
	{"id":3878501,"type":"buy","buyer":"benthomaswwd","seller":"magicbeans","symbol":"ALIVE","quantity":"100.0000","price":"0.01569998","timestamp":1657460355,"volume":"1.56999800","buyTxId":"717891f2575dee15f37e85ff92bdcc0ba3f15082","sellTxId":"8faff022a2dab051e8ef0ed5dd7d7d16caa14cf2"}
{"index": {"_index":"alive","_id":"3878503"}}
	{"id":3878503,"type":"buy","buyer":"benthomaswwd","seller":"ddn688","symbol":"ALIVE","quantity":"191.1625","price":"0.01569999","timestamp":1657460385,"volume":"3.00124934","buyTxId":"1c2225494abeb6503846c87b7a7323f3095fc124","sellTxId":"2583635280cd1f8397af5fbf06ec245aacb900a9"}
{"index": {"_index":"alive","_id":"3878506"}}
	{"id":3878506,"type":"buy","buyer":"benthomaswwd","seller":"iamraincrystal","symbol":"ALIVE","quantity":"100.0000","price":"0.01580000","timestamp":1657460451,"volume":"1.58000000","buyTxId":"9175f6b1b34bb41ba6b44fa7ae61f8b035711182","sellTxId":"b41a37b57a5f4d40ecd20c5690377921d2cc56cf"}
{"index": {"_index":"alive","_id":"3878508"}}
	{"id":3878508,"type":"buy","buyer":"benthomaswwd","seller":"ironshield","symbol":"ALIVE","quantity":"28.6857","price":"0.01899000","timestamp":1657460478,"volume":"0.54474144","buyTxId":"390c48ecaeaf761a22ef26ba2121f5ca2a7cffe4","sellTxId":"64a6b4b6379d1892084a9905250f8a0615764615"}
{"index": {"_index":"alive","_id":"3878511"}}
	{"id":3878511,"type":"buy","buyer":"benthomaswwd","seller":"brianhuang","symbol":"ALIVE","quantity":"2.7790","price":"0.01969000","timestamp":1657460538,"volume":"0.05471851","buyTxId":"6e3f282c5f1e059146278b1188c2d0c47b72fb97","sellTxId":"bb58850192d1d0812291ee3649cb206943209cae"}
{"index": {"_index":"alive","_id":"3878513"}}
	{"id":3878513,"type":"buy","buyer":"benthomaswwd","seller":"mypathtofire","symbol":"ALIVE","quantity":"50.0000","price":"0.01982998","timestamp":1657460571,"volume":"0.99149900","buyTxId":"14b898be5d66b078b5bd58b5b0543fd7e2df12b1","sellTxId":"fa28c0019398c885f1c436201ab7e765aefc1b5d"}
{"index": {"_index":"alive","_id":"3878517"}}
	{"id":3878517,"type":"buy","buyer":"benthomaswwd","seller":"ana-maria","symbol":"ALIVE","quantity":"50.0000","price":"0.01982999","timestamp":1657460601,"volume":"0.99149950","buyTxId":"f16bf5f6b916d6fe95f764d4cdd619845b887899","sellTxId":"20824a79fed722b713dec727a5f8307b0e66e55b"}
{"index": {"_index":"alive","_id":"3878520"}}
	{"id":3878520,"type":"buy","buyer":"benthomaswwd","seller":"onlydoge","symbol":"ALIVE","quantity":"522.0960","price":"0.01983000","timestamp":1657460628,"volume":"10.35316368","buyTxId":"ef6fc54b094d918853cf9f5cdba8f53ffb505a59","sellTxId":"5e1bde2a111c341f1f61843e78d603afde3cf607"}
{"index": {"_index":"alive","_id":"3878803"}}
	{"id":3878803,"type":"sell","buyer":"magicbeans","seller":"hive.phyowinkoko","symbol":"ALIVE","quantity":"100.0000","price":"0.01001001","timestamp":1657463631,"volume":"1.00100100","buyTxId":"87382f1d2874a2850cc1e22fb41a63fe2118a3db","sellTxId":"6d598fe5bb9e697cef9d362dd4bc479a361b1325"}
{"index": {"_index":"alive","_id":"3878804"}}
	{"id":3878804,"type":"sell","buyer":"onlydoge","seller":"hive.phyowinkoko","symbol":"ALIVE","quantity":"1139.0668","price":"0.01001000","timestamp":1657463631,"volume":"11.40205867","buyTxId":"d3f566764c0075b52f46de17973353e12fda2388","sellTxId":"6d598fe5bb9e697cef9d362dd4bc479a361b1325"}
{"index": {"_index":"alive","_id":"3879221"}}
	{"id":3879221,"type":"sell","buyer":"urri2020","seller":"twicejoy","symbol":"ALIVE","quantity":"24.6264","price":"0.01110000","timestamp":1657467408,"volume":"0.27335304","buyTxId":"a891f487f34468fa726ba7638b8e8d8a681874c1","sellTxId":"71eb61a9b55185e909bbc5046c64417241fbf917"}
{"index": {"_index":"alive","_id":"3880465"}}
	{"id":3880465,"type":"buy","buyer":"dotz132","seller":"magicbeans","symbol":"ALIVE","quantity":"100.0000","price":"0.01978990","timestamp":1657479963,"volume":"1.97899000","buyTxId":"feef72f18f19c4229cbf8b5b75b65a126ff9e3f4","sellTxId":"87a8c166c5203be760149972d1176a0c88fc753d"}
{"index": {"_index":"alive","_id":"3880500"}}
	{"id":3880500,"type":"sell","buyer":"urri2020","seller":"stickupboys","symbol":"ALIVE","quantity":"26.9147","price":"0.01110000","timestamp":1657480086,"volume":"0.29875317","buyTxId":"a891f487f34468fa726ba7638b8e8d8a681874c1","sellTxId":"a20e44397521294da0a513cd6d583338531cc8aa"}
{"index": {"_index":"alive","_id":"3880765"}}
	{"id":3880765,"type":"sell","buyer":"magicbeans","seller":"stickupcurator","symbol":"ALIVE","quantity":"37.5313","price":"0.01110001","timestamp":1657480593,"volume":"0.41659781","buyTxId":"6703ac1a2a60ed5d20e5c12d6dc29b0b31abeca3","sellTxId":"c0fb8c11e60d58b9fdf6dc1aa3d6a4c74f6303ca"}
{"index": {"_index":"alive","_id":"3881026"}}
	{"id":3881026,"type":"buy","buyer":"nahueldare3627","seller":"onlydoge","symbol":"ALIVE","quantity":"153.4628","price":"0.01949000","timestamp":1657483629,"volume":"2.99099162","buyTxId":"cc3ee3030d47dcd5cd6c439022c9a1ce486dbb2b","sellTxId":"3bb75a1cd4d74ca3635687b8d10c4ef9bdbab2ad"}
{"index": {"_index":"alive","_id":"3881042"}}
	{"id":3881042,"type":"sell","buyer":"magicbeans","seller":"vaporent","symbol":"ALIVE","quantity":"1.9753","price":"0.01110001","timestamp":1657483857,"volume":"0.02192585","buyTxId":"6703ac1a2a60ed5d20e5c12d6dc29b0b31abeca3","sellTxId":"8dc2973ce56f4d7d5d2481b5ca759e85d2fd45bb"}
{"index": {"_index":"alive","_id":"3881124"}}
	{"id":3881124,"type":"buy","buyer":"tengolotodo","seller":"urri2020","symbol":"ALIVE","quantity":"95.6040","price":"0.01500000","timestamp":1657485027,"volume":"1.43406000","buyTxId":"f4b99fd98f676b85fbb53d67ac27f267cf98e920","sellTxId":"6de7ea6ff8a22e464bd6f64e80be246202985dff"}
{"index": {"_index":"alive","_id":"3881132"}}
	{"id":3881132,"type":"buy","buyer":"tengolotodo","seller":"urri2020","symbol":"ALIVE","quantity":"30.9052","price":"0.01500000","timestamp":1657485060,"volume":"0.46357800","buyTxId":"e0fc246375063c49c79eab17f85e88dbc08d2d59","sellTxId":"6de7ea6ff8a22e464bd6f64e80be246202985dff"}
{"index": {"_index":"alive","_id":"3881137"}}
	{"id":3881137,"type":"buy","buyer":"tengolotodo","seller":"urri2020","symbol":"ALIVE","quantity":"95.6040","price":"0.01750000","timestamp":1657485102,"volume":"1.67307000","buyTxId":"66e488590bcfb8616f705003880ff9a8ceb9f075","sellTxId":"81c251a14962cbadb13c50f2e4c0987172d2af00"}
{"index": {"_index":"alive","_id":"3881548"}}
	{"id":3881548,"type":"sell","buyer":"magicbeans","seller":"pjansen","symbol":"ALIVE","quantity":"0.1","price":"0.01111001","timestamp":1657490754,"volume":"0.00111100","buyTxId":"fee7f2025b3800031ec1a5da44dbc0451a219474","sellTxId":"31da0f96be7623bac1bbbcff27109ea40e1a6b73"}
{"index": {"_index":"alive","_id":"3881698"}}
	{"id":3881698,"type":"sell","buyer":"magicbeans","seller":"lolz.devs","symbol":"ALIVE","quantity":"13.7265","price":"0.01111001","timestamp":1657493133,"volume":"0.15250155","buyTxId":"fee7f2025b3800031ec1a5da44dbc0451a219474","sellTxId":"0df508b4a6410d97a61e9dbcc7bfa26fcf4d6037"}
{"index": {"_index":"alive","_id":"3883803"}}
	{"id":3883803,"type":"buy","buyer":"achimmertens","seller":"embunpagi","symbol":"ALIVE","quantity":"2.2001","price":"0.01744000","timestamp":1657518813,"volume":"0.03836974","buyTxId":"396125216182a43ef37bff4e51cd66732c5f1025","sellTxId":"ff4a7f686710a65a561171fba484a4e37c0c5a76"}
{"index": {"_index":"alive","_id":"3883804"}}
	{"id":3883804,"type":"buy","buyer":"achimmertens","seller":"ben.haase","symbol":"ALIVE","quantity":"5.0701","price":"0.01745000","timestamp":1657518813,"volume":"0.08847325","buyTxId":"396125216182a43ef37bff4e51cd66732c5f1025","sellTxId":"b9687454cb021330797795814dbb34debf9b0ed8"}
{"index": {"_index":"alive","_id":"3883805"}}
	{"id":3883805,"type":"buy","buyer":"achimmertens","seller":"onlydoge","symbol":"ALIVE","quantity":"985.6040","price":"0.01749000","timestamp":1657518813,"volume":"17.23821396","buyTxId":"396125216182a43ef37bff4e51cd66732c5f1025","sellTxId":"00b38080cded4b906467bc4e3543a25e2db9125e"}
{"index": {"_index":"alive","_id":"3883806"}}
	{"id":3883806,"type":"buy","buyer":"achimmertens","seller":"acgalarza","symbol":"ALIVE","quantity":"2.8490","price":"0.01749000","timestamp":1657518813,"volume":"0.04982901","buyTxId":"396125216182a43ef37bff4e51cd66732c5f1025","sellTxId":"8d32b2706d230a675507bfd58260e8018e3c196d"}
{"index": {"_index":"alive","_id":"3883807"}}
	{"id":3883807,"type":"buy","buyer":"achimmertens","seller":"urri2020","symbol":"ALIVE","quantity":"92.2411","price":"0.01750000","timestamp":1657518813,"volume":"1.61421925","buyTxId":"396125216182a43ef37bff4e51cd66732c5f1025","sellTxId":"216ca504659e36e66368c5eafd17410a6d3fc637"}
{"index": {"_index":"alive","_id":"3883808"}}
	{"id":3883808,"type":"buy","buyer":"achimmertens","seller":"remaerd2ndacct","symbol":"ALIVE","quantity":"23.8730","price":"0.01983000","timestamp":1657518813,"volume":"0.47340159","buyTxId":"396125216182a43ef37bff4e51cd66732c5f1025","sellTxId":"6142064d49e47f5a18ecadb82e9141b13176b1ee"}
{"index": {"_index":"alive","_id":"3883809"}}
	{"id":3883809,"type":"buy","buyer":"achimmertens","seller":"imagenius.dac","symbol":"ALIVE","quantity":"25.0752","price":"0.01984000","timestamp":1657518813,"volume":"0.49749320","buyTxId":"396125216182a43ef37bff4e51cd66732c5f1025","sellTxId":"f6db4f780dc02e5fbd310a541af040e65ab5a2c8"}
{"index": {"_index":"alive","_id":"3884755"}}
	{"id":3884755,"type":"sell","buyer":"magicbeans","seller":"dswap","symbol":"ALIVE","quantity":"0.3914","price":"0.01201001","timestamp":1657532049,"volume":"0.00470072","buyTxId":"bf5210acfd35a8db732e7d7f8baea36a7d4b1d11","sellTxId":"046fe13b37e992ff67a8ed09b7bd3a5bb384df4c"}
{"index": {"_index":"alive","_id":"3884821"}}
	{"id":3884821,"type":"sell","buyer":"magicbeans","seller":"jacoalberts","symbol":"ALIVE","quantity":"7.0000","price":"0.01201001","timestamp":1657533279,"volume":"0.08407007","buyTxId":"bf5210acfd35a8db732e7d7f8baea36a7d4b1d11","sellTxId":"2b8e52c5ed588ac005a9dc33c2153382b04ee410"}
{"index": {"_index":"alive","_id":"3885199"}}
	{"id":3885199,"type":"buy","buyer":"engilhramn","seller":"ben.haase","symbol":"ALIVE","quantity":"2.6759","price":"0.01699989","timestamp":1657538391,"volume":"0.04549001","buyTxId":"30638cc151788192f6eb4d3276cb75f45f546ba9","sellTxId":"e831b930764f32e6b1ff61bba84b47823e6743f2"}
{"index": {"_index":"alive","_id":"3885200"}}
	{"id":3885200,"type":"buy","buyer":"engilhramn","seller":"urri2020","symbol":"ALIVE","quantity":"27.3241","price":"0.01700000","timestamp":1657538391,"volume":"0.46450970","buyTxId":"30638cc151788192f6eb4d3276cb75f45f546ba9","sellTxId":"4e9dedc7f308ce020e6cc2380bdf93af6c5adf6f"}
{"index": {"_index":"alive","_id":"3885309"}}
	{"id":3885309,"type":"sell","buyer":"magicbeans","seller":"hive-id","symbol":"ALIVE","quantity":"5.2000","price":"0.01251001","timestamp":1657540986,"volume":"0.06505205","buyTxId":"2e27dec89e53a7256d8fd783cce4566f0f319955","sellTxId":"277d7a3633045d4557e328f76ec5f01f0449981c"}
{"index": {"_index":"alive","_id":"3883803"}}
	{"id":3883803,"type":"buy","buyer":"achimmertens","seller":"embunpagi","symbol":"ALIVE","quantity":"2.2001","price":"0.01744000","timestamp":1657518813,"volume":"0.03836974","buyTxId":"396125216182a43ef37bff4e51cd66732c5f1025","sellTxId":"ff4a7f686710a65a561171fba484a4e37c0c5a76"}
{"index": {"_index":"alive","_id":"3883804"}}
	{"id":3883804,"type":"buy","buyer":"achimmertens","seller":"ben.haase","symbol":"ALIVE","quantity":"5.0701","price":"0.01745000","timestamp":1657518813,"volume":"0.08847325","buyTxId":"396125216182a43ef37bff4e51cd66732c5f1025","sellTxId":"b9687454cb021330797795814dbb34debf9b0ed8"}
{"index": {"_index":"alive","_id":"3883805"}}
	{"id":3883805,"type":"buy","buyer":"achimmertens","seller":"onlydoge","symbol":"ALIVE","quantity":"985.6040","price":"0.01749000","timestamp":1657518813,"volume":"17.23821396","buyTxId":"396125216182a43ef37bff4e51cd66732c5f1025","sellTxId":"00b38080cded4b906467bc4e3543a25e2db9125e"}
{"index": {"_index":"alive","_id":"3883806"}}
	{"id":3883806,"type":"buy","buyer":"achimmertens","seller":"acgalarza","symbol":"ALIVE","quantity":"2.8490","price":"0.01749000","timestamp":1657518813,"volume":"0.04982901","buyTxId":"396125216182a43ef37bff4e51cd66732c5f1025","sellTxId":"8d32b2706d230a675507bfd58260e8018e3c196d"}
{"index": {"_index":"alive","_id":"3883807"}}
	{"id":3883807,"type":"buy","buyer":"achimmertens","seller":"urri2020","symbol":"ALIVE","quantity":"92.2411","price":"0.01750000","timestamp":1657518813,"volume":"1.61421925","buyTxId":"396125216182a43ef37bff4e51cd66732c5f1025","sellTxId":"216ca504659e36e66368c5eafd17410a6d3fc637"}
{"index": {"_index":"alive","_id":"3883808"}}
	{"id":3883808,"type":"buy","buyer":"achimmertens","seller":"remaerd2ndacct","symbol":"ALIVE","quantity":"23.8730","price":"0.01983000","timestamp":1657518813,"volume":"0.47340159","buyTxId":"396125216182a43ef37bff4e51cd66732c5f1025","sellTxId":"6142064d49e47f5a18ecadb82e9141b13176b1ee"}
{"index": {"_index":"alive","_id":"3883809"}}
	{"id":3883809,"type":"buy","buyer":"achimmertens","seller":"imagenius.dac","symbol":"ALIVE","quantity":"25.0752","price":"0.01984000","timestamp":1657518813,"volume":"0.49749320","buyTxId":"396125216182a43ef37bff4e51cd66732c5f1025","sellTxId":"f6db4f780dc02e5fbd310a541af040e65ab5a2c8"}
{"index": {"_index":"alive","_id":"3884755"}}
	{"id":3884755,"type":"sell","buyer":"magicbeans","seller":"dswap","symbol":"ALIVE","quantity":"0.3914","price":"0.01201001","timestamp":1657532049,"volume":"0.00470072","buyTxId":"bf5210acfd35a8db732e7d7f8baea36a7d4b1d11","sellTxId":"046fe13b37e992ff67a8ed09b7bd3a5bb384df4c"}
{"index": {"_index":"alive","_id":"3884821"}}
	{"id":3884821,"type":"sell","buyer":"magicbeans","seller":"jacoalberts","symbol":"ALIVE","quantity":"7.0000","price":"0.01201001","timestamp":1657533279,"volume":"0.08407007","buyTxId":"bf5210acfd35a8db732e7d7f8baea36a7d4b1d11","sellTxId":"2b8e52c5ed588ac005a9dc33c2153382b04ee410"}
{"index": {"_index":"alive","_id":"3885199"}}
	{"id":3885199,"type":"buy","buyer":"engilhramn","seller":"ben.haase","symbol":"ALIVE","quantity":"2.6759","price":"0.01699989","timestamp":1657538391,"volume":"0.04549001","buyTxId":"30638cc151788192f6eb4d3276cb75f45f546ba9","sellTxId":"e831b930764f32e6b1ff61bba84b47823e6743f2"}
{"index": {"_index":"alive","_id":"3885200"}}
	{"id":3885200,"type":"buy","buyer":"engilhramn","seller":"urri2020","symbol":"ALIVE","quantity":"27.3241","price":"0.01700000","timestamp":1657538391,"volume":"0.46450970","buyTxId":"30638cc151788192f6eb4d3276cb75f45f546ba9","sellTxId":"4e9dedc7f308ce020e6cc2380bdf93af6c5adf6f"}
{"index": {"_index":"alive","_id":"3885309"}}
	{"id":3885309,"type":"sell","buyer":"magicbeans","seller":"hive-id","symbol":"ALIVE","quantity":"5.2000","price":"0.01251001","timestamp":1657540986,"volume":"0.06505205","buyTxId":"2e27dec89e53a7256d8fd783cce4566f0f319955","sellTxId":"277d7a3633045d4557e328f76ec5f01f0449981c"}
{"index": {"_index":"alive","_id":"3886223"}}
	{"id":3886223,"type":"sell","buyer":"magicbeans","seller":"iamraincrystal","symbol":"ALIVE","quantity":"34.0750","price":"0.01251001","timestamp":1657552440,"volume":"0.42627859","buyTxId":"2e27dec89e53a7256d8fd783cce4566f0f319955","sellTxId":"ce8daf8c112b7ae90d4319aeca886e9b2040bb9a"}
{"index": {"_index":"alive","_id":"3886229"}}
	{"id":3886229,"type":"sell","buyer":"onlydoge","seller":"iamraincrystal","symbol":"ALIVE","quantity":"108.4963","price":"0.01251000","timestamp":1657552488,"volume":"1.35728871","buyTxId":"40ea58025ed67034d7fb9fc6f26f771a94aefbf6","sellTxId":"51b3d85ee13745abf353bc4d10cd2db0d43f25af"}
{"index": {"_index":"alive","_id":"3886297"}}
	{"id":3886297,"type":"sell","buyer":"magicbeans","seller":"dirkzett","symbol":"ALIVE","quantity":"16.4692","price":"0.01251001","timestamp":1657553481,"volume":"0.20602986","buyTxId":"ed5492151459a95696d8b0b2d9754ec2617844c0","sellTxId":"b98ea865de0c4a44985116346d7566591258efbd"}
{"index": {"_index":"alive","_id":"3887075"}}
	{"id":3887075,"type":"sell","buyer":"magicbeans","seller":"urri2020","symbol":"ALIVE","quantity":"83.5300","price":"0.01251001","timestamp":1657562475,"volume":"1.04496114","buyTxId":"ed5492151459a95696d8b0b2d9754ec2617844c0","sellTxId":"7dd4b061fae915962e06ce88c3209db39c922543"}
{"index": {"_index":"alive","_id":"3887636"}}
	{"id":3887636,"type":"sell","buyer":"magicbeans","seller":"ben.haase","symbol":"ALIVE","quantity":"0.0008","price":"0.01251001","timestamp":1657569048,"volume":"0.00001000","buyTxId":"ed5492151459a95696d8b0b2d9754ec2617844c0","sellTxId":"f8e181ae8a9949d3480c7c8f2bdfb9e0f65645e7"}
{"index": {"_index":"alive","_id":"3888029"}}
	{"id":3888029,"type":"sell","buyer":"ben.haase","seller":"florenceboens","symbol":"ALIVE","quantity":"1.9633","price":"0.01111005","timestamp":1657574871,"volume":"0.02181236","buyTxId":"97f55a158fd176a17c17ef0a067b5d40f672b64b","sellTxId":"6e4a8c108188a9afb7c01f43a124daf54d15db00"}
{"index": {"_index":"alive","_id":"3888069"}}
	{"id":3888069,"type":"buy","buyer":"flaxz","seller":"ben.haase","symbol":"ALIVE","quantity":"5.4249","price":"0.01498999","timestamp":1657575486,"volume":"0.08131920","buyTxId":"317c16209f1e073e0a2376a3aca1607bbf11c9a9","sellTxId":"a17d06c641a106efacbbd1840f0b3851fbc5a6ad"}
{"index": {"_index":"alive","_id":"3888070"}}
	{"id":3888070,"type":"buy","buyer":"flaxz","seller":"onlydoge","symbol":"ALIVE","quantity":"33.9904","price":"0.01499000","timestamp":1657575486,"volume":"0.50951639","buyTxId":"317c16209f1e073e0a2376a3aca1607bbf11c9a9","sellTxId":"22f16c97ce8f3b2cbc87af659dd26a33aacedb2e"}
{"index": {"_index":"alive","_id":"3888080"}}
	{"id":3888080,"type":"sell","buyer":"ben.haase","seller":"khan.dayyanz","symbol":"ALIVE","quantity":"10.0948","price":"0.01111005","timestamp":1657575600,"volume":"0.11215373","buyTxId":"97f55a158fd176a17c17ef0a067b5d40f672b64b","sellTxId":"53e9a2d1c8b975a0b92014b9ba6d5b6a9eab486d"}
{"index": {"_index":"alive","_id":"3888081"}}
	{"id":3888081,"type":"sell","buyer":"ben.haase","seller":"khan.dayyanz","symbol":"ALIVE","quantity":"3.6201","price":"0.01111005","timestamp":1657575600,"volume":"0.04021949","buyTxId":"9ae7ac51137d002830288fb424e3e2088ce69752","sellTxId":"53e9a2d1c8b975a0b92014b9ba6d5b6a9eab486d"}
{"index": {"_index":"alive","_id":"3888497"}}
	{"id":3888497,"type":"sell","buyer":"ben.haase","seller":"pjansen","symbol":"ALIVE","quantity":"0.2","price":"0.01111005","timestamp":1657577499,"volume":"0.00222201","buyTxId":"9ae7ac51137d002830288fb424e3e2088ce69752","sellTxId":"a0c9ccaa7cb5856ce3a4d522b3534c3614490777"}
{"index": {"_index":"alive","_id":"3888806"}}
	{"id":3888806,"type":"buy","buyer":"bambukah","seller":"onlydoge","symbol":"ALIVE","quantity":"74.5059","price":"0.01499000","timestamp":1657581603,"volume":"1.11684344","buyTxId":"2fad9b8f5d985740511bb58564f3ff53ee46f947","sellTxId":"22f16c97ce8f3b2cbc87af659dd26a33aacedb2e"}
{"index": {"_index":"alive","_id":"3888807"}}
	{"id":3888807,"type":"buy","buyer":"bambukah","seller":"urri2020","symbol":"ALIVE","quantity":"189.1459","price":"0.01500000","timestamp":1657581603,"volume":"2.83718850","buyTxId":"2fad9b8f5d985740511bb58564f3ff53ee46f947","sellTxId":"2392f7098d3ab4cd685487cca7f851ad74afa9ec"}
{"index": {"_index":"alive","_id":"3888808"}}
	{"id":3888808,"type":"buy","buyer":"bambukah","seller":"jlufer","symbol":"ALIVE","quantity":"57.9399","price":"0.01650000","timestamp":1657581603,"volume":"0.95600853","buyTxId":"2fad9b8f5d985740511bb58564f3ff53ee46f947","sellTxId":"eb34e8e259c071a331d1d4f6970a363bc3bcb535"}
{"index": {"_index":"alive","_id":"3889833"}}
	{"id":3889833,"type":"sell","buyer":"onlydoge","seller":"crypto-futurist","symbol":"ALIVE","quantity":"0.5499","price":"0.01112000","timestamp":1657591461,"volume":"0.00611489","buyTxId":"94b8dbeef1eab69ec12f189ba121a1e360402a18","sellTxId":"dcc5d8cc129975d72cb945d248361b8e359ad600"}
{"index": {"_index":"alive","_id":"3888029"}}
	{"id":3888029,"type":"sell","buyer":"ben.haase","seller":"florenceboens","symbol":"ALIVE","quantity":"1.9633","price":"0.01111005","timestamp":1657574871,"volume":"0.02181236","buyTxId":"97f55a158fd176a17c17ef0a067b5d40f672b64b","sellTxId":"6e4a8c108188a9afb7c01f43a124daf54d15db00"}
{"index": {"_index":"alive","_id":"3888069"}}
	{"id":3888069,"type":"buy","buyer":"flaxz","seller":"ben.haase","symbol":"ALIVE","quantity":"5.4249","price":"0.01498999","timestamp":1657575486,"volume":"0.08131920","buyTxId":"317c16209f1e073e0a2376a3aca1607bbf11c9a9","sellTxId":"a17d06c641a106efacbbd1840f0b3851fbc5a6ad"}
{"index": {"_index":"alive","_id":"3888070"}}
	{"id":3888070,"type":"buy","buyer":"flaxz","seller":"onlydoge","symbol":"ALIVE","quantity":"33.9904","price":"0.01499000","timestamp":1657575486,"volume":"0.50951639","buyTxId":"317c16209f1e073e0a2376a3aca1607bbf11c9a9","sellTxId":"22f16c97ce8f3b2cbc87af659dd26a33aacedb2e"}
{"index": {"_index":"alive","_id":"3888080"}}
	{"id":3888080,"type":"sell","buyer":"ben.haase","seller":"khan.dayyanz","symbol":"ALIVE","quantity":"10.0948","price":"0.01111005","timestamp":1657575600,"volume":"0.11215373","buyTxId":"97f55a158fd176a17c17ef0a067b5d40f672b64b","sellTxId":"53e9a2d1c8b975a0b92014b9ba6d5b6a9eab486d"}
{"index": {"_index":"alive","_id":"3888081"}}
	{"id":3888081,"type":"sell","buyer":"ben.haase","seller":"khan.dayyanz","symbol":"ALIVE","quantity":"3.6201","price":"0.01111005","timestamp":1657575600,"volume":"0.04021949","buyTxId":"9ae7ac51137d002830288fb424e3e2088ce69752","sellTxId":"53e9a2d1c8b975a0b92014b9ba6d5b6a9eab486d"}
{"index": {"_index":"alive","_id":"3888497"}}
	{"id":3888497,"type":"sell","buyer":"ben.haase","seller":"pjansen","symbol":"ALIVE","quantity":"0.2","price":"0.01111005","timestamp":1657577499,"volume":"0.00222201","buyTxId":"9ae7ac51137d002830288fb424e3e2088ce69752","sellTxId":"a0c9ccaa7cb5856ce3a4d522b3534c3614490777"}
{"index": {"_index":"alive","_id":"3888806"}}
	{"id":3888806,"type":"buy","buyer":"bambukah","seller":"onlydoge","symbol":"ALIVE","quantity":"74.5059","price":"0.01499000","timestamp":1657581603,"volume":"1.11684344","buyTxId":"2fad9b8f5d985740511bb58564f3ff53ee46f947","sellTxId":"22f16c97ce8f3b2cbc87af659dd26a33aacedb2e"}
{"index": {"_index":"alive","_id":"3888807"}}
	{"id":3888807,"type":"buy","buyer":"bambukah","seller":"urri2020","symbol":"ALIVE","quantity":"189.1459","price":"0.01500000","timestamp":1657581603,"volume":"2.83718850","buyTxId":"2fad9b8f5d985740511bb58564f3ff53ee46f947","sellTxId":"2392f7098d3ab4cd685487cca7f851ad74afa9ec"}
{"index": {"_index":"alive","_id":"3888808"}}
	{"id":3888808,"type":"buy","buyer":"bambukah","seller":"jlufer","symbol":"ALIVE","quantity":"57.9399","price":"0.01650000","timestamp":1657581603,"volume":"0.95600853","buyTxId":"2fad9b8f5d985740511bb58564f3ff53ee46f947","sellTxId":"eb34e8e259c071a331d1d4f6970a363bc3bcb535"}
{"index": {"_index":"alive","_id":"3889833"}}
	{"id":3889833,"type":"sell","buyer":"onlydoge","seller":"crypto-futurist","symbol":"ALIVE","quantity":"0.5499","price":"0.01112000","timestamp":1657591461,"volume":"0.00611489","buyTxId":"94b8dbeef1eab69ec12f189ba121a1e360402a18","sellTxId":"dcc5d8cc129975d72cb945d248361b8e359ad600"}
{"index": {"_index":"alive","_id":"3890521"}}
	{"id":3890521,"type":"sell","buyer":"ben.haase","seller":"gank","symbol":"ALIVE","quantity":"9.0390","price":"0.01112001","timestamp":1657601877,"volume":"0.10051377","buyTxId":"d838ba4c9cc8f0a9ea31e0dd5187d0aa8946bf12","sellTxId":"10aa2549c72650078dec712c1c84903f5ebeb914"}
{"index": {"_index":"alive","_id":"3890522"}}
	{"id":3890522,"type":"sell","buyer":"onlydoge","seller":"gank","symbol":"ALIVE","quantity":"212.4970","price":"0.01112000","timestamp":1657601877,"volume":"2.36296664","buyTxId":"94b8dbeef1eab69ec12f189ba121a1e360402a18","sellTxId":"10aa2549c72650078dec712c1c84903f5ebeb914"}
{"index": {"_index":"alive","_id":"3891136"}}
	{"id":3891136,"type":"sell","buyer":"ana-maria","seller":"leemah1","symbol":"ALIVE","quantity":"44.8360","price":"0.01112001","timestamp":1657610778,"volume":"0.49857677","buyTxId":"8cfb893a011132b1390263b68d3945769a0f5cb1","sellTxId":"8859aaf33acbbf47f9a35dd16d976ada8d04b646"}
{"index": {"_index":"alive","_id":"3891825"}}
	{"id":3891825,"type":"sell","buyer":"ana-maria","seller":"isiksenpalvoja","symbol":"ALIVE","quantity":"0.1050","price":"0.01112001","timestamp":1657620744,"volume":"0.00116760","buyTxId":"8cfb893a011132b1390263b68d3945769a0f5cb1","sellTxId":"a4955824a4efeed1b8b984def0a9fa97057ecb2f"}
{"index": {"_index":"alive","_id":"3891985"}}
	{"id":3891985,"type":"sell","buyer":"ana-maria","seller":"dswap","symbol":"ALIVE","quantity":"12.4508","price":"0.01112001","timestamp":1657622460,"volume":"0.13845302","buyTxId":"8cfb893a011132b1390263b68d3945769a0f5cb1","sellTxId":"15f5ae36e148dc65dcfe73d23675435a7c6094af"}
{"index": {"_index":"alive","_id":"3892585"}}
	{"id":3892585,"type":"sell","buyer":"ana-maria","seller":"iamraincrystal","symbol":"ALIVE","quantity":"42.0000","price":"0.01112001","timestamp":1657631367,"volume":"0.46704042","buyTxId":"8cfb893a011132b1390263b68d3945769a0f5cb1","sellTxId":"7e6808b2c17bebeb53dcd40cb5b031852b8d1b4e"}
{"index": {"_index":"alive","_id":"3893239"}}
	{"id":3893239,"type":"buy","buyer":"flaxz","seller":"ben.haase","symbol":"ALIVE","quantity":"26.6223","price":"0.01641998","timestamp":1657636071,"volume":"0.43713763","buyTxId":"0bc5b0ef9c9ce49e9d2da1a60ed25e67203a8cf7","sellTxId":"b0500ab1823f4e1c222b74e0dcbbec6677ca00fd"}
{"index": {"_index":"alive","_id":"3893240"}}
	{"id":3893240,"type":"buy","buyer":"flaxz","seller":"onlydoge","symbol":"ALIVE","quantity":"39.4503","price":"0.01642000","timestamp":1657636071,"volume":"0.64777552","buyTxId":"0bc5b0ef9c9ce49e9d2da1a60ed25e67203a8cf7","sellTxId":"fcb80acbb0713e8bdadb0631b5f0724cdc067790"}
{"index": {"_index":"alive","_id":"3893925"}}
	{"id":3893925,"type":"buy","buyer":"apoloo1","seller":"jlufer","symbol":"ALIVE","quantity":"0.0474","price":"0.01600000","timestamp":1657642872,"volume":"0.00075840","buyTxId":"212c8838f364a52eb0d839224fbd5d4cb5f98c3d","sellTxId":"b3dec21ecfde5e8a6cab4ebf8acbce18bbd281f1"}
{"index": {"_index":"alive","_id":"3893929"}}
	{"id":3893929,"type":"buy","buyer":"apoloo1","seller":"jlufer","symbol":"ALIVE","quantity":"0.0011","price":"0.01600000","timestamp":1657642914,"volume":"0.00001760","buyTxId":"5998ba4b52b3976d5c5e86e4f3bed3a41e1e183a","sellTxId":"b3dec21ecfde5e8a6cab4ebf8acbce18bbd281f1"}
{"index": {"_index":"alive","_id":"3893977"}}
	{"id":3893977,"type":"sell","buyer":"allonyx.ngs","seller":"assassyn","symbol":"ALIVE","quantity":"2.5466","price":"0.01112003","timestamp":1657643562,"volume":"0.02831827","buyTxId":"77d4bd9cdf8a6044646b6557b5137be286776e68","sellTxId":"98ed5c8e1767fc7043719f7b9c5e457894af6f72"}
{"index": {"_index":"alive","_id":"3894258"}}
	{"id":3894258,"type":"sell","buyer":"allonyx.ngs","seller":"x9ed1732b","symbol":"ALIVE","quantity":"29.4272","price":"0.01112003","timestamp":1657646949,"volume":"0.32723135","buyTxId":"77d4bd9cdf8a6044646b6557b5137be286776e68","sellTxId":"08206edab1cb448a89953337abc8b34b2e747038"}
{"index": {"_index":"alive","_id":"3894487"}}
	{"id":3894487,"type":"buy","buyer":"curatorcat.pal","seller":"onlydoge","symbol":"ALIVE","quantity":"0.7281","price":"0.01499000","timestamp":1657649433,"volume":"0.01091422","buyTxId":"3f6d8246d4376a8fb1827d47268288caa8705640","sellTxId":"4b9c7dc3636e49dd6190eb713f7d504a6b74ccb2"}
{"index": {"_index":"alive","_id":"3895198"}}
	{"id":3895198,"type":"sell","buyer":"allonyx.ngs","seller":"assassyn","symbol":"ALIVE","quantity":"0.7576","price":"0.01112003","timestamp":1657658568,"volume":"0.00842453","buyTxId":"77d4bd9cdf8a6044646b6557b5137be286776e68","sellTxId":"d1c9c6cf94cb0cc1d89385bebbd9af2fd9aaf6f3"}
{"index": {"_index":"alive","_id":"3897960"}}
	{"id":3897960,"type":"sell","buyer":"allonyx.ngs","seller":"littlenewthings","symbol":"ALIVE","quantity":"34.5620","price":"0.01112003","timestamp":1657694742,"volume":"0.38433048","buyTxId":"77d4bd9cdf8a6044646b6557b5137be286776e68","sellTxId":"846002597607e1f16f911fa62ddb94d4479ee31a"}
{"index": {"_index":"alive","_id":"3898120"}}
	{"id":3898120,"type":"sell","buyer":"allonyx.ngs","seller":"jurusakhir","symbol":"ALIVE","quantity":"2.6237","price":"0.01112003","timestamp":1657696344,"volume":"0.02917562","buyTxId":"77d4bd9cdf8a6044646b6557b5137be286776e68","sellTxId":"853b048fee6ee8c633be702d324fac58fca04f45"}
{"index": {"_index":"alive","_id":"3898810"}}
	{"id":3898810,"type":"sell","buyer":"allonyx.ngs","seller":"twicejoy","symbol":"ALIVE","quantity":"26.8516","price":"0.01112003","timestamp":1657707024,"volume":"0.29859060","buyTxId":"77d4bd9cdf8a6044646b6557b5137be286776e68","sellTxId":"994daa2fae3aa4b5c158805e14199ad908467fb8"}
{"index": {"_index":"alive","_id":"3900137"}}
	{"id":3900137,"type":"sell","buyer":"allonyx.ngs","seller":"assassyn","symbol":"ALIVE","quantity":"5.3736","price":"0.01112003","timestamp":1657721427,"volume":"0.05975459","buyTxId":"77d4bd9cdf8a6044646b6557b5137be286776e68","sellTxId":"342180b5933e2d337c0ef5445e15cda3d67dc77c"}
{"index": {"_index":"alive","_id":"3900496"}}
	{"id":3900496,"type":"sell","buyer":"allonyx.ngs","seller":"iamraincrystal","symbol":"ALIVE","quantity":"92.6503","price":"0.01112003","timestamp":1657723974,"volume":"1.03027412","buyTxId":"77d4bd9cdf8a6044646b6557b5137be286776e68","sellTxId":"2032962febd90a4846734f519d130d43aa043ea3"}
{"index": {"_index":"alive","_id":"3900503"}}
	{"id":3900503,"type":"sell","buyer":"allonyx.ngs","seller":"faireye","symbol":"ALIVE","quantity":"45.0984","price":"0.01112003","timestamp":1657724022,"volume":"0.50149556","buyTxId":"77d4bd9cdf8a6044646b6557b5137be286776e68","sellTxId":"c8eeb1e1cc15a3b4167e2c27abf5928f34fc08a6"}
{"index": {"_index":"alive","_id":"3901463"}}
	{"id":3901463,"type":"buy","buyer":"flaxz","seller":"ben.haase","symbol":"ALIVE","quantity":"2.6450","price":"0.01298999","timestamp":1657730037,"volume":"0.03435852","buyTxId":"4d97ce005a67faa1e6669771c387ad8ec217ebd5","sellTxId":"2286c95f9f3da01da3844c29633db57a6b9ec485"}
{"index": {"_index":"alive","_id":"3901464"}}
	{"id":3901464,"type":"buy","buyer":"flaxz","seller":"onlydoge","symbol":"ALIVE","quantity":"99.3601","price":"0.01299000","timestamp":1657730037,"volume":"1.29068777","buyTxId":"4d97ce005a67faa1e6669771c387ad8ec217ebd5","sellTxId":"ce0fd9970c6b465c20b504815718a3210310652d"}
{"index": {"_index":"alive","_id":"3901635"}}
	{"id":3901635,"type":"buy","buyer":"denmarkguy","seller":"onlydoge","symbol":"ALIVE","quantity":"1.7121","price":"0.01299000","timestamp":1657730880,"volume":"0.02224018","buyTxId":"3f6a6ca989f54576386381cc223fb409756f2e81","sellTxId":"ce0fd9970c6b465c20b504815718a3210310652d"}
{"index": {"_index":"alive","_id":"3902344"}}
	{"id":3902344,"type":"sell","buyer":"ben.haase","seller":"silvertop","symbol":"ALIVE","quantity":"4.9654","price":"0.01112005","timestamp":1657736607,"volume":"0.05521550","buyTxId":"b384b6e2ba69ffb3472fdbd43279f3597feb387e","sellTxId":"a21e02268666cc7230748f9e87dc2ec5565071c0"}
{"index": {"_index":"alive","_id":"3902434"}}
	{"id":3902434,"type":"buy","buyer":"darmst5339","seller":"onlydoge","symbol":"ALIVE","quantity":"24.2497","price":"0.01299000","timestamp":1657737267,"volume":"0.31500360","buyTxId":"ad0f6f74c67be2ab58e86020160f146a8c3abdbb","sellTxId":"ce0fd9970c6b465c20b504815718a3210310652d"}
{"index": {"_index":"alive","_id":"3903097"}}
	{"id":3903097,"type":"sell","buyer":"ben.haase","seller":"lisamgentile1961","symbol":"ALIVE","quantity":"9.4196","price":"0.01112005","timestamp":1657743714,"volume":"0.10474642","buyTxId":"b384b6e2ba69ffb3472fdbd43279f3597feb387e","sellTxId":"9864b57b3ac4a9857122b9aeacfaa1d5afa9e52b"}
{"index": {"_index":"alive","_id":"3903379"}}
	{"id":3903379,"type":"buy","buyer":"hoosie","seller":"ben.haase","symbol":"ALIVE","quantity":"4.9654","price":"0.01298999","timestamp":1657746450,"volume":"0.06450050","buyTxId":"6bde38a7e70a4b128b790699bb3f642274428248","sellTxId":"46c26da9d9a484c7c518a766556c963199feb187"}
{"index": {"_index":"alive","_id":"3903380"}}
	{"id":3903380,"type":"buy","buyer":"hoosie","seller":"onlydoge","symbol":"ALIVE","quantity":"47.5466","price":"0.01299000","timestamp":1657746471,"volume":"0.61763033","buyTxId":"a9990bb0088fa7f457c7b58734fa28382052c019","sellTxId":"ce0fd9970c6b465c20b504815718a3210310652d"}
{"index": {"_index":"alive","_id":"3903381"}}
	{"id":3903381,"type":"buy","buyer":"hoosie","seller":"jlufer","symbol":"ALIVE","quantity":"27.4000","price":"0.01300000","timestamp":1657746510,"volume":"0.35620000","buyTxId":"09127fe17dcda6fbfb2de9ba683bd0a929b252d9","sellTxId":"815e856292236d18efbd6158f0cea0ee8f1acb03"}
{"index": {"_index":"alive","_id":"3904295"}}
	{"id":3904295,"type":"buy","buyer":"benthomaswwd","seller":"edgerik","symbol":"ALIVE","quantity":"143.3000","price":"0.01280000","timestamp":1657756575,"volume":"1.83424000","buyTxId":"a3170ef35bd9f8a0d575d7a23fa1280fc08d8c1e","sellTxId":"f5821cafba839483f8e02cf3a6449b752c9a86b4"}
{"index": {"_index":"alive","_id":"3904297"}}
	{"id":3904297,"type":"buy","buyer":"benthomaswwd","seller":"ben.haase","symbol":"ALIVE","quantity":"9.4197","price":"0.01299999","timestamp":1657756608,"volume":"0.12245601","buyTxId":"53044c6fa0b9ffc0502b9ec81a5cf4a2210e9b4a","sellTxId":"61cb8e3c50ddc1fe3a7e08c325d5607d5fe4f1d8"}
{"index": {"_index":"alive","_id":"3904298"}}
	{"id":3904298,"type":"buy","buyer":"benthomaswwd","seller":"ben.haase","symbol":"ALIVE","quantity":"0.4429","price":"0.01299999","timestamp":1657756608,"volume":"0.00575769","buyTxId":"53044c6fa0b9ffc0502b9ec81a5cf4a2210e9b4a","sellTxId":"a278ae4787b8f26e193017ad2e2687bb20f88348"}
{"index": {"_index":"alive","_id":"3904302"}}
	{"id":3904302,"type":"buy","buyer":"benthomaswwd","seller":"jlufer","symbol":"ALIVE","quantity":"259.3936","price":"0.01300000","timestamp":1657756644,"volume":"3.37211680","buyTxId":"279faa8bba2d8b889350d32fbc059994b46aa91e","sellTxId":"815e856292236d18efbd6158f0cea0ee8f1acb03"}
{"index": {"_index":"alive","_id":"3904304"}}
	{"id":3904304,"type":"buy","buyer":"benthomaswwd","seller":"magicbeans","symbol":"ALIVE","quantity":"100.0000","price":"0.01499999","timestamp":1657756674,"volume":"1.49999900","buyTxId":"326892499cca2b96e33cfd7002c79bb31cea0b2d","sellTxId":"48dc56f204f58d1ff85fab6f21dcf51a0c7b6b16"}
{"index": {"_index":"alive","_id":"3904333"}}
	{"id":3904333,"type":"buy","buyer":"benthomaswwd","seller":"ben.haase","symbol":"ALIVE","quantity":"1.3058","price":"0.01641998","timestamp":1657756920,"volume":"0.02144121","buyTxId":"aea681003bca8ffac2775fd39f29da4933230445","sellTxId":"8560db6180666c074d4c17db2abcbaa628ace76a"}
{"index": {"_index":"alive","_id":"3904636"}}
	{"id":3904636,"type":"buy","buyer":"ekushya","seller":"mypathtofire","symbol":"ALIVE","quantity":"51.0000","price":"0.01969999","timestamp":1657758492,"volume":"1.00469949","buyTxId":"8c6ccf254395e2fcf97213f7a26871d7ba58d161","sellTxId":"1dfedd0532b6e8cf0b3d9a443cdaf80d9c3ea8df"}
{"index": {"_index":"alive","_id":"3904640"}}
	{"id":3904640,"type":"buy","buyer":"ekushya","seller":"imagenius.dac","symbol":"ALIVE","quantity":"132.8108","price":"0.01984000","timestamp":1657758534,"volume":"2.63496815","buyTxId":"1756c7db669947e5e3318d5002e74dd9158a7eff","sellTxId":"f6db4f780dc02e5fbd310a541af040e65ab5a2c8"}
{"index": {"_index":"alive","_id":"3905620"}}
	{"id":3905620,"type":"sell","buyer":"onlydoge","seller":"cryptonotes","symbol":"ALIVE","quantity":"13.8157","price":"0.01116000","timestamp":1657771914,"volume":"0.15418321","buyTxId":"57f225c46cf817f19251faf8c4ea96672a8bfc93","sellTxId":"4a7f3cf152d1791ae726c94b627993c8cbd7cbaa"}
{"index": {"_index":"alive","_id":"3907488"}}
	{"id":3907488,"type":"sell","buyer":"magicbeans","seller":"iamraincrystal","symbol":"ALIVE","quantity":"100","price":"0.01122001","timestamp":1657798329,"volume":"1.12200100","buyTxId":"1a86d629c05d1fe744b43b117d12606359c33440","sellTxId":"e6c85b248763e76e8b70e39e32ffb1483d341733"}
{"index": {"_index":"alive","_id":"3908868"}}
	{"id":3908868,"type":"sell","buyer":"onlydoge","seller":"florenceboens","symbol":"ALIVE","quantity":"0.2625","price":"0.01251000","timestamp":1657816239,"volume":"0.00328388","buyTxId":"f1040a2961cbe560fd73adf76e3b0b1b759e35c9","sellTxId":"a0d3d79f149043afb300c9429322b9f34740ea64"}
{"index": {"_index":"alive","_id":"3908907"}}
	{"id":3908907,"type":"sell","buyer":"onlydoge","seller":"isiksenpalvoja","symbol":"ALIVE","quantity":"2.1075","price":"0.01251000","timestamp":1657816824,"volume":"0.02636483","buyTxId":"f1040a2961cbe560fd73adf76e3b0b1b759e35c9","sellTxId":"ad33541904e319cc526527baffa8a7890745a137"}
{"index": {"_index":"alive","_id":"3908977"}}
	{"id":3908977,"type":"sell","buyer":"onlydoge","seller":"hive-id","symbol":"ALIVE","quantity":"6.0000","price":"0.01251000","timestamp":1657817322,"volume":"0.07506000","buyTxId":"f1040a2961cbe560fd73adf76e3b0b1b759e35c9","sellTxId":"acc4d27f9b5d82f32d2f6b9aa4872eb5f5682dbb"}
{"index": {"_index":"alive","_id":"3910446"}}
	{"id":3910446,"type":"sell","buyer":"misterc","seller":"gadrian","symbol":"ALIVE","quantity":"1.0359","price":"0.01983994","timestamp":1657833522,"volume":"0.02055219","buyTxId":"e16bc489016c3e5e9879bedc48e79af7bef4c1df","sellTxId":"1c6995a4a31759eeefbd4c8a4d32b05a85bd6f65"}
{"index": {"_index":"alive","_id":"3910975"}}
	{"id":3910975,"type":"sell","buyer":"misterc","seller":"mypathtofire","symbol":"ALIVE","quantity":"30.0000","price":"0.01983994","timestamp":1657841682,"volume":"0.59519820","buyTxId":"e16bc489016c3e5e9879bedc48e79af7bef4c1df","sellTxId":"f03a91277b4d19dd8dba93ba5929998673cd1abb"}
{"index": {"_index":"alive","_id":"3911584"}}
	{"id":3911584,"type":"sell","buyer":"misterc","seller":"thatcryptodave","symbol":"ALIVE","quantity":"21.1951","price":"0.01983994","timestamp":1657851282,"volume":"0.42050951","buyTxId":"e16bc489016c3e5e9879bedc48e79af7bef4c1df","sellTxId":"059920eab9b8d34ea46e267e4d06625262fc44c6"}
{"index": {"_index":"alive","_id":"3911584"}}
	{"id":3911584,"type":"sell","buyer":"misterc","seller":"thatcryptodave","symbol":"ALIVE","quantity":"21.1951","price":"0.01983994","timestamp":1657851282,"volume":"0.42050951","buyTxId":"e16bc489016c3e5e9879bedc48e79af7bef4c1df","sellTxId":"059920eab9b8d34ea46e267e4d06625262fc44c6"}
{"index": {"_index":"alive","_id":"3911963"}}
	{"id":3911963,"type":"sell","buyer":"misterc","seller":"cryptonotes","symbol":"ALIVE","quantity":"5.0586","price":"0.01983994","timestamp":1657858188,"volume":"0.10036232","buyTxId":"e16bc489016c3e5e9879bedc48e79af7bef4c1df","sellTxId":"91e4d122440827aed1be0d6aa1e100db417214e9"}
{"index": {"_index":"alive","_id":"3912406"}}
	{"id":3912406,"type":"sell","buyer":"misterc","seller":"crypto-futurist","symbol":"ALIVE","quantity":"0.5321","price":"0.01983994","timestamp":1657865805,"volume":"0.01055683","buyTxId":"e16bc489016c3e5e9879bedc48e79af7bef4c1df","sellTxId":"b3e2acdf0677e2c02a14177168bdd92ed5f63e29"}
{"index": {"_index":"alive","_id":"3912516"}}
	{"id":3912516,"type":"sell","buyer":"misterc","seller":"criptosectadepit","symbol":"ALIVE","quantity":"3.3588","price":"0.01983994","timestamp":1657867701,"volume":"0.06663839","buyTxId":"e16bc489016c3e5e9879bedc48e79af7bef4c1df","sellTxId":"94e33d0d2bbab2c6b5dd5f6445839d5a5902c908"}
{"index": {"_index":"alive","_id":"3912656"}}
	{"id":3912656,"type":"sell","buyer":"misterc","seller":"mypathtofire","symbol":"ALIVE","quantity":"5.4031","price":"0.01983994","timestamp":1657870317,"volume":"0.10719718","buyTxId":"e16bc489016c3e5e9879bedc48e79af7bef4c1df","sellTxId":"a0651d2dd9bae7c5fa73350c89e28291cb5771dd"}
{"index": {"_index":"alive","_id":"3912772"}}
	{"id":3912772,"type":"sell","buyer":"misterc","seller":"isaac7378","symbol":"ALIVE","quantity":"0.9410","price":"0.01983994","timestamp":1657871958,"volume":"0.01866938","buyTxId":"e16bc489016c3e5e9879bedc48e79af7bef4c1df","sellTxId":"5d5d8c7dc2c7e5394f1b026ceb22a0b366e16de6"}
{"index": {"_index":"alive","_id":"3913196"}}
	{"id":3913196,"type":"sell","buyer":"misterc","seller":"mateodm03","symbol":"ALIVE","quantity":"16.4754","price":"0.01983994","timestamp":1657878777,"volume":"0.32687095","buyTxId":"e16bc489016c3e5e9879bedc48e79af7bef4c1df","sellTxId":"703c81e05bcdd21254d228a9c42dd6a0f579d262"}
{"index": {"_index":"alive","_id":"3913371"}}
	{"id":3913371,"type":"sell","buyer":"onlydoge","seller":"assassyn","symbol":"ALIVE","quantity":"6.3343","price":"0.01253000","timestamp":1657882422,"volume":"0.07936878","buyTxId":"7276b1d8150488d5f857791cf445e2942880e1b8","sellTxId":"797dfe50ae92fb21eba628f84321ccd12c2c4b52"}
{"index": {"_index":"alive","_id":"3913748"}}
	{"id":3913748,"type":"buy","buyer":"urri2020","seller":"magicbeans","symbol":"ALIVE","quantity":"100.0000","price":"0.01983993","timestamp":1657888086,"volume":"1.98399300","buyTxId":"bbf2f2c40a4bfe630975d6206ab84651a8608d23","sellTxId":"eb666be69824697a8c1fe6facf76835198d86fdc"}
{"index": {"_index":"alive","_id":"3913754"}}
	{"id":3913754,"type":"sell","buyer":"misterc","seller":"urri2020","symbol":"ALIVE","quantity":"1.0000","price":"0.01983992","timestamp":1657888131,"volume":"0.01983992","buyTxId":"dff33fda014d90e7b23ab0b634477d114cfccf77","sellTxId":"979fda22ec71bb87c277cf237eca9e9707776af2"}
{"index": {"_index":"alive","_id":"3913756"}}
	{"id":3913756,"type":"sell","buyer":"misterc","seller":"bilpcoinbpc","symbol":"ALIVE","quantity":"0.1547","price":"0.01983992","timestamp":1657888179,"volume":"0.00306924","buyTxId":"dff33fda014d90e7b23ab0b634477d114cfccf77","sellTxId":"b60760af59410dd858189422348cd4deb4787540"}
{"index": {"_index":"alive","_id":"3913759"}}
	{"id":3913759,"type":"buy","buyer":"urri2020","seller":"mateodm03","symbol":"ALIVE","quantity":"5.2401","price":"0.01983994","timestamp":1657888206,"volume":"0.10396327","buyTxId":"857778eee01c3b3b34c3abe012631d133043a25f","sellTxId":"703c81e05bcdd21254d228a9c42dd6a0f579d262"}
{"index": {"_index":"alive","_id":"3913760"}}
	{"id":3913760,"type":"buy","buyer":"urri2020","seller":"ben.haase","symbol":"ALIVE","quantity":"4.0132","price":"0.01983996","timestamp":1657888206,"volume":"0.07962173","buyTxId":"857778eee01c3b3b34c3abe012631d133043a25f","sellTxId":"fed0dab330cb80a9f0677bee89bbfa9dc78a13f0"}
{"index": {"_index":"alive","_id":"3913761"}}
	{"id":3913761,"type":"buy","buyer":"urri2020","seller":"imagenius.dac","symbol":"ALIVE","quantity":"283.1959","price":"0.01984000","timestamp":1657888206,"volume":"5.61860666","buyTxId":"857778eee01c3b3b34c3abe012631d133043a25f","sellTxId":"f6db4f780dc02e5fbd310a541af040e65ab5a2c8"}
{"index": {"_index":"alive","_id":"3914181"}}
	{"id":3914181,"type":"sell","buyer":"misterc","seller":"soyunasantacruz","symbol":"ALIVE","quantity":"1.3010","price":"0.01983992","timestamp":1657894098,"volume":"0.02581174","buyTxId":"dff33fda014d90e7b23ab0b634477d114cfccf77","sellTxId":"3c6bb60a2d24036685bc7504e1b5e730036f5f5e"}
{"index": {"_index":"alive","_id":"3914485"}}
	{"id":3914485,"type":"sell","buyer":"misterc","seller":"lisamgentile1961","symbol":"ALIVE","quantity":"4.3807","price":"0.01983992","timestamp":1657896726,"volume":"0.08691274","buyTxId":"dff33fda014d90e7b23ab0b634477d114cfccf77","sellTxId":"8176ebb8586005bfffc704a7903bdc4f7615d86c"}
{"index": {"_index":"alive","_id":"3914987"}}
	{"id":3914987,"type":"sell","buyer":"misterc","seller":"stickupboys","symbol":"ALIVE","quantity":"3.6779","price":"0.01983992","timestamp":1657902801,"volume":"0.07296924","buyTxId":"dff33fda014d90e7b23ab0b634477d114cfccf77","sellTxId":"36c2cc937b26d8dc6ef10c61ad0e09d61b276b9b"}
{"index": {"_index":"alive","_id":"3915559"}}
	{"id":3915559,"type":"buy","buyer":"flaxz","seller":"imagenius.dac","symbol":"ALIVE","quantity":"2.8096","price":"0.01984000","timestamp":1657908222,"volume":"0.05574323","buyTxId":"4d217e49e7e9eddc46adc35e7de641fe8b474d1d","sellTxId":"f6db4f780dc02e5fbd310a541af040e65ab5a2c8"}
{"index": {"_index":"alive","_id":"3915629"}}
	{"id":3915629,"type":"buy","buyer":"urri2020","seller":"imagenius.dac","symbol":"ALIVE","quantity":"356.2096","price":"0.01984000","timestamp":1657909206,"volume":"7.06719846","buyTxId":"f15dfcca16cc1c48abac2176561799d48a55e0f3","sellTxId":"f6db4f780dc02e5fbd310a541af040e65ab5a2c8"}
{"index": {"_index":"alive","_id":"3915630"}}
	{"id":3915630,"type":"buy","buyer":"urri2020","seller":"iamraincrystal","symbol":"ALIVE","quantity":"5.0664","price":"0.02000000","timestamp":1657909206,"volume":"0.10132800","buyTxId":"f15dfcca16cc1c48abac2176561799d48a55e0f3","sellTxId":"910e444b50b7b9fe1678e7bf3ae851aa111319b3"}
{"index": {"_index":"alive","_id":"3915632"}}
	{"id":3915632,"type":"buy","buyer":"urri2020","seller":"iamraincrystal","symbol":"ALIVE","quantity":"94.9336","price":"0.02000000","timestamp":1657909227,"volume":"1.89867200","buyTxId":"494eb93edd3b50547a787c59bac52e86d9aba8a8","sellTxId":"910e444b50b7b9fe1678e7bf3ae851aa111319b3"}
{"index": {"_index":"alive","_id":"3915633"}}
	{"id":3915633,"type":"buy","buyer":"urri2020","seller":"hive.pizza","symbol":"ALIVE","quantity":"261.2760","price":"0.02000000","timestamp":1657909227,"volume":"5.22552000","buyTxId":"494eb93edd3b50547a787c59bac52e86d9aba8a8","sellTxId":"da55c8cb0be30a350851c776d61b665992d951ca"}
{"index": {"_index":"alive","_id":"3915881"}}
	{"id":3915881,"type":"buy","buyer":"urri2020","seller":"actifraenk","symbol":"ALIVE","quantity":"2.6629","price":"0.03700000","timestamp":1657911867,"volume":"0.09852730","buyTxId":"c478371db44698097bdfb03a17b26324595bde1c","sellTxId":"562a001088df165c5b71b3721df4faa88381475b"}
{"index": {"_index":"alive","_id":"3915955"}}
	{"id":3915955,"type":"sell","buyer":"urri2020","seller":"eythorphoto","symbol":"ALIVE","quantity":"0.0009","price":"0.02000000","timestamp":1657912395,"volume":"0.00001800","buyTxId":"0c0938a37b5d4536671d29814371e946a988f9cc","sellTxId":"034d180d3941d069b20f6d355678c9c38cc5948e"}
{"index": {"_index":"alive","_id":"3916157"}}
	{"id":3916157,"type":"sell","buyer":"ironshield","seller":"urri2020","symbol":"ALIVE","quantity":"100.0000","price":"0.03000000","timestamp":1657914675,"volume":"3.00000000","buyTxId":"8ef85643c8b9acb63b268e198750f497f8aa6c95","sellTxId":"a5249b396f86aaad1a6adf976790e478a9ec7e9d"}
{"index": {"_index":"alive","_id":"3917589"}}
	{"id":3917589,"type":"buy","buyer":"aliveandthriving","seller":"ben.haase","symbol":"ALIVE","quantity":"5.1326","price":"0.03699999","timestamp":1657927590,"volume":"0.18990615","buyTxId":"37ea9936aa952674511a975096652ab3121175ea","sellTxId":"31769487d9be44de45756d3939e13b1495885aea"}
{"index": {"_index":"alive","_id":"3917590"}}
	{"id":3917590,"type":"buy","buyer":"aliveandthriving","seller":"actifraenk","symbol":"ALIVE","quantity":"12.9513","price":"0.03700000","timestamp":1657927590,"volume":"0.47919810","buyTxId":"37ea9936aa952674511a975096652ab3121175ea","sellTxId":"562a001088df165c5b71b3721df4faa88381475b"}
{"index": {"_index":"alive","_id":"3917591"}}
	{"id":3917591,"type":"buy","buyer":"aliveandthriving","seller":"quinnertronics","symbol":"ALIVE","quantity":"1.8682","price":"0.03700000","timestamp":1657927590,"volume":"0.06912340","buyTxId":"37ea9936aa952674511a975096652ab3121175ea","sellTxId":"20c2b32a37ca015f318f544525a5b55569ac06e6"}
{"index": {"_index":"alive","_id":"3917592"}}
	{"id":3917592,"type":"buy","buyer":"aliveandthriving","seller":"onlydoge","symbol":"ALIVE","quantity":"17.6277","price":"0.03749000","timestamp":1657927590,"volume":"0.66086326","buyTxId":"37ea9936aa952674511a975096652ab3121175ea","sellTxId":"980f1a4a1acf84f5150b70c0a4d40786db2973fd"}
{"index": {"_index":"alive","_id":"3917656"}}
	{"id":3917656,"type":"sell","buyer":"urri2020","seller":"lisamgentile1961","symbol":"ALIVE","quantity":"1.7409","price":"0.02004999","timestamp":1657928622,"volume":"0.03490503","buyTxId":"674fa1ad6d697ccf3310c970b5d59abaa4aaf861","sellTxId":"437b485f409a3ee6fa74882e3321271ff9a14b7a"}
{"index": {"_index":"alive","_id":"3918704"}}
	{"id":3918704,"type":"sell","buyer":"urri2020","seller":"hafiz34","symbol":"ALIVE","quantity":"58.0000","price":"0.02004999","timestamp":1657942122,"volume":"1.16289942","buyTxId":"674fa1ad6d697ccf3310c970b5d59abaa4aaf861","sellTxId":"1acb92aa297473aaddf83058235e65f8a772ad48"}
{"index": {"_index":"alive","_id":"3919341"}}
	{"id":3919341,"type":"sell","buyer":"urri2020","seller":"mypathtofire","symbol":"ALIVE","quantity":"25.0000","price":"0.02004999","timestamp":1657954359,"volume":"0.50124975","buyTxId":"674fa1ad6d697ccf3310c970b5d59abaa4aaf861","sellTxId":"982a195df0c641563e1cf373d88e12ee68de77a2"}
{"index": {"_index":"alive","_id":"3919383"}}
	{"id":3919383,"type":"sell","buyer":"urri2020","seller":"chireerocks","symbol":"ALIVE","quantity":"24.5272","price":"0.02004999","timestamp":1657955163,"volume":"0.49177011","buyTxId":"674fa1ad6d697ccf3310c970b5d59abaa4aaf861","sellTxId":"b3f1b0ce6c0197b4b085540292ceafd802187b98"}
{"index": {"_index":"alive","_id":"3919459"}}
	{"id":3919459,"type":"sell","buyer":"urri2020","seller":"blackman15","symbol":"ALIVE","quantity":"10.6574","price":"0.02004999","timestamp":1657955961,"volume":"0.21368076","buyTxId":"674fa1ad6d697ccf3310c970b5d59abaa4aaf861","sellTxId":"2f4b6ca7afbda54bde1dde3991e59a7994a2c46d"}
{"index": {"_index":"alive","_id":"3919460"}}
	{"id":3919460,"type":"sell","buyer":"flaxz","seller":"blackman15","symbol":"ALIVE","quantity":"53.6907","price":"0.02004999","timestamp":1657955961,"volume":"1.07649800","buyTxId":"27a96aef2faade112266e40eb800326fc5063702","sellTxId":"2f4b6ca7afbda54bde1dde3991e59a7994a2c46d"}
{"index": {"_index":"alive","_id":"3919461"}}
	{"id":3919461,"type":"sell","buyer":"urri2020","seller":"blackman15","symbol":"ALIVE","quantity":"22.6519","price":"0.02000000","timestamp":1657955961,"volume":"0.45303800","buyTxId":"0c0938a37b5d4536671d29814371e946a988f9cc","sellTxId":"2f4b6ca7afbda54bde1dde3991e59a7994a2c46d"}
{"index": {"_index":"alive","_id":"3919927"}}
	{"id":3919927,"type":"sell","buyer":"erhan92","seller":"urri2020","symbol":"ALIVE","quantity":"100.0000","price":"0.02001000","timestamp":1657963593,"volume":"2.00100000","buyTxId":"08be5cce3593e0a47ef4ccff71e01cb781d7ca99","sellTxId":"7f7baddefeb50b35e1baf20692200b7f0c87f9e5"}
{"index": {"_index":"alive","_id":"3920111"}}
	{"id":3920111,"type":"sell","buyer":"onlydoge","seller":"urri2020","symbol":"ALIVE","quantity":"99.1760","price":"0.02001000","timestamp":1657968105,"volume":"1.98451176","buyTxId":"adf7b0fe1f28afc86cd83ab22acb64123d08bcc4","sellTxId":"b47bbddaba186dc6c7124b20914069e1b06e5d47"}
{"index": {"_index":"alive","_id":"3920129"}}
	{"id":3920129,"type":"sell","buyer":"onlydoge","seller":"urri2020","symbol":"ALIVE","quantity":"900.3242","price":"0.02001000","timestamp":1657968237,"volume":"18.01548724","buyTxId":"adf7b0fe1f28afc86cd83ab22acb64123d08bcc4","sellTxId":"afa2568883e261fcdf67adcd1c503b0809bdd2db"}
{"index": {"_index":"alive","_id":"3920139"}}
	{"id":3920139,"type":"sell","buyer":"misterc","seller":"urri2020","symbol":"ALIVE","quantity":"54.6758","price":"0.01983992","timestamp":1657968300,"volume":"1.08476350","buyTxId":"dff33fda014d90e7b23ab0b634477d114cfccf77","sellTxId":"4702326c23a23c05affce341bca17a2a3a15a73f"}
{"index": {"_index":"alive","_id":"3921450"}}
	{"id":3921450,"type":"sell","buyer":"misterc","seller":"isiksenpalvoja","symbol":"ALIVE","quantity":"0.6177","price":"0.01983992","timestamp":1657987647,"volume":"0.01225512","buyTxId":"dff33fda014d90e7b23ab0b634477d114cfccf77","sellTxId":"9cfac2b665056a1c3739cdb133e9db900e23c214"}
{"index": {"_index":"alive","_id":"3922909"}}
	{"id":3922909,"type":"buy","buyer":"flaxz","seller":"onlydoge","symbol":"ALIVE","quantity":"0.3015","price":"0.02999000","timestamp":1658003115,"volume":"0.00904387","buyTxId":"ef2b21d59ebece734d2ec7d4d1fdd732ab0c1836","sellTxId":"70e0ea0ca322b9ee7238021165a92a27fb7a6a0e"}
{"index": {"_index":"alive","_id":"3924297"}}
	{"id":3924297,"type":"sell","buyer":"ana-maria","seller":"jlufer","symbol":"ALIVE","quantity":"20.0000","price":"0.01983993","timestamp":1658021100,"volume":"0.39679860","buyTxId":"6b5ca0cfc3edca9a5a9d783ba1536b8b5efad3f9","sellTxId":"38a45f2a72bc5e6f4da16d589bc8242cca430fd9"}
{"index": {"_index":"alive","_id":"3924298"}}
	{"id":3924298,"type":"sell","buyer":"misterc","seller":"jlufer","symbol":"ALIVE","quantity":"34.0000","price":"0.01983992","timestamp":1658021100,"volume":"0.67455728","buyTxId":"dff33fda014d90e7b23ab0b634477d114cfccf77","sellTxId":"38a45f2a72bc5e6f4da16d589bc8242cca430fd9"}
{"index": {"_index":"alive","_id":"3924307"}}
	{"id":3924307,"type":"sell","buyer":"misterc","seller":"jlufer","symbol":"ALIVE","quantity":"0.1922","price":"0.01983992","timestamp":1658021184,"volume":"0.00381323","buyTxId":"dff33fda014d90e7b23ab0b634477d114cfccf77","sellTxId":"6e2625b08c756d2842a1a1f414437d05083266c2"}
{"index": {"_index":"alive","_id":"3924308"}}
	{"id":3924308,"type":"sell","buyer":"misterc","seller":"jlufer","symbol":"ALIVE","quantity":"100.0000","price":"0.01983992","timestamp":1658021184,"volume":"1.98399200","buyTxId":"48283ffc0af16f2fbb681d02565c092b50750ab3","sellTxId":"6e2625b08c756d2842a1a1f414437d05083266c2"}
{"index": {"_index":"alive","_id":"3924309"}}
	{"id":3924309,"type":"sell","buyer":"misterc","seller":"jlufer","symbol":"ALIVE","quantity":"96.8078","price":"0.01983992","timestamp":1658021184,"volume":"1.92065901","buyTxId":"a46a03d6cd9ab40cde9af454872fe891af5141c2","sellTxId":"6e2625b08c756d2842a1a1f414437d05083266c2"}
{"index": {"_index":"alive","_id":"3924297"}}
	{"id":3924297,"type":"sell","buyer":"ana-maria","seller":"jlufer","symbol":"ALIVE","quantity":"20.0000","price":"0.01983993","timestamp":1658021100,"volume":"0.39679860","buyTxId":"6b5ca0cfc3edca9a5a9d783ba1536b8b5efad3f9","sellTxId":"38a45f2a72bc5e6f4da16d589bc8242cca430fd9"}
{"index": {"_index":"alive","_id":"3924298"}}
	{"id":3924298,"type":"sell","buyer":"misterc","seller":"jlufer","symbol":"ALIVE","quantity":"34.0000","price":"0.01983992","timestamp":1658021100,"volume":"0.67455728","buyTxId":"dff33fda014d90e7b23ab0b634477d114cfccf77","sellTxId":"38a45f2a72bc5e6f4da16d589bc8242cca430fd9"}
{"index": {"_index":"alive","_id":"3924307"}}
	{"id":3924307,"type":"sell","buyer":"misterc","seller":"jlufer","symbol":"ALIVE","quantity":"0.1922","price":"0.01983992","timestamp":1658021184,"volume":"0.00381323","buyTxId":"dff33fda014d90e7b23ab0b634477d114cfccf77","sellTxId":"6e2625b08c756d2842a1a1f414437d05083266c2"}
{"index": {"_index":"alive","_id":"3924308"}}
	{"id":3924308,"type":"sell","buyer":"misterc","seller":"jlufer","symbol":"ALIVE","quantity":"100.0000","price":"0.01983992","timestamp":1658021184,"volume":"1.98399200","buyTxId":"48283ffc0af16f2fbb681d02565c092b50750ab3","sellTxId":"6e2625b08c756d2842a1a1f414437d05083266c2"}
{"index": {"_index":"alive","_id":"3924309"}}
	{"id":3924309,"type":"sell","buyer":"misterc","seller":"jlufer","symbol":"ALIVE","quantity":"96.8078","price":"0.01983992","timestamp":1658021184,"volume":"1.92065901","buyTxId":"a46a03d6cd9ab40cde9af454872fe891af5141c2","sellTxId":"6e2625b08c756d2842a1a1f414437d05083266c2"}
{"index": {"_index":"alive","_id":"3925284"}}
	{"id":3925284,"type":"sell","buyer":"misterc","seller":"iamraincrystal","symbol":"ALIVE","quantity":"3.1922","price":"0.01983992","timestamp":1658038557,"volume":"0.06333299","buyTxId":"a46a03d6cd9ab40cde9af454872fe891af5141c2","sellTxId":"72285d59249d59864a283d810dd1d90fa0607ec8"}
{"index": {"_index":"alive","_id":"3925285"}}
	{"id":3925285,"type":"sell","buyer":"flaxz","seller":"iamraincrystal","symbol":"ALIVE","quantity":"89.0060","price":"0.01983992","timestamp":1658038557,"volume":"1.76587192","buyTxId":"be07bc7ab06de1f1c3ea94be51ffcdc52a37c8be","sellTxId":"72285d59249d59864a283d810dd1d90fa0607ec8"}
{"index": {"_index":"alive","_id":"3925286"}}
	{"id":3925286,"type":"sell","buyer":"flaxz","seller":"iamraincrystal","symbol":"ALIVE","quantity":"107.8018","price":"0.01983992","timestamp":1658038557,"volume":"2.13877909","buyTxId":"0d7583d06f2f5cb7d3304cdb590cb412c8f55a01","sellTxId":"72285d59249d59864a283d810dd1d90fa0607ec8"}
{"index": {"_index":"alive","_id":"3925598"}}
	{"id":3925598,"type":"sell","buyer":"flaxz","seller":"ben.haase","symbol":"ALIVE","quantity":"4.1061","price":"0.01983992","timestamp":1658042073,"volume":"0.08146470","buyTxId":"0d7583d06f2f5cb7d3304cdb590cb412c8f55a01","sellTxId":"25ac0fd7edbcf3e3736807d62aafa69ca375629e"}
{"index": {"_index":"alive","_id":"3925977"}}
	{"id":3925977,"type":"sell","buyer":"flaxz","seller":"florenceboens","symbol":"ALIVE","quantity":"0.6053","price":"0.01983992","timestamp":1658046477,"volume":"0.01200910","buyTxId":"0d7583d06f2f5cb7d3304cdb590cb412c8f55a01","sellTxId":"eeb3675c1857e37cd586d2b058bfd1b6aec9613a"}
{"index": {"_index":"alive","_id":"3926650"}}
	{"id":3926650,"type":"buy","buyer":"hirohurl","seller":"onlydoge","symbol":"ALIVE","quantity":"1.8494","price":"0.02897000","timestamp":1658057811,"volume":"0.05357712","buyTxId":"461c9ec47131806938c5ca2009a4f57b1875706d","sellTxId":"890dfef1d1ace47ab81f612199c14fb7a55dcb19"}
{"index": {"_index":"alive","_id":"3927124"}}
	{"id":3927124,"type":"sell","buyer":"flaxz","seller":"ben.haase","symbol":"ALIVE","quantity":"0.4607","price":"0.01983992","timestamp":1658064588,"volume":"0.00914025","buyTxId":"0d7583d06f2f5cb7d3304cdb590cb412c8f55a01","sellTxId":"1206f83aea141e1091fd3a76dc162fd22fc1f028"}
{"index": {"_index":"alive","_id":"3928077"}}
	{"id":3928077,"type":"buy","buyer":"ironshield","seller":"yintercept","symbol":"ALIVE","quantity":"3.8047","price":"0.02890000","timestamp":1658074329,"volume":"0.10995583","buyTxId":"4108646d6ced39b6e2792f19080714e9fdbd02af","sellTxId":"688df76654f032d72e223a7311d817f48623a7f3"}
{"index": {"_index":"alive","_id":"3928078"}}
	{"id":3928078,"type":"buy","buyer":"ironshield","seller":"onlydoge","symbol":"ALIVE","quantity":"1.1953","price":"0.02897000","timestamp":1658074329,"volume":"0.03462784","buyTxId":"4108646d6ced39b6e2792f19080714e9fdbd02af","sellTxId":"890dfef1d1ace47ab81f612199c14fb7a55dcb19"}
{"index": {"_index":"alive","_id":"3928851"}}
	{"id":3928851,"type":"sell","buyer":"flaxz","seller":"ben.haase","symbol":"ALIVE","quantity":"0.9406","price":"0.01983992","timestamp":1658081553,"volume":"0.01866143","buyTxId":"0d7583d06f2f5cb7d3304cdb590cb412c8f55a01","sellTxId":"b67fce7e1c49c40d45270dca267d4d57dc6dd05a"}
{"index": {"_index":"alive","_id":"3929064"}}
	{"id":3929064,"type":"sell","buyer":"flaxz","seller":"lisamgentile1961","symbol":"ALIVE","quantity":"2.6414","price":"0.01983992","timestamp":1658084154,"volume":"0.05240516","buyTxId":"0d7583d06f2f5cb7d3304cdb590cb412c8f55a01","sellTxId":"b790ed27fb17e4dc5a07c6f7b887d7dbe549e695"}
{"index": {"_index":"alive","_id":"3929970"}}
	{"id":3929970,"type":"sell","buyer":"flaxz","seller":"ben.haase","symbol":"ALIVE","quantity":"0.4626","price":"0.01983992","timestamp":1658087067,"volume":"0.00917795","buyTxId":"0d7583d06f2f5cb7d3304cdb590cb412c8f55a01","sellTxId":"beca6b4e2440df592d77fe1beea65d47e4b3688f"}
{"index": {"_index":"alive","_id":"3930161"}}
	{"id":3930161,"type":"buy","buyer":"alive.chat","seller":"onlydoge","symbol":"ALIVE","quantity":"29.3525","price":"0.02897000","timestamp":1658089611,"volume":"0.8503445","buyTxId":"aee510a1d67d6a081160e96b001c2d6a5191cd28","sellTxId":"890dfef1d1ace47ab81f612199c14fb7a55dcb19"}
{"index": {"_index":"alive","_id":"3930812"}}
	{"id":3930812,"type":"sell","buyer":"flaxz","seller":"pjansen","symbol":"ALIVE","quantity":"0.2","price":"0.01983992","timestamp":1658098167,"volume":"0.00396798","buyTxId":"0d7583d06f2f5cb7d3304cdb590cb412c8f55a01","sellTxId":"4b5dc032d7750070dd0dc83a2b30fa69b47b0eb0"}
{"index": {"_index":"alive","_id":"3930850"}}
	{"id":3930850,"type":"sell","buyer":"flaxz","seller":"ministickupboy","symbol":"ALIVE","quantity":"3.1740","price":"0.01983992","timestamp":1658098650,"volume":"0.06297191","buyTxId":"0d7583d06f2f5cb7d3304cdb590cb412c8f55a01","sellTxId":"c4310c023d4298802aa63c31b2c60e0bdbf8d52a"}
{"index": {"_index":"alive","_id":"3930851"}}
	{"id":3930851,"type":"sell","buyer":"flaxz","seller":"ministickupboy","symbol":"ALIVE","quantity":"42.8260","price":"0.01983992","timestamp":1658098650,"volume":"0.84966441","buyTxId":"58a003cd13458f1a992297e84cacb88738b1429f","sellTxId":"c4310c023d4298802aa63c31b2c60e0bdbf8d52a"}
{"index": {"_index":"alive","_id":"3930812"}}
	{"id":3930812,"type":"sell","buyer":"flaxz","seller":"pjansen","symbol":"ALIVE","quantity":"0.2","price":"0.01983992","timestamp":1658098167,"volume":"0.00396798","buyTxId":"0d7583d06f2f5cb7d3304cdb590cb412c8f55a01","sellTxId":"4b5dc032d7750070dd0dc83a2b30fa69b47b0eb0"}
{"index": {"_index":"alive","_id":"3930850"}}
	{"id":3930850,"type":"sell","buyer":"flaxz","seller":"ministickupboy","symbol":"ALIVE","quantity":"3.1740","price":"0.01983992","timestamp":1658098650,"volume":"0.06297191","buyTxId":"0d7583d06f2f5cb7d3304cdb590cb412c8f55a01","sellTxId":"c4310c023d4298802aa63c31b2c60e0bdbf8d52a"}
{"index": {"_index":"alive","_id":"3930851"}}
	{"id":3930851,"type":"sell","buyer":"flaxz","seller":"ministickupboy","symbol":"ALIVE","quantity":"42.8260","price":"0.01983992","timestamp":1658098650,"volume":"0.84966441","buyTxId":"58a003cd13458f1a992297e84cacb88738b1429f","sellTxId":"c4310c023d4298802aa63c31b2c60e0bdbf8d52a"}
{"index": {"_index":"alive","_id":"3932473"}}
	{"id":3932473,"type":"sell","buyer":"flaxz","seller":"ben.haase","symbol":"ALIVE","quantity":"0.1008","price":"0.01983992","timestamp":1658121846,"volume":"0.00199986","buyTxId":"58a003cd13458f1a992297e84cacb88738b1429f","sellTxId":"7396dce48cef4f5a0df5b9a5c0d4b69cf07e7f35"}
{"index": {"_index":"alive","_id":"3932627"}}
	{"id":3932627,"type":"sell","buyer":"magicbeans","seller":"holovision.cash","symbol":"ALIVE","quantity":"5.9031","price":"0.01253502","timestamp":1658124042,"volume":"0.07399548","buyTxId":"e6e29dacc3eced29dc43e28e97201a48db2582c8","sellTxId":"3344e66f330a6346718701726eac85384aeb8f56"}
{"index": {"_index":"alive","_id":"3933231"}}
	{"id":3933231,"type":"sell","buyer":"magicbeans","seller":"assassyn","symbol":"ALIVE","quantity":"14.9191","price":"0.01255001","timestamp":1658132262,"volume":"0.18723485","buyTxId":"6856b714787ea402e7434b5aa5de4db4720e27b0","sellTxId":"87762524f392cddeb9090c3fa8b4e07998f77053"}
{"index": {"_index":"alive","_id":"3933407"}}
	{"id":3933407,"type":"sell","buyer":"magicbeans","seller":"pjansen","symbol":"ALIVE","quantity":"0.1","price":"0.01255001","timestamp":1658135193,"volume":"0.00125500","buyTxId":"6856b714787ea402e7434b5aa5de4db4720e27b0","sellTxId":"22ba79ca321a476a2d5d572e7f350f308d97fed0"}
{"index": {"_index":"alive","_id":"3934093"}}
	{"id":3934093,"type":"buy","buyer":"benthomaswwd","seller":"ben.haase","symbol":"ALIVE","quantity":"2.1760","price":"0.02894999","timestamp":1658144136,"volume":"0.06299518","buyTxId":"caa366fce881e9c9fdcfd8da7f91c250952dfff1","sellTxId":"2d14eb0882a2c84b01bc40b37c2779541ea5aab9"}
{"index": {"_index":"alive","_id":"3934094"}}
	{"id":3934094,"type":"buy","buyer":"benthomaswwd","seller":"onlydoge","symbol":"ALIVE","quantity":"247.8240","price":"0.02895000","timestamp":1658144136,"volume":"7.17450480","buyTxId":"caa366fce881e9c9fdcfd8da7f91c250952dfff1","sellTxId":"11a386cf8fbd0501ce11fabe627331b25dd1ec5b"}
{"index": {"_index":"alive","_id":"3935473"}}
	{"id":3935473,"type":"buy","buyer":"flaxz","seller":"onlydoge","symbol":"ALIVE","quantity":"20.8161","price":"0.02895000","timestamp":1658161539,"volume":"0.6026263","buyTxId":"9d8ae2d7e83f2e448c9eee8b2b42bb4449df6a49","sellTxId":"11a386cf8fbd0501ce11fabe627331b25dd1ec5b"}
{"index": {"_index":"alive","_id":"3937304"}}
	{"id":3937304,"type":"sell","buyer":"magicbeans","seller":"lisamgentile1961","symbol":"ALIVE","quantity":"1.1788","price":"0.01255003","timestamp":1658178525,"volume":"0.01479398","buyTxId":"48bf9c8c7aac8a0906b6bd501c32688b19cdcf21","sellTxId":"4a09c8732cc2364a2ed4e44a3d98040a55db806f"}
{"index": {"_index":"alive","_id":"3940173"}}
	{"id":3940173,"type":"sell","buyer":"magicbeans","seller":"gestion.alive","symbol":"ALIVE","quantity":"30.0907","price":"0.01255003","timestamp":1658208150,"volume":"0.37763919","buyTxId":"48bf9c8c7aac8a0906b6bd501c32688b19cdcf21","sellTxId":"691f280598003e76a65d197a69e0cf967ed00f0e"}
{"index": {"_index":"alive","_id":"3941058"}}
	{"id":3941058,"type":"sell","buyer":"magicbeans","seller":"assassyn","symbol":"ALIVE","quantity":"5.1505","price":"0.01255003","timestamp":1658220681,"volume":"0.06463893","buyTxId":"48bf9c8c7aac8a0906b6bd501c32688b19cdcf21","sellTxId":"92bcedfe8ea1666a2a1caebd45587761037066cd"}
{"index": {"_index":"alive","_id":"3941570"}}
	{"id":3941570,"type":"sell","buyer":"magicbeans","seller":"ana-maria","symbol":"ALIVE","quantity":"0.0001","price":"0.01255005","timestamp":1658227068,"volume":"0.00000126","buyTxId":"a40c6759179810bf85245d3d2dcf9df8f2db69b2","sellTxId":"77f4a7bbd9b5e4f261a83c14de35a0d86cc19423"}
{"index": {"_index":"alive","_id":"3941586"}}
	{"id":3941586,"type":"buy","buyer":"ana-maria","seller":"ben.haase","symbol":"ALIVE","quantity":"0.0001","price":"0.02798999","timestamp":1658227251,"volume":"0.00000280","buyTxId":"92f05f41c44732318c0f950eb2e7bc2b8b269511","sellTxId":"8d39d912518dd0a6f30bf9d80efd0f723c4ec8ba"}
{"index": {"_index":"alive","_id":"3941591"}}
	{"id":3941591,"type":"buy","buyer":"benthomaswwd","seller":"ben.haase","symbol":"ALIVE","quantity":"2.7466","price":"0.02798999","timestamp":1658227362,"volume":"0.07687731","buyTxId":"1231fb5ca896611a4b882f1a623de7bd63610d30","sellTxId":"8d39d912518dd0a6f30bf9d80efd0f723c4ec8ba"}
{"index": {"_index":"alive","_id":"3941592"}}
	{"id":3941592,"type":"buy","buyer":"benthomaswwd","seller":"ben.haase","symbol":"ALIVE","quantity":"0.9093","price":"0.02798999","timestamp":1658227362,"volume":"0.02545129","buyTxId":"1231fb5ca896611a4b882f1a623de7bd63610d30","sellTxId":"ee62eae855bd0c81e47e04df7c8101a13c731ac1"}
{"index": {"_index":"alive","_id":"3941597"}}
	{"id":3941597,"type":"buy","buyer":"benthomaswwd","seller":"onlydoge","symbol":"ALIVE","quantity":"300.0000","price":"0.02799000","timestamp":1658227449,"volume":"8.39700000","buyTxId":"e6999425a631c6770eff7fcd2c4992a91bbca735","sellTxId":"a9b1198dab4b2bbd13b5ce19a74ae6fb1da2a258"}
{"index": {"_index":"alive","_id":"3941630"}}
	{"id":3941630,"type":"buy","buyer":"ana-maria","seller":"onlydoge","symbol":"ALIVE","quantity":"409.0537","price":"0.02799000","timestamp":1658228061,"volume":"11.44941306","buyTxId":"3fe2f415baf5b7c40e589625c1513771953fc0fe","sellTxId":"a9b1198dab4b2bbd13b5ce19a74ae6fb1da2a258"}
{"index": {"_index":"alive","_id":"3941631"}}
	{"id":3941631,"type":"buy","buyer":"ana-maria","seller":"jlufer","symbol":"ALIVE","quantity":"191.6999","price":"0.02799000","timestamp":1658228061,"volume":"5.36568020","buyTxId":"3fe2f415baf5b7c40e589625c1513771953fc0fe","sellTxId":"6ab0903f45a716af9a2b69a115a353edbd52a4cb"}
{"index": {"_index":"alive","_id":"3941782"}}
	{"id":3941782,"type":"buy","buyer":"ana-maria","seller":"brianhuang","symbol":"ALIVE","quantity":"0.0001","price":"0.02786000","timestamp":1658230185,"volume":"0.00000279","buyTxId":"cc053aff431e2dba4bc9341d31e304a4177d50f1","sellTxId":"a4a037962990e3633474a0b5e79099ea23cd6316"}
{"index": {"_index":"alive","_id":"3941789"}}
	{"id":3941789,"type":"buy","buyer":"ana-maria","seller":"brianhuang","symbol":"ALIVE","quantity":"5.5768","price":"0.02786000","timestamp":1658230275,"volume":"0.15536965","buyTxId":"18bf4782798161ee7edf74d05de33c177dfcbdf8","sellTxId":"a4a037962990e3633474a0b5e79099ea23cd6316"}
{"index": {"_index":"alive","_id":"3941905"}}
	{"id":3941905,"type":"sell","buyer":"magicbeans","seller":"dswap","symbol":"ALIVE","quantity":"13.6794","price":"0.01256008","timestamp":1658231013,"volume":"0.17181436","buyTxId":"e2c281efea7393f77d4865635d46d8c47eda6a6e","sellTxId":"3be2e8c54efa3d5f47d8b40e88be38966ccb93ec"}
{"index": {"_index":"alive","_id":"3944353"}}
	{"id":3944353,"type":"sell","buyer":"ana-maria","seller":"lisamgentile1961","symbol":"ALIVE","quantity":"3.0416","price":"0.01259001","timestamp":1658257941,"volume":"0.03829377","buyTxId":"8b5fa285f16e12d257cb9ca6995e02065adb9eee","sellTxId":"b6e92433626c0658f9532bc47e99123c446ff06a"}
{"index": {"_index":"alive","_id":"3945519"}}
	{"id":3945519,"type":"sell","buyer":"onlydoge","seller":"jlufer","symbol":"ALIVE","quantity":"41.1424","price":"0.01501000","timestamp":1658274690,"volume":"0.61754742","buyTxId":"752ca5100fe77446f96ab007ed77719a7386358b","sellTxId":"2722f20e9d45bec6d36f72c7a1f9d262c22f1139"}
{"index": {"_index":"alive","_id":"3946932"}}
	{"id":3946932,"type":"sell","buyer":"mirroredspork","seller":"chinito","symbol":"ALIVE","quantity":"2.0500","price":"0.02200000","timestamp":1658296038,"volume":"0.04510000","buyTxId":"37aea326bfb69b47961244da9a73d69f1b1f8542","sellTxId":"d922c32064b24394ceeecd0b42d01e05d5c2ff76"}
{"index": {"_index":"alive","_id":"3947428"}}
	{"id":3947428,"type":"sell","buyer":"mirroredspork","seller":"reaverza","symbol":"ALIVE","quantity":"0.4295","price":"0.02200000","timestamp":1658301240,"volume":"0.00944900","buyTxId":"37aea326bfb69b47961244da9a73d69f1b1f8542","sellTxId":"281aaf42f144819b08d7a503db82483a3b8a9985"}
{"index": {"_index":"alive","_id":"3948763"}}
	{"id":3948763,"type":"buy","buyer":"pixelfan","seller":"ben.haase","symbol":"ALIVE","quantity":"4.0812","price":"0.02788999","timestamp":1658317956,"volume":"0.11382463","buyTxId":"4f10d20b6efc2ca3e09c38bffeb057a8e97de37e","sellTxId":"838ccd4ea27773ba445ebf3f2c18bd2f7f31336d"}
{"index": {"_index":"alive","_id":"3948764"}}
	{"id":3948764,"type":"buy","buyer":"pixelfan","seller":"onlydoge","symbol":"ALIVE","quantity":"17.7824","price":"0.02789000","timestamp":1658317956,"volume":"0.49595114","buyTxId":"4f10d20b6efc2ca3e09c38bffeb057a8e97de37e","sellTxId":"848757526f7e8b6d72b44a4cb261d63e21cd4285"}
{"index": {"_index":"alive","_id":"3948813"}}
	{"id":3948813,"type":"sell","buyer":"mirroredspork","seller":"pjansen","symbol":"ALIVE","quantity":"0.1","price":"0.02200000","timestamp":1658319039,"volume":"0.00220000","buyTxId":"37aea326bfb69b47961244da9a73d69f1b1f8542","sellTxId":"3a5c7643ef809d5a943f6cfb3cb65da0ccc61320"}
{"index": {"_index":"alive","_id":"3949466"}}
	{"id":3949466,"type":"sell","buyer":"mirroredspork","seller":"twicejoy","symbol":"ALIVE","quantity":"34.5843","price":"0.02200000","timestamp":1658329341,"volume":"0.76085460","buyTxId":"37aea326bfb69b47961244da9a73d69f1b1f8542","sellTxId":"9a45210ebb5321068f2201bdba85358699d16977"}
{"index": {"_index":"alive","_id":"3950242"}}
	{"id":3950242,"type":"sell","buyer":"mirroredspork","seller":"x9ed1732b","symbol":"ALIVE","quantity":"11.1044","price":"0.02200000","timestamp":1658335065,"volume":"0.24429680","buyTxId":"37aea326bfb69b47961244da9a73d69f1b1f8542","sellTxId":"5e00efdccea1f5bb0cff13dde74423a1a53c1f5f"}
{"index": {"_index":"alive","_id":"3951004"}}
	{"id":3951004,"type":"sell","buyer":"mirroredspork","seller":"assassyn","symbol":"ALIVE","quantity":"1.7318","price":"0.02200000","timestamp":1658342562,"volume":"0.03809960","buyTxId":"37aea326bfb69b47961244da9a73d69f1b1f8542","sellTxId":"27f14586162868b8795f8f0c22bac2416014abf9"}
{"index": {"_index":"alive","_id":"3951005"}}
	{"id":3951005,"type":"sell","buyer":"aweee","seller":"assassyn","symbol":"ALIVE","quantity":"0.3737","price":"0.02200000","timestamp":1658342562,"volume":"0.00822140","buyTxId":"a2534d8b68d1ff56bf69aa96187ebeaec32235dc","sellTxId":"27f14586162868b8795f8f0c22bac2416014abf9"}
{"index": {"_index":"alive","_id":"3951448"}}
	{"id":3951448,"type":"sell","buyer":"aweee","seller":"ben.haase","symbol":"ALIVE","quantity":"0.4484","price":"0.02200000","timestamp":1658347884,"volume":"0.00986480","buyTxId":"a2534d8b68d1ff56bf69aa96187ebeaec32235dc","sellTxId":"4ca5f88715d0cc265eb5128a05e24fa8e3e71e5c"}
{"index": {"_index":"alive","_id":"3951877"}}
	{"id":3951877,"type":"buy","buyer":"pixelfan","seller":"brianhuang","symbol":"ALIVE","quantity":"4.2400","price":"0.02750000","timestamp":1658352654,"volume":"0.11660000","buyTxId":"96733e9f58677a4ab890d958df9c82ec9054eb78","sellTxId":"d6997a426afc71b0d56e76f0ad51f6622ed352db"}
{"index": {"_index":"alive","_id":"3951878"}}
	{"id":3951878,"type":"buy","buyer":"pixelfan","seller":"hive-id","symbol":"ALIVE","quantity":"19.0000","price":"0.02750000","timestamp":1658352654,"volume":"0.52250000","buyTxId":"96733e9f58677a4ab890d958df9c82ec9054eb78","sellTxId":"2a5434505271a430d9379af7e47e933de82a3f49"}
{"index": {"_index":"alive","_id":"3951879"}}
	{"id":3951879,"type":"buy","buyer":"pixelfan","seller":"onlydoge","symbol":"ALIVE","quantity":"1.7137","price":"0.02789000","timestamp":1658352654,"volume":"0.04779509","buyTxId":"96733e9f58677a4ab890d958df9c82ec9054eb78","sellTxId":"848757526f7e8b6d72b44a4cb261d63e21cd4285"}
{"index": {"_index":"alive","_id":"3952061"}}
	{"id":3952061,"type":"buy","buyer":"engilhramn","seller":"onlydoge","symbol":"ALIVE","quantity":"10.0000","price":"0.02789000","timestamp":1658355453,"volume":"0.27890000","buyTxId":"c5c638a8e7e080a64990c57c6f28ee73af8bb73f","sellTxId":"848757526f7e8b6d72b44a4cb261d63e21cd4285"}
{"index": {"_index":"alive","_id":"3952080"}}
	{"id":3952080,"type":"buy","buyer":"edgerik","seller":"onlydoge","symbol":"ALIVE","quantity":"11.6463","price":"0.02789000","timestamp":1658355900,"volume":"0.32481531","buyTxId":"de2c4d62dc399f1372cdcd50bc972cdb4351b30a","sellTxId":"848757526f7e8b6d72b44a4cb261d63e21cd4285"}
{"index": {"_index":"alive","_id":"3952081"}}
	{"id":3952081,"type":"buy","buyer":"edgerik","seller":"indiebandguru","symbol":"ALIVE","quantity":"30.0000","price":"0.02790000","timestamp":1658355900,"volume":"0.83700000","buyTxId":"de2c4d62dc399f1372cdcd50bc972cdb4351b30a","sellTxId":"cfb823b584da8da33fdf54992869aa237b38517d"}
{"index": {"_index":"alive","_id":"3952082"}}
	{"id":3952082,"type":"buy","buyer":"edgerik","seller":"elianaicgomes","symbol":"ALIVE","quantity":"48.8074","price":"0.02790000","timestamp":1658355900,"volume":"1.36172646","buyTxId":"de2c4d62dc399f1372cdcd50bc972cdb4351b30a","sellTxId":"73b780ff66b38079a51e4f8f7510250bea4746b8"}
{"index": {"_index":"alive","_id":"3952083"}}
	{"id":3952083,"type":"buy","buyer":"edgerik","seller":"mypathtofire","symbol":"ALIVE","quantity":"50.0000","price":"0.02800000","timestamp":1658355900,"volume":"1.40000000","buyTxId":"de2c4d62dc399f1372cdcd50bc972cdb4351b30a","sellTxId":"f4f324dbb574577b15d05442281e156053128902"}
{"index": {"_index":"alive","_id":"3952084"}}
	{"id":3952084,"type":"buy","buyer":"edgerik","seller":"mypathtofire","symbol":"ALIVE","quantity":"6.5463","price":"0.02800000","timestamp":1658355900,"volume":"0.18329640","buyTxId":"de2c4d62dc399f1372cdcd50bc972cdb4351b30a","sellTxId":"78aee576843b86dda0464ca4e5894ca30029ad60"}
{"index": {"_index":"alive","_id":"3952504"}}
	{"id":3952504,"type":"sell","buyer":"bambukah","seller":"jlufer","symbol":"ALIVE","quantity":"0.1150","price":"0.02700000","timestamp":1658361003,"volume":"0.00310500","buyTxId":"ab7f4e1b5b361ec946302a8f147aaa656ef1d909","sellTxId":"d22fd2d53d334a3996904fd579f4dd813ae24dc5"}
{"index": {"_index":"alive","_id":"3952537"}}
	{"id":3952537,"type":"buy","buyer":"steem-holder","seller":"jlufer","symbol":"ALIVE","quantity":"11.0000","price":"0.02700000","timestamp":1658361336,"volume":"0.29700000","buyTxId":"e5d9110a29d397ecf7a820939e0a0566ff61b896","sellTxId":"d22fd2d53d334a3996904fd579f4dd813ae24dc5"}
{"index": {"_index":"alive","_id":"3952765"}}
	{"id":3952765,"type":"sell","buyer":"aweee","seller":"mateodm03","symbol":"ALIVE","quantity":"9.1779","price":"0.02200000","timestamp":1658363784,"volume":"0.20191380","buyTxId":"a2534d8b68d1ff56bf69aa96187ebeaec32235dc","sellTxId":"bf85f0c563b3cdbdcf2bc7299e441826bd9b80c3"}
{"index": {"_index":"alive","_id":"3952766"}}
	{"id":3952766,"type":"sell","buyer":"flaxz","seller":"mateodm03","symbol":"ALIVE","quantity":"1.4235","price":"0.02200000","timestamp":1658363784,"volume":"0.03131700","buyTxId":"b771c8f14b227b4c6d84da2d0518ac99cab6bbd6","sellTxId":"bf85f0c563b3cdbdcf2bc7299e441826bd9b80c3"}
{"index": {"_index":"alive","_id":"3952952"}}
	{"id":3952952,"type":"sell","buyer":"flaxz","seller":"playbyhive","symbol":"ALIVE","quantity":"5.2937","price":"0.02200000","timestamp":1658366679,"volume":"0.11646140","buyTxId":"b771c8f14b227b4c6d84da2d0518ac99cab6bbd6","sellTxId":"13b42132bd5f904fe07c0deb2d2ff3d58006505a"}
{"index": {"_index":"alive","_id":"3953399"}}
	{"id":3953399,"type":"sell","buyer":"flaxz","seller":"iamraincrystal","symbol":"ALIVE","quantity":"34.0000","price":"0.02200000","timestamp":1658372613,"volume":"0.74800000","buyTxId":"b771c8f14b227b4c6d84da2d0518ac99cab6bbd6","sellTxId":"5e08ecc5e4319e6c73c629c8e5945efb87e32111"}
{"index": {"_index":"alive","_id":"3953403"}}
	{"id":3953403,"type":"sell","buyer":"flaxz","seller":"iamraincrystal","symbol":"ALIVE","quantity":"0.8913","price":"0.02200000","timestamp":1658372655,"volume":"0.01960860","buyTxId":"b771c8f14b227b4c6d84da2d0518ac99cab6bbd6","sellTxId":"c48806fd84f3a01dc0d36be4ec419cc1026d7f71"}
{"index": {"_index":"alive","_id":"3954000"}}
	{"id":3954000,"type":"buy","buyer":"captainspaulding","seller":"ben.haase","symbol":"ALIVE","quantity":"1.7997","price":"0.02699999","timestamp":1658383182,"volume":"0.04859188","buyTxId":"0ed047a5ebb0fe2665b48407038a5f1741e6bf18","sellTxId":"d3758db41a17b8674e4b3ac117e2c90872169001"}
{"index": {"_index":"alive","_id":"3954012"}}
	{"id":3954012,"type":"buy","buyer":"captainspaulding","seller":"jlufer","symbol":"ALIVE","quantity":"16.9577","price":"0.02700000","timestamp":1658383455,"volume":"0.45785790","buyTxId":"1c6a2a4ad4afa71e403ab22aac8e568a975bc788","sellTxId":"d22fd2d53d334a3996904fd579f4dd813ae24dc5"}
{"index": {"_index":"alive","_id":"3954024"}}
	{"id":3954024,"type":"buy","buyer":"ana-maria","seller":"jlufer","symbol":"ALIVE","quantity":"127.5107","price":"0.02700000","timestamp":1658383788,"volume":"3.44278890","buyTxId":"08763a1e72a6edc598b6276ff9e081435fd9fec9","sellTxId":"d22fd2d53d334a3996904fd579f4dd813ae24dc5"}
{"index": {"_index":"alive","_id":"3954027"}}
	{"id":3954027,"type":"buy","buyer":"tengolotodo","seller":"mypathtofire","symbol":"ALIVE","quantity":"33.7020","price":"0.02800000","timestamp":1658383971,"volume":"0.94365600","buyTxId":"1a4dfe5c8d4ccc6ef48141639d089089ed789464","sellTxId":"78aee576843b86dda0464ca4e5894ca30029ad60"}
{"index": {"_index":"alive","_id":"3954061"}}
	{"id":3954061,"type":"buy","buyer":"tengolotodo","seller":"mypathtofire","symbol":"ALIVE","quantity":"9.7517","price":"0.02800000","timestamp":1658384415,"volume":"0.27304760","buyTxId":"62190ab83f98052607ede1ee706429127e4cd35d","sellTxId":"78aee576843b86dda0464ca4e5894ca30029ad60"}
{"index": {"_index":"alive","_id":"3954068"}}
	{"id":3954068,"type":"buy","buyer":"tengolotodo","seller":"ana-maria","symbol":"ALIVE","quantity":"100.0000","price":"0.02895949","timestamp":1658384448,"volume":"2.89594900","buyTxId":"44af97fef85d259e4414d50fa0c9312a82526eb7","sellTxId":"073a6b7a46a6110685345056e396658932bce377"}
{"index": {"_index":"alive","_id":"3954076"}}
	{"id":3954076,"type":"buy","buyer":"tengolotodo","seller":"erhan92","symbol":"ALIVE","quantity":"35.0344","price":"0.02896000","timestamp":1658384580,"volume":"1.01459622","buyTxId":"4496171bd6898074416ec9b9502dc4b33d3d9344","sellTxId":"241ee60b7606568f91b795fe27d46817b01ef467"}
{"index": {"_index":"alive","_id":"3954092"}}
	{"id":3954092,"type":"buy","buyer":"invest-time","seller":"erhan92","symbol":"ALIVE","quantity":"65.0000","price":"0.02896000","timestamp":1658384907,"volume":"1.88240000","buyTxId":"cc7c9ace3e9687c4b778b9ec89cbed5c3130ecfd","sellTxId":"241ee60b7606568f91b795fe27d46817b01ef467"}
{"index": {"_index":"alive","_id":"3954093"}}
	{"id":3954093,"type":"buy","buyer":"invest-time","seller":"faireye","symbol":"ALIVE","quantity":"8.7032","price":"0.03200000","timestamp":1658384907,"volume":"0.27850240","buyTxId":"cc7c9ace3e9687c4b778b9ec89cbed5c3130ecfd","sellTxId":"86b1dc945603ef3877034a9a2d397ec6ca2a8634"}
{"index": {"_index":"alive","_id":"3954094"}}
	{"id":3954094,"type":"buy","buyer":"invest-time","seller":"ana-maria","symbol":"ALIVE","quantity":"0.9927","price":"0.03769949","timestamp":1658384907,"volume":"0.03742428","buyTxId":"cc7c9ace3e9687c4b778b9ec89cbed5c3130ecfd","sellTxId":"6c0194eae653368aa9b53d3d72a4bcf140b35666"}
{"index": {"_index":"alive","_id":"3954098"}}
	{"id":3954098,"type":"buy","buyer":"invest-time","seller":"ana-maria","symbol":"ALIVE","quantity":"16.3841","price":"0.03769949","timestamp":1658384928,"volume":"0.61767221","buyTxId":"36336bcc26a520b08be0279b97b12bdba14a31fc","sellTxId":"6c0194eae653368aa9b53d3d72a4bcf140b35666"}
{"index": {"_index":"alive","_id":"3954912"}}
	{"id":3954912,"type":"sell","buyer":"onlydoge","seller":"ben.haase","symbol":"ALIVE","quantity":"0.4184","price":"0.02001000","timestamp":1658393079,"volume":"0.00837218","buyTxId":"7f3eb57a8f05da7afc4aa63854e33adcb053941c","sellTxId":"9e7bfca9e286fb7d556f2b957728af5204e9960f"}
{"index": {"_index":"alive","_id":"3955321"}}
	{"id":3955321,"type":"sell","buyer":"onlydoge","seller":"adaezeinchrist","symbol":"ALIVE","quantity":"5.0306","price":"0.02001000","timestamp":1658398281,"volume":"0.10066231","buyTxId":"7f3eb57a8f05da7afc4aa63854e33adcb053941c","sellTxId":"aebc329d85797e2bea7f53b760253cef5210c22c"}
{"index": {"_index":"alive","_id":"3955660"}}
	{"id":3955660,"type":"sell","buyer":"onlydoge","seller":"ben.haase","symbol":"ALIVE","quantity":"0.8961","price":"0.02001000","timestamp":1658404146,"volume":"0.01793096","buyTxId":"7f3eb57a8f05da7afc4aa63854e33adcb053941c","sellTxId":"b231a9b937cbab5866a12cd9d0ce85b5182a15cb"}
{"index": {"_index":"alive","_id":"3956613"}}
	{"id":3956613,"type":"sell","buyer":"pixresteemer","seller":"jlufer","symbol":"ALIVE","quantity":"25.3184","price":"0.03000000","timestamp":1658414526,"volume":"0.75955200","buyTxId":"783552fb97093fb7894cc22dc0688bad648ea073","sellTxId":"b0d7851e60006131730b0c66cae935a2fbe9970b"}
{"index": {"_index":"alive","_id":"3957227"}}
	{"id":3957227,"type":"buy","buyer":"mirroredspork","seller":"ana-maria","symbol":"ALIVE","quantity":"20.0000","price":"0.03769949","timestamp":1658418402,"volume":"0.75398980","buyTxId":"a3a6f939c1016bb936a3e1301855de03223c4d51","sellTxId":"6c0194eae653368aa9b53d3d72a4bcf140b35666"}
{"index": {"_index":"alive","_id":"3957850"}}
	{"id":3957850,"type":"sell","buyer":"pixresteemer","seller":"mypathtofire","symbol":"ALIVE","quantity":"10.1455","price":"0.03000000","timestamp":1658424882,"volume":"0.30436500","buyTxId":"783552fb97093fb7894cc22dc0688bad648ea073","sellTxId":"100a6a7b3862b01ec0ce78ebba4cb11e91b42381"}
{"index": {"_index":"alive","_id":"3958565"}}
	{"id":3958565,"type":"sell","buyer":"pixresteemer","seller":"ben.haase","symbol":"ALIVE","quantity":"0.4594","price":"0.03000000","timestamp":1658430960,"volume":"0.01378200","buyTxId":"783552fb97093fb7894cc22dc0688bad648ea073","sellTxId":"bf627729b1f51da37424808afc1597e70547c773"}
{"index": {"_index":"alive","_id":"3958687"}}
	{"id":3958687,"type":"sell","buyer":"pixresteemer","seller":"master-lamps","symbol":"ALIVE","quantity":"0.1078","price":"0.03000000","timestamp":1658433168,"volume":"0.00323400","buyTxId":"783552fb97093fb7894cc22dc0688bad648ea073","sellTxId":"0ab40ef2dd9a66d06c216ef1894d2c11cfdd96e7"}
{"index": {"_index":"alive","_id":"3958788"}}
	{"id":3958788,"type":"buy","buyer":"dswap","seller":"ana-maria","symbol":"ALIVE","quantity":"62.6232","price":"0.03769949","timestamp":1658434329,"volume":"2.36086270","buyTxId":"f906df833bc7f2529035e2667d9e7657010e9f4f","sellTxId":"6c0194eae653368aa9b53d3d72a4bcf140b35666"}
{"index": {"_index":"alive","_id":"3958789"}}
	{"id":3958789,"type":"buy","buyer":"dswap","seller":"neshk","symbol":"ALIVE","quantity":"33.2304","price":"0.03769949","timestamp":1658434329,"volume":"1.25276913","buyTxId":"f906df833bc7f2529035e2667d9e7657010e9f4f","sellTxId":"663dc49ae801dcabf2057a2791cc49dec803cf51"}
{"index": {"_index":"alive","_id":"3958790"}}
	{"id":3958790,"type":"buy","buyer":"dswap","seller":"zoe24","symbol":"ALIVE","quantity":"75.2208","price":"0.03769999","timestamp":1658434329,"volume":"2.83582341","buyTxId":"f906df833bc7f2529035e2667d9e7657010e9f4f","sellTxId":"081f2f05971d6f2d9b715d4aa69da867e61e02a9"}
{"index": {"_index":"alive","_id":"3958791"}}
	{"id":3958791,"type":"buy","buyer":"dswap","seller":"zoe24","symbol":"ALIVE","quantity":"38.0061","price":"0.03920000","timestamp":1658434329,"volume":"1.48983912","buyTxId":"f906df833bc7f2529035e2667d9e7657010e9f4f","sellTxId":"b2b82b49d4fd3360d62ba5ffa844b557b32bd3a7"}
{"index": {"_index":"alive","_id":"3958792"}}
	{"id":3958792,"type":"buy","buyer":"dswap","seller":"ana-maria","symbol":"ALIVE","quantity":"50.0000","price":"0.03929999","timestamp":1658434329,"volume":"1.96499950","buyTxId":"f906df833bc7f2529035e2667d9e7657010e9f4f","sellTxId":"dc7c6c23cc6d869d7accda2bb45fd7da80a0ebf7"}
{"index": {"_index":"alive","_id":"3958793"}}
	{"id":3958793,"type":"buy","buyer":"dswap","seller":"ana-maria","symbol":"ALIVE","quantity":"50.0000","price":"0.03929999","timestamp":1658434329,"volume":"1.96499950","buyTxId":"f906df833bc7f2529035e2667d9e7657010e9f4f","sellTxId":"4f7f6e809100a463a47a7ba414c683ddc98aa6c2"}
{"index": {"_index":"alive","_id":"3958794"}}
	{"id":3958794,"type":"buy","buyer":"dswap","seller":"hive.pizza","symbol":"ALIVE","quantity":"79.6617","price":"0.03930000","timestamp":1658434329,"volume":"3.13070664","buyTxId":"f906df833bc7f2529035e2667d9e7657010e9f4f","sellTxId":"22306da779688e510fc00a126646e843492361f9"}
{"index": {"_index":"alive","_id":"3958826"}}
