{"index": {"_index":"alive","_id":"3883803"}}
	{"id":3883803,"type":"buy","buyer":"achimmertens","seller":"embunpagi","symbol":"ALIVE","quantity":"2.2001","price":"0.01744000","timestamp":1657518813,"volume":"0.03836974","buyTxId":"396125216182a43ef37bff4e51cd66732c5f1025","sellTxId":"ff4a7f686710a65a561171fba484a4e37c0c5a76"}
{"index": {"_index":"alive","_id":"3883804"}}
	{"id":3883804,"type":"buy","buyer":"achimmertens","seller":"ben.haase","symbol":"ALIVE","quantity":"5.0701","price":"0.01745000","timestamp":1657518813,"volume":"0.08847325","buyTxId":"396125216182a43ef37bff4e51cd66732c5f1025","sellTxId":"b9687454cb021330797795814dbb34debf9b0ed8"}
{"index": {"_index":"alive","_id":"3883805"}}
	{"id":3883805,"type":"buy","buyer":"achimmertens","seller":"onlydoge","symbol":"ALIVE","quantity":"985.6040","price":"0.01749000","timestamp":1657518813,"volume":"17.23821396","buyTxId":"396125216182a43ef37bff4e51cd66732c5f1025","sellTxId":"00b38080cded4b906467bc4e3543a25e2db9125e"}
{"index": {"_index":"alive","_id":"3883806"}}
	{"id":3883806,"type":"buy","buyer":"achimmertens","seller":"acgalarza","symbol":"ALIVE","quantity":"2.8490","price":"0.01749000","timestamp":1657518813,"volume":"0.04982901","buyTxId":"396125216182a43ef37bff4e51cd66732c5f1025","sellTxId":"8d32b2706d230a675507bfd58260e8018e3c196d"}
{"index": {"_index":"alive","_id":"3883807"}}
	{"id":3883807,"type":"buy","buyer":"achimmertens","seller":"urri2020","symbol":"ALIVE","quantity":"92.2411","price":"0.01750000","timestamp":1657518813,"volume":"1.61421925","buyTxId":"396125216182a43ef37bff4e51cd66732c5f1025","sellTxId":"216ca504659e36e66368c5eafd17410a6d3fc637"}
{"index": {"_index":"alive","_id":"3883808"}}
	{"id":3883808,"type":"buy","buyer":"achimmertens","seller":"remaerd2ndacct","symbol":"ALIVE","quantity":"23.8730","price":"0.01983000","timestamp":1657518813,"volume":"0.47340159","buyTxId":"396125216182a43ef37bff4e51cd66732c5f1025","sellTxId":"6142064d49e47f5a18ecadb82e9141b13176b1ee"}
{"index": {"_index":"alive","_id":"3883809"}}
	{"id":3883809,"type":"buy","buyer":"achimmertens","seller":"imagenius.dac","symbol":"ALIVE","quantity":"25.0752","price":"0.01984000","timestamp":1657518813,"volume":"0.49749320","buyTxId":"396125216182a43ef37bff4e51cd66732c5f1025","sellTxId":"f6db4f780dc02e5fbd310a541af040e65ab5a2c8"}
{"index": {"_index":"alive","_id":"3884755"}}
	{"id":3884755,"type":"sell","buyer":"magicbeans","seller":"dswap","symbol":"ALIVE","quantity":"0.3914","price":"0.01201001","timestamp":1657532049,"volume":"0.00470072","buyTxId":"bf5210acfd35a8db732e7d7f8baea36a7d4b1d11","sellTxId":"046fe13b37e992ff67a8ed09b7bd3a5bb384df4c"}
{"index": {"_index":"alive","_id":"3884821"}}
	{"id":3884821,"type":"sell","buyer":"magicbeans","seller":"jacoalberts","symbol":"ALIVE","quantity":"7.0000","price":"0.01201001","timestamp":1657533279,"volume":"0.08407007","buyTxId":"bf5210acfd35a8db732e7d7f8baea36a7d4b1d11","sellTxId":"2b8e52c5ed588ac005a9dc33c2153382b04ee410"}
{"index": {"_index":"alive","_id":"3885199"}}
	{"id":3885199,"type":"buy","buyer":"engilhramn","seller":"ben.haase","symbol":"ALIVE","quantity":"2.6759","price":"0.01699989","timestamp":1657538391,"volume":"0.04549001","buyTxId":"30638cc151788192f6eb4d3276cb75f45f546ba9","sellTxId":"e831b930764f32e6b1ff61bba84b47823e6743f2"}
{"index": {"_index":"alive","_id":"3885200"}}
	{"id":3885200,"type":"buy","buyer":"engilhramn","seller":"urri2020","symbol":"ALIVE","quantity":"27.3241","price":"0.01700000","timestamp":1657538391,"volume":"0.46450970","buyTxId":"30638cc151788192f6eb4d3276cb75f45f546ba9","sellTxId":"4e9dedc7f308ce020e6cc2380bdf93af6c5adf6f"}
{"index": {"_index":"alive","_id":"3885309"}}
	{"id":3885309,"type":"sell","buyer":"magicbeans","seller":"hive-id","symbol":"ALIVE","quantity":"5.2000","price":"0.01251001","timestamp":1657540986,"volume":"0.06505205","buyTxId":"2e27dec89e53a7256d8fd783cce4566f0f319955","sellTxId":"277d7a3633045d4557e328f76ec5f01f0449981c"}
{"index": {"_index":"alive","_id":"3886223"}}
	{"id":3886223,"type":"sell","buyer":"magicbeans","seller":"iamraincrystal","symbol":"ALIVE","quantity":"34.0750","price":"0.01251001","timestamp":1657552440,"volume":"0.42627859","buyTxId":"2e27dec89e53a7256d8fd783cce4566f0f319955","sellTxId":"ce8daf8c112b7ae90d4319aeca886e9b2040bb9a"}
{"index": {"_index":"alive","_id":"3886229"}}
	{"id":3886229,"type":"sell","buyer":"onlydoge","seller":"iamraincrystal","symbol":"ALIVE","quantity":"108.4963","price":"0.01251000","timestamp":1657552488,"volume":"1.35728871","buyTxId":"40ea58025ed67034d7fb9fc6f26f771a94aefbf6","sellTxId":"51b3d85ee13745abf353bc4d10cd2db0d43f25af"}
{"index": {"_index":"alive","_id":"3886297"}}
	{"id":3886297,"type":"sell","buyer":"magicbeans","seller":"dirkzett","symbol":"ALIVE","quantity":"16.4692","price":"0.01251001","timestamp":1657553481,"volume":"0.20602986","buyTxId":"ed5492151459a95696d8b0b2d9754ec2617844c0","sellTxId":"b98ea865de0c4a44985116346d7566591258efbd"}
{"index": {"_index":"alive","_id":"3887075"}}
	{"id":3887075,"type":"sell","buyer":"magicbeans","seller":"urri2020","symbol":"ALIVE","quantity":"83.5300","price":"0.01251001","timestamp":1657562475,"volume":"1.04496114","buyTxId":"ed5492151459a95696d8b0b2d9754ec2617844c0","sellTxId":"7dd4b061fae915962e06ce88c3209db39c922543"}
{"index": {"_index":"alive","_id":"3887636"}}
	{"id":3887636,"type":"sell","buyer":"magicbeans","seller":"ben.haase","symbol":"ALIVE","quantity":"0.0008","price":"0.01251001","timestamp":1657569048,"volume":"0.00001000","buyTxId":"ed5492151459a95696d8b0b2d9754ec2617844c0","sellTxId":"f8e181ae8a9949d3480c7c8f2bdfb9e0f65645e7"}
{"index": {"_index":"alive","_id":"3888029"}}
	{"id":3888029,"type":"sell","buyer":"ben.haase","seller":"florenceboens","symbol":"ALIVE","quantity":"1.9633","price":"0.01111005","timestamp":1657574871,"volume":"0.02181236","buyTxId":"97f55a158fd176a17c17ef0a067b5d40f672b64b","sellTxId":"6e4a8c108188a9afb7c01f43a124daf54d15db00"}
{"index": {"_index":"alive","_id":"3888069"}}
	{"id":3888069,"type":"buy","buyer":"flaxz","seller":"ben.haase","symbol":"ALIVE","quantity":"5.4249","price":"0.01498999","timestamp":1657575486,"volume":"0.08131920","buyTxId":"317c16209f1e073e0a2376a3aca1607bbf11c9a9","sellTxId":"a17d06c641a106efacbbd1840f0b3851fbc5a6ad"}
{"index": {"_index":"alive","_id":"3888070"}}
	{"id":3888070,"type":"buy","buyer":"flaxz","seller":"onlydoge","symbol":"ALIVE","quantity":"33.9904","price":"0.01499000","timestamp":1657575486,"volume":"0.50951639","buyTxId":"317c16209f1e073e0a2376a3aca1607bbf11c9a9","sellTxId":"22f16c97ce8f3b2cbc87af659dd26a33aacedb2e"}
{"index": {"_index":"alive","_id":"3888080"}}
	{"id":3888080,"type":"sell","buyer":"ben.haase","seller":"khan.dayyanz","symbol":"ALIVE","quantity":"10.0948","price":"0.01111005","timestamp":1657575600,"volume":"0.11215373","buyTxId":"97f55a158fd176a17c17ef0a067b5d40f672b64b","sellTxId":"53e9a2d1c8b975a0b92014b9ba6d5b6a9eab486d"}
{"index": {"_index":"alive","_id":"3888081"}}
	{"id":3888081,"type":"sell","buyer":"ben.haase","seller":"khan.dayyanz","symbol":"ALIVE","quantity":"3.6201","price":"0.01111005","timestamp":1657575600,"volume":"0.04021949","buyTxId":"9ae7ac51137d002830288fb424e3e2088ce69752","sellTxId":"53e9a2d1c8b975a0b92014b9ba6d5b6a9eab486d"}
{"index": {"_index":"alive","_id":"3888497"}}
	{"id":3888497,"type":"sell","buyer":"ben.haase","seller":"pjansen","symbol":"ALIVE","quantity":"0.2","price":"0.01111005","timestamp":1657577499,"volume":"0.00222201","buyTxId":"9ae7ac51137d002830288fb424e3e2088ce69752","sellTxId":"a0c9ccaa7cb5856ce3a4d522b3534c3614490777"}
{"index": {"_index":"alive","_id":"3888806"}}
	{"id":3888806,"type":"buy","buyer":"bambukah","seller":"onlydoge","symbol":"ALIVE","quantity":"74.5059","price":"0.01499000","timestamp":1657581603,"volume":"1.11684344","buyTxId":"2fad9b8f5d985740511bb58564f3ff53ee46f947","sellTxId":"22f16c97ce8f3b2cbc87af659dd26a33aacedb2e"}
{"index": {"_index":"alive","_id":"3888807"}}
	{"id":3888807,"type":"buy","buyer":"bambukah","seller":"urri2020","symbol":"ALIVE","quantity":"189.1459","price":"0.01500000","timestamp":1657581603,"volume":"2.83718850","buyTxId":"2fad9b8f5d985740511bb58564f3ff53ee46f947","sellTxId":"2392f7098d3ab4cd685487cca7f851ad74afa9ec"}
{"index": {"_index":"alive","_id":"3888808"}}
	{"id":3888808,"type":"buy","buyer":"bambukah","seller":"jlufer","symbol":"ALIVE","quantity":"57.9399","price":"0.01650000","timestamp":1657581603,"volume":"0.95600853","buyTxId":"2fad9b8f5d985740511bb58564f3ff53ee46f947","sellTxId":"eb34e8e259c071a331d1d4f6970a363bc3bcb535"}
{"index": {"_index":"alive","_id":"3889833"}}
	{"id":3889833,"type":"sell","buyer":"onlydoge","seller":"crypto-futurist","symbol":"ALIVE","quantity":"0.5499","price":"0.01112000","timestamp":1657591461,"volume":"0.00611489","buyTxId":"94b8dbeef1eab69ec12f189ba121a1e360402a18","sellTxId":"dcc5d8cc129975d72cb945d248361b8e359ad600"}
