{"index": {"_index":"alive","_id":"4049679"}}
	{"id":4049679,"type":"sell","buyer":"roger.remix","seller":"hankanon","symbol":"ALIVE","quantity":"8.0957","price":"0.01640000","timestamp":1659408258,"volume":"0.13276948","buyTxId":"218b7a54920c3cb9cda4c81a4a46cd718198382d","sellTxId":"f1002790d3675652b3941045199a3e0c00d7bc58"}
{"index": {"_index":"alive","_id":"4050723"}}
	{"id":4050723,"type":"sell","buyer":"roger.remix","seller":"assassyn","symbol":"ALIVE","quantity":"0.9355","price":"0.01640000","timestamp":1659418962,"volume":"0.01534220","buyTxId":"218b7a54920c3cb9cda4c81a4a46cd718198382d","sellTxId":"9c2feec28b915ddc715c9c79a434d284d1cb54ec"}
{"index": {"_index":"alive","_id":"4050768"}}
	{"id":4050768,"type":"sell","buyer":"roger.remix","seller":"thatcryptodave","symbol":"ALIVE","quantity":"13.6126","price":"0.01640000","timestamp":1659419382,"volume":"0.22324664","buyTxId":"218b7a54920c3cb9cda4c81a4a46cd718198382d","sellTxId":"04989c6e66a13bb8a2f77e0fd7d090086689bf84"}
{"index": {"_index":"alive","_id":"4050769"}}
	{"id":4050769,"type":"sell","buyer":"flaxz","seller":"thatcryptodave","symbol":"ALIVE","quantity":"6.1741","price":"0.01640000","timestamp":1659419382,"volume":"0.10125524","buyTxId":"72fdac0ca92e923064e48f68e1cc25c61b1a4351","sellTxId":"04989c6e66a13bb8a2f77e0fd7d090086689bf84"}
{"index": {"_index":"alive","_id":"4051782"}}
	{"id":4051782,"type":"buy","buyer":"invest-time","seller":"davidxxl","symbol":"ALIVE","quantity":"36.1873","price":"0.03645000","timestamp":1659434643,"volume":"1.31902709","buyTxId":"1e5857dfada43b11d93196ae5ef207bb35f8baef","sellTxId":"b15a95e659560f01856804d8be9ecef2880ac0eb"}
{"index": {"_index":"alive","_id":"4051863"}}
	{"id":4051863,"type":"buy","buyer":"gestion.alive","seller":"davidxxl","symbol":"ALIVE","quantity":"2.8229","price":"0.03645000","timestamp":1659435888,"volume":"0.10289471","buyTxId":"80c6dfde8c336e44b71216b6c8bf4d3506065653","sellTxId":"b15a95e659560f01856804d8be9ecef2880ac0eb"}
{"index": {"_index":"alive","_id":"4052405"}}
	{"id":4052405,"type":"buy","buyer":"ana-maria","seller":"onlydoge","symbol":"ALIVE","quantity":"218.6473","price":"0.03500000","timestamp":1659444123,"volume":"7.65265550","buyTxId":"2b3053b6da9ca6b3d3c54b93ce79c43df5fd6658","sellTxId":"fcb21e19e40823b9d453e86c6e2b3f338d21c85f"}
{"index": {"_index":"alive","_id":"4052409"}}
	{"id":4052409,"type":"sell","buyer":"ana-maria","seller":"davidxxl","symbol":"ALIVE","quantity":"39.0560","price":"0.03645000","timestamp":1659444204,"volume":"1.42359120","buyTxId":"f700e6cc62e1404a7fb3a4d642454d758dc5f156","sellTxId":"9b7006e9a7475794e64a3ee169ccd3dec2caa12d"}
{"index": {"_index":"alive","_id":"4052414"}}
	{"id":4052414,"type":"buy","buyer":"ana-maria","seller":"ben.haase","symbol":"ALIVE","quantity":"68.6322","price":"0.03649999","timestamp":1659444255,"volume":"2.50507461","buyTxId":"90cb588a0a47fcc6c5aecf3613d2879976c7276b","sellTxId":"33cb11071a8a44a512fe385753906650043007ce"}
{"index": {"_index":"alive","_id":"4052417"}}
	{"id":4052417,"type":"buy","buyer":"ana-maria","seller":"hive-id","symbol":"ALIVE","quantity":"86.0000","price":"0.03650000","timestamp":1659444288,"volume":"3.13900000","buyTxId":"4a2a79332a0721e5f5196a6256a0290dee1b97cc","sellTxId":"c4391ab735dcb220ced6399d6d316e4a5d2effc2"}
{"index": {"_index":"alive","_id":"4052420"}}
	{"id":4052420,"type":"buy","buyer":"ana-maria","seller":"ironshield","symbol":"ALIVE","quantity":"183.6628","price":"0.03700000","timestamp":1659444327,"volume":"6.79552360","buyTxId":"5d7fdbfd90a9514d8eb594089d822d6797177d4c","sellTxId":"5fd0fe9054a6ead3832921564d9d768e10537a07"}
{"index": {"_index":"alive","_id":"4052424"}}
	{"id":4052424,"type":"buy","buyer":"ana-maria","seller":"davidxxl","symbol":"ALIVE","quantity":"21.2923","price":"0.03690000","timestamp":1659444357,"volume":"0.78568587","buyTxId":"1e257ed273f25b803379db4b249be5c3f6275788","sellTxId":"3b7efae0aa7a2ca9eafa1cc82c2ec2af0e19b3c4"}
{"index": {"_index":"alive","_id":"4052434"}}
	{"id":4052434,"type":"buy","buyer":"ana-maria","seller":"roger.remix","symbol":"ALIVE","quantity":"182.7094","price":"0.03810000","timestamp":1659444534,"volume":"6.96122814","buyTxId":"543ba20daee47511610c4b8bf8a5c9975e085a01","sellTxId":"8526a177ee22c975947ea95dc0b6c2b53e25ccc1"}
{"index": {"_index":"alive","_id":"4052744"}}
	{"id":4052744,"type":"buy","buyer":"gestion.alive","seller":"roger.remix","symbol":"ALIVE","quantity":"7.3422","price":"0.03810000","timestamp":1659447510,"volume":"0.27973782","buyTxId":"a0efd690cf37403d3ff0f49c253ff39545c5ca17","sellTxId":"8526a177ee22c975947ea95dc0b6c2b53e25ccc1"}
{"index": {"_index":"alive","_id":"4052832"}}
	{"id":4052832,"type":"sell","buyer":"ana-maria","seller":"lottery-entry","symbol":"ALIVE","quantity":"0.3000","price":"0.01640001","timestamp":1659448914,"volume":"0.00492000","buyTxId":"f84569e1a829a207ffd3eae5775088307308b5c4","sellTxId":"b70352d26f5cdf0aee53d951b5d3e4ec2b71cb77"}
{"index": {"_index":"alive","_id":"4052841"}}
	{"id":4052841,"type":"sell","buyer":"ana-maria","seller":"cliffagreen","symbol":"ALIVE","quantity":"10.0180","price":"0.01640001","timestamp":1659449010,"volume":"0.16429530","buyTxId":"f84569e1a829a207ffd3eae5775088307308b5c4","sellTxId":"35416d13bae87fa1d2950f8f0b71455e6939280d"}
{"index": {"_index":"alive","_id":"4053363"}}
	{"id":4053363,"type":"sell","buyer":"pixresteemer","seller":"magnacarta","symbol":"ALIVE","quantity":"1.1498","price":"0.01700000","timestamp":1659455841,"volume":"0.01954660","buyTxId":"bd7266408f63180b411a7b50a924cd24206df5a6","sellTxId":"1d07077111db8482c99eab7ae99c47be2f0b1cd4"}
{"index": {"_index":"alive","_id":"4054124"}}
	{"id":4054124,"type":"sell","buyer":"onlydoge","seller":"iamraincrystal","symbol":"ALIVE","quantity":"132.0000","price":"0.01800100","timestamp":1659464142,"volume":"2.37613200","buyTxId":"ecdd4b1d5bf3fc20d20fbebeff5e6c4f5c4cb12d","sellTxId":"93c3f2d76df8eab1ce32dcba4ab73e87d5c82a7f"}
{"index": {"_index":"alive","_id":"4054560"}}
	{"id":4054560,"type":"sell","buyer":"pixresteemer","seller":"jogaila","symbol":"ALIVE","quantity":"1.2977","price":"0.01900000","timestamp":1659469428,"volume":"0.02465630","buyTxId":"4526e822e9d420c5c6ea9cdbfaec075662b75a98","sellTxId":"49b962ac2650828bab6dc37d9159477f54e37e84"}
{"index": {"_index":"alive","_id":"4054673"}}
	{"id":4054673,"type":"sell","buyer":"pixresteemer","seller":"hive.pizza","symbol":"ALIVE","quantity":"103.7023","price":"0.01900000","timestamp":1659470373,"volume":"1.97034370","buyTxId":"4526e822e9d420c5c6ea9cdbfaec075662b75a98","sellTxId":"6c3a3dd2988a19b917540b3c5e1aa2d50b7e3199"}
{"index": {"_index":"alive","_id":"4054674"}}
	{"id":4054674,"type":"sell","buyer":"onlydoge","seller":"hive.pizza","symbol":"ALIVE","quantity":"240.4697","price":"0.01800100","timestamp":1659470373,"volume":"4.32869507","buyTxId":"ecdd4b1d5bf3fc20d20fbebeff5e6c4f5c4cb12d","sellTxId":"6c3a3dd2988a19b917540b3c5e1aa2d50b7e3199"}
{"index": {"_index":"alive","_id":"4056007"}}
	{"id":4056007,"type":"sell","buyer":"ana-maria","seller":"hankanon","symbol":"ALIVE","quantity":"0.8546","price":"0.01810001","timestamp":1659486198,"volume":"0.01546827","buyTxId":"f063c1eb64c8566435845968883234b0a8afb52e","sellTxId":"91266fef5d3c234f02fb3e2e50ea1aee10523a65"}
{"index": {"_index":"alive","_id":"4056157"}}
	{"id":4056157,"type":"sell","buyer":"ana-maria","seller":"zealous4ever","symbol":"ALIVE","quantity":"19.5783","price":"0.01810001","timestamp":1659488097,"volume":"0.35436743","buyTxId":"f063c1eb64c8566435845968883234b0a8afb52e","sellTxId":"1acb3a751d4f938b83195ca31ae654b78f02637c"}
{"index": {"_index":"alive","_id":"4056657"}}
	{"id":4056657,"type":"sell","buyer":"ana-maria","seller":"ironshield","symbol":"ALIVE","quantity":"29.5671","price":"0.01810001","timestamp":1659492429,"volume":"0.53516480","buyTxId":"f063c1eb64c8566435845968883234b0a8afb52e","sellTxId":"9035f81496b403632800500ce045e2d0dfa5e4a1"}
{"index": {"_index":"alive","_id":"4056658"}}
	{"id":4056658,"type":"sell","buyer":"ana-maria","seller":"ironshield","symbol":"ALIVE","quantity":"45.4329","price":"0.01800101","timestamp":1659492429,"volume":"0.81783809","buyTxId":"59d0d91348b0ea0b6ac517c46edd788249cc7f24","sellTxId":"9035f81496b403632800500ce045e2d0dfa5e4a1"}
{"index": {"_index":"alive","_id":"4056747"}}
	{"id":4056747,"type":"sell","buyer":"ana-maria","seller":"iamraincrystal","symbol":"ALIVE","quantity":"4.5671","price":"0.01800101","timestamp":1659493740,"volume":"0.08221241","buyTxId":"59d0d91348b0ea0b6ac517c46edd788249cc7f24","sellTxId":"3105adc32c16ec9a2f28d32a5312325f4c039cde"}
{"index": {"_index":"alive","_id":"4056748"}}
	{"id":4056748,"type":"sell","buyer":"onlydoge","seller":"iamraincrystal","symbol":"ALIVE","quantity":"243.9929","price":"0.01800100","timestamp":1659493740,"volume":"4.39211619","buyTxId":"ecdd4b1d5bf3fc20d20fbebeff5e6c4f5c4cb12d","sellTxId":"3105adc32c16ec9a2f28d32a5312325f4c039cde"}
