{"index": {"_index":"alive","_id":"4146548"}}
	{"id":4146548,"type":"sell","buyer":"aliveandthriving","seller":"stickupboys","symbol":"ALIVE","quantity":"15.0258","price":"0.02112100","timestamp":1660685328,"volume":"0.31735992","buyTxId":"4ccb745ab3ef190059a3fc14082fb266a1c3e951","sellTxId":"6e5b5da78f78b6a4b4fecc6be980d33537e84317"}
{"index": {"_index":"alive","_id":"4146583"}}
	{"id":4146583,"type":"sell","buyer":"aliveandthriving","seller":"matthew1","symbol":"ALIVE","quantity":"2.5353","price":"0.02112100","timestamp":1660685532,"volume":"0.05354807","buyTxId":"4ccb745ab3ef190059a3fc14082fb266a1c3e951","sellTxId":"3285e400c7a36d1025316d9e7072e4fa69f8bb6d"}
{"index": {"_index":"alive","_id":"4147025"}}
	{"id":4147025,"type":"sell","buyer":"ironshield","seller":"jlufer","symbol":"ALIVE","quantity":"51.1726","price":"0.02112200","timestamp":1660690764,"volume":"1.08086766","buyTxId":"dff9f0ee44d85dc8ea74483e86f6728c88d9ac85","sellTxId":"28f4f21618b01809f0e035c0da01ca8ff18f99a4"}
{"index": {"_index":"alive","_id":"4148532"}}
	{"id":4148532,"type":"sell","buyer":"magicbeans","seller":"iamraincrystal","symbol":"ALIVE","quantity":"100.0000","price":"0.02112211","timestamp":1660708188,"volume":"2.11221100","buyTxId":"2b74929bf30fa00dde0105bad279e7f6da52f39a","sellTxId":"a89beada5028bea73445af4cba678e2316489ea4"}
{"index": {"_index":"alive","_id":"4148859"}}
	{"id":4148859,"type":"sell","buyer":"ironshield","seller":"assassyn","symbol":"ALIVE","quantity":"0.6266","price":"0.02112210","timestamp":1660712574,"volume":"0.01323511","buyTxId":"2ff60422fb6624d601b8b17690c01f8d407dd271","sellTxId":"4a9c070ef7c2dc10ba87553485fecfacab44befe"}
{"index": {"_index":"alive","_id":"4149017"}}
	{"id":4149017,"type":"sell","buyer":"ironshield","seller":"xplosive","symbol":"ALIVE","quantity":"2.0298","price":"0.02112210","timestamp":1660714716,"volume":"0.04287364","buyTxId":"2ff60422fb6624d601b8b17690c01f8d407dd271","sellTxId":"c2951af94334b8244417e3f8c86ab4936bee3c6e"}
{"index": {"_index":"alive","_id":"4149407"}}
	{"id":4149407,"type":"buy","buyer":"gestion.alive","seller":"onlydoge","symbol":"ALIVE","quantity":"34.2909","price":"0.02499200","timestamp":1660719492,"volume":"0.85699817","buyTxId":"b85129ebaf83ac801fb8c7b0e4a4a0d688473d45","sellTxId":"58568abe9428fd2241170e8e358f1051c9ad583c"}
{"index": {"_index":"alive","_id":"4149597"}}
	{"id":4149597,"type":"buy","buyer":"dswap","seller":"magicbeans","symbol":"ALIVE","quantity":"2.4930","price":"0.02499199","timestamp":1660722141,"volume":"0.06230520","buyTxId":"728aabef227a898a5c18e85c41cceef0e4bbb85d","sellTxId":"329cf380d6b5a715252500085bdb8372918b72c5"}
{"index": {"_index":"alive","_id":"4149807"}}
	{"id":4149807,"type":"sell","buyer":"ironshield","seller":"mateodm03","symbol":"ALIVE","quantity":"7.8640","price":"0.02112210","timestamp":1660724403,"volume":"0.16610419","buyTxId":"2ff60422fb6624d601b8b17690c01f8d407dd271","sellTxId":"bd8fdbac74af46a99044364e578af52df27bb7c4"}
{"index": {"_index":"alive","_id":"4150195"}}
	{"id":4150195,"type":"sell","buyer":"magicbeans","seller":"florenceboens","symbol":"ALIVE","quantity":"0.6704","price":"0.02112211","timestamp":1660728741,"volume":"0.01416026","buyTxId":"0a7fef4916767f7b0c0b31270fe8116c5efd969d","sellTxId":"9dd423eee6a59b8f4825f69a99654c27ae6d362e"}
{"index": {"_index":"alive","_id":"4150583"}}
	{"id":4150583,"type":"buy","buyer":"gestion.alive","seller":"onlydoge","symbol":"ALIVE","quantity":"97.1550","price":"0.02499100","timestamp":1660732962,"volume":"2.42800061","buyTxId":"4c88c15ae007637b68ccf47ac0c4c4dff666bc33","sellTxId":"d13d98d0ebf04a877c829341b6f1ac25d8c2a5f5"}
{"index": {"_index":"alive","_id":"4151510"}}
	{"id":4151510,"type":"sell","buyer":"magicbeans","seller":"steem82868","symbol":"ALIVE","quantity":"5.3762","price":"0.02112211","timestamp":1660741749,"volume":"0.11355669","buyTxId":"0a7fef4916767f7b0c0b31270fe8116c5efd969d","sellTxId":"ea04ad5a616c83217cfea9214005d53a10cb99f4"}
{"index": {"_index":"alive","_id":"4152619"}}
	{"id":4152619,"type":"sell","buyer":"magicbeans","seller":"rzc24-nftbbg","symbol":"ALIVE","quantity":"5.2478","price":"0.02112211","timestamp":1660751454,"volume":"0.11084461","buyTxId":"0a7fef4916767f7b0c0b31270fe8116c5efd969d","sellTxId":"04d4de8af915412d61a8373e5c5e1e1bf5bac3b8"}
{"index": {"_index":"alive","_id":"4153783"}}
	{"id":4153783,"type":"sell","buyer":"magicbeans","seller":"dswap","symbol":"ALIVE","quantity":"2","price":"0.02112211","timestamp":1660762962,"volume":"0.04224422","buyTxId":"0a7fef4916767f7b0c0b31270fe8116c5efd969d","sellTxId":"66e483d04ffda3a4623fab54595d62625fdaf9b7"}
{"index": {"_index":"alive","_id":"4154394"}}
	{"id":4154394,"type":"sell","buyer":"mario89","seller":"matthew1","symbol":"ALIVE","quantity":"1.2017","price":"0.02112212","timestamp":1660770015,"volume":"0.02538245","buyTxId":"e640c525bfdb9b7b1cd0624995df5ba0ac12b9fc","sellTxId":"680bd29e1e174e41279375b4f05013229a75cd2b"}
