{"index": {"_index":"alive","_id":"3897960"}}
	{"id":3897960,"type":"sell","buyer":"allonyx.ngs","seller":"littlenewthings","symbol":"ALIVE","quantity":"34.5620","price":"0.01112003","timestamp":1657694742,"volume":"0.38433048","buyTxId":"77d4bd9cdf8a6044646b6557b5137be286776e68","sellTxId":"846002597607e1f16f911fa62ddb94d4479ee31a"}
{"index": {"_index":"alive","_id":"3898120"}}
	{"id":3898120,"type":"sell","buyer":"allonyx.ngs","seller":"jurusakhir","symbol":"ALIVE","quantity":"2.6237","price":"0.01112003","timestamp":1657696344,"volume":"0.02917562","buyTxId":"77d4bd9cdf8a6044646b6557b5137be286776e68","sellTxId":"853b048fee6ee8c633be702d324fac58fca04f45"}
{"index": {"_index":"alive","_id":"3898810"}}
	{"id":3898810,"type":"sell","buyer":"allonyx.ngs","seller":"twicejoy","symbol":"ALIVE","quantity":"26.8516","price":"0.01112003","timestamp":1657707024,"volume":"0.29859060","buyTxId":"77d4bd9cdf8a6044646b6557b5137be286776e68","sellTxId":"994daa2fae3aa4b5c158805e14199ad908467fb8"}
{"index": {"_index":"alive","_id":"3900137"}}
	{"id":3900137,"type":"sell","buyer":"allonyx.ngs","seller":"assassyn","symbol":"ALIVE","quantity":"5.3736","price":"0.01112003","timestamp":1657721427,"volume":"0.05975459","buyTxId":"77d4bd9cdf8a6044646b6557b5137be286776e68","sellTxId":"342180b5933e2d337c0ef5445e15cda3d67dc77c"}
{"index": {"_index":"alive","_id":"3900496"}}
	{"id":3900496,"type":"sell","buyer":"allonyx.ngs","seller":"iamraincrystal","symbol":"ALIVE","quantity":"92.6503","price":"0.01112003","timestamp":1657723974,"volume":"1.03027412","buyTxId":"77d4bd9cdf8a6044646b6557b5137be286776e68","sellTxId":"2032962febd90a4846734f519d130d43aa043ea3"}
{"index": {"_index":"alive","_id":"3900503"}}
	{"id":3900503,"type":"sell","buyer":"allonyx.ngs","seller":"faireye","symbol":"ALIVE","quantity":"45.0984","price":"0.01112003","timestamp":1657724022,"volume":"0.50149556","buyTxId":"77d4bd9cdf8a6044646b6557b5137be286776e68","sellTxId":"c8eeb1e1cc15a3b4167e2c27abf5928f34fc08a6"}
{"index": {"_index":"alive","_id":"3901463"}}
	{"id":3901463,"type":"buy","buyer":"flaxz","seller":"ben.haase","symbol":"ALIVE","quantity":"2.6450","price":"0.01298999","timestamp":1657730037,"volume":"0.03435852","buyTxId":"4d97ce005a67faa1e6669771c387ad8ec217ebd5","sellTxId":"2286c95f9f3da01da3844c29633db57a6b9ec485"}
{"index": {"_index":"alive","_id":"3901464"}}
	{"id":3901464,"type":"buy","buyer":"flaxz","seller":"onlydoge","symbol":"ALIVE","quantity":"99.3601","price":"0.01299000","timestamp":1657730037,"volume":"1.29068777","buyTxId":"4d97ce005a67faa1e6669771c387ad8ec217ebd5","sellTxId":"ce0fd9970c6b465c20b504815718a3210310652d"}
{"index": {"_index":"alive","_id":"3901635"}}
	{"id":3901635,"type":"buy","buyer":"denmarkguy","seller":"onlydoge","symbol":"ALIVE","quantity":"1.7121","price":"0.01299000","timestamp":1657730880,"volume":"0.02224018","buyTxId":"3f6a6ca989f54576386381cc223fb409756f2e81","sellTxId":"ce0fd9970c6b465c20b504815718a3210310652d"}
{"index": {"_index":"alive","_id":"3902344"}}
	{"id":3902344,"type":"sell","buyer":"ben.haase","seller":"silvertop","symbol":"ALIVE","quantity":"4.9654","price":"0.01112005","timestamp":1657736607,"volume":"0.05521550","buyTxId":"b384b6e2ba69ffb3472fdbd43279f3597feb387e","sellTxId":"a21e02268666cc7230748f9e87dc2ec5565071c0"}
{"index": {"_index":"alive","_id":"3902434"}}
	{"id":3902434,"type":"buy","buyer":"darmst5339","seller":"onlydoge","symbol":"ALIVE","quantity":"24.2497","price":"0.01299000","timestamp":1657737267,"volume":"0.31500360","buyTxId":"ad0f6f74c67be2ab58e86020160f146a8c3abdbb","sellTxId":"ce0fd9970c6b465c20b504815718a3210310652d"}
{"index": {"_index":"alive","_id":"3903097"}}
	{"id":3903097,"type":"sell","buyer":"ben.haase","seller":"lisamgentile1961","symbol":"ALIVE","quantity":"9.4196","price":"0.01112005","timestamp":1657743714,"volume":"0.10474642","buyTxId":"b384b6e2ba69ffb3472fdbd43279f3597feb387e","sellTxId":"9864b57b3ac4a9857122b9aeacfaa1d5afa9e52b"}
{"index": {"_index":"alive","_id":"3903379"}}
	{"id":3903379,"type":"buy","buyer":"hoosie","seller":"ben.haase","symbol":"ALIVE","quantity":"4.9654","price":"0.01298999","timestamp":1657746450,"volume":"0.06450050","buyTxId":"6bde38a7e70a4b128b790699bb3f642274428248","sellTxId":"46c26da9d9a484c7c518a766556c963199feb187"}
{"index": {"_index":"alive","_id":"3903380"}}
	{"id":3903380,"type":"buy","buyer":"hoosie","seller":"onlydoge","symbol":"ALIVE","quantity":"47.5466","price":"0.01299000","timestamp":1657746471,"volume":"0.61763033","buyTxId":"a9990bb0088fa7f457c7b58734fa28382052c019","sellTxId":"ce0fd9970c6b465c20b504815718a3210310652d"}
{"index": {"_index":"alive","_id":"3903381"}}
	{"id":3903381,"type":"buy","buyer":"hoosie","seller":"jlufer","symbol":"ALIVE","quantity":"27.4000","price":"0.01300000","timestamp":1657746510,"volume":"0.35620000","buyTxId":"09127fe17dcda6fbfb2de9ba683bd0a929b252d9","sellTxId":"815e856292236d18efbd6158f0cea0ee8f1acb03"}
{"index": {"_index":"alive","_id":"3904295"}}
	{"id":3904295,"type":"buy","buyer":"benthomaswwd","seller":"edgerik","symbol":"ALIVE","quantity":"143.3000","price":"0.01280000","timestamp":1657756575,"volume":"1.83424000","buyTxId":"a3170ef35bd9f8a0d575d7a23fa1280fc08d8c1e","sellTxId":"f5821cafba839483f8e02cf3a6449b752c9a86b4"}
{"index": {"_index":"alive","_id":"3904297"}}
	{"id":3904297,"type":"buy","buyer":"benthomaswwd","seller":"ben.haase","symbol":"ALIVE","quantity":"9.4197","price":"0.01299999","timestamp":1657756608,"volume":"0.12245601","buyTxId":"53044c6fa0b9ffc0502b9ec81a5cf4a2210e9b4a","sellTxId":"61cb8e3c50ddc1fe3a7e08c325d5607d5fe4f1d8"}
{"index": {"_index":"alive","_id":"3904298"}}
	{"id":3904298,"type":"buy","buyer":"benthomaswwd","seller":"ben.haase","symbol":"ALIVE","quantity":"0.4429","price":"0.01299999","timestamp":1657756608,"volume":"0.00575769","buyTxId":"53044c6fa0b9ffc0502b9ec81a5cf4a2210e9b4a","sellTxId":"a278ae4787b8f26e193017ad2e2687bb20f88348"}
{"index": {"_index":"alive","_id":"3904302"}}
	{"id":3904302,"type":"buy","buyer":"benthomaswwd","seller":"jlufer","symbol":"ALIVE","quantity":"259.3936","price":"0.01300000","timestamp":1657756644,"volume":"3.37211680","buyTxId":"279faa8bba2d8b889350d32fbc059994b46aa91e","sellTxId":"815e856292236d18efbd6158f0cea0ee8f1acb03"}
{"index": {"_index":"alive","_id":"3904304"}}
	{"id":3904304,"type":"buy","buyer":"benthomaswwd","seller":"magicbeans","symbol":"ALIVE","quantity":"100.0000","price":"0.01499999","timestamp":1657756674,"volume":"1.49999900","buyTxId":"326892499cca2b96e33cfd7002c79bb31cea0b2d","sellTxId":"48dc56f204f58d1ff85fab6f21dcf51a0c7b6b16"}
{"index": {"_index":"alive","_id":"3904333"}}
	{"id":3904333,"type":"buy","buyer":"benthomaswwd","seller":"ben.haase","symbol":"ALIVE","quantity":"1.3058","price":"0.01641998","timestamp":1657756920,"volume":"0.02144121","buyTxId":"aea681003bca8ffac2775fd39f29da4933230445","sellTxId":"8560db6180666c074d4c17db2abcbaa628ace76a"}
{"index": {"_index":"alive","_id":"3904636"}}
	{"id":3904636,"type":"buy","buyer":"ekushya","seller":"mypathtofire","symbol":"ALIVE","quantity":"51.0000","price":"0.01969999","timestamp":1657758492,"volume":"1.00469949","buyTxId":"8c6ccf254395e2fcf97213f7a26871d7ba58d161","sellTxId":"1dfedd0532b6e8cf0b3d9a443cdaf80d9c3ea8df"}
{"index": {"_index":"alive","_id":"3904640"}}
	{"id":3904640,"type":"buy","buyer":"ekushya","seller":"imagenius.dac","symbol":"ALIVE","quantity":"132.8108","price":"0.01984000","timestamp":1657758534,"volume":"2.63496815","buyTxId":"1756c7db669947e5e3318d5002e74dd9158a7eff","sellTxId":"f6db4f780dc02e5fbd310a541af040e65ab5a2c8"}
