{"index": {"_index":"alive","_id":"3874648"}}
	{"id":3874648,"type":"sell","buyer":"ana-maria","seller":"epic-fail","symbol":"ALIVE","quantity":"100.0000","price":"0.00980003","timestamp":1657407288,"volume":"0.98000300","buyTxId":"f68697c93d46768736ef69cf689150a4e110a9af","sellTxId":"f674ea03b4a9a68e4c36d5315afa5c6c3cde798b"}
{"index": {"_index":"alive","_id":"3874649"}}
	{"id":3874649,"type":"sell","buyer":"flaxz","seller":"epic-fail","symbol":"ALIVE","quantity":"10.2509","price":"0.00980003","timestamp":1657407288,"volume":"0.10045913","buyTxId":"2fab6d84f7ee950e60eff778a15f1e8d04c8d7b1","sellTxId":"f674ea03b4a9a68e4c36d5315afa5c6c3cde798b"}
{"index": {"_index":"alive","_id":"3877195"}}
	{"id":3877195,"type":"buy","buyer":"urri2020","seller":"ben.haase","symbol":"ALIVE","quantity":"20.1526","price":"0.01189999","timestamp":1657443543,"volume":"0.23981574","buyTxId":"52e0de835f07a706032c287700a5de1de272a21b","sellTxId":"10296f68c57794896004470e7e05af05c2a1caef"}
{"index": {"_index":"alive","_id":"3877196"}}
	{"id":3877196,"type":"buy","buyer":"urri2020","seller":"jlufer","symbol":"ALIVE","quantity":"262.8176","price":"0.01190000","timestamp":1657443543,"volume":"3.12752944","buyTxId":"52e0de835f07a706032c287700a5de1de272a21b","sellTxId":"948cefc0e428dbb5316919e3e63737ce820ce924"}
{"index": {"_index":"alive","_id":"3877197"}}
	{"id":3877197,"type":"buy","buyer":"urri2020","seller":"iamraincrystal","symbol":"ALIVE","quantity":"67.0298","price":"0.01190000","timestamp":1657443543,"volume":"0.79765462","buyTxId":"52e0de835f07a706032c287700a5de1de272a21b","sellTxId":"92d399cb76ab159da720a108524b7dcf742f10e5"}
{"index": {"_index":"alive","_id":"3877564"}}
	{"id":3877564,"type":"sell","buyer":"urri2020","seller":"florenceboens","symbol":"ALIVE","quantity":"0.2603","price":"0.01000000","timestamp":1657449198,"volume":"0.00260300","buyTxId":"034407b91317c4a191893c8509e12fea12ca1825","sellTxId":"cb40d196662b01531633474cfe1b57d61ac99110"}
{"index": {"_index":"alive","_id":"3877646"}}
	{"id":3877646,"type":"sell","buyer":"urri2020","seller":"isiksenpalvoja","symbol":"ALIVE","quantity":"0.0987","price":"0.01000000","timestamp":1657450665,"volume":"0.00098700","buyTxId":"034407b91317c4a191893c8509e12fea12ca1825","sellTxId":"a4d8abff9a049d59a8028b18da02a08a2f7db7f0"}
{"index": {"_index":"alive","_id":"3877984"}}
	{"id":3877984,"type":"buy","buyer":"penderis","seller":"iamraincrystal","symbol":"ALIVE","quantity":"32.9702","price":"0.01190000","timestamp":1657455102,"volume":"0.39234538","buyTxId":"52d88d7eb4753377251eafcc9576b31141c6d17c","sellTxId":"92d399cb76ab159da720a108524b7dcf742f10e5"}
{"index": {"_index":"alive","_id":"3877985"}}
	{"id":3877985,"type":"buy","buyer":"penderis","seller":"ben.haase","symbol":"ALIVE","quantity":"2.1854","price":"0.01499998","timestamp":1657455135,"volume":"0.03278096","buyTxId":"b4111196410d4650c017c541791f4095278997a0","sellTxId":"38bfd581e8c1fdf11cb4a1929ac26f893f18670a"}
{"index": {"_index":"alive","_id":"3877986"}}
	{"id":3877986,"type":"buy","buyer":"penderis","seller":"ana-maria","symbol":"ALIVE","quantity":"50.0000","price":"0.01499998","timestamp":1657455135,"volume":"0.74999900","buyTxId":"b4111196410d4650c017c541791f4095278997a0","sellTxId":"253a3b35fdfffdc8efd783f87fcb0a10d15a961b"}
{"index": {"_index":"alive","_id":"3877987"}}
	{"id":3877987,"type":"buy","buyer":"penderis","seller":"magicbeans","symbol":"ALIVE","quantity":"100.0000","price":"0.01499999","timestamp":1657455168,"volume":"1.49999900","buyTxId":"42d5dd4c66625a179d63d0911642b5d42d6c0201","sellTxId":"c1570e64b89881a1c53c57283901c47bf1e96d92"}
{"index": {"_index":"alive","_id":"3878426"}}
	{"id":3878426,"type":"sell","buyer":"magicbeans","seller":"learningenglish","symbol":"ALIVE","quantity":"100.0000","price":"0.01000003","timestamp":1657459962,"volume":"1.00000300","buyTxId":"6b5f3509b57f2481aa8bb462f49a992973254c7b","sellTxId":"5692634a77ce0b55c7b250e774101daf3eaa43a0"}
{"index": {"_index":"alive","_id":"3878427"}}
	{"id":3878427,"type":"sell","buyer":"ben.haase","seller":"learningenglish","symbol":"ALIVE","quantity":"3.2782","price":"0.01000002","timestamp":1657459962,"volume":"0.03278207","buyTxId":"605ef0ed80fcd6b1267340ddb2f0399e64f7ba09","sellTxId":"5692634a77ce0b55c7b250e774101daf3eaa43a0"}
{"index": {"_index":"alive","_id":"3878428"}}
	{"id":3878428,"type":"sell","buyer":"ben.haase","seller":"learningenglish","symbol":"ALIVE","quantity":"0.8788","price":"0.01000002","timestamp":1657459962,"volume":"0.00878802","buyTxId":"e77ff540544f33d97898905968947041ef983b65","sellTxId":"5692634a77ce0b55c7b250e774101daf3eaa43a0"}
{"index": {"_index":"alive","_id":"3878429"}}
	{"id":3878429,"type":"sell","buyer":"urri2020","seller":"learningenglish","symbol":"ALIVE","quantity":"221.7542","price":"0.01000000","timestamp":1657459962,"volume":"2.21754200","buyTxId":"034407b91317c4a191893c8509e12fea12ca1825","sellTxId":"5692634a77ce0b55c7b250e774101daf3eaa43a0"}
{"index": {"_index":"alive","_id":"3878501"}}
	{"id":3878501,"type":"buy","buyer":"benthomaswwd","seller":"magicbeans","symbol":"ALIVE","quantity":"100.0000","price":"0.01569998","timestamp":1657460355,"volume":"1.56999800","buyTxId":"717891f2575dee15f37e85ff92bdcc0ba3f15082","sellTxId":"8faff022a2dab051e8ef0ed5dd7d7d16caa14cf2"}
{"index": {"_index":"alive","_id":"3878503"}}
	{"id":3878503,"type":"buy","buyer":"benthomaswwd","seller":"ddn688","symbol":"ALIVE","quantity":"191.1625","price":"0.01569999","timestamp":1657460385,"volume":"3.00124934","buyTxId":"1c2225494abeb6503846c87b7a7323f3095fc124","sellTxId":"2583635280cd1f8397af5fbf06ec245aacb900a9"}
{"index": {"_index":"alive","_id":"3878506"}}
	{"id":3878506,"type":"buy","buyer":"benthomaswwd","seller":"iamraincrystal","symbol":"ALIVE","quantity":"100.0000","price":"0.01580000","timestamp":1657460451,"volume":"1.58000000","buyTxId":"9175f6b1b34bb41ba6b44fa7ae61f8b035711182","sellTxId":"b41a37b57a5f4d40ecd20c5690377921d2cc56cf"}
{"index": {"_index":"alive","_id":"3878508"}}
	{"id":3878508,"type":"buy","buyer":"benthomaswwd","seller":"ironshield","symbol":"ALIVE","quantity":"28.6857","price":"0.01899000","timestamp":1657460478,"volume":"0.54474144","buyTxId":"390c48ecaeaf761a22ef26ba2121f5ca2a7cffe4","sellTxId":"64a6b4b6379d1892084a9905250f8a0615764615"}
{"index": {"_index":"alive","_id":"3878511"}}
	{"id":3878511,"type":"buy","buyer":"benthomaswwd","seller":"brianhuang","symbol":"ALIVE","quantity":"2.7790","price":"0.01969000","timestamp":1657460538,"volume":"0.05471851","buyTxId":"6e3f282c5f1e059146278b1188c2d0c47b72fb97","sellTxId":"bb58850192d1d0812291ee3649cb206943209cae"}
{"index": {"_index":"alive","_id":"3878513"}}
	{"id":3878513,"type":"buy","buyer":"benthomaswwd","seller":"mypathtofire","symbol":"ALIVE","quantity":"50.0000","price":"0.01982998","timestamp":1657460571,"volume":"0.99149900","buyTxId":"14b898be5d66b078b5bd58b5b0543fd7e2df12b1","sellTxId":"fa28c0019398c885f1c436201ab7e765aefc1b5d"}
{"index": {"_index":"alive","_id":"3878517"}}
	{"id":3878517,"type":"buy","buyer":"benthomaswwd","seller":"ana-maria","symbol":"ALIVE","quantity":"50.0000","price":"0.01982999","timestamp":1657460601,"volume":"0.99149950","buyTxId":"f16bf5f6b916d6fe95f764d4cdd619845b887899","sellTxId":"20824a79fed722b713dec727a5f8307b0e66e55b"}
{"index": {"_index":"alive","_id":"3878520"}}
	{"id":3878520,"type":"buy","buyer":"benthomaswwd","seller":"onlydoge","symbol":"ALIVE","quantity":"522.0960","price":"0.01983000","timestamp":1657460628,"volume":"10.35316368","buyTxId":"ef6fc54b094d918853cf9f5cdba8f53ffb505a59","sellTxId":"5e1bde2a111c341f1f61843e78d603afde3cf607"}
{"index": {"_index":"alive","_id":"3878803"}}
	{"id":3878803,"type":"sell","buyer":"magicbeans","seller":"hive.phyowinkoko","symbol":"ALIVE","quantity":"100.0000","price":"0.01001001","timestamp":1657463631,"volume":"1.00100100","buyTxId":"87382f1d2874a2850cc1e22fb41a63fe2118a3db","sellTxId":"6d598fe5bb9e697cef9d362dd4bc479a361b1325"}
{"index": {"_index":"alive","_id":"3878804"}}
	{"id":3878804,"type":"sell","buyer":"onlydoge","seller":"hive.phyowinkoko","symbol":"ALIVE","quantity":"1139.0668","price":"0.01001000","timestamp":1657463631,"volume":"11.40205867","buyTxId":"d3f566764c0075b52f46de17973353e12fda2388","sellTxId":"6d598fe5bb9e697cef9d362dd4bc479a361b1325"}
{"index": {"_index":"alive","_id":"3879221"}}
	{"id":3879221,"type":"sell","buyer":"urri2020","seller":"twicejoy","symbol":"ALIVE","quantity":"24.6264","price":"0.01110000","timestamp":1657467408,"volume":"0.27335304","buyTxId":"a891f487f34468fa726ba7638b8e8d8a681874c1","sellTxId":"71eb61a9b55185e909bbc5046c64417241fbf917"}
{"index": {"_index":"alive","_id":"3880465"}}
	{"id":3880465,"type":"buy","buyer":"dotz132","seller":"magicbeans","symbol":"ALIVE","quantity":"100.0000","price":"0.01978990","timestamp":1657479963,"volume":"1.97899000","buyTxId":"feef72f18f19c4229cbf8b5b75b65a126ff9e3f4","sellTxId":"87a8c166c5203be760149972d1176a0c88fc753d"}
{"index": {"_index":"alive","_id":"3880500"}}
	{"id":3880500,"type":"sell","buyer":"urri2020","seller":"stickupboys","symbol":"ALIVE","quantity":"26.9147","price":"0.01110000","timestamp":1657480086,"volume":"0.29875317","buyTxId":"a891f487f34468fa726ba7638b8e8d8a681874c1","sellTxId":"a20e44397521294da0a513cd6d583338531cc8aa"}
{"index": {"_index":"alive","_id":"3880765"}}
	{"id":3880765,"type":"sell","buyer":"magicbeans","seller":"stickupcurator","symbol":"ALIVE","quantity":"37.5313","price":"0.01110001","timestamp":1657480593,"volume":"0.41659781","buyTxId":"6703ac1a2a60ed5d20e5c12d6dc29b0b31abeca3","sellTxId":"c0fb8c11e60d58b9fdf6dc1aa3d6a4c74f6303ca"}
{"index": {"_index":"alive","_id":"3881026"}}
	{"id":3881026,"type":"buy","buyer":"nahueldare3627","seller":"onlydoge","symbol":"ALIVE","quantity":"153.4628","price":"0.01949000","timestamp":1657483629,"volume":"2.99099162","buyTxId":"cc3ee3030d47dcd5cd6c439022c9a1ce486dbb2b","sellTxId":"3bb75a1cd4d74ca3635687b8d10c4ef9bdbab2ad"}
{"index": {"_index":"alive","_id":"3881042"}}
	{"id":3881042,"type":"sell","buyer":"magicbeans","seller":"vaporent","symbol":"ALIVE","quantity":"1.9753","price":"0.01110001","timestamp":1657483857,"volume":"0.02192585","buyTxId":"6703ac1a2a60ed5d20e5c12d6dc29b0b31abeca3","sellTxId":"8dc2973ce56f4d7d5d2481b5ca759e85d2fd45bb"}
{"index": {"_index":"alive","_id":"3881124"}}
	{"id":3881124,"type":"buy","buyer":"tengolotodo","seller":"urri2020","symbol":"ALIVE","quantity":"95.6040","price":"0.01500000","timestamp":1657485027,"volume":"1.43406000","buyTxId":"f4b99fd98f676b85fbb53d67ac27f267cf98e920","sellTxId":"6de7ea6ff8a22e464bd6f64e80be246202985dff"}
{"index": {"_index":"alive","_id":"3881132"}}
	{"id":3881132,"type":"buy","buyer":"tengolotodo","seller":"urri2020","symbol":"ALIVE","quantity":"30.9052","price":"0.01500000","timestamp":1657485060,"volume":"0.46357800","buyTxId":"e0fc246375063c49c79eab17f85e88dbc08d2d59","sellTxId":"6de7ea6ff8a22e464bd6f64e80be246202985dff"}
{"index": {"_index":"alive","_id":"3881137"}}
	{"id":3881137,"type":"buy","buyer":"tengolotodo","seller":"urri2020","symbol":"ALIVE","quantity":"95.6040","price":"0.01750000","timestamp":1657485102,"volume":"1.67307000","buyTxId":"66e488590bcfb8616f705003880ff9a8ceb9f075","sellTxId":"81c251a14962cbadb13c50f2e4c0987172d2af00"}
{"index": {"_index":"alive","_id":"3881548"}}
	{"id":3881548,"type":"sell","buyer":"magicbeans","seller":"pjansen","symbol":"ALIVE","quantity":"0.1","price":"0.01111001","timestamp":1657490754,"volume":"0.00111100","buyTxId":"fee7f2025b3800031ec1a5da44dbc0451a219474","sellTxId":"31da0f96be7623bac1bbbcff27109ea40e1a6b73"}
{"index": {"_index":"alive","_id":"3881698"}}
	{"id":3881698,"type":"sell","buyer":"magicbeans","seller":"lolz.devs","symbol":"ALIVE","quantity":"13.7265","price":"0.01111001","timestamp":1657493133,"volume":"0.15250155","buyTxId":"fee7f2025b3800031ec1a5da44dbc0451a219474","sellTxId":"0df508b4a6410d97a61e9dbcc7bfa26fcf4d6037"}
