{"index": {"_index":"alive","_id":"4063878"}}
	{"id":4063878,"type":"sell","buyer":"pixresteemer","seller":"iamraincrystal","symbol":"ALIVE","quantity":"25.0000","price":"0.01900000","timestamp":1659584697,"volume":"0.47500000","buyTxId":"cb109fd62fac3bd554246a66d3e3cbf4bf8fc2e2","sellTxId":"863fb081013550c95e33f0c3603b8b497754d200"}
{"index": {"_index":"alive","_id":"4064414"}}
	{"id":4064414,"type":"buy","buyer":"gestion.alive","seller":"onlydoge","symbol":"ALIVE","quantity":"59.6567","price":"0.03769900","timestamp":1659593943,"volume":"2.24899793","buyTxId":"1682ed50e1f412998811136cfc90e767fda521b0","sellTxId":"35ef1d5c03f5818b8ef21a83cafe3df38d096c88"}
{"index": {"_index":"alive","_id":"4065157"}}
	{"id":4065157,"type":"sell","buyer":"pixresteemer","seller":"mehmetfix","symbol":"ALIVE","quantity":"0.0774","price":"0.01900000","timestamp":1659606894,"volume":"0.00147060","buyTxId":"cb109fd62fac3bd554246a66d3e3cbf4bf8fc2e2","sellTxId":"144dbff455986bb31d63d9cc5feb358dc59c6b36"}
{"index": {"_index":"alive","_id":"4065361"}}
	{"id":4065361,"type":"buy","buyer":"pixresteemer","seller":"mehmetfix","symbol":"ALIVE","quantity":"2.5417","price":"0.01900000","timestamp":1659609387,"volume":"0.04829230","buyTxId":"9ebd8de1cc80cb41dc1f523cff377eb65aa847a5","sellTxId":"144dbff455986bb31d63d9cc5feb358dc59c6b36"}
{"index": {"_index":"alive","_id":"4065910"}}
	{"id":4065910,"type":"sell","buyer":"fefe99","seller":"pjansen","symbol":"ALIVE","quantity":"0.9","price":"0.01901000","timestamp":1659618333,"volume":"0.01710900","buyTxId":"605d5a3e8c8f2ab4970582a2b8f729b42af0d64b","sellTxId":"e4c16aeadbd929a42bf5cc0497944b3fb52fb72c"}
{"index": {"_index":"alive","_id":"4066379"}}
	{"id":4066379,"type":"sell","buyer":"pixresteemer","seller":"lisamgentile1961","symbol":"ALIVE","quantity":"1.8345","price":"0.02000000","timestamp":1659623634,"volume":"0.03669000","buyTxId":"54fcfa767d52829a5dec7a0397244823225a02f6","sellTxId":"193b3ac95608d00ce389d594da9b0f177407aa92"}
{"index": {"_index":"alive","_id":"4066854"}}
	{"id":4066854,"type":"buy","buyer":"benthomaswwd","seller":"noonespecialz","symbol":"ALIVE","quantity":"0.5210","price":"0.03000000","timestamp":1659628413,"volume":"0.01563000","buyTxId":"f6c24c9a591626a7d241d72c114e56f6be587619","sellTxId":"72ff1a2902469190a74b120a13a0085c9be53d02"}
{"index": {"_index":"alive","_id":"4066860"}}
	{"id":4066860,"type":"buy","buyer":"benthomaswwd","seller":"onlydoge","symbol":"ALIVE","quantity":"508.2606","price":"0.03769900","timestamp":1659628458,"volume":"19.16091636","buyTxId":"0de32e5e4ca314068699f07d0e00d95e63168cac","sellTxId":"35ef1d5c03f5818b8ef21a83cafe3df38d096c88"}
{"index": {"_index":"alive","_id":"4067709"}}
	{"id":4067709,"type":"sell","buyer":"curatorcat.leo","seller":"liz.latin","symbol":"ALIVE","quantity":"2.5602","price":"0.02200000","timestamp":1659639417,"volume":"0.05632440","buyTxId":"8a4263c0353ee9a4132a37e39a1d9a2f89a6d939","sellTxId":"04405e58bcbc7d042596d19afcf574f513ccd6c5"}
{"index": {"_index":"alive","_id":"4068491"}}
	{"id":4068491,"type":"sell","buyer":"onlydoge","seller":"jlufer","symbol":"ALIVE","quantity":"112.4935","price":"0.02210100","timestamp":1659650160,"volume":"2.48621884","buyTxId":"92457fb221535bf7b68a0f3f7c14c3e6a2cae19f","sellTxId":"88b4f9a99335a700849821f3e9503412ee3b2d0e"}
{"index": {"_index":"alive","_id":"4068495"}}
	{"id":4068495,"type":"sell","buyer":"onlydoge","seller":"hankanon","symbol":"ALIVE","quantity":"2.2221","price":"0.02210100","timestamp":1659650247,"volume":"0.04911063","buyTxId":"92457fb221535bf7b68a0f3f7c14c3e6a2cae19f","sellTxId":"ff028a8a8b3fec0a495a2aca9f2ab4fabe4c2620"}
{"index": {"_index":"alive","_id":"4068948"}}
	{"id":4068948,"type":"buy","buyer":"vocup","seller":"davidxxl","symbol":"ALIVE","quantity":"12.9118","price":"0.03690000","timestamp":1659656799,"volume":"0.47644542","buyTxId":"65307a7b8d8c65dd3a500a1f2186cc7a04918859","sellTxId":"fe422879e05e857f1ed4ef7f2a6293df2d13c095"}
{"index": {"_index":"alive","_id":"4068949"}}
	{"id":4068949,"type":"buy","buyer":"vocup","seller":"davidxxl","symbol":"ALIVE","quantity":"9.3768","price":"0.03690000","timestamp":1659656799,"volume":"0.34600392","buyTxId":"65307a7b8d8c65dd3a500a1f2186cc7a04918859","sellTxId":"6fbb2512b4d2d24747cfd1717f878eaed53497d4"}
{"index": {"_index":"alive","_id":"4068950"}}
	{"id":4068950,"type":"buy","buyer":"vocup","seller":"hive-id","symbol":"ALIVE","quantity":"4.0000","price":"0.03690000","timestamp":1659656799,"volume":"0.14760000","buyTxId":"65307a7b8d8c65dd3a500a1f2186cc7a04918859","sellTxId":"19934316d92e68e19f20caab94f9cd8bd0141b23"}
{"index": {"_index":"alive","_id":"4068956"}}
	{"id":4068956,"type":"buy","buyer":"vocup","seller":"onlydoge","symbol":"ALIVE","quantity":"114.7156","price":"0.03698800","timestamp":1659656832,"volume":"4.24310061","buyTxId":"a85552587e7fa50cb7199a82a050c3e3aded7714","sellTxId":"7d2f0566237c60309a2acace06e0ec0176009d60"}
{"index": {"_index":"alive","_id":"4068963"}}
	{"id":4068963,"type":"buy","buyer":"vocup","seller":"ana-maria","symbol":"ALIVE","quantity":"397.0000","price":"0.03698949","timestamp":1659656910,"volume":"14.68482753","buyTxId":"fe13246440c82075e4b608673b0c377f2d3bf83e","sellTxId":"2cc0532a5cb27d58e4a2f19e3c062f0939e2b784"}
{"index": {"_index":"alive","_id":"4069002"}}
	{"id":4069002,"type":"sell","buyer":"ana-maria","seller":"hankanon","symbol":"ALIVE","quantity":"0.5457","price":"0.02300001","timestamp":1659657864,"volume":"0.01255111","buyTxId":"623386a113190fdb8042449638791664c6e8f02e","sellTxId":"b79d29ade07cd38e019757fac3318870c3be933c"}
{"index": {"_index":"alive","_id":"4069121"}}
	{"id":4069121,"type":"sell","buyer":"onlydoge","seller":"kizunasport","symbol":"ALIVE","quantity":"0.9274","price":"0.02310100","timestamp":1659659424,"volume":"0.02142387","buyTxId":"feeb78ce9d55f634748aa32d72f6829a43b001ed","sellTxId":"03cad4070b0b1f1f1d9f5205d99e4381a7d4d428"}
{"index": {"_index":"alive","_id":"4069135"}}
	{"id":4069135,"type":"sell","buyer":"onlydoge","seller":"prechyrukky","symbol":"ALIVE","quantity":"2.813","price":"0.02310100","timestamp":1659659745,"volume":"0.06498311","buyTxId":"feeb78ce9d55f634748aa32d72f6829a43b001ed","sellTxId":"f2d03f8a775be4d313b9a31634f9f299a7e0be5f"}
{"index": {"_index":"alive","_id":"4069138"}}
	{"id":4069138,"type":"sell","buyer":"onlydoge","seller":"hankanon","symbol":"ALIVE","quantity":"0.0001","price":"0.02310100","timestamp":1659659781,"volume":"0.00000231","buyTxId":"feeb78ce9d55f634748aa32d72f6829a43b001ed","sellTxId":"d476eca468898fe918a9dc6a5c8fc6c1493e832e"}
