{"index": {"_index":"alive","_id":"4056007"}}
	{"id":4056007,"type":"sell","buyer":"ana-maria","seller":"hankanon","symbol":"ALIVE","quantity":"0.8546","price":"0.01810001","timestamp":1659486198,"volume":"0.01546827","buyTxId":"f063c1eb64c8566435845968883234b0a8afb52e","sellTxId":"91266fef5d3c234f02fb3e2e50ea1aee10523a65"}
{"index": {"_index":"alive","_id":"4056157"}}
	{"id":4056157,"type":"sell","buyer":"ana-maria","seller":"zealous4ever","symbol":"ALIVE","quantity":"19.5783","price":"0.01810001","timestamp":1659488097,"volume":"0.35436743","buyTxId":"f063c1eb64c8566435845968883234b0a8afb52e","sellTxId":"1acb3a751d4f938b83195ca31ae654b78f02637c"}
{"index": {"_index":"alive","_id":"4056657"}}
	{"id":4056657,"type":"sell","buyer":"ana-maria","seller":"ironshield","symbol":"ALIVE","quantity":"29.5671","price":"0.01810001","timestamp":1659492429,"volume":"0.53516480","buyTxId":"f063c1eb64c8566435845968883234b0a8afb52e","sellTxId":"9035f81496b403632800500ce045e2d0dfa5e4a1"}
{"index": {"_index":"alive","_id":"4056658"}}
	{"id":4056658,"type":"sell","buyer":"ana-maria","seller":"ironshield","symbol":"ALIVE","quantity":"45.4329","price":"0.01800101","timestamp":1659492429,"volume":"0.81783809","buyTxId":"59d0d91348b0ea0b6ac517c46edd788249cc7f24","sellTxId":"9035f81496b403632800500ce045e2d0dfa5e4a1"}
{"index": {"_index":"alive","_id":"4056747"}}
	{"id":4056747,"type":"sell","buyer":"ana-maria","seller":"iamraincrystal","symbol":"ALIVE","quantity":"4.5671","price":"0.01800101","timestamp":1659493740,"volume":"0.08221241","buyTxId":"59d0d91348b0ea0b6ac517c46edd788249cc7f24","sellTxId":"3105adc32c16ec9a2f28d32a5312325f4c039cde"}
{"index": {"_index":"alive","_id":"4056748"}}
	{"id":4056748,"type":"sell","buyer":"onlydoge","seller":"iamraincrystal","symbol":"ALIVE","quantity":"243.9929","price":"0.01800100","timestamp":1659493740,"volume":"4.39211619","buyTxId":"ecdd4b1d5bf3fc20d20fbebeff5e6c4f5c4cb12d","sellTxId":"3105adc32c16ec9a2f28d32a5312325f4c039cde"}
{"index": {"_index":"alive","_id":"4058167"}}
	{"id":4058167,"type":"buy","buyer":"gestion.alive","seller":"onlydoge","symbol":"ALIVE","quantity":"14.1798","price":"0.03799900","timestamp":1659516684,"volume":"0.53881822","buyTxId":"f8de5a6170d37dc2a0df912ade0b681b74e5fa40","sellTxId":"3fbb02e03939e00f56552b68a5a4a02274288be6"}
{"index": {"_index":"alive","_id":"4058298"}}
	{"id":4058298,"type":"sell","buyer":"ana-maria","seller":"mateodm03","symbol":"ALIVE","quantity":"4.7901","price":"0.01800101","timestamp":1659518433,"volume":"0.08622664","buyTxId":"a01dc27d477093ded9b68a834e7c14136fc0c547","sellTxId":"12149b7dc7a4228fb2af82461b9939aa6381d018"}
{"index": {"_index":"alive","_id":"4058883"}}
	{"id":4058883,"type":"sell","buyer":"ana-maria","seller":"jlufer","symbol":"ALIVE","quantity":"45.2099","price":"0.01800101","timestamp":1659527397,"volume":"0.81382386","buyTxId":"a01dc27d477093ded9b68a834e7c14136fc0c547","sellTxId":"2d2fa4e19e9e926ffe75661a587da74e7e4a54d2"}
{"index": {"_index":"alive","_id":"4058884"}}
	{"id":4058884,"type":"sell","buyer":"hive-id","seller":"jlufer","symbol":"ALIVE","quantity":"173.0000","price":"0.01800101","timestamp":1659527397,"volume":"3.11417473","buyTxId":"282e8f35677d4860a0fb080be90ed074fc4155bd","sellTxId":"2d2fa4e19e9e926ffe75661a587da74e7e4a54d2"}
{"index": {"_index":"alive","_id":"4058885"}}
	{"id":4058885,"type":"buy","buyer":"steem-holder","seller":"jlufer","symbol":"ALIVE","quantity":"18.8907","price":"0.01792125","timestamp":1659527421,"volume":"0.33854496","buyTxId":"f2e7bfa1ca27dabd89e1cccf8006e4ce1c2f1f62","sellTxId":"2d2fa4e19e9e926ffe75661a587da74e7e4a54d2"}
{"index": {"_index":"alive","_id":"4059176"}}
	{"id":4059176,"type":"sell","buyer":"steem-holder","seller":"frawdielp2","symbol":"ALIVE","quantity":"0.0070","price":"0.01799999","timestamp":1659531186,"volume":"0.00012600","buyTxId":"5864c964d5751c17ab93fc37444f3ab16a8f7307","sellTxId":"fd22b36298144b3558e8f1311f4b7d3d7753216b"}
{"index": {"_index":"alive","_id":"4059325"}}
	{"id":4059325,"type":"sell","buyer":"steem-holder","seller":"lolz.devs","symbol":"ALIVE","quantity":"9.1623","price":"0.01799999","timestamp":1659533187,"volume":"0.16492131","buyTxId":"5864c964d5751c17ab93fc37444f3ab16a8f7307","sellTxId":"4ced7ec9d52056eafa789d83a508ebe6c0b434fa"}
{"index": {"_index":"alive","_id":"4059364"}}
	{"id":4059364,"type":"sell","buyer":"steem-holder","seller":"playbyhive","symbol":"ALIVE","quantity":"1.8620","price":"0.01799999","timestamp":1659533304,"volume":"0.03351598","buyTxId":"5864c964d5751c17ab93fc37444f3ab16a8f7307","sellTxId":"f505d9fc8230c6dcc0dfda6bf8c2f70aade22acd"}
{"index": {"_index":"alive","_id":"4059384"}}
	{"id":4059384,"type":"sell","buyer":"steem-holder","seller":"captaincryptic","symbol":"ALIVE","quantity":"3.8176","price":"0.01799999","timestamp":1659533382,"volume":"0.06871676","buyTxId":"5864c964d5751c17ab93fc37444f3ab16a8f7307","sellTxId":"cc7c4c22b4e1c41cc2faa8646ce2b7c5e8e1212a"}
{"index": {"_index":"alive","_id":"4060596"}}
	{"id":4060596,"type":"sell","buyer":"ana-maria","seller":"brutalmonkey","symbol":"ALIVE","quantity":"3.9560","price":"0.01800101","timestamp":1659545052,"volume":"0.07121200","buyTxId":"8e1456c42d8c4fe5129426bf92546bf4f87b0051","sellTxId":"242c61fd5b4b70ff492e295e7419374fb7f18fa4"}
{"index": {"_index":"alive","_id":"4061545"}}
	{"id":4061545,"type":"sell","buyer":"steem-holder","seller":"lottery-entry","symbol":"ALIVE","quantity":"0.1033","price":"0.01811000","timestamp":1659555954,"volume":"0.00187076","buyTxId":"4aae5884e174985acce94dfac08383d8fbe83a55","sellTxId":"14a3f607f236e960a4dc67b7db4336f207ea95f3"}
{"index": {"_index":"alive","_id":"4061691"}}
	{"id":4061691,"type":"sell","buyer":"steem-holder","seller":"lisamgentile1961","symbol":"ALIVE","quantity":"4.2186","price":"0.01811000","timestamp":1659557424,"volume":"0.07639885","buyTxId":"4aae5884e174985acce94dfac08383d8fbe83a55","sellTxId":"aa602cf58f0e0d507ef192253f4b7214f5f812e7"}
{"index": {"_index":"alive","_id":"4062065"}}
	{"id":4062065,"type":"buy","buyer":"ironshield","seller":"fefe99","symbol":"ALIVE","quantity":"5.0000","price":"0.03769800","timestamp":1659561789,"volume":"0.18849000","buyTxId":"bafe336cd60fdb08b32f74fb550442686c780b64","sellTxId":"4c0347cc4c09267303e9c6fb7a1103b853d0d345"}
{"index": {"_index":"alive","_id":"4062798"}}
	{"id":4062798,"type":"buy","buyer":"ironshield","seller":"fefe99","symbol":"ALIVE","quantity":"3.0000","price":"0.03769800","timestamp":1659570597,"volume":"0.11309400","buyTxId":"dd69e848570bbd166da4de06185f8247ab73f4a0","sellTxId":"4c0347cc4c09267303e9c6fb7a1103b853d0d345"}
{"index": {"_index":"alive","_id":"4062826"}}
	{"id":4062826,"type":"buy","buyer":"melinda010100","seller":"fefe99","symbol":"ALIVE","quantity":"3.4809","price":"0.03769800","timestamp":1659571146,"volume":"0.13122297","buyTxId":"44541e13b857e162d5eeecd07ce6d04640169bbc","sellTxId":"4c0347cc4c09267303e9c6fb7a1103b853d0d345"}
{"index": {"_index":"alive","_id":"4062827"}}
	{"id":4062827,"type":"buy","buyer":"melinda010100","seller":"faireye","symbol":"ALIVE","quantity":"22.1536","price":"0.03769800","timestamp":1659571146,"volume":"0.83514641","buyTxId":"44541e13b857e162d5eeecd07ce6d04640169bbc","sellTxId":"cdc483a19ec510427c3916a776dc1ff7230d3d0c"}
{"index": {"_index":"alive","_id":"4062828"}}
	{"id":4062828,"type":"buy","buyer":"melinda010100","seller":"onlydoge","symbol":"ALIVE","quantity":"34.3655","price":"0.03769900","timestamp":1659571146,"volume":"1.29554498","buyTxId":"44541e13b857e162d5eeecd07ce6d04640169bbc","sellTxId":"35ef1d5c03f5818b8ef21a83cafe3df38d096c88"}
{"index": {"_index":"alive","_id":"4062942"}}
	{"id":4062942,"type":"sell","buyer":"pixresteemer","seller":"davidxxl","symbol":"ALIVE","quantity":"74.9226","price":"0.01900000","timestamp":1659571893,"volume":"1.42352940","buyTxId":"cb109fd62fac3bd554246a66d3e3cbf4bf8fc2e2","sellTxId":"a0ba91eb6a837f3b4cb6ae529c9ddc642595c56f"}
