{"index": {"_index":"alive","_id":"4116259"}}
	{"id":4116259,"type":"sell","buyer":"roger.remix","seller":"iamraincrystal","symbol":"ALIVE","quantity":"54.0000","price":"0.02106000","timestamp":1660275597,"volume":"1.13724000","buyTxId":"96533cbbffce3875d5fbfb25c53921268a228d3a","sellTxId":"1f22d1d177265e6dcb89818d2e7fd6c536f782cf"}
{"index": {"_index":"alive","_id":"4116368"}}
	{"id":4116368,"type":"buy","buyer":"melinda010100","seller":"brianhuang","symbol":"ALIVE","quantity":"7.8730","price":"0.02499889","timestamp":1660277391,"volume":"0.19681626","buyTxId":"27b4324134e1792984cb6ed6ff530bc08a9c8411","sellTxId":"526a95eb3c087894f400deec4dd09140e8435db7"}
{"index": {"_index":"alive","_id":"4116372"}}
	{"id":4116372,"type":"buy","buyer":"melinda010100","seller":"onlydoge","symbol":"ALIVE","quantity":"30.0000","price":"0.02499900","timestamp":1660277523,"volume":"0.74997000","buyTxId":"d0ee994e40ff3d1864e2fbbf6e2b8e1704be0d90","sellTxId":"90c47e132dd0dc7721c2256e19465d778556cc12"}
{"index": {"_index":"alive","_id":"4117309"}}
	{"id":4117309,"type":"sell","buyer":"vocup","seller":"isiksenpalvoja","symbol":"ALIVE","quantity":"0.0421","price":"0.02106502","timestamp":1660294035,"volume":"0.00088684","buyTxId":"a82bd8f2331c71e332cb0059a6d826afd6f95f99","sellTxId":"5330dc02ef296d84160d1abe12bce3e8ac0afa41"}
{"index": {"_index":"alive","_id":"4117347"}}
	{"id":4117347,"type":"sell","buyer":"vocup","seller":"iamraincrystal","symbol":"ALIVE","quantity":"49.0000","price":"0.02106502","timestamp":1660294656,"volume":"1.03218598","buyTxId":"a82bd8f2331c71e332cb0059a6d826afd6f95f99","sellTxId":"4e034f555d21b7d7bff5f72755551473f8b2d4e5"}
{"index": {"_index":"alive","_id":"4117922"}}
	{"id":4117922,"type":"buy","buyer":"gestion.alive","seller":"ben.haase","symbol":"ALIVE","quantity":"1.6275","price":"0.02499879","timestamp":1660303614,"volume":"0.04068553","buyTxId":"4720d3d364be52555b27257896b3a51b38f67521","sellTxId":"f2a34f6e9d364859b6480a9ec1b8c9269147daf6"}
{"index": {"_index":"alive","_id":"4118065"}}
	{"id":4118065,"type":"buy","buyer":"gestion.alive","seller":"onlydoge","symbol":"ALIVE","quantity":"26.5736","price":"0.02499900","timestamp":1660306380,"volume":"0.66431343","buyTxId":"3e3952b80ca52512ce5a615cdb9e633a1dee6924","sellTxId":"90c47e132dd0dc7721c2256e19465d778556cc12"}
{"index": {"_index":"alive","_id":"4118105"}}
	{"id":4118105,"type":"sell","buyer":"ben.haase","seller":"jlufer","symbol":"ALIVE","quantity":"1.9314","price":"0.02106503","timestamp":1660307088,"volume":"0.04068500","buyTxId":"60bb767cf101aa62f31b786fc75405ec3e60ea50","sellTxId":"1aa49bfd0310df0dbbc50c78fb4ceb2e346f2cd7"}
{"index": {"_index":"alive","_id":"4118106"}}
	{"id":4118106,"type":"sell","buyer":"vocup","seller":"jlufer","symbol":"ALIVE","quantity":"81.6769","price":"0.02106502","timestamp":1660307088,"volume":"1.72052553","buyTxId":"a82bd8f2331c71e332cb0059a6d826afd6f95f99","sellTxId":"1aa49bfd0310df0dbbc50c78fb4ceb2e346f2cd7"}
{"index": {"_index":"alive","_id":"4118532"}}
	{"id":4118532,"type":"sell","buyer":"mario89","seller":"lisamgentile1961","symbol":"ALIVE","quantity":"8.1830","price":"0.02106503","timestamp":1660314438,"volume":"0.17237514","buyTxId":"c84031fd5bc5315b3438b46c409727ae2c1b982f","sellTxId":"9ca52b92b1b309079fe03f7c51941ffa04a029c1"}
{"index": {"_index":"alive","_id":"4119157"}}
	{"id":4119157,"type":"sell","buyer":"mario89","seller":"hankanon","symbol":"ALIVE","quantity":"1.0643","price":"0.02106503","timestamp":1660322208,"volume":"0.02241951","buyTxId":"c84031fd5bc5315b3438b46c409727ae2c1b982f","sellTxId":"6883ca127446763c62cb44485cd14434dd09af57"}
{"index": {"_index":"alive","_id":"4119480"}}
	{"id":4119480,"type":"buy","buyer":"curatorcat.leo","seller":"ben.haase","symbol":"ALIVE","quantity":"1.9314","price":"0.02499899","timestamp":1660327071,"volume":"0.04828305","buyTxId":"fbf0f5f2507f3c4a2ff2dd4c1a536ae61a6ebd74","sellTxId":"d8ddafa05dea83c953e89a63c467c7f733999986"}
{"index": {"_index":"alive","_id":"4119481"}}
	{"id":4119481,"type":"buy","buyer":"curatorcat.leo","seller":"onlydoge","symbol":"ALIVE","quantity":"3.3434","price":"0.02499900","timestamp":1660327071,"volume":"0.08358166","buyTxId":"fbf0f5f2507f3c4a2ff2dd4c1a536ae61a6ebd74","sellTxId":"90c47e132dd0dc7721c2256e19465d778556cc12"}
{"index": {"_index":"alive","_id":"4120690"}}
	{"id":4120690,"type":"sell","buyer":"steem-holder","seller":"matthew1","symbol":"ALIVE","quantity":"64.6973","price":"0.02110000","timestamp":1660343442,"volume":"1.36511303","buyTxId":"3c7dccb2f0b30005f515d4d38cbae4819f8ba530","sellTxId":"4e18b9c557ce434e782fad1368ac71d47041645c"}
{"index": {"_index":"alive","_id":"4121204"}}
	{"id":4121204,"type":"sell","buyer":"steem-holder","seller":"cryptonotes","symbol":"ALIVE","quantity":"1.5738","price":"0.02110000","timestamp":1660350615,"volume":"0.03320718","buyTxId":"3c7dccb2f0b30005f515d4d38cbae4819f8ba530","sellTxId":"bc145713b4ac4a5a786a493136aa5deeb4421676"}
{"index": {"_index":"alive","_id":"4121312"}}
	{"id":4121312,"type":"buy","buyer":"aliveandthriving","seller":"noonespecialz","symbol":"ALIVE","quantity":"0.1684","price":"0.02400000","timestamp":1660351608,"volume":"0.00404160","buyTxId":"4a1ba2f4338ecb04f3106f32f3895eaf3cbb3358","sellTxId":"658dafd651e75e0f52241fe6533cedccd85c518f"}
{"index": {"_index":"alive","_id":"4121313"}}
	{"id":4121313,"type":"buy","buyer":"aliveandthriving","seller":"onlydoge","symbol":"ALIVE","quantity":"62.5059","price":"0.02499900","timestamp":1660351608,"volume":"1.56258537","buyTxId":"4a1ba2f4338ecb04f3106f32f3895eaf3cbb3358","sellTxId":"90c47e132dd0dc7721c2256e19465d778556cc12"}
{"index": {"_index":"alive","_id":"4121326"}}
	{"id":4121326,"type":"sell","buyer":"steem-holder","seller":"alinalazareva","symbol":"ALIVE","quantity":"2.6986","price":"0.02110000","timestamp":1660351674,"volume":"0.05694046","buyTxId":"3c7dccb2f0b30005f515d4d38cbae4819f8ba530","sellTxId":"6004dc55a3abb011dd6ee955c330ffc56c033e54"}
