{"index": {"_index":"beer","_id":"1824152"}}
	{"id":1824152,"type":"sell","buyer":"nasarakbar","seller":"vcelier","symbol":"BEER","quantity":"0.51400000","price":"0.10300000","timestamp":1635479112,"volume":"0.05294200","buyTxId":"2e836db44a14cde572e7b92aa61c7587a48deffe","sellTxId":"31f1d1dc5d3124c36b04d9eb734e19456e3b0f29"}
{"index": {"_index":"beer","_id":"1824637"}}
	{"id":1824637,"type":"buy","buyer":"detlev","seller":"kushtia2","symbol":"BEER","quantity":"0.10000000","price":"0.15963000","timestamp":1635485565,"volume":"0.01596300","buyTxId":"6ba59f4fc5dd95368a8ad94cde39aee6243d10ce","sellTxId":"87dd502bcaa8a2a57a021230ef34e57c77cafedc"}
{"index": {"_index":"beer","_id":"1824649"}}
	{"id":1824649,"type":"buy","buyer":"neddykelly","seller":"kushtia2","symbol":"BEER","quantity":"1.00000000","price":"0.15963000","timestamp":1635485685,"volume":"0.15963000","buyTxId":"42d8d8910eede77827ff83e548874617fba1398e","sellTxId":"87dd502bcaa8a2a57a021230ef34e57c77cafedc"}
{"index": {"_index":"beer","_id":"1825076"}}
	{"id":1825076,"type":"sell","buyer":"detlev","seller":"itharagaian","symbol":"BEER","quantity":"0.00200000","price":"0.12963000","timestamp":1635489597,"volume":"0.00025926","buyTxId":"e8f3838651c13142dba49ecf49347b8a5a88a70d","sellTxId":"8833e022ca7a1da3942a16780df00652567e6d13"}
{"index": {"_index":"beer","_id":"1825610"}}
	{"id":1825610,"type":"sell","buyer":"detlev","seller":"hive-143869","symbol":"BEER","quantity":"0.00090000","price":"0.12963000","timestamp":1635494919,"volume":"0.00011667","buyTxId":"e8f3838651c13142dba49ecf49347b8a5a88a70d","sellTxId":"8ef39e605ef16f5f2f94d35c494137a4fb5d50f7"}
{"index": {"_index":"beer","_id":"1826092"}}
	{"id":1826092,"type":"sell","buyer":"detlev","seller":"fun2learn","symbol":"BEER","quantity":"0.05186371","price":"0.12963000","timestamp":1635500862,"volume":"0.00672309","buyTxId":"e8f3838651c13142dba49ecf49347b8a5a88a70d","sellTxId":"264e739c5e8c89766b85001e21b2fcdefcb149d6"}
{"index": {"_index":"beer","_id":"1826266"}}
	{"id":1826266,"type":"sell","buyer":"detlev","seller":"der-prophet","symbol":"BEER","quantity":"1.32081566","price":"0.12963000","timestamp":1635502884,"volume":"0.17121733","buyTxId":"e8f3838651c13142dba49ecf49347b8a5a88a70d","sellTxId":"620452acdd6ac921c243e2eaa373ec2c091dfe5f"}
{"index": {"_index":"beer","_id":"1827261"}}
	{"id":1827261,"type":"sell","buyer":"detlev","seller":"lotto-de","symbol":"BEER","quantity":"18.50000000","price":"0.12963000","timestamp":1635513342,"volume":"2.39815500","buyTxId":"e8f3838651c13142dba49ecf49347b8a5a88a70d","sellTxId":"83243ac73f2e9bef1de954958aa6a0411f908c30"}
{"index": {"_index":"beer","_id":"1827607"}}
	{"id":1827607,"type":"sell","buyer":"detlev","seller":"networkallstar","symbol":"BEER","quantity":"0.39339833","price":"0.12963000","timestamp":1635516918,"volume":"0.05099623","buyTxId":"e8f3838651c13142dba49ecf49347b8a5a88a70d","sellTxId":"6f5f7775fc29c0a57b489af29a5aca9b13df52a6"}
{"index": {"_index":"beer","_id":"1829456"}}
	{"id":1829456,"type":"sell","buyer":"detlev","seller":"mafia.wallet","symbol":"BEER","quantity":"0.038","price":"0.12963000","timestamp":1635530922,"volume":"0.00492594","buyTxId":"e8f3838651c13142dba49ecf49347b8a5a88a70d","sellTxId":"82e563e756ef8cc1dbbfc4e6dc8c9532c5801d6c-1"}
{"index": {"_index":"beer","_id":"1829640"}}
	{"id":1829640,"type":"sell","buyer":"detlev","seller":"dswap","symbol":"BEER","quantity":"0.05","price":"0.12963000","timestamp":1635532155,"volume":"0.00648150","buyTxId":"e8f3838651c13142dba49ecf49347b8a5a88a70d","sellTxId":"2bba5985ebb598c49be2ace9f525c74ab6503eec"}
{"index": {"_index":"beer","_id":"1829908"}}
	{"id":1829908,"type":"sell","buyer":"detlev","seller":"steemstreems","symbol":"BEER","quantity":"0.007","price":"0.12963000","timestamp":1635533913,"volume":"0.00090741","buyTxId":"e8f3838651c13142dba49ecf49347b8a5a88a70d","sellTxId":"c42518614ed50c871c96740182f26df2a41c4571"}
{"index": {"_index":"beer","_id":"1830034"}}
	{"id":1830034,"type":"sell","buyer":"detlev","seller":"crypto-is-a-scam","symbol":"BEER","quantity":"2.63602230","price":"0.12963000","timestamp":1635535251,"volume":"0.34170757","buyTxId":"e8f3838651c13142dba49ecf49347b8a5a88a70d","sellTxId":"77bea803d5c2c8bc3d51b2fbe3021e24659ef59a"}
{"index": {"_index":"beer","_id":"1830122"}}
	{"id":1830122,"type":"buy","buyer":"detlev","seller":"crypto-is-a-scam","symbol":"BEER","quantity":"10.36489294","price":"0.12963000","timestamp":1635536019,"volume":"1.34360107","buyTxId":"d551964455eb025a47854b4ca5bcefedfa3c95de","sellTxId":"77bea803d5c2c8bc3d51b2fbe3021e24659ef59a"}
{"index": {"_index":"beer","_id":"1830131"}}
	{"id":1830131,"type":"buy","buyer":"detlev","seller":"tomhall","symbol":"BEER","quantity":"0.10000000","price":"0.15000000","timestamp":1635536148,"volume":"0.01500000","buyTxId":"df5b1075a0f6c1ed001893cc9a9e7670a2f56ee2","sellTxId":"91fdce23cd76b66f6fd20153311e1b4e62543b41"}
{"index": {"_index":"beer","_id":"1832376"}}
	{"id":1832376,"type":"buy","buyer":"rilo","seller":"tomhall","symbol":"BEER","quantity":"2.00000000","price":"0.15000000","timestamp":1635560301,"volume":"0.30000000","buyTxId":"d538d85f877e1dc1cd7245fae872a1654eb75162","sellTxId":"91fdce23cd76b66f6fd20153311e1b4e62543b41"}
