{"index": {"_index":"beer","_id":"3441408"}}
	{"id":3441408,"type":"sell","buyer":"master-lamps","seller":"itharagaian","symbol":"BEER","quantity":"0.00100000","price":"0.12780051","timestamp":1652683572,"volume":"0.00012780","buyTxId":"25118066dcdef8f378b258d223fa5a1142b0ab11","sellTxId":"f992653d208a057dc9990e5931159b10c26cb0d5"}
{"index": {"_index":"beer","_id":"3443296"}}
	{"id":3443296,"type":"sell","buyer":"master-lamps","seller":"cccf","symbol":"BEER","quantity":"0.06250000","price":"0.12780051","timestamp":1652704785,"volume":"0.00798753","buyTxId":"25118066dcdef8f378b258d223fa5a1142b0ab11","sellTxId":"a15ae04bd56a9a6c9823662c1eeb70d35c6fc0df"}
{"index": {"_index":"beer","_id":"3444052"}}
	{"id":3444052,"type":"sell","buyer":"master-lamps","seller":"lotto-de","symbol":"BEER","quantity":"1.88130822","price":"0.12780051","timestamp":1652712534,"volume":"0.24043215","buyTxId":"25118066dcdef8f378b258d223fa5a1142b0ab11","sellTxId":"dc6c7f46276ce39dc415a530ca136c0073c54965"}
{"index": {"_index":"beer","_id":"3444104"}}
	{"id":3444104,"type":"sell","buyer":"master-lamps","seller":"investyourvote","symbol":"BEER","quantity":"1.75000000","price":"0.12780051","timestamp":1652713179,"volume":"0.22365089","buyTxId":"25118066dcdef8f378b258d223fa5a1142b0ab11","sellTxId":"5212147cf569fb43f9f69d8348e51aa0220f5bc0"}
{"index": {"_index":"beer","_id":"3444738"}}
	{"id":3444738,"type":"buy","buyer":"master-lamps","seller":"catotune","symbol":"BEER","quantity":"0.06800000","price":"0.14599999","timestamp":1652719494,"volume":"0.00992800","buyTxId":"5a7c88d6796c43a0172e9689633186ed9863ecd7","sellTxId":"80c6290847dd6a12521271c36a141c854b966c26"}
{"index": {"_index":"beer","_id":"3445449"}}
	{"id":3445449,"type":"buy","buyer":"chronocrypto","seller":"master-lamps","symbol":"BEER","quantity":"3.37917983","price":"0.15599999","timestamp":1652725308,"volume":"0.52715202","buyTxId":"3f16e0cf4f8729ccd2854edcd390afc6ab7b70ec","sellTxId":"0982cd14e62ad3258a7fb1846fce26251d5cbc7e"}
{"index": {"_index":"beer","_id":"3445450"}}
	{"id":3445450,"type":"buy","buyer":"chronocrypto","seller":"master-lamps","symbol":"BEER","quantity":"8.89088454","price":"0.15599999","timestamp":1652725308,"volume":"1.38697790","buyTxId":"3f16e0cf4f8729ccd2854edcd390afc6ab7b70ec","sellTxId":"798e7a54c99e4b1261908b185bd7ded77b10faaf"}
{"index": {"_index":"beer","_id":"3446801"}}
	{"id":3446801,"type":"sell","buyer":"onlydoge","seller":"misterc","symbol":"BEER","quantity":"7.81850000","price":"0.12790000","timestamp":1652730171,"volume":"0.99998615","buyTxId":"dc57f03a65ba30e8b1b79ba85263049a8fd37b94","sellTxId":"a5c0de9c3fcb86fcc0bce576af21e91eeeb88b0a"}
{"index": {"_index":"beer","_id":"3446830"}}
	{"id":3446830,"type":"sell","buyer":"master-lamps","seller":"misterc","symbol":"BEER","quantity":"9.33284222","price":"0.12780052","timestamp":1652730381,"volume":"1.19274209","buyTxId":"155a5ca31f370e1599dcd7b8ec3934067a4c0e54","sellTxId":"70a931647836fd2a7fba5fe7d595ffb625ae37c6"}
{"index": {"_index":"beer","_id":"3446909"}}
	{"id":3446909,"type":"sell","buyer":"master-lamps","seller":"crypto-futurist","symbol":"BEER","quantity":"0.00100000","price":"0.12780052","timestamp":1652731248,"volume":"0.00012780","buyTxId":"155a5ca31f370e1599dcd7b8ec3934067a4c0e54","sellTxId":"561ff3918595af1ab8444d66950379e64295e283"}
{"index": {"_index":"beer","_id":"3447674"}}
	{"id":3447674,"type":"sell","buyer":"master-lamps","seller":"nicanor-mosquera","symbol":"BEER","quantity":"0.22500000","price":"0.12780052","timestamp":1652738763,"volume":"0.02875512","buyTxId":"155a5ca31f370e1599dcd7b8ec3934067a4c0e54","sellTxId":"06750b94198d17a16c1923e0fd95dedd282fc85a"}
{"index": {"_index":"beer","_id":"3447939"}}
	{"id":3447939,"type":"sell","buyer":"master-lamps","seller":"mafia.wallet","symbol":"BEER","quantity":"0.024","price":"0.12780052","timestamp":1652741736,"volume":"0.00306721","buyTxId":"155a5ca31f370e1599dcd7b8ec3934067a4c0e54","sellTxId":"2b0414f959984a2871efccfc88f0b0ab723a5613-2"}
{"index": {"_index":"beer","_id":"3448466"}}
	{"id":3448466,"type":"buy","buyer":"roger.remix","seller":"michelmake","symbol":"BEER","quantity":"0.02812500","price":"0.12790008","timestamp":1652746401,"volume":"0.00359719","buyTxId":"cdf8d862e940141296fb6b062782b2a1fee29ba3","sellTxId":"e5085cd8c0258e275cd339b4bb07a21dafe797a9"}
{"index": {"_index":"beer","_id":"3449188"}}
	{"id":3449188,"type":"sell","buyer":"roger.remix","seller":"timmy-turnip","symbol":"BEER","quantity":"0.25000000","price":"0.12800000","timestamp":1652754021,"volume":"0.03200000","buyTxId":"cdf8d862e940141296fb6b062782b2a1fee29ba3","sellTxId":"79bb7a27eb5ec2a7868ce5ca33cc8ffbd335bfe8"}
