{"id":3876025,"type":"sell","buyer":"harveyword","seller":"jackieboii","symbol":"BEER","quantity":"3.88693152","price":"0.08920000","timestamp":1657426443,"volume":"0.34671429","buyTxId":"01c114a985308a1f256fd3503dd6054029570298","sellTxId":"5687d951b32b23dca4bbd8f32444623dae60fa1e"
{"id":3876795,"type":"sell","buyer":"harveyword","seller":"chekohler","symbol":"BEER","quantity":"1.5e-7","price":"0.08920000","timestamp":1657438047,"volume":"0.00000001","buyTxId":"01c114a985308a1f256fd3503dd6054029570298","sellTxId":"310cba4f1be31bfb837d78af2bba35ebdafec3b0"
{"id":3877134,"type":"buy","buyer":"xchng","seller":"yorra","symbol":"BEER","quantity":"1.09872864","price":"0.12349000","timestamp":1657442637,"volume":"0.13568200","buyTxId":"49660fefc9fe3b29188dddbf70ad73e94f6b86f7","sellTxId":"3f7100754f1de7f4a32612b200fa4594556187b7"
{"id":3877157,"type":"sell","buyer":"harveyword","seller":"der-prophet","symbol":"BEER","quantity":"1.36610250","price":"0.08920000","timestamp":1657442982,"volume":"0.12185634","buyTxId":"01c114a985308a1f256fd3503dd6054029570298","sellTxId":"dce707dde1f8cdf9b7deae335cf1a31926b95990"
{"id":3877364,"type":"buy","buyer":"bechibenner","seller":"yorra","symbol":"BEER","quantity":"3.13891575","price":"0.12349000","timestamp":1657446360,"volume":"0.38762471","buyTxId":"660f39d6f09f1e28d0d40e11ba2fc445becf1087","sellTxId":"3f7100754f1de7f4a32612b200fa4594556187b7"
{"id":3877458,"type":"buy","buyer":"dswap","seller":"harveyword","symbol":"BEER","quantity":"5.00000000","price":"0.12350000","timestamp":1657447767,"volume":"0.61750000","buyTxId":"9eb81e2ba8f85869142aa5fb30e78cbede5af89d","sellTxId":"be9dc7bc52c1b9ca93f250fe055b699fafc8e4fa"
{"id":3877459,"type":"buy","buyer":"dswap","seller":"gaboamc2393","symbol":"BEER","quantity":"19.25252525","price":"0.12375000","timestamp":1657447767,"volume":"2.38250000","buyTxId":"9eb81e2ba8f85869142aa5fb30e78cbede5af89d","sellTxId":"a8206785dd328a118946677f8b037680c0123a04"
{"id":3878448,"type":"sell","buyer":"harveyword","seller":"learningenglish","symbol":"BEER","quantity":"4.74696583","price":"0.08920000","timestamp":1657460028,"volume":"0.42342935","buyTxId":"01c114a985308a1f256fd3503dd6054029570298","sellTxId":"81437c4f3baad0e0a32e38dcea1de12e9934d61e"
{"id":3878449,"type":"sell","buyer":"onlydoge","seller":"learningenglish","symbol":"BEER","quantity":"15.71454027","price":"0.08910000","timestamp":1657460028,"volume":"1.40016554","buyTxId":"c361f4f593fa00789acdc67597d731303a859cd3","sellTxId":"81437c4f3baad0e0a32e38dcea1de12e9934d61e"
{"id":3878828,"type":"sell","buyer":"onlydoge","seller":"hive.phyowinkoko","symbol":"BEER","quantity":"10.90693398","price":"0.08910000","timestamp":1657463949,"volume":"0.97180782","buyTxId":"c361f4f593fa00789acdc67597d731303a859cd3","sellTxId":"443f92299e536797b8ea65cec7b79c9d1aa1709b"
{"id":3879545,"type":"buy","buyer":"maryjane.main","seller":"gaboamc2393","symbol":"BEER","quantity":"3.00000000","price":"0.12375000","timestamp":1657470606,"volume":"0.37125000","buyTxId":"1afe9c8c445c05d4b6af79b9f5729601ce306497","sellTxId":"a8206785dd328a118946677f8b037680c0123a04"
{"id":3880068,"type":"buy","buyer":"morzex","seller":"gaboamc2393","symbol":"BEER","quantity":"2.58233526","price":"0.12375000","timestamp":1657475607,"volume":"0.31956399","buyTxId":"0c459f1bb144483697213abd3151db7e49756c6a","sellTxId":"a8206785dd328a118946677f8b037680c0123a04"
{"id":3880069,"type":"buy","buyer":"morzex","seller":"onlydoge","symbol":"BEER","quantity":"5.49625210","price":"0.12380000","timestamp":1657475607,"volume":"0.68043601","buyTxId":"0c459f1bb144483697213abd3151db7e49756c6a","sellTxId":"35664b7f9a82060ec1d2b8b400095856fcc57985"
{"id":3880410,"type":"sell","buyer":"onlydoge","seller":"crypto-futurist","symbol":"BEER","quantity":"0.00100000","price":"0.08910000","timestamp":1657479477,"volume":"0.00008910","buyTxId":"c361f4f593fa00789acdc67597d731303a859cd3","sellTxId":"d0637e0eb6edcb7ad994cf7ec43a74cfb076706e"
{"id":3881128,"type":"sell","buyer":"onlydoge","seller":"poliwalt10","symbol":"BEER","quantity":"0.13400000","price":"0.08910000","timestamp":1657485045,"volume":"0.01193940","buyTxId":"c361f4f593fa00789acdc67597d731303a859cd3","sellTxId":"7eeec1a20f07160b2f39f515cf5f62f98c2e42ae"
{"id":3881199,"type":"buy","buyer":"edgerik","seller":"onlydoge","symbol":"BEER","quantity":"5.00000000","price":"0.12380000","timestamp":1657485576,"volume":"0.61900000","buyTxId":"672066838d55e2e3b05fc68fc02b1e1f2088ee26","sellTxId":"35664b7f9a82060ec1d2b8b400095856fcc57985"
{"id":3881276,"type":"buy","buyer":"alex-rourke","seller":"onlydoge","symbol":"BEER","quantity":"5.21828817","price":"0.12380000","timestamp":1657486686,"volume":"0.64602408","buyTxId":"95715db2493a16c551352a69e882c68490f38b46","sellTxId":"35664b7f9a82060ec1d2b8b400095856fcc57985"
{"id":3881283,"type":"buy","buyer":"alex-rourke","seller":"onlydoge","symbol":"BEER","quantity":"11.04193398","price":"0.12380000","timestamp":1657486854,"volume":"1.36699143","buyTxId":"5c20fe40b20d99ffc8a85c601c88102f65f3a9c5","sellTxId":"c7ff84680e22d38fe5ffea926e36be53b3ef0c8c"
{"id":3881284,"type":"buy","buyer":"alex-rourke","seller":"roger.remix","symbol":"BEER","quantity":"23.95806602","price":"0.12389700","timestamp":1657486854,"volume":"2.96833251","buyTxId":"5c20fe40b20d99ffc8a85c601c88102f65f3a9c5","sellTxId":"88a74ec582aa056acf4c642c9465d1420dd5a6a7"
{"id":3882292,"type":"sell","buyer":"onlydoge","seller":"mafia.wallet","symbol":"BEER","quantity":"0.056","price":"0.09010000","timestamp":1657499796,"volume":"0.00504560","buyTxId":"86215c983a5d070a64b21b89d7d830a8bfb2a788","sellTxId":"3fde95879366367d40b09fba933d4b648e00ac98-2"