{"index": {"_index":"beer","_id":"2354845"}}
	{"id":2354845,"type":"sell","buyer":"detlev","seller":"marvinix","symbol":"BEER","quantity":"0.006","price":"0.15400000","timestamp":1640209821,"volume":"0.00092400","buyTxId":"1194734f630e635d28fdead415b0652e2552e30d","sellTxId":"b75552e4c152167e1a409cd18d968fb9c15bb751"}
{"index": {"_index":"beer","_id":"2355410"}}
	{"id":2355410,"type":"sell","buyer":"detlev","seller":"themarkymark","symbol":"BEER","quantity":"0.10850000","price":"0.15400000","timestamp":1640215125,"volume":"0.01670900","buyTxId":"1194734f630e635d28fdead415b0652e2552e30d","sellTxId":"53ed1aeabed3348d2532b9c835d357257afef918"}
{"index": {"_index":"beer","_id":"2356698"}}
	{"id":2356698,"type":"sell","buyer":"detlev","seller":"andy4475","symbol":"BEER","quantity":"3.59336748","price":"0.15400000","timestamp":1640228439,"volume":"0.55337859","buyTxId":"1194734f630e635d28fdead415b0652e2552e30d","sellTxId":"725ac6e7c749989f75e420f4e9377e0006ac0cd1"}
{"index": {"_index":"beer","_id":"2357282"}}
	{"id":2357282,"type":"sell","buyer":"detlev","seller":"mafia.wallet","symbol":"BEER","quantity":"0.096","price":"0.15400000","timestamp":1640236770,"volume":"0.01478400","buyTxId":"1194734f630e635d28fdead415b0652e2552e30d","sellTxId":"a539c4161a60eb1e30a856ea24ebed3df2fdf8bc-3"}
{"index": {"_index":"beer","_id":"2357897"}}
	{"id":2357897,"type":"sell","buyer":"detlev","seller":"nftmart.fees","symbol":"BEER","quantity":"0.03750000","price":"0.15400000","timestamp":1640244024,"volume":"0.00577500","buyTxId":"1194734f630e635d28fdead415b0652e2552e30d","sellTxId":"75e1e62c5f5a58d6feb9448765555045b116f67f"}
{"index": {"_index":"beer","_id":"2358224"}}
	{"id":2358224,"type":"sell","buyer":"detlev","seller":"itharagaian","symbol":"BEER","quantity":"0.00100000","price":"0.15400000","timestamp":1640247063,"volume":"0.00015400","buyTxId":"1194734f630e635d28fdead415b0652e2552e30d","sellTxId":"680a28955d8a1049a899f33ad1f6360b95d3a64a"}
{"index": {"_index":"beer","_id":"2358327"}}
	{"id":2358327,"type":"buy","buyer":"master-lamps","seller":"abontikazaman","symbol":"BEER","quantity":"6.66193909","price":"0.16735000","timestamp":1640248191,"volume":"1.11487551","buyTxId":"27d4d14d16e6895ba4bcddadcf806d5a91aaffaa","sellTxId":"d22c60cba02d6830845b2cf755ce5e7faff43aae"}
{"index": {"_index":"beer","_id":"2361185"}}
	{"id":2361185,"type":"sell","buyer":"detlev","seller":"sirdemian","symbol":"BEER","quantity":"0.911","price":"0.15400000","timestamp":1640275332,"volume":"0.14029400","buyTxId":"1194734f630e635d28fdead415b0652e2552e30d","sellTxId":"9cf2f16fd2953e5fd612b9f9fda13e4d20ff6e3b"}
{"index": {"_index":"beer","_id":"2361258"}}
	{"id":2361258,"type":"sell","buyer":"detlev","seller":"ga-sm","symbol":"BEER","quantity":"0.03000000","price":"0.15400000","timestamp":1640275833,"volume":"0.00462000","buyTxId":"1194734f630e635d28fdead415b0652e2552e30d","sellTxId":"66584d46fc716a2d320ffddd0ea27d419acfb653"}
{"index": {"_index":"beer","_id":"2361741"}}
	{"id":2361741,"type":"sell","buyer":"detlev","seller":"hiveexplorers","symbol":"BEER","quantity":"0.00250000","price":"0.15400000","timestamp":1640278491,"volume":"0.00038500","buyTxId":"1194734f630e635d28fdead415b0652e2552e30d","sellTxId":"74b61cb9ac201187be2d4b3fc56614918e156ff2"}
{"index": {"_index":"beer","_id":"2361925"}}
	{"id":2361925,"type":"sell","buyer":"detlev","seller":"lightcaptured","symbol":"BEER","quantity":"0.99358772","price":"0.15400000","timestamp":1640279181,"volume":"0.15301251","buyTxId":"1194734f630e635d28fdead415b0652e2552e30d","sellTxId":"fe1db2aca3793b250b3d880aa04a71b8c87139d7"}
{"index": {"_index":"beer","_id":"2362634"}}
	{"id":2362634,"type":"sell","buyer":"detlev","seller":"onealfa.pob","symbol":"BEER","quantity":"0.125","price":"0.15400000","timestamp":1640283015,"volume":"0.01925000","buyTxId":"1194734f630e635d28fdead415b0652e2552e30d","sellTxId":"7b483657616c300f98ba81e85cbe2363c92b464b"}
{"index": {"_index":"beer","_id":"2362971"}}
	{"id":2362971,"type":"sell","buyer":"detlev","seller":"davidfar","symbol":"BEER","quantity":"1.15470611","price":"0.15400000","timestamp":1640285349,"volume":"0.17782474","buyTxId":"1194734f630e635d28fdead415b0652e2552e30d","sellTxId":"fee98b61c0803c62b7b41a61366ac3ab2622be1b"}
{"index": {"_index":"beer","_id":"2363115"}}
	{"id":2363115,"type":"buy","buyer":"florenceboens","seller":"master-lamps","symbol":"BEER","quantity":"2.00000000","price":"0.17999675","timestamp":1640286258,"volume":"0.35999350","buyTxId":"ac7bf8426b31ffa88bcfe277e6bd634219857999","sellTxId":"94054db49d7b866b3627cd42f3bc8409ad477dcd"}
{"index": {"_index":"beer","_id":"2363209"}}
	{"id":2363209,"type":"sell","buyer":"detlev","seller":"justinparke","symbol":"BEER","quantity":"0.878","price":"0.15400000","timestamp":1640287041,"volume":"0.13521200","buyTxId":"1194734f630e635d28fdead415b0652e2552e30d","sellTxId":"bf0ceed3748e8221824ac3a352f66f8b2486fa9f"}
{"index": {"_index":"beer","_id":"2363223"}}
	{"id":2363223,"type":"sell","buyer":"detlev","seller":"automaton","symbol":"BEER","quantity":"0.72300000","price":"0.15400000","timestamp":1640287119,"volume":"0.11134200","buyTxId":"1194734f630e635d28fdead415b0652e2552e30d","sellTxId":"388c8b92926b6872d15b3943b23bc38df65c21b1"}
{"index": {"_index":"beer","_id":"2363583"}}
	{"id":2363583,"type":"sell","buyer":"detlev","seller":"mafia.wallet","symbol":"BEER","quantity":"0.032","price":"0.15400000","timestamp":1640289951,"volume":"0.00492800","buyTxId":"1194734f630e635d28fdead415b0652e2552e30d","sellTxId":"2d2d611e597bffae7183c5281f629425df718def-2"}
{"index": {"_index":"beer","_id":"2363930"}}
	{"id":2363930,"type":"sell","buyer":"detlev","seller":"aeneas.blog","symbol":"BEER","quantity":"0.16365903","price":"0.15400000","timestamp":1640293260,"volume":"0.02520349","buyTxId":"1194734f630e635d28fdead415b0652e2552e30d","sellTxId":"275b07b9292b13220d1d474adf4207744d00e5b3"}
