{"index": {"_index":"beer","_id":"3244840"}}
	{"id":3244840,"type":"sell","buyer":"detlev","seller":"powerpaul","symbol":"BEER","quantity":"3.00000000","price":"0.14000000","timestamp":1650497859,"volume":"0.42000000","buyTxId":"c3cbd98f95270a93e70756e6d1e68e4b22bd7a2d","sellTxId":"1ec0c27be8671f0db164cb2759235c9d3806d19f"}
{"index": {"_index":"beer","_id":"3244927"}}
	{"id":3244927,"type":"sell","buyer":"davidxxl","seller":"andy4475","symbol":"BEER","quantity":"0.32500000","price":"0.11050000","timestamp":1650498633,"volume":"0.03591250","buyTxId":"4100bacce0f1a3a0e989b4314131874be8fa8865","sellTxId":"a2bc83f9b780be01ea0dd7c85c8b95deebd39802"}
{"index": {"_index":"beer","_id":"3246162"}}
	{"id":3246162,"type":"buy","buyer":"master-lamps","seller":"powerpaul","symbol":"BEER","quantity":"0.28262400","price":"0.11050001","timestamp":1650515703,"volume":"0.03122995","buyTxId":"5f96af45f5d0a03bec0b70762ef523111f5fabd9","sellTxId":"61a06cf2d1cbcf721d23e32e03b050cb9115f12c"}
{"index": {"_index":"beer","_id":"3246174"}}
	{"id":3246174,"type":"buy","buyer":"master-lamps","seller":"powerpaul","symbol":"BEER","quantity":"0.00000012","price":"0.11050001","timestamp":1650515865,"volume":"0.00000001","buyTxId":"6834fe58f6fd9d2e23e1dd007b0e9c88f9b8a791","sellTxId":"61a06cf2d1cbcf721d23e32e03b050cb9115f12c"}
{"index": {"_index":"beer","_id":"3247218"}}
	{"id":3247218,"type":"sell","buyer":"hiq.magazine","seller":"networkallstar","symbol":"BEER","quantity":"0.06250000","price":"0.15000000","timestamp":1650528447,"volume":"0.00937500","buyTxId":"0be45211eea4b53ac6fe375e8f4baec8a7168607","sellTxId":"1f70468283e61edd6cb910cbe5ef1aaaf90be7f9"}
{"index": {"_index":"beer","_id":"3248193"}}
	{"id":3248193,"type":"sell","buyer":"hiq.magazine","seller":"fnvdesigns","symbol":"BEER","quantity":"0.02864995","price":"0.15000000","timestamp":1650538512,"volume":"0.00429749","buyTxId":"0be45211eea4b53ac6fe375e8f4baec8a7168607","sellTxId":"fffd37a462802fa4dccda579245c29902844d1a1"}
{"index": {"_index":"beer","_id":"3248492"}}
	{"id":3248492,"type":"sell","buyer":"hiq.magazine","seller":"blumela","symbol":"BEER","quantity":"9.90885005","price":"0.15000000","timestamp":1650542031,"volume":"1.48632751","buyTxId":"0be45211eea4b53ac6fe375e8f4baec8a7168607","sellTxId":"c8a5a28806c430fe85e74c2a855bf8183e99065a"}
{"index": {"_index":"beer","_id":"3248662"}}
	{"id":3248662,"type":"sell","buyer":"hiq.magazine","seller":"dotwin1981","symbol":"BEER","quantity":"0.30472296","price":"0.14000000","timestamp":1650544440,"volume":"0.04266121","buyTxId":"278ff38f01d5b9bd8300053a07fd343add976aaf","sellTxId":"3a9452f9757f99181c55d46c2a6f478d213bd730"}
{"index": {"_index":"beer","_id":"3249253"}}
	{"id":3249253,"type":"buy","buyer":"edgerik","seller":"blumela","symbol":"BEER","quantity":"0.24802684","price":"0.14975580","timestamp":1650550464,"volume":"0.03714346","buyTxId":"0a4f0bb55d4f49c8077bd9f26d7f19baeffab604","sellTxId":"c8a5a28806c430fe85e74c2a855bf8183e99065a"}
{"index": {"_index":"beer","_id":"3249261"}}
	{"id":3249261,"type":"buy","buyer":"edgerik","seller":"master-lamps","symbol":"BEER","quantity":"0.75197316","price":"0.17779999","timestamp":1650550569,"volume":"0.13370082","buyTxId":"71358de035d7f9bc8a706d17887aabcb19dbea74","sellTxId":"0625d767ce262e5a105ed668153bba587780688f"}
{"index": {"_index":"beer","_id":"3249301"}}
	{"id":3249301,"type":"sell","buyer":"hiq.magazine","seller":"morzex","symbol":"BEER","quantity":"0.68555648","price":"0.14000000","timestamp":1650550803,"volume":"0.09597791","buyTxId":"278ff38f01d5b9bd8300053a07fd343add976aaf","sellTxId":"dd3315de88a2419e5be7c12defd2ee917334266c"}
{"index": {"_index":"beer","_id":"3250888"}}
	{"id":3250888,"type":"sell","buyer":"hiq.magazine","seller":"metsaloomad","symbol":"BEER","quantity":"0.27921300","price":"0.14000000","timestamp":1650563817,"volume":"0.03908982","buyTxId":"278ff38f01d5b9bd8300053a07fd343add976aaf","sellTxId":"c6c1f6ec62e67377ce0cc3102bbc32fe15e9dd74"}
{"index": {"_index":"beer","_id":"3250974"}}
	{"id":3250974,"type":"sell","buyer":"hiq.magazine","seller":"cliffagreen","symbol":"BEER","quantity":"0.08697186","price":"0.14000000","timestamp":1650564534,"volume":"0.01217606","buyTxId":"278ff38f01d5b9bd8300053a07fd343add976aaf","sellTxId":"550d356016f30da13cced0f72e1d57f35eb5805c"}
{"index": {"_index":"beer","_id":"3251339"}}
	{"id":3251339,"type":"sell","buyer":"hiq.magazine","seller":"laritheghost","symbol":"BEER","quantity":"1.22181413","price":"0.14000000","timestamp":1650568092,"volume":"0.17105398","buyTxId":"278ff38f01d5b9bd8300053a07fd343add976aaf","sellTxId":"64e8d48d3ff49f9c74e62278dc9999e953894709"}
{"index": {"_index":"beer","_id":"3251366"}}
	{"id":3251366,"type":"sell","buyer":"hiq.magazine","seller":"damla","symbol":"BEER","quantity":"0.10000000","price":"0.14000000","timestamp":1650568329,"volume":"0.01400000","buyTxId":"278ff38f01d5b9bd8300053a07fd343add976aaf","sellTxId":"e08f6350b2b4fc4c659e3bbd3fe79198e2c16ddd"}
{"index": {"_index":"beer","_id":"3251423"}}
	{"id":3251423,"type":"sell","buyer":"hiq.magazine","seller":"drutter","symbol":"BEER","quantity":"0.05000000","price":"0.14000000","timestamp":1650568986,"volume":"0.00700000","buyTxId":"278ff38f01d5b9bd8300053a07fd343add976aaf","sellTxId":"7c39b956ab7050b5dba46d32483acd9135ca2908"}
{"index": {"_index":"beer","_id":"3251647"}}
	{"id":3251647,"type":"sell","buyer":"hiq.magazine","seller":"dswap","symbol":"BEER","quantity":"0.8","price":"0.14000000","timestamp":1650570870,"volume":"0.11200000","buyTxId":"278ff38f01d5b9bd8300053a07fd343add976aaf","sellTxId":"b0620e5ff6f5f484171e049425347723987ef8e3"}
{"index": {"_index":"beer","_id":"3252060"}}
	{"id":3252060,"type":"sell","buyer":"hiq.magazine","seller":"mafia.wallet","symbol":"BEER","quantity":"0.025","price":"0.14000000","timestamp":1650575571,"volume":"0.00350000","buyTxId":"278ff38f01d5b9bd8300053a07fd343add976aaf","sellTxId":"4807f1c4a665b9efe412057d9eb25400deaf4a7d-3"}
{"index": {"_index":"beer","_id":"3252515"}}
	{"id":3252515,"type":"sell","buyer":"hiq.magazine","seller":"steemstreems","symbol":"BEER","quantity":"0.04198059","price":"0.14000000","timestamp":1650581538,"volume":"0.00587728","buyTxId":"278ff38f01d5b9bd8300053a07fd343add976aaf","sellTxId":"6b79fa4cb5d415a47c69262e83ea79fadade343a"}
