{"index": {"_index":"beer","_id":"2989440"}}
	{"id":2989440,"type":"sell","buyer":"mobi72","seller":"boycharlieplays","symbol":"BEER","quantity":"1.30700000","price":"0.13070000","timestamp":1647478047,"volume":"0.17082490","buyTxId":"3af397623864f91c32fb1b81987073e374b32825","sellTxId":"200546417803ffcb733ff6c454f3c3dfdca569b0"}
{"index": {"_index":"beer","_id":"2989441"}}
	{"id":2989441,"type":"sell","buyer":"mobi72","seller":"boycharlieplays","symbol":"BEER","quantity":"5.00000000","price":"0.13070000","timestamp":1647478047,"volume":"0.65350000","buyTxId":"1f2fc5bc572597b9f3ef5d30b14300fae9b867ab","sellTxId":"200546417803ffcb733ff6c454f3c3dfdca569b0"}
{"index": {"_index":"beer","_id":"2989443"}}
	{"id":2989443,"type":"sell","buyer":"gaboamc2393","seller":"boycharlieplays","symbol":"BEER","quantity":"16.61226091","price":"0.13060000","timestamp":1647478065,"volume":"2.16956127","buyTxId":"170aff31f32bc6460f6b87828208cab1739dca8d","sellTxId":"aefd64ab12399e5d34ce0d1d8b83fc25e37949f8"}
{"index": {"_index":"beer","_id":"2990197"}}
	{"id":2990197,"type":"sell","buyer":"master-lamps","seller":"magnacarta","symbol":"BEER","quantity":"3.10633931","price":"0.13060001","timestamp":1647485931,"volume":"0.40568794","buyTxId":"680d73e58f17592bec3a1484f009fbb253cd1dd1","sellTxId":"83732ddcecf8717f1d67171e0cb8212ca742705c"}
{"index": {"_index":"beer","_id":"2991342"}}
	{"id":2991342,"type":"sell","buyer":"master-lamps","seller":"mosho-o","symbol":"BEER","quantity":"5.00000000","price":"0.13060001","timestamp":1647500247,"volume":"0.65300005","buyTxId":"680d73e58f17592bec3a1484f009fbb253cd1dd1","sellTxId":"31c9e600eda1305dddf6c16cc04777b100262bc3"}
{"index": {"_index":"beer","_id":"2991427"}}
	{"id":2991427,"type":"sell","buyer":"master-lamps","seller":"themarkymark","symbol":"BEER","quantity":"0.03750000","price":"0.13060001","timestamp":1647501183,"volume":"0.00489750","buyTxId":"680d73e58f17592bec3a1484f009fbb253cd1dd1","sellTxId":"e69ca7925693a6e67c6c532b88910e5d889ae6aa"}
{"index": {"_index":"beer","_id":"2991860"}}
	{"id":2991860,"type":"sell","buyer":"master-lamps","seller":"dejan.vuckovic","symbol":"BEER","quantity":"3.59429256","price":"0.13060001","timestamp":1647507003,"volume":"0.46941464","buyTxId":"680d73e58f17592bec3a1484f009fbb253cd1dd1","sellTxId":"195f96d63e4c2a8e40be3da295de159ea008b3df"}
{"index": {"_index":"beer","_id":"2992241"}}
	{"id":2992241,"type":"sell","buyer":"master-lamps","seller":"jrs29","symbol":"BEER","quantity":"0.07400000","price":"0.13060001","timestamp":1647512727,"volume":"0.00966440","buyTxId":"680d73e58f17592bec3a1484f009fbb253cd1dd1","sellTxId":"238342c4b7c56a68f01dcf5d1b417be0bf15a015"}
{"index": {"_index":"beer","_id":"2992916"}}
	{"id":2992916,"type":"sell","buyer":"master-lamps","seller":"blumela","symbol":"BEER","quantity":"3.38562563","price":"0.13060001","timestamp":1647521892,"volume":"0.44216274","buyTxId":"680d73e58f17592bec3a1484f009fbb253cd1dd1","sellTxId":"6d04c4101e10f4b255beb6b459280eeb244a272a"}
{"index": {"_index":"beer","_id":"2994047"}}
	{"id":2994047,"type":"sell","buyer":"master-lamps","seller":"ga-sm","symbol":"BEER","quantity":"0.02700000","price":"0.13060001","timestamp":1647536154,"volume":"0.00352620","buyTxId":"680d73e58f17592bec3a1484f009fbb253cd1dd1","sellTxId":"5017e431e32b36c6342a02891b1e21a456940bfb"}
{"index": {"_index":"beer","_id":"2995842"}}
	{"id":2995842,"type":"buy","buyer":"dswap","seller":"master-lamps","symbol":"BEER","quantity":"2.23404283","price":"0.18799999","timestamp":1647556548,"volume":"0.42000003","buyTxId":"fe1bb10ea5db754f8423f3c0f83ae34d187c6ac7","sellTxId":"b6f6f3eb73c364052ab2d9ef82106be1519c1c2a"}
{"index": {"_index":"beer","_id":"2995905"}}
	{"id":2995905,"type":"sell","buyer":"master-lamps","seller":"mafia.wallet","symbol":"BEER","quantity":"0.031","price":"0.13060001","timestamp":1647557775,"volume":"0.00404860","buyTxId":"680d73e58f17592bec3a1484f009fbb253cd1dd1","sellTxId":"d1cc1d2165cc5fce0922b1a54806d50a0df133d0-2"}
