{"index": {"_index":"beer","_id":"3945205"}}
	{"id":3945205,"type":"buy","buyer":"detlev","seller":"harveyword","symbol":"BEER","quantity":"0.10000000","price":"0.12250000","timestamp":1658269749,"volume":"0.01225000","buyTxId":"4551aa41ef654627bc5dad5db29f91abeb3124be","sellTxId":"38ee152e9cc0a42bd731f86033c18aa54ba92e88"}
{"index": {"_index":"beer","_id":"3945400"}}
	{"id":3945400,"type":"sell","buyer":"master-lamps","seller":"andy4475","symbol":"BEER","quantity":"0.13088884","price":"0.09000001","timestamp":1658272707,"volume":"0.01178000","buyTxId":"3c0a86220ceef8f0487c18779ad8d425e652082c","sellTxId":"01a0775a2f80974a83acf3b038c5b29b4e9d47ba"}
{"index": {"_index":"beer","_id":"3945401"}}
	{"id":3945401,"type":"sell","buyer":"harveyword","seller":"andy4475","symbol":"BEER","quantity":"0.11107160","price":"0.09000000","timestamp":1658272707,"volume":"0.00999644","buyTxId":"f0848ba7f25115a69f7a5ffcbeed1aa5b1fe13c0","sellTxId":"01a0775a2f80974a83acf3b038c5b29b4e9d47ba"}
{"index": {"_index":"beer","_id":"3946006"}}
	{"id":3946006,"type":"sell","buyer":"harveyword","seller":"mafia.wallet","symbol":"BEER","quantity":"0.059","price":"0.09000000","timestamp":1658283255,"volume":"0.00531000","buyTxId":"f0848ba7f25115a69f7a5ffcbeed1aa5b1fe13c0","sellTxId":"6706543f41b4ca83144f40dfe6f584b742f83776-3"}
{"index": {"_index":"beer","_id":"3946794"}}
	{"id":3946794,"type":"buy","buyer":"morzex","seller":"harveyword","symbol":"BEER","quantity":"3.47000000","price":"0.12250000","timestamp":1658294307,"volume":"0.42507500","buyTxId":"4d11e35d95364e66e7a51d11e0002fb8618d8b2f","sellTxId":"38ee152e9cc0a42bd731f86033c18aa54ba92e88"}
{"index": {"_index":"beer","_id":"3946795"}}
	{"id":3946795,"type":"buy","buyer":"morzex","seller":"onlydoge","symbol":"BEER","quantity":"1.42679445","price":"0.12260000","timestamp":1658294307,"volume":"0.17492500","buyTxId":"4d11e35d95364e66e7a51d11e0002fb8618d8b2f","sellTxId":"aad8c3f7f5446beb1e7d12e9e198c1f47e6bbcfd"}
{"index": {"_index":"beer","_id":"3948784"}}
	{"id":3948784,"type":"sell","buyer":"harveyword","seller":"phortun","symbol":"BEER","quantity":"0.3","price":"0.09000000","timestamp":1658318382,"volume":"0.02700000","buyTxId":"f0848ba7f25115a69f7a5ffcbeed1aa5b1fe13c0","sellTxId":"b7ce9ece585e3af1e89d88bee88e9b7d56a3c6de"}
{"index": {"_index":"beer","_id":"3949255"}}
	{"id":3949255,"type":"buy","buyer":"otherbrandt","seller":"onlydoge","symbol":"BEER","quantity":"13.03418285","price":"0.11490000","timestamp":1658326710,"volume":"1.49762761","buyTxId":"c3cd5a0572cbf6ff4f4a0749d0b79c1d1c49c06e","sellTxId":"c3ab3d029e9ef469a9bd33cba1989abc28182f77"}
{"index": {"_index":"beer","_id":"3949256"}}
	{"id":3949256,"type":"buy","buyer":"otherbrandt","seller":"jeanpi1908","symbol":"BEER","quantity":"10.00000000","price":"0.11500000","timestamp":1658326710,"volume":"1.15000000","buyTxId":"c3cd5a0572cbf6ff4f4a0749d0b79c1d1c49c06e","sellTxId":"40f4469281679f26f27901ffa9f76caf1e1c91fe"}
{"index": {"_index":"beer","_id":"3949257"}}
	{"id":3949257,"type":"buy","buyer":"otherbrandt","seller":"master-lamps","symbol":"BEER","quantity":"14.44847801","price":"0.12259999","timestamp":1658326710,"volume":"1.77138326","buyTxId":"c3cd5a0572cbf6ff4f4a0749d0b79c1d1c49c06e","sellTxId":"b57a9d9c8bc7ee7ab0906d157360e59bed3a60ce"}
{"index": {"_index":"beer","_id":"3949258"}}
	{"id":3949258,"type":"buy","buyer":"otherbrandt","seller":"cloudblade","symbol":"BEER","quantity":"67.51733914","price":"0.12277000","timestamp":1658326710,"volume":"8.28910373","buyTxId":"c3cd5a0572cbf6ff4f4a0749d0b79c1d1c49c06e","sellTxId":"171f303b815676ec707ea8865b8f980dd1592a67"}
{"index": {"_index":"beer","_id":"3949459"}}
	{"id":3949459,"type":"sell","buyer":"onlydoge","seller":"bitandi","symbol":"BEER","quantity":"30.37074429","price":"0.09010000","timestamp":1658329254,"volume":"2.73640406","buyTxId":"9a3f788cd1402ecf08479d07eac062e3b09dec9c","sellTxId":"df17984c556bc78000f412ef4335c4c407dd5383"}
{"index": {"_index":"beer","_id":"3951891"}}
	{"id":3951891,"type":"sell","buyer":"onlydoge","seller":"poliwalt10","symbol":"BEER","quantity":"0.14300000","price":"0.09010000","timestamp":1658352783,"volume":"0.01288430","buyTxId":"9a3f788cd1402ecf08479d07eac062e3b09dec9c","sellTxId":"949d0f8ee994dd2f1284ba7e64d5a085fbe168f4"}
