{"index": {"_index":"beer","_id":"1187922"}}
	{"id":1187922,"type":"sell","buyer":"photophile","seller":"steemstreems","symbol":"BEER","quantity":"0.01100000","price":"0.21182000","timestamp":1625197929,"volume":"0.00233002","buyTxId":"5298ef26df816ec6d9ef758ae3dc0aa3c2930532","sellTxId":"164bb976815992cb0c15228dcf132c34db8e62bb"}
{"index": {"_index":"beer","_id":"1188099"}}
	{"id":1188099,"type":"sell","buyer":"photophile","seller":"lookplz","symbol":"BEER","quantity":"10.31104945","price":"0.21182000","timestamp":1625203794,"volume":"2.18408649","buyTxId":"5298ef26df816ec6d9ef758ae3dc0aa3c2930532","sellTxId":"9fcd25bf5e4e3863f8f8b1bd60cead2ea0628059"}
{"index": {"_index":"beer","_id":"1188202"}}
	{"id":1188202,"type":"sell","buyer":"photophile","seller":"oks2crypto","symbol":"BEER","quantity":"0.37500000","price":"0.21182000","timestamp":1625208333,"volume":"0.07943250","buyTxId":"5298ef26df816ec6d9ef758ae3dc0aa3c2930532","sellTxId":"2df6df95403a4aef35f02b02159fc36e9311385c"}
{"index": {"_index":"beer","_id":"1188224"}}
	{"id":1188224,"type":"sell","buyer":"photophile","seller":"itharagaian","symbol":"BEER","quantity":"0.00300442","price":"0.21182000","timestamp":1625209410,"volume":"0.00063640","buyTxId":"5298ef26df816ec6d9ef758ae3dc0aa3c2930532","sellTxId":"095f722ab4bab32920d5e8438eb7bff5bde98900"}
{"index": {"_index":"beer","_id":"1188371"}}
	{"id":1188371,"type":"sell","buyer":"photophile","seller":"krakonos","symbol":"BEER","quantity":"5.50000000","price":"0.21182000","timestamp":1625215893,"volume":"1.16501000","buyTxId":"5298ef26df816ec6d9ef758ae3dc0aa3c2930532","sellTxId":"18e24c9f2b1489d70261a9b175d299aa7218056e"}
{"index": {"_index":"beer","_id":"1188504"}}
	{"id":1188504,"type":"sell","buyer":"photophile","seller":"lrekt01","symbol":"BEER","quantity":"0.02275000","price":"0.21182000","timestamp":1625219871,"volume":"0.00481891","buyTxId":"5298ef26df816ec6d9ef758ae3dc0aa3c2930532","sellTxId":"f972fb16675e6f9fe22f76f8eff9f431951d51a8"}
{"index": {"_index":"beer","_id":"1188622"}}
	{"id":1188622,"type":"sell","buyer":"photophile","seller":"miketr","symbol":"BEER","quantity":"2.04800964","price":"0.21182000","timestamp":1625223912,"volume":"0.43380940","buyTxId":"5298ef26df816ec6d9ef758ae3dc0aa3c2930532","sellTxId":"0c8be89969c9c7f1aacf20f8a986c937209be7ea"}
{"index": {"_index":"beer","_id":"1188623"}}
	{"id":1188623,"type":"sell","buyer":"rivalzzz","seller":"miketr","symbol":"BEER","quantity":"0.95199036","price":"0.21180000","timestamp":1625223912,"volume":"0.20163156","buyTxId":"0fb0fa01467c4a2ce668c072dab2dfb04839d1c5","sellTxId":"0c8be89969c9c7f1aacf20f8a986c937209be7ea"}
{"index": {"_index":"beer","_id":"1188692"}}
	{"id":1188692,"type":"sell","buyer":"rivalzzz","seller":"justinparke","symbol":"BEER","quantity":"0.2425","price":"0.21180000","timestamp":1625226123,"volume":"0.05136150","buyTxId":"0fb0fa01467c4a2ce668c072dab2dfb04839d1c5","sellTxId":"6b5ffc8e49552d494d0397cdfc2af002a0d50e65"}
{"index": {"_index":"beer","_id":"1188827"}}
	{"id":1188827,"type":"sell","buyer":"rivalzzz","seller":"willsaldeno","symbol":"BEER","quantity":"1.10000000","price":"0.21180000","timestamp":1625229531,"volume":"0.23298000","buyTxId":"0fb0fa01467c4a2ce668c072dab2dfb04839d1c5","sellTxId":"63c39c3babdcded5d5ad077864f24db1ddda0ec9"}
{"index": {"_index":"beer","_id":"1188882"}}
	{"id":1188882,"type":"sell","buyer":"rivalzzz","seller":"thesimguru","symbol":"BEER","quantity":"0.12200000","price":"0.21180000","timestamp":1625230416,"volume":"0.02583960","buyTxId":"0fb0fa01467c4a2ce668c072dab2dfb04839d1c5","sellTxId":"ccd24c9c9c60ea15c182d93f387c54893cfa2711"}
{"index": {"_index":"beer","_id":"1189230"}}
	{"id":1189230,"type":"sell","buyer":"rivalzzz","seller":"shoemanchu","symbol":"BEER","quantity":"4.88050000","price":"0.21180000","timestamp":1625244057,"volume":"1.03368990","buyTxId":"0fb0fa01467c4a2ce668c072dab2dfb04839d1c5","sellTxId":"41729b7a04a98d785ac74f952dba293d0680551d"}
{"index": {"_index":"beer","_id":"1189306"}}
	{"id":1189306,"type":"sell","buyer":"rivalzzz","seller":"mafia.wallet","symbol":"BEER","quantity":"0.057","price":"0.21180000","timestamp":1625246934,"volume":"0.01207260","buyTxId":"0fb0fa01467c4a2ce668c072dab2dfb04839d1c5","sellTxId":"eb2e237aa2f13d510e716a3ba14ec4829aa9d3f2-1"}
{"index": {"_index":"beer","_id":"1189417"}}
	{"id":1189417,"type":"sell","buyer":"rivalzzz","seller":"steem.services","symbol":"BEER","quantity":"1.82700000","price":"0.21180000","timestamp":1625251329,"volume":"0.38695860","buyTxId":"0fb0fa01467c4a2ce668c072dab2dfb04839d1c5","sellTxId":"cb78cba3691d6abb54dd60dd18a1c45909259d81"}
{"index": {"_index":"beer","_id":"1189532"}}
	{"id":1189532,"type":"sell","buyer":"rivalzzz","seller":"taseli","symbol":"BEER","quantity":"0.01250000","price":"0.21180000","timestamp":1625255721,"volume":"0.00264750","buyTxId":"0fb0fa01467c4a2ce668c072dab2dfb04839d1c5","sellTxId":"9a6ff8c1b4880efccf77eea50c7cf1ecb7ff55f6"}
{"index": {"_index":"beer","_id":"1189677"}}
	{"id":1189677,"type":"sell","buyer":"rivalzzz","seller":"deathwing","symbol":"BEER","quantity":"0.007","price":"0.21180000","timestamp":1625259306,"volume":"0.00148260","buyTxId":"0fb0fa01467c4a2ce668c072dab2dfb04839d1c5","sellTxId":"d7ae8b9b556495581545525f3b177032b9b88623-3"}
{"index": {"_index":"beer","_id":"1189806"}}
	{"id":1189806,"type":"sell","buyer":"rivalzzz","seller":"itharagaian","symbol":"BEER","quantity":"0.00300000","price":"0.21180000","timestamp":1625263695,"volume":"0.00063540","buyTxId":"0fb0fa01467c4a2ce668c072dab2dfb04839d1c5","sellTxId":"563ff20efbce1a9ab7c2e5de7ef907dced087f0f"}
{"index": {"_index":"beer","_id":"1189907"}}
	{"id":1189907,"type":"sell","buyer":"rivalzzz","seller":"mafia.wallet","symbol":"BEER","quantity":"0.056","price":"0.21180000","timestamp":1625268780,"volume":"0.01186080","buyTxId":"0fb0fa01467c4a2ce668c072dab2dfb04839d1c5","sellTxId":"b7c4763476628a640fa968a37bb77c5f935753b0-2"}
{"index": {"_index":"beer","_id":"1190292"}}
	{"id":1190292,"type":"sell","buyer":"rivalzzz","seller":"steemstreems","symbol":"BEER","quantity":"0.01100000","price":"0.21180000","timestamp":1625276292,"volume":"0.00232980","buyTxId":"0fb0fa01467c4a2ce668c072dab2dfb04839d1c5","sellTxId":"efe1d9a048cdcfaa7b5c1a44c2b6f29dcebaba62"}
