{"index": {"_index":"beer","_id":"3816322"}}
	{"id":3816322,"type":"sell","buyer":"roger.remix","seller":"crypto-futurist","symbol":"BEER","quantity":"0.00100000","price":"0.08956700","timestamp":1656651636,"volume":"0.00008957","buyTxId":"16e56100ddbeffd9def03fa37df6bcead52834fc","sellTxId":"7ef52f060399100a0b4c9598e7d8fdfa16eb3a9b"}
{"index": {"_index":"beer","_id":"3816351"}}
	{"id":3816351,"type":"sell","buyer":"roger.remix","seller":"forexbrokr","symbol":"BEER","quantity":"0.22500000","price":"0.08956700","timestamp":1656651912,"volume":"0.02015258","buyTxId":"16e56100ddbeffd9def03fa37df6bcead52834fc","sellTxId":"61203602925c8489fadc9198370faeeceb6c4105"}
{"index": {"_index":"beer","_id":"3816599"}}
	{"id":3816599,"type":"buy","buyer":"laruche","seller":"onlydoge","symbol":"BEER","quantity":"7.99463376","price":"0.12280000","timestamp":1656653460,"volume":"0.98174103","buyTxId":"13eb062ed51cc46729adb9763d3b7f7be0dbce53","sellTxId":"e4799642c922972cb4dca2007a0a64d7e2669978"}
{"index": {"_index":"beer","_id":"3816600"}}
	{"id":3816600,"type":"buy","buyer":"laruche","seller":"master-lamps","symbol":"BEER","quantity":"0.01700000","price":"0.12289999","timestamp":1656653460,"volume":"0.00208930","buyTxId":"13eb062ed51cc46729adb9763d3b7f7be0dbce53","sellTxId":"480737c5ab63348316e52b3d588de298c3f32186"}
{"index": {"_index":"beer","_id":"3816601"}}
	{"id":3816601,"type":"buy","buyer":"laruche","seller":"gaboamc2393","symbol":"BEER","quantity":"45.47202400","price":"0.12289999","timestamp":1656653460,"volume":"5.58851129","buyTxId":"13eb062ed51cc46729adb9763d3b7f7be0dbce53","sellTxId":"a53d04ca912727475da4d82cf46621673207f7a9"}
{"index": {"_index":"beer","_id":"3816602"}}
	{"id":3816602,"type":"buy","buyer":"laruche","seller":"roger.remix","symbol":"BEER","quantity":"70.00000000","price":"0.12289999","timestamp":1656653460,"volume":"8.60299930","buyTxId":"13eb062ed51cc46729adb9763d3b7f7be0dbce53","sellTxId":"b0d6cab465868f468dc0c0f02a3a297c9064c9ad"}
{"index": {"_index":"beer","_id":"3816603"}}
	{"id":3816603,"type":"buy","buyer":"laruche","seller":"imagenius.dac","symbol":"BEER","quantity":"67.39391526","price":"0.12400000","timestamp":1656653460,"volume":"8.35684549","buyTxId":"13eb062ed51cc46729adb9763d3b7f7be0dbce53","sellTxId":"9f81f031202e8f95b37f8da5563ac9a6c04289a4"}
{"index": {"_index":"beer","_id":"3816604"}}
	{"id":3816604,"type":"buy","buyer":"laruche","seller":"levi-miron","symbol":"BEER","quantity":"9.34787363","price":"0.12480000","timestamp":1656653460,"volume":"1.16661463","buyTxId":"13eb062ed51cc46729adb9763d3b7f7be0dbce53","sellTxId":"72287dba03f51db8116700fc28268ee47058f61c"}
{"index": {"_index":"beer","_id":"3816605"}}
	{"id":3816605,"type":"buy","buyer":"laruche","seller":"barmbo","symbol":"BEER","quantity":"2.40959168","price":"0.12500000","timestamp":1656653460,"volume":"0.30119896","buyTxId":"13eb062ed51cc46729adb9763d3b7f7be0dbce53","sellTxId":"96a9381939b02b727faf30385cc1fdb784031e33"}
{"index": {"_index":"beer","_id":"3817484"}}
	{"id":3817484,"type":"sell","buyer":"master-lamps","seller":"chekohler","symbol":"BEER","quantity":"2.5e-7","price":"0.08970050","timestamp":1656658599,"volume":"0.00000002","buyTxId":"dfbb014d4ab4527cad5e18f021689eef62431e90","sellTxId":"43eb79251670d68e0d69f8dee1b16c9fecd7ca80"}
{"index": {"_index":"beer","_id":"3818291"}}
	{"id":3818291,"type":"sell","buyer":"chetanpadliya","seller":"invest-time","symbol":"BEER","quantity":"0.08750000","price":"0.08981000","timestamp":1656670161,"volume":"0.00785838","buyTxId":"f721e92dc74fc82135f7f5b4f63708b26e5f07b7","sellTxId":"f3514ed34241fe70bc30f332211361fd04ba824b"}
{"index": {"_index":"beer","_id":"3819896"}}
	{"id":3819896,"type":"buy","buyer":"theiamultitude","seller":"roger.remix","symbol":"BEER","quantity":"8.00000000","price":"0.12480000","timestamp":1656688629,"volume":"0.99840000","buyTxId":"7ce28a190a816a8b56514a34862eb822274a3cb3","sellTxId":"26fa52fe68dab2597a540cf43b4754b7f6150fb2"}
{"index": {"_index":"beer","_id":"3822054"}}
	{"id":3822054,"type":"buy","buyer":"balte","seller":"roger.remix","symbol":"BEER","quantity":"15.00000000","price":"0.12480000","timestamp":1656711147,"volume":"1.87200000","buyTxId":"2517687650965271a20ea7831112432c1a51b9df","sellTxId":"26fa52fe68dab2597a540cf43b4754b7f6150fb2"}
{"index": {"_index":"beer","_id":"3822361"}}
	{"id":3822361,"type":"sell","buyer":"onlydoge","seller":"laritheghost","symbol":"BEER","quantity":"0.4428555","price":"0.09000000","timestamp":1656714927,"volume":"0.03985700","buyTxId":"1f2bcf6c1ef65ec266e38b87689e77bc08257a2a","sellTxId":"fc1b8e36f085b36b651f7fd3f5356629f8f7f709"}
{"index": {"_index":"beer","_id":"3822389"}}
	{"id":3822389,"type":"buy","buyer":"morzex","seller":"roger.remix","symbol":"BEER","quantity":"4.88782051","price":"0.12480000","timestamp":1656715170,"volume":"0.61","buyTxId":"6eb80f3fdac11c513603cbf34348d7a4eb4990ec","sellTxId":"26fa52fe68dab2597a540cf43b4754b7f6150fb2"}
{"index": {"_index":"beer","_id":"3823282"}}
	{"id":3823282,"type":"sell","buyer":"onlydoge","seller":"crypto-futurist","symbol":"BEER","quantity":"0.00100000","price":"0.09000000","timestamp":1656725511,"volume":"0.00009000","buyTxId":"1f2bcf6c1ef65ec266e38b87689e77bc08257a2a","sellTxId":"a23ee34ac3d5a6fdbd6ca691a3cd08cf1db19832"}
