{"index": {"_index":"beer","_id":"2196881"}}
	{"id":2196881,"type":"buy","buyer":"gehenna08","seller":"trentonlundy1","symbol":"BEER","quantity":"1.17649580","price":"0.14550000","timestamp":1638911748,"volume":"0.17118014","buyTxId":"20cc620c01bb3bdbf6d076650066d5bfc914f648","sellTxId":"15231d2968d8347e8214eff2ac0289b6703c64a1"}
{"index": {"_index":"beer","_id":"2196882"}}
	{"id":2196882,"type":"buy","buyer":"gehenna08","seller":"dhedge-drips","symbol":"BEER","quantity":"0.00800001","price":"0.14550000","timestamp":1638911748,"volume":"0.00116400","buyTxId":"20cc620c01bb3bdbf6d076650066d5bfc914f648","sellTxId":"0e02fdd36dfcb3022d745a35be6800368aca753a"}
{"index": {"_index":"beer","_id":"2196921"}}
	{"id":2196921,"type":"buy","buyer":"gehenna08","seller":"cloudblade","symbol":"BEER","quantity":"26.00000000","price":"0.17870000","timestamp":1638912252,"volume":"4.64620000","buyTxId":"0982d12bb26a88e1872553567affafa7bb86c455","sellTxId":"39da95bc921593aa154021b4de799c83c34d0f49"}
{"index": {"_index":"beer","_id":"2197130"}}
	{"id":2197130,"type":"sell","buyer":"harveyword","seller":"tomhall","symbol":"BEER","quantity":"5.00000000","price":"0.09100000","timestamp":1638914715,"volume":"0.45500000","buyTxId":"74f1e5afcab1730f78f4fe2fd124ab56ddc2da17","sellTxId":"70fc97fe31e48f15ed8793d7c73f1082c1ed8148"}
{"index": {"_index":"beer","_id":"2197131"}}
	{"id":2197131,"type":"sell","buyer":"cloudblade","seller":"tomhall","symbol":"BEER","quantity":"71.56643600","price":"0.09010000","timestamp":1638914715,"volume":"6.44813588","buyTxId":"b0de0345f439c7554b3211a81ac6fa82f7595612","sellTxId":"70fc97fe31e48f15ed8793d7c73f1082c1ed8148"}
{"index": {"_index":"beer","_id":"2197404"}}
	{"id":2197404,"type":"sell","buyer":"cloudblade","seller":"trifenix","symbol":"BEER","quantity":"0.06600000","price":"0.09010000","timestamp":1638917358,"volume":"0.00594660","buyTxId":"b0de0345f439c7554b3211a81ac6fa82f7595612","sellTxId":"4bda0d7067f10db1c36ef0e864287b7d7ed1b516"}
{"index": {"_index":"beer","_id":"2198056"}}
	{"id":2198056,"type":"buy","buyer":"brsk84","seller":"cloudblade","symbol":"BEER","quantity":"0.53400000","price":"0.17870000","timestamp":1638924216,"volume":"0.09542580","buyTxId":"7165909f294e03a084d4f52793022dfb5c3bebbd","sellTxId":"39da95bc921593aa154021b4de799c83c34d0f49"}
{"index": {"_index":"beer","_id":"2198152"}}
	{"id":2198152,"type":"sell","buyer":"imagenius.dac","seller":"gehenna08","symbol":"BEER","quantity":"27.18449581","price":"0.09030000","timestamp":1638925167,"volume":"2.45475997","buyTxId":"7e179079f8f1ce7b7af6081a2bb39f9bba637dd3","sellTxId":"c6a698569b8f0a81041f1751bd9dfacc1e063c68"}
{"index": {"_index":"beer","_id":"2199407"}}
	{"id":2199407,"type":"sell","buyer":"cloudblade","seller":"quantumg","symbol":"BEER","quantity":"0.38300000","price":"0.09031000","timestamp":1638938283,"volume":"0.03458873","buyTxId":"0118ed64d864e9e4dabb4250caffe41ba9df592d","sellTxId":"a3cd7d12cf76045aba1cdb68d6d7802dba48b41e"}
{"index": {"_index":"beer","_id":"2201833"}}
	{"id":2201833,"type":"sell","buyer":"cloudblade","seller":"itharagaian","symbol":"BEER","quantity":"0.01450000","price":"0.09031000","timestamp":1638945474,"volume":"0.00130950","buyTxId":"0118ed64d864e9e4dabb4250caffe41ba9df592d","sellTxId":"25d98f4edc5eb8630f86c61c167fbe469774af66"}
{"index": {"_index":"beer","_id":"2201990"}}
	{"id":2201990,"type":"sell","buyer":"cloudblade","seller":"celescu","symbol":"BEER","quantity":"0.17605516","price":"0.09031000","timestamp":1638945864,"volume":"0.01589954","buyTxId":"0118ed64d864e9e4dabb4250caffe41ba9df592d","sellTxId":"777ad09035efd56b9782e50a85c7aab6d5837a35"}
{"index": {"_index":"beer","_id":"2203549"}}
	{"id":2203549,"type":"sell","buyer":"cloudblade","seller":"zokka82","symbol":"BEER","quantity":"1.27774875","price":"0.09031000","timestamp":1638951960,"volume":"0.11539349","buyTxId":"0118ed64d864e9e4dabb4250caffe41ba9df592d","sellTxId":"b2880d7eb6b3b66a40c91f712a406c69f70d655a"}
{"index": {"_index":"beer","_id":"2203565"}}
	{"id":2203565,"type":"buy","buyer":"lookplz","seller":"cloudblade","symbol":"BEER","quantity":"4.00000000","price":"0.17870000","timestamp":1638952155,"volume":"0.71480000","buyTxId":"720b47487d74f6ba5726e5a1a7063166f22e3882","sellTxId":"9ef0a1ddd2f5cf8ccb899d5369bdd50526984b5a"}
{"index": {"_index":"beer","_id":"2203567"}}
	{"id":2203567,"type":"sell","buyer":"cloudblade","seller":"networkallstar","symbol":"BEER","quantity":"0.03750000","price":"0.09031000","timestamp":1638952164,"volume":"0.00338663","buyTxId":"0118ed64d864e9e4dabb4250caffe41ba9df592d","sellTxId":"c6677a88c9c05f80042c3cf8cbd974380023cad2"}
{"index": {"_index":"beer","_id":"2205047"}}
	{"id":2205047,"type":"sell","buyer":"cloudblade","seller":"ryanth17","symbol":"BEER","quantity":"9.42504804","price":"0.09031000","timestamp":1638958851,"volume":"0.85117609","buyTxId":"0118ed64d864e9e4dabb4250caffe41ba9df592d","sellTxId":"3ef202c0afd50caa47014ea24528a7b5afd1352c"}
{"index": {"_index":"beer","_id":"2206504"}}
	{"id":2206504,"type":"sell","buyer":"cloudblade","seller":"wulff-media","symbol":"BEER","quantity":"0.35000000","price":"0.09031000","timestamp":1638965556,"volume":"0.03160850","buyTxId":"0118ed64d864e9e4dabb4250caffe41ba9df592d","sellTxId":"4b77c4d3b0dbae0f432189dca652f78e554f93c1"}
{"index": {"_index":"beer","_id":"2207239"}}
	{"id":2207239,"type":"sell","buyer":"cloudblade","seller":"andy4475","symbol":"BEER","quantity":"3.59336748","price":"0.09031000","timestamp":1638969396,"volume":"0.32451702","buyTxId":"0118ed64d864e9e4dabb4250caffe41ba9df592d","sellTxId":"de8748d1c861ce385484fcec76928992b205963b"}
{"index": {"_index":"beer","_id":"2207432"}}
	{"id":2207432,"type":"sell","buyer":"cloudblade","seller":"shebe","symbol":"BEER","quantity":"0.64664224","price":"0.09031000","timestamp":1638970401,"volume":"0.05839826","buyTxId":"0118ed64d864e9e4dabb4250caffe41ba9df592d","sellTxId":"2c5bfbc94772ea8ef69b71c187e6b3c8162ee846"}
{"index": {"_index":"beer","_id":"2211754"}}
	{"id":2211754,"type":"sell","buyer":"cloudblade","seller":"petertag","symbol":"BEER","quantity":"0.34300000","price":"0.09031000","timestamp":1638992340,"volume":"0.03097633","buyTxId":"0118ed64d864e9e4dabb4250caffe41ba9df592d","sellTxId":"eaf20fa8d5c1bc8514d7c6adc09f2672749a83a4"}
{"index": {"_index":"beer","_id":"2212303"}}
	{"id":2212303,"type":"buy","buyer":"m3ss","seller":"cloudblade","symbol":"BEER","quantity":"24.00000000","price":"0.17870000","timestamp":1638995172,"volume":"4.28880000","buyTxId":"9ac38f75c3c1f51fcafefef343323dc92afcd058","sellTxId":"9ef0a1ddd2f5cf8ccb899d5369bdd50526984b5a"}
{"index": {"_index":"beer","_id":"2212321"}}
	{"id":2212321,"type":"buy","buyer":"m3ss","seller":"cloudblade","symbol":"BEER","quantity":"49.43760000","price":"0.17870000","timestamp":1638995238,"volume":"8.83449912","buyTxId":"e210aa28f84aa33201b857d174cb8178f2a4b425","sellTxId":"9ef0a1ddd2f5cf8ccb899d5369bdd50526984b5a"}
{"index": {"_index":"beer","_id":"2212322"}}
	{"id":2212322,"type":"buy","buyer":"m3ss","seller":"marsupia","symbol":"BEER","quantity":"3.00000000","price":"0.17870000","timestamp":1638995238,"volume":"0.53610000","buyTxId":"e210aa28f84aa33201b857d174cb8178f2a4b425","sellTxId":"2aed2e6da27b81187569c018076fcab2160dbd1d"}
{"index": {"_index":"beer","_id":"2212323"}}
	{"id":2212323,"type":"sell","buyer":"m3ss","seller":"lrekt01","symbol":"BEER","quantity":"0.00300000","price":"0.17870000","timestamp":1638995241,"volume":"0.00053610","buyTxId":"e210aa28f84aa33201b857d174cb8178f2a4b425","sellTxId":"b429ef6f0a0489ba8447dc8c822fdedb767b4bdd"}
{"index": {"_index":"beer","_id":"2212472"}}
	{"id":2212472,"type":"sell","buyer":"m3ss","seller":"cloudblade","symbol":"BEER","quantity":"16.24686653","price":"0.17870000","timestamp":1638996132,"volume":"2.90331505","buyTxId":"e210aa28f84aa33201b857d174cb8178f2a4b425","sellTxId":"e3974fac84c91bea5430f2ed1cf30d534cbeff12"}
{"index": {"_index":"beer","_id":"2212640"}}
	{"id":2212640,"type":"sell","buyer":"m3ss","seller":"harveyword","symbol":"BEER","quantity":"7.31253347","price":"0.17870000","timestamp":1638997164,"volume":"1.30674973","buyTxId":"e210aa28f84aa33201b857d174cb8178f2a4b425","sellTxId":"fdedbab1886c67d4d99095633707bfe8fd78cc10"}
