{"index": {"_index":"beer","_id":"1055768"}}
	{"id":1055768,"type":"sell","buyer":"detlev","seller":"sk1920","symbol":"BEER","quantity":"1.25000000","price":"0.28806000","timestamp":1621056099,"volume":"0.36007500","buyTxId":"ce359a59a2fcd25b0b3b457501f903bba75699e9","sellTxId":"ae986a965e5824085354f519255622645d49dde7"}
{"index": {"_index":"beer","_id":"1055935"}}
	{"id":1055935,"type":"sell","buyer":"detlev","seller":"itharagaian","symbol":"BEER","quantity":"0.00300000","price":"0.28806000","timestamp":1621058895,"volume":"0.00086418","buyTxId":"ce359a59a2fcd25b0b3b457501f903bba75699e9","sellTxId":"002956b1456a9e4ea99e12e6612d46448f2d227f"}
{"index": {"_index":"beer","_id":"1056589"}}
	{"id":1056589,"type":"sell","buyer":"detlev","seller":"wearealive","symbol":"BEER","quantity":"0.00000299","price":"0.28806000","timestamp":1621078863,"volume":"0.00000086","buyTxId":"ce359a59a2fcd25b0b3b457501f903bba75699e9","sellTxId":"907f2b5af805d4b4f8cbc95d0938d7b2f5037fef"}
{"index": {"_index":"beer","_id":"1056649"}}
	{"id":1056649,"type":"sell","buyer":"detlev","seller":"steempower-001","symbol":"BEER","quantity":"0.03089434","price":"0.28806000","timestamp":1621081155,"volume":"0.00889942","buyTxId":"ce359a59a2fcd25b0b3b457501f903bba75699e9","sellTxId":"6cb9503f17296ef1ea6929f55b8579b2766b4ee9"}
{"index": {"_index":"beer","_id":"1056824"}}
	{"id":1056824,"type":"sell","buyer":"detlev","seller":"pieternijmeijer","symbol":"BEER","quantity":"0.07200000","price":"0.28806000","timestamp":1621087827,"volume":"0.02074032","buyTxId":"ce359a59a2fcd25b0b3b457501f903bba75699e9","sellTxId":"ec5222a1b3225ec641bb150b84643940b92da6c4"}
{"index": {"_index":"beer","_id":"1057032"}}
	{"id":1057032,"type":"sell","buyer":"detlev","seller":"steemstreems","symbol":"BEER","quantity":"0.01400000","price":"0.28806000","timestamp":1621094115,"volume":"0.00403284","buyTxId":"ce359a59a2fcd25b0b3b457501f903bba75699e9","sellTxId":"689817f16fd032d8a4b1e5a3eb5be3aff277344a"}
{"index": {"_index":"beer","_id":"1057222"}}
	{"id":1057222,"type":"sell","buyer":"detlev","seller":"miketr","symbol":"BEER","quantity":"3.00000000","price":"0.28806000","timestamp":1621099248,"volume":"0.86418000","buyTxId":"ce359a59a2fcd25b0b3b457501f903bba75699e9","sellTxId":"e5e968181ba390adfd8b03fc0d67e8872dfad97e"}
{"index": {"_index":"beer","_id":"1057431"}}
	{"id":1057431,"type":"sell","buyer":"detlev","seller":"oliverschmid","symbol":"BEER","quantity":"0.15316783","price":"0.28806000","timestamp":1621104744,"volume":"0.04412153","buyTxId":"ce359a59a2fcd25b0b3b457501f903bba75699e9","sellTxId":"c914f00fce234cd4d074bc12a554f8880403ccbb"}
{"index": {"_index":"beer","_id":"1057693"}}
	{"id":1057693,"type":"sell","buyer":"detlev","seller":"ervin-lemark","symbol":"BEER","quantity":"1.28886359","price":"0.24060000","timestamp":1621110786,"volume":"0.31010058","buyTxId":"511ca752663be6eb3aa93088049ca27761eb5e4e","sellTxId":"0fb2c77684a32c18c7ae3c5ae1fb5c2fd0fbf594"}
{"index": {"_index":"beer","_id":"1057782"}}
	{"id":1057782,"type":"sell","buyer":"detlev","seller":"deathwing","symbol":"BEER","quantity":"0.008","price":"0.24060000","timestamp":1621112106,"volume":"0.00192480","buyTxId":"511ca752663be6eb3aa93088049ca27761eb5e4e","sellTxId":"1bdfc842a658381141199eb5b07cafdb8f06acc0-2"}
{"index": {"_index":"beer","_id":"1057843"}}
	{"id":1057843,"type":"sell","buyer":"detlev","seller":"lammbock","symbol":"BEER","quantity":"3.13811134","price":"0.24060000","timestamp":1621113708,"volume":"0.75502959","buyTxId":"511ca752663be6eb3aa93088049ca27761eb5e4e","sellTxId":"b9d5c1f765b28cb2d827c33af212b841e9930dd9"}
{"index": {"_index":"beer","_id":"1058148"}}
	{"id":1058148,"type":"sell","buyer":"dbooster","seller":"mafia.wallet","symbol":"BEER","quantity":"0.071","price":"0.28000000","timestamp":1621123836,"volume":"0.01988000","buyTxId":"041bf77b45b5e8ca2828bc2c72490143c4e332d3","sellTxId":"6afd33c74fec27f12e63cb4101c1f3c3b45a2bbc-2"}
{"index": {"_index":"beer","_id":"1058274"}}
	{"id":1058274,"type":"sell","buyer":"dbooster","seller":"andy4475","symbol":"BEER","quantity":"0.01440589","price":"0.28000000","timestamp":1621127322,"volume":"0.00403365","buyTxId":"041bf77b45b5e8ca2828bc2c72490143c4e332d3","sellTxId":"d551c37010906a53257e516b6383fc39f375057d"}
