{"index": {"_index":"beer","_id":"3137886"}}
	{"id":3137886,"type":"sell","buyer":"valerianis","seller":"dswap","symbol":"BEER","quantity":"2.01760904","price":"0.14642000","timestamp":1649220426,"volume":"0.29541832","buyTxId":"a075edd5640c20cfba50e761cadfd6ab3df5af39","sellTxId":"25c02b0f5f11e2fe125c816e1d007eec5651b355"}
{"index": {"_index":"beer","_id":"3138111"}}
	{"id":3138111,"type":"buy","buyer":"dswap","seller":"fraenk","symbol":"BEER","quantity":"5.00000000","price":"0.15500000","timestamp":1649224989,"volume":"0.775","buyTxId":"f90a71b82eae854d28e901d4ccd9c98bab41aeb1","sellTxId":"519a587c871fb0272cf0f72fb076a57812039653"}
{"index": {"_index":"beer","_id":"3138519"}}
	{"id":3138519,"type":"buy","buyer":"harveyword","seller":"fraenk","symbol":"BEER","quantity":"9.50000000","price":"0.15500000","timestamp":1649231376,"volume":"1.47250000","buyTxId":"f21374f4ef0b08f803464cc7b337a7095d22b001","sellTxId":"519a587c871fb0272cf0f72fb076a57812039653"}
{"index": {"_index":"beer","_id":"3140114"}}
	{"id":3140114,"type":"sell","buyer":"valerianis","seller":"powerpaul","symbol":"BEER","quantity":"4.03315995","price":"0.14642000","timestamp":1649253159,"volume":"0.59053528","buyTxId":"a075edd5640c20cfba50e761cadfd6ab3df5af39","sellTxId":"88e3261332a3776a7ea77da16830a9f3c381908f"}
{"index": {"_index":"beer","_id":"3140243"}}
	{"id":3140243,"type":"buy","buyer":"famoushade1","seller":"phortun","symbol":"BEER","quantity":"0.27500000","price":"0.16051003","timestamp":1649254308,"volume":"0.04414026","buyTxId":"8c4299a8501ef8a3cbdec0c0357c1decad35e061","sellTxId":"14f66b15550cb6d9d19d540097a7877305b9ea9e"}
{"index": {"_index":"beer","_id":"3140244"}}
	{"id":3140244,"type":"buy","buyer":"famoushade1","seller":"master-lamps","symbol":"BEER","quantity":"9.72500000","price":"0.17979999","timestamp":1649254308,"volume":"1.74855490","buyTxId":"8c4299a8501ef8a3cbdec0c0357c1decad35e061","sellTxId":"74b4b4b27111ea87dd40f9a08489e77364e78d88"}
{"index": {"_index":"beer","_id":"3140555"}}
	{"id":3140555,"type":"sell","buyer":"valerianis","seller":"frawdielp2","symbol":"BEER","quantity":"0.05638023","price":"0.14642000","timestamp":1649257923,"volume":"0.00825519","buyTxId":"a075edd5640c20cfba50e761cadfd6ab3df5af39","sellTxId":"8b34819f4895b33f55045b225ea99a739b6e8b20"}
{"index": {"_index":"beer","_id":"3140915"}}
	{"id":3140915,"type":"sell","buyer":"valerianis","seller":"adexbafo","symbol":"BEER","quantity":"1.58377749","price":"0.14642000","timestamp":1649261316,"volume":"0.23189670","buyTxId":"a075edd5640c20cfba50e761cadfd6ab3df5af39","sellTxId":"d50c6e25a8a8037c0e60afc9bc692b80b121f9d5"}
{"index": {"_index":"beer","_id":"3140916"}}
	{"id":3140916,"type":"sell","buyer":"imagenius.dac","seller":"adexbafo","symbol":"BEER","quantity":"2.72817201","price":"0.14641000","timestamp":1649261316,"volume":"0.39943166","buyTxId":"c9f20de193597a9383e08fd90d496ad36ae2e978","sellTxId":"d50c6e25a8a8037c0e60afc9bc692b80b121f9d5"}
{"index": {"_index":"beer","_id":"3140917"}}
	{"id":3140917,"type":"sell","buyer":"lookplz","seller":"adexbafo","symbol":"BEER","quantity":"19.81823321","price":"0.14640000","timestamp":1649261316,"volume":"2.90138934","buyTxId":"f5e5ae10b5ba18fef3ea2d6e9e0febee04d78426","sellTxId":"d50c6e25a8a8037c0e60afc9bc692b80b121f9d5"}
{"index": {"_index":"beer","_id":"3140918"}}
	{"id":3140918,"type":"sell","buyer":"homeless-city","seller":"adexbafo","symbol":"BEER","quantity":"85.86981729","price":"0.14420000","timestamp":1649261316,"volume":"12.38242765","buyTxId":"5874d33c732d98ac782977636642596fbe23297b","sellTxId":"d50c6e25a8a8037c0e60afc9bc692b80b121f9d5"}
{"index": {"_index":"beer","_id":"3141785"}}
	{"id":3141785,"type":"sell","buyer":"homeless-city","seller":"awah","symbol":"BEER","quantity":"1.05567803","price":"0.14420000","timestamp":1649269572,"volume":"0.15222877","buyTxId":"5874d33c732d98ac782977636642596fbe23297b","sellTxId":"98feaa4da2551b9474105e5831e38363fe44d547"}
{"index": {"_index":"beer","_id":"3141982"}}
	{"id":3141982,"type":"sell","buyer":"homeless-city","seller":"monsterjamgold","symbol":"BEER","quantity":"0.03","price":"0.14420000","timestamp":1649271588,"volume":"0.00432600","buyTxId":"5874d33c732d98ac782977636642596fbe23297b","sellTxId":"173841a367de25916509221c9601f36cbc0ca7f5"}
{"index": {"_index":"beer","_id":"3142098"}}
	{"id":3142098,"type":"buy","buyer":"mccryptoxz","seller":"kobusu","symbol":"BEER","quantity":"5.00000000","price":"0.17800000","timestamp":1649273013,"volume":"0.89000000","buyTxId":"be32c846168b301adabbbffb008c738c13acbc24","sellTxId":"848902b6f9e592fc6b3afb2303ad61145d93f72d"}
{"index": {"_index":"beer","_id":"3142170"}}
	{"id":3142170,"type":"sell","buyer":"homeless-city","seller":"unlikelysurvivor","symbol":"BEER","quantity":"0.01035545","price":"0.14420000","timestamp":1649273856,"volume":"0.00149326","buyTxId":"5874d33c732d98ac782977636642596fbe23297b","sellTxId":"a97d340021c84052d0ef6099cee332a7163f14ac"}
{"index": {"_index":"beer","_id":"3142506"}}
	{"id":3142506,"type":"sell","buyer":"homeless-city","seller":"mafia.wallet","symbol":"BEER","quantity":"0.025","price":"0.14420000","timestamp":1649277507,"volume":"0.00360500","buyTxId":"5874d33c732d98ac782977636642596fbe23297b","sellTxId":"0cf589fc642e9d32335cf1daef6d5758669ff09c-3"}
{"index": {"_index":"beer","_id":"3143010"}}
	{"id":3143010,"type":"sell","buyer":"homeless-city","seller":"laritheghost","symbol":"BEER","quantity":"1.43679137","price":"0.14420000","timestamp":1649284107,"volume":"0.20718532","buyTxId":"5874d33c732d98ac782977636642596fbe23297b","sellTxId":"7cc2b879505123899782ef2372f3095e4ae51160"}
{"index": {"_index":"beer","_id":"3143829"}}
	{"id":3143829,"type":"sell","buyer":"homeless-city","seller":"mccryptoxz","symbol":"BEER","quantity":"0.00200000","price":"0.14420000","timestamp":1649293779,"volume":"0.00028840","buyTxId":"5874d33c732d98ac782977636642596fbe23297b","sellTxId":"4399271a4ebcd5a880b05985ec5b84a3017a24fe"}
{"index": {"_index":"beer","_id":"3144236"}}
	{"id":3144236,"type":"sell","buyer":"homeless-city","seller":"nrg","symbol":"BEER","quantity":"0.53200000","price":"0.14420000","timestamp":1649298240,"volume":"0.07671440","buyTxId":"5874d33c732d98ac782977636642596fbe23297b","sellTxId":"7f970d1c5a026519b30791680d8eaace4852d360-4"}
