{"_id":3123769,"type":"sell","buyer":"master-lamps","seller":"steemstreems","symbol":"BEER","quantity":"0.02232599","price":"0.16020001","timestamp":1649054910,"volume":"0.00357662","buyTxId":"6f62c28b514daea3fbd9c99452710b91ca646f50","sellTxId":"7e1a9a4f4b17c7652842abe126100b12fd9d4d19"},{"_id":3123976,"type":"buy","buyer":"hiq.magazine","seller":"master-lamps","symbol":"BEER","quantity":"1.35477490","price":"0.17899998","timestamp":1649058342,"volume":"0.24250468","buyTxId":"2cd54111a4b7d721ba8fc4c625bf3af85670bea7","sellTxId":"32a6b02017a63743807c14ea00a8afb5fd5c2e7a"},{"_id":3123977,"type":"buy","buyer":"hiq.magazine","seller":"master-lamps","symbol":"BEER","quantity":"2.47425811","price":"0.17899998","timestamp":1649058342,"volume":"0.44289215","buyTxId":"2cd54111a4b7d721ba8fc4c625bf3af85670bea7","sellTxId":"dbb6d2242843d2d7516744c7a2a4d42ea2ee9989"},{"_id":3123978,"type":"buy","buyer":"hiq.magazine","seller":"master-lamps","symbol":"BEER","quantity":"2.66896766","price":"0.17899998","timestamp":1649058342,"volume":"0.47774516","buyTxId":"2cd54111a4b7d721ba8fc4c625bf3af85670bea7","sellTxId":"fe51862f611bc6cd90a68a92d4c284fa03e89252"},{"_id":3123979,"type":"buy","buyer":"hiq.magazine","seller":"mcoinz79","symbol":"BEER","quantity":"98.28965778","price":"0.17899999","timestamp":1649058342,"volume":"17.59384776","buyTxId":"2cd54111a4b7d721ba8fc4c625bf3af85670bea7","sellTxId":"280b37d4e4713e99a4bf69f22c03834a51a4c72a"},{"_id":3123980,"type":"buy","buyer":"hiq.magazine","seller":"cloudblade","symbol":"BEER","quantity":"45.21234155","price":"0.17900000","timestamp":1649058342,"volume":"8.09300914","buyTxId":"2cd54111a4b7d721ba8fc4c625bf3af85670bea7","sellTxId":"b8bc8b5be5d50dd0048aa63359f5c5a60c558599"},{"_id":3124282,"type":"buy","buyer":"morzex","seller":"cloudblade","symbol":"BEER","quantity":"5.58659217","price":"0.17900000","timestamp":1649062968,"volume":"1","buyTxId":"a5a07513f796759470da26720ef058a5e1c4d5b3","sellTxId":"b8bc8b5be5d50dd0048aa63359f5c5a60c558599"},{"_id":3124312,"type":"sell","buyer":"hiq.magazine","seller":"itharagaian","symbol":"BEER","quantity":"0.02625000","price":"0.17000000","timestamp":1649063229,"volume":"0.00446250","buyTxId":"5eff1bb0ddb2c93e13874837b424fb0f5a8c42d2","sellTxId":"b69e0a460daa7f001b4319f7e37fbbaee6f3238a"},{"_id":3124326,"type":"sell","buyer":"hiq.magazine","seller":"steem82868","symbol":"BEER","quantity":"3.09245008","price":"0.17000000","timestamp":1649063388,"volume":"0.52571651","buyTxId":"5eff1bb0ddb2c93e13874837b424fb0f5a8c42d2","sellTxId":"24f353bd997b5ed525eb57809d6547fdd0b0ce69"},{"_id":3124764,"type":"sell","buyer":"master-lamps","seller":"networkallstar","symbol":"BEER","quantity":"0.20000000","price":"0.17000001","timestamp":1649068569,"volume":"0.03400000","buyTxId":"ad1359edf178724c323556fcf862b5b081e499a7","sellTxId":"04810d99f6f641a71561bfe33868988eb1037c8d"},{"_id":3124779,"type":"sell","buyer":"master-lamps","seller":"technocrypton","symbol":"BEER","quantity":"0.09307638","price":"0.17000001","timestamp":1649068836,"volume":"0.01582299","buyTxId":"ad1359edf178724c323556fcf862b5b081e499a7","sellTxId":"84bafda92fb74ef9b1f6eb299e36e5c3841898ab"},{"_id":3124860,"type":"sell","buyer":"master-lamps","seller":"inri","symbol":"BEER","quantity":"6.54893492","price":"0.17000001","timestamp":1649069637,"volume":"1.11331900","buyTxId":"ad1359edf178724c323556fcf862b5b081e499a7","sellTxId":"e7cc3d1a849be7a7f7e2b568fc59409345b9c006"},{"_id":3124947,"type":"sell","buyer":"hiq.magazine","seller":"tomhall","symbol":"BEER","quantity":"0.10600000","price":"0.17000000","timestamp":1649070876,"volume":"0.01802000","buyTxId":"5eff1bb0ddb2c93e13874837b424fb0f5a8c42d2","sellTxId":"5a57fa3ecaa92abba297c4cb396050c041e7fe5d"},{"_id":3125279,"type":"sell","buyer":"hiq.magazine","seller":"lolztoken","symbol":"BEER","quantity":"0.23750000","price":"0.17000000","timestamp":1649074725,"volume":"0.04037500","buyTxId":"5eff1bb0ddb2c93e13874837b424fb0f5a8c42d2","sellTxId":"39f477ff3f54997ec5c82180833725f5232060b4"},{"_id":3125283,"type":"buy","buyer":"hiq.magazine","seller":"inri","symbol":"BEER","quantity":"2.60806508","price":"0.17000001","timestamp":1649074776,"volume":"0.44337109","buyTxId":"214f7727fb9493852f05e17f5a349fec889fc078","sellTxId":"e7cc3d1a849be7a7f7e2b568fc59409345b9c006"},{"_id":3125284,"type":"buy","buyer":"hiq.magazine","seller":"master-lamps","symbol":"BEER","quantity":"6.54893492","price":"0.17000001","timestamp":1649074776,"volume":"1.11331900","buyTxId":"214f7727fb9493852f05e17f5a349fec889fc078","sellTxId":"3b58b96d356d3c51d8eb312e8752aab8ecb04b17"},{"_id":3125285,"type":"buy","buyer":"hiq.magazine","seller":"master-lamps","symbol":"BEER","quantity":"0.02232599","price":"0.17899999","timestamp":1649074776,"volume":"0.00399635","buyTxId":"214f7727fb9493852f05e17f5a349fec889fc078","sellTxId":"c896e1213cbaff27cee6d57d53ef95c1691a3539"},{"_id":3125286,"type":"buy","buyer":"hiq.magazine","seller":"master-lamps","symbol":"BEER","quantity":"0.29307638","price":"0.17899999","timestamp":1649074776,"volume":"0.05246067","buyTxId":"214f7727fb9493852f05e17f5a349fec889fc078","sellTxId":"5a10183375e6b16db10d796279f2ffd82f9c7a17"},{"_id":3125287,"type":"buy","buyer":"hiq.magazine","seller":"cloudblade","symbol":"BEER","quantity":"14.28528355","price":"0.17900000","timestamp":1649074776,"volume":"2.55706576","buyTxId":"214f7727fb9493852f05e17f5a349fec889fc078","sellTxId":"b8bc8b5be5d50dd0048aa63359f5c5a60c558599"},{"_id":3125288,"type":"buy","buyer":"hiq.magazine","seller":"princekham","symbol":"BEER","quantity":"13.00000000","price":"0.17999990","timestamp":1649074776,"volume":"2.33999870","buyTxId":"214f7727fb9493852f05e17f5a349fec889fc078","sellTxId":"7286ce559ecc415402e472a44d246c3418ebd1ec"},{"_id":3125289,"type":"buy","buyer":"hiq.magazine","seller":"lookplz","symbol":"BEER","quantity":"8.26700000","price":"0.18000000","timestamp":1649074776,"volume":"1.48806000","buyTxId":"214f7727fb9493852f05e17f5a349fec889fc078","sellTxId":"062f9f8af3ec772083ee458e0278b2ed9640e0cb"},{"_id":3125290,"type":"buy","buyer":"hiq.magazine","seller":"uggya","symbol":"BEER","quantity":"0.03201753","price":"0.18000000","timestamp":1649074776,"volume":"0.00576316","buyTxId":"214f7727fb9493852f05e17f5a349fec889fc078","sellTxId":"d3eacdd05fc51e4a9e41ad21ddbe196becd7aa5d"},{"_id":3125291,"type":"buy","buyer":"hiq.magazine","seller":"lookplz","symbol":"BEER","quantity":"1.94329655","price":"0.18200000","timestamp":1649074776,"volume":"0.35367997","buyTxId":"214f7727fb9493852f05e17f5a349fec889fc078","sellTxId":"d3944389c5739590763c371daa9db504924b5164"},{"_id":3125729,"type":"buy","buyer":"flauwy","seller":"lookplz","symbol":"BEER","quantity":"5.86170345","price":"0.18200000","timestamp":1649079807,"volume":"1.06683003","buyTxId":"c88f496f5a64b68f4745872e0695d59b2d08786f","sellTxId":"d3944389c5739590763c371daa9db504924b5164"},{"_id":3125730,"type":"buy","buyer":"flauwy","seller":"discohedge","symbol":"BEER","quantity":"0.05100115","price":"0.18200000","timestamp":1649079807,"volume":"0.00928221","buyTxId":"c88f496f5a64b68f4745872e0695d59b2d08786f","sellTxId":"2bf75111f92e918538e38e6536af1b83435e228b"},{"_id":3125731,"type":"buy","buyer":"flauwy","seller":"marketroll","symbol":"BEER","quantity":"4.08729540","price":"0.18399998","timestamp":1649079807,"volume":"0.75206227","buyTxId":"c88f496f5a64b68f4745872e0695d59b2d08786f","sellTxId":"c4fdc29f175b1d7d07a3aa93d1f1964a933ba2ab"},{"_id":3128091,"type":"sell","buyer":"master-lamps","seller":"doitvoluntarily","symbol":"BEER","quantity":"0.67406183","price":"0.16020001","timestamp":1649101479,"volume":"0.10798471","buyTxId":"467843accc7a51f695e469ac34a3524cefb39b27","sellTxId":"f6afc02ebb4d98d6806744bd4bd92bac4190672b"},{"_id":3128385,"type":"sell","buyer":"master-lamps","seller":"sinjinn","symbol":"BEER","quantity":"2.31134520","price":"0.16020001","timestamp":1649104953,"volume":"0.37027752","buyTxId":"467843accc7a51f695e469ac34a3524cefb39b27","sellTxId":"1027d40032ecfde9483f1978c0f613d8e7b6cbb8"},{"_id":3128423,"type":"sell","buyer":"master-lamps","seller":"unlikelysurvivor","symbol":"BEER","quantity":"0.00766963","price":"0.16020001","timestamp":1649105205,"volume":"0.00122867","buyTxId":"467843accc7a51f695e469ac34a3524cefb39b27","sellTxId":"37d9d6cf9560fda27e3c9ed125f855e7436425e4"},{"_id":3128963,"type":"sell","buyer":"harveyword","seller":"laritheghost","symbol":"BEER","quantity":"1.58058278","price":"0.16050000","timestamp":1649111016,"volume":"0.25368354","buyTxId":"6886848222b00938b2e9478ce8b30058f29e76ac","sellTxId":"22080892a6d5d2d76d7e48221296e5e72d9a1b6f"},{"_id":3129822,"type":"sell","buyer":"untzuntzuntz","seller":"kamrunnahar","symbol":"BEER","quantity":"0.05000000","price":"0.16051002","timestamp":1649123901,"volume":"0.00802550","buyTxId":"c64019191f5124f0cdf2a3ef3d8fd32a175a6a3d","sellTxId":"c0750b4256ebe53f517193ea8409657c0fe918fe"},{"_id":3129911,"type":"sell","buyer":"untzuntzuntz","seller":"mafia.wallet","symbol":"BEER","quantity":"0.026","price":"0.16051002","timestamp":1649125230,"volume":"0.00417326","buyTxId":"c64019191f5124f0cdf2a3ef3d8fd32a175a6a3d","sellTxId":"8c6f0aee36a224108b832ae7b9e5e06ac033a1c9-2"