{"index": {"_index":"beer","_id":"2216993"}}
	{"id":2216993,"type":"sell","buyer":"nastyforce","seller":"khazrakh","symbol":"BEER","quantity":"0.00133194","price":"0.09110000","timestamp":1639030356,"volume":"0.00012134","buyTxId":"6d4c141c961e17e0d9c8dc4825632551c8c665e7","sellTxId":"9bbdfec3eb3252067abbf0948dcee7f7dd113ff5"}
{"index": {"_index":"beer","_id":"2217070"}}
	{"id":2217070,"type":"sell","buyer":"nastyforce","seller":"krenden","symbol":"BEER","quantity":"0.00400000","price":"0.09110000","timestamp":1639030611,"volume":"0.00036440","buyTxId":"6d4c141c961e17e0d9c8dc4825632551c8c665e7","sellTxId":"41b4c2528a4aee8dc564c311502bea8e7322a8c4"}
{"index": {"_index":"beer","_id":"2217564"}}
	{"id":2217564,"type":"sell","buyer":"nastyforce","seller":"ru-trail","symbol":"BEER","quantity":"0.05000000","price":"0.09110000","timestamp":1639033428,"volume":"0.00455500","buyTxId":"6d4c141c961e17e0d9c8dc4825632551c8c665e7","sellTxId":"bb750a6e10bdff747c4a3247f5c57fb71b4fb30d"}
{"index": {"_index":"beer","_id":"2218158"}}
	{"id":2218158,"type":"sell","buyer":"nastyforce","seller":"itharagaian","symbol":"BEER","quantity":"0.00200000","price":"0.09110000","timestamp":1639036629,"volume":"0.00018220","buyTxId":"6d4c141c961e17e0d9c8dc4825632551c8c665e7","sellTxId":"d2df136db4f8d6f52fece1c874aa36cfe4ff7fa2"}
{"index": {"_index":"beer","_id":"2221186"}}
	{"id":2221186,"type":"sell","buyer":"nastyforce","seller":"stevieboyes","symbol":"BEER","quantity":"0.10266806","price":"0.09110000","timestamp":1639057341,"volume":"0.00935306","buyTxId":"6d4c141c961e17e0d9c8dc4825632551c8c665e7","sellTxId":"5ae066fccca52a9b563a87a2076b770246f7966e"}
{"index": {"_index":"beer","_id":"2221187"}}
	{"id":2221187,"type":"sell","buyer":"imagenius.dac","seller":"stevieboyes","symbol":"BEER","quantity":"2.89937321","price":"0.09110000","timestamp":1639057341,"volume":"0.26413290","buyTxId":"4f08919f524c0a9dda7a892973b87f9247925b1b","sellTxId":"5ae066fccca52a9b563a87a2076b770246f7966e"}
{"index": {"_index":"beer","_id":"2221987"}}
	{"id":2221987,"type":"buy","buyer":"patchwork","seller":"brsk84","symbol":"BEER","quantity":"1.40627498","price":"0.17000000","timestamp":1639062312,"volume":"0.23906675","buyTxId":"8b577b35b3e3fe40983ae205d6b2df739acb76c2","sellTxId":"d73b36bc5e04ca85ae43c30b295c891c860e22f9"}
{"index": {"_index":"beer","_id":"2222555"}}
	{"id":2222555,"type":"sell","buyer":"patchwork","seller":"lightcaptured","symbol":"BEER","quantity":"1.05758772","price":"0.17000000","timestamp":1639066101,"volume":"0.17978991","buyTxId":"8b577b35b3e3fe40983ae205d6b2df739acb76c2","sellTxId":"bfb9259bf526a914b59597e45ca3858777a78f16"}
{"index": {"_index":"beer","_id":"2223138"}}
	{"id":2223138,"type":"sell","buyer":"patchwork","seller":"fredfettmeister","symbol":"BEER","quantity":"2.00000000","price":"0.17000000","timestamp":1639069329,"volume":"0.34000000","buyTxId":"8b577b35b3e3fe40983ae205d6b2df739acb76c2","sellTxId":"c54c8554844bc365802a893155ffeea1812d634e"}
{"index": {"_index":"beer","_id":"2224223"}}
	{"id":2224223,"type":"sell","buyer":"patchwork","seller":"elricmoonslayer","symbol":"BEER","quantity":"0.28200000","price":"0.17000000","timestamp":1639075992,"volume":"0.04794000","buyTxId":"8b577b35b3e3fe40983ae205d6b2df739acb76c2","sellTxId":"ac346b01bab2033412aa2da7dab401346f5e96c1"}
{"index": {"_index":"beer","_id":"2224398"}}
	{"id":2224398,"type":"sell","buyer":"patchwork","seller":"automaton","symbol":"BEER","quantity":"0.59000000","price":"0.17000000","timestamp":1639077276,"volume":"0.10030000","buyTxId":"8b577b35b3e3fe40983ae205d6b2df739acb76c2","sellTxId":"a4e922ff5c549ed59b6391bc1725872ce3b320d7"}
{"index": {"_index":"beer","_id":"2224893"}}
	{"id":2224893,"type":"sell","buyer":"patchwork","seller":"jjprac","symbol":"BEER","quantity":"0.40575717","price":"0.17000000","timestamp":1639080786,"volume":"0.06897872","buyTxId":"8b577b35b3e3fe40983ae205d6b2df739acb76c2","sellTxId":"b771e87ecc2c7d1e0ce17fbfd36c1840d89c8117"}
{"index": {"_index":"beer","_id":"2225104"}}
	{"id":2225104,"type":"sell","buyer":"patchwork","seller":"harveyword","symbol":"BEER","quantity":"1.24661542","price":"0.17000000","timestamp":1639082034,"volume":"0.21192462","buyTxId":"8b577b35b3e3fe40983ae205d6b2df739acb76c2","sellTxId":"6dfccd3787cf85dd11ab3b3c033e8bb4363d5857"}
{"index": {"_index":"beer","_id":"2225478"}}
	{"id":2225478,"type":"sell","buyer":"harveyword","seller":"hiveexplorers","symbol":"BEER","quantity":"0.00250000","price":"0.09200000","timestamp":1639085076,"volume":"0.00023000","buyTxId":"e9688f4cf4d868e8c2eca64624b7165e48165e6d","sellTxId":"be4f5537b4466108de834ba6c08570db2d115d05"}
{"index": {"_index":"beer","_id":"2226823"}}
	{"id":2226823,"type":"sell","buyer":"harveyword","seller":"virtualinsanity","symbol":"BEER","quantity":"0.99750000","price":"0.09200000","timestamp":1639095600,"volume":"0.09177000","buyTxId":"e9688f4cf4d868e8c2eca64624b7165e48165e6d","sellTxId":"bbd90d857c628f58e0e4226faa345e8fc467d3c2"}
{"index": {"_index":"beer","_id":"2226824"}}
	{"id":2226824,"type":"sell","buyer":"brsk84","seller":"virtualinsanity","symbol":"BEER","quantity":"1.01750000","price":"0.09200000","timestamp":1639095600,"volume":"0.09361000","buyTxId":"436b23905fb5001c634289adfa8c1a1602e500cd","sellTxId":"bbd90d857c628f58e0e4226faa345e8fc467d3c2"}
