{"index": {"_index":"beer","_id":"3616519"}}
	{"id":3616519,"type":"sell","buyer":"bokica80","seller":"hivediver","symbol":"BEER","quantity":"0.16182460","price":"0.05681001","timestamp":1654479345,"volume":"0.00919326","buyTxId":"fdaab245b8d18d14689cfb73b152c297e6badec9","sellTxId":"3b6de295ca230aca5fbdcfa816241ad66e4c3c03"}
{"index": {"_index":"beer","_id":"3616536"}}
	{"id":3616536,"type":"sell","buyer":"bokica80","seller":"eythorphoto","symbol":"BEER","quantity":"1.73789087","price":"0.05681001","timestamp":1654479522,"volume":"0.09872960","buyTxId":"fdaab245b8d18d14689cfb73b152c297e6badec9","sellTxId":"a7a850b42d1f4dd3bb818e0264b557ca28961612"}
{"index": {"_index":"beer","_id":"3616646"}}
	{"id":3616646,"type":"sell","buyer":"bokica80","seller":"alucian","symbol":"BEER","quantity":"1.63107603","price":"0.05681001","timestamp":1654480920,"volume":"0.09266145","buyTxId":"fdaab245b8d18d14689cfb73b152c297e6badec9","sellTxId":"3a74ef887864b72c897f58f38d16903fd4f836b1"}
{"index": {"_index":"beer","_id":"3618721"}}
	{"id":3618721,"type":"sell","buyer":"bokica80","seller":"davidgermano","symbol":"BEER","quantity":"0.02500000","price":"0.05681001","timestamp":1654506954,"volume":"0.00142025","buyTxId":"fdaab245b8d18d14689cfb73b152c297e6badec9","sellTxId":"557527b7de651da3df7bfc53c028f71e939e774c"}
{"index": {"_index":"beer","_id":"3618858"}}
	{"id":3618858,"type":"sell","buyer":"bokica80","seller":"itharagaian","symbol":"BEER","quantity":"0.04273437","price":"0.05681001","timestamp":1654509216,"volume":"0.00242774","buyTxId":"fdaab245b8d18d14689cfb73b152c297e6badec9","sellTxId":"b7e8f5a983d8662a7db62fe20440fb5f471f6e56"}
{"index": {"_index":"beer","_id":"3619470"}}
	{"id":3619470,"type":"sell","buyer":"bokica80","seller":"mafia.wallet","symbol":"BEER","quantity":"0.075","price":"0.05681001","timestamp":1654516662,"volume":"0.00426075","buyTxId":"fdaab245b8d18d14689cfb73b152c297e6badec9","sellTxId":"c43c51b6649b7a1be2b23658bc48ac8a07be33bb-3"}
{"index": {"_index":"beer","_id":"3619787"}}
	{"id":3619787,"type":"sell","buyer":"bokica80","seller":"cccf","symbol":"BEER","quantity":"0.12500000","price":"0.05681001","timestamp":1654520571,"volume":"0.00710125","buyTxId":"fdaab245b8d18d14689cfb73b152c297e6badec9","sellTxId":"5cbd0bbcb2af7b4f6ebc5ce8ba8339fe25f0a4a1"}
{"index": {"_index":"beer","_id":"3621578"}}
	{"id":3621578,"type":"sell","buyer":"bokica80","seller":"thatgermandude","symbol":"BEER","quantity":"4.75318488","price":"0.05681001","timestamp":1654537413,"volume":"0.27002848","buyTxId":"fdaab245b8d18d14689cfb73b152c297e6badec9","sellTxId":"cebcd5be42e85b088830d872ebe241cdcd9128d5"}
{"index": {"_index":"beer","_id":"3621684"}}
	{"id":3621684,"type":"sell","buyer":"bokica80","seller":"apocalypticblast","symbol":"BEER","quantity":"0.025","price":"0.05681001","timestamp":1654538544,"volume":"0.00142025","buyTxId":"fdaab245b8d18d14689cfb73b152c297e6badec9","sellTxId":"483f5cec21893f5a8719bb2758c9b178863f03ed"}
{"index": {"_index":"beer","_id":"3622375"}}
	{"id":3622375,"type":"sell","buyer":"bokica80","seller":"sonfecisinan","symbol":"BEER","quantity":"0.12500000","price":"0.05681001","timestamp":1654546245,"volume":"0.00710125","buyTxId":"fdaab245b8d18d14689cfb73b152c297e6badec9","sellTxId":"304e26830cc18d5dbec3f04da9df92a1f788225c"}
{"index": {"_index":"beer","_id":"3622417"}}
	{"id":3622417,"type":"sell","buyer":"bokica80","seller":"misterc","symbol":"BEER","quantity":"1.29828925","price":"0.05681001","timestamp":1654546950,"volume":"0.07375582","buyTxId":"fdaab245b8d18d14689cfb73b152c297e6badec9","sellTxId":"d2c25ea2144b63a8512a36b3be5095c5b865f0d5"}
{"index": {"_index":"beer","_id":"3622418"}}
	{"id":3622418,"type":"sell","buyer":"bokica80","seller":"misterc","symbol":"BEER","quantity":"10.00000000","price":"0.05681001","timestamp":1654546950,"volume":"0.56810010","buyTxId":"cf682754041f592716b2cba8a82ca4d047ff3a7e","sellTxId":"d2c25ea2144b63a8512a36b3be5095c5b865f0d5"}
{"index": {"_index":"beer","_id":"3622419"}}
	{"id":3622419,"type":"sell","buyer":"ruralio","seller":"misterc","symbol":"BEER","quantity":"5.85305297","price":"0.05681000","timestamp":1654546950,"volume":"0.33251194","buyTxId":"1f043af7cdc0cd6d34702338a0702a294c124160","sellTxId":"d2c25ea2144b63a8512a36b3be5095c5b865f0d5"}
{"index": {"_index":"beer","_id":"3622516"}}
	{"id":3622516,"type":"sell","buyer":"ruralio","seller":"crypto-futurist","symbol":"BEER","quantity":"0.00100000","price":"0.05681000","timestamp":1654548081,"volume":"0.00005681","buyTxId":"1f043af7cdc0cd6d34702338a0702a294c124160","sellTxId":"034b0576f562207d9d3de15ec209874741a68478"}
{"index": {"_index":"beer","_id":"3622583"}}
	{"id":3622583,"type":"buy","buyer":"sunsea","seller":"onlydoge","symbol":"BEER","quantity":"1.00000000","price":"0.07899000","timestamp":1654548924,"volume":"0.07899000","buyTxId":"c386ced7b250aa0ed7210130d3204ec53baa1459","sellTxId":"4c975021a04b283be5736158dd5470ae5886bc13"}
{"index": {"_index":"beer","_id":"3622659"}}
	{"id":3622659,"type":"sell","buyer":"ruralio","seller":"elevator09","symbol":"BEER","quantity":"0.31400000","price":"0.05681000","timestamp":1654549788,"volume":"0.01783834","buyTxId":"1f043af7cdc0cd6d34702338a0702a294c124160","sellTxId":"7073017b55e3cbcbc6e66f31262e6f8ff9652a94"}
{"index": {"_index":"beer","_id":"3622709"}}
	{"id":3622709,"type":"buy","buyer":"coolsurfer","seller":"onlydoge","symbol":"BEER","quantity":"2.00000000","price":"0.07899000","timestamp":1654550391,"volume":"0.15798000","buyTxId":"ccc2807a7618a157ba26cdc39fecd1489951aa32","sellTxId":"4c975021a04b283be5736158dd5470ae5886bc13"}
{"index": {"_index":"beer","_id":"3623252"}}
	{"id":3623252,"type":"sell","buyer":"ruralio","seller":"eythorphoto","symbol":"BEER","quantity":"0.11619841","price":"0.05681000","timestamp":1654556694,"volume":"0.00660123","buyTxId":"1f043af7cdc0cd6d34702338a0702a294c124160","sellTxId":"f5a1bf5aa4ab25ceffac317cd74405f807e48539"}
{"index": {"_index":"beer","_id":"3623284"}}
	{"id":3623284,"type":"buy","buyer":"maryjane.main","seller":"awah","symbol":"BEER","quantity":"0.35440935","price":"0.05681001","timestamp":1654557186,"volume":"0.02013400","buyTxId":"ab0a898073a9a570d2ad4386ea8b8a3e9f1bb13e","sellTxId":"8fc485ef56c044c699f803a287d7fc382c5fc648"}
{"index": {"_index":"beer","_id":"3623434"}}
	{"id":3623434,"type":"buy","buyer":"bokica80","seller":"onlydoge","symbol":"BEER","quantity":"3.40000000","price":"0.07899000","timestamp":1654559247,"volume":"0.26856600","buyTxId":"8672cff957c642e7d6ddfaadfd12298967a74428","sellTxId":"4c975021a04b283be5736158dd5470ae5886bc13"}
