{"index": {"_index":"beer","_id":"1253808"}}
	{"id":1253808,"type":"buy","buyer":"mineopoly","seller":"peppermint24","symbol":"BEER","quantity":"2.48321818","price":"0.19970500","timestamp":1627255782,"volume":"0.49591109","buyTxId":"87a49fe03045cc7c81adce0cf69245f3f922e7ed","sellTxId":"9d1e538ca0df40f40c4b5139df5710dd83275d7e"}
{"index": {"_index":"beer","_id":"1254317"}}
	{"id":1254317,"type":"sell","buyer":"mineopoly","seller":"mafia.wallet","symbol":"BEER","quantity":"0.154","price":"0.19970500","timestamp":1627268673,"volume":"0.03075457","buyTxId":"87a49fe03045cc7c81adce0cf69245f3f922e7ed","sellTxId":"6b779c2ee1b3af978f135537205ec46d4fdd14ff-1"}
{"index": {"_index":"beer","_id":"1254497"}}
	{"id":1254497,"type":"sell","buyer":"mineopoly","seller":"eythorphoto","symbol":"BEER","quantity":"0.07400000","price":"0.19970500","timestamp":1627274499,"volume":"0.01477817","buyTxId":"87a49fe03045cc7c81adce0cf69245f3f922e7ed","sellTxId":"ae4228cf6745a2f0caf26c1c951aded0c1cdc7cc"}
{"index": {"_index":"beer","_id":"1254651"}}
	{"id":1254651,"type":"sell","buyer":"mineopoly","seller":"itharagaian","symbol":"BEER","quantity":"0.00200000","price":"0.19970500","timestamp":1627279539,"volume":"0.00039941","buyTxId":"87a49fe03045cc7c81adce0cf69245f3f922e7ed","sellTxId":"132bff009cd59b0dc7a6f424443c702e8d4e60ab"}
{"index": {"_index":"beer","_id":"1256584"}}
	{"id":1256584,"type":"sell","buyer":"yems","seller":"trifenix","symbol":"BEER","quantity":"0.05600000","price":"0.20000000","timestamp":1627320954,"volume":"0.01120000","buyTxId":"6e0edeecee60957eccbd527e5e746c4a733ebcf8","sellTxId":"04ffdd0b2b1b3ba98d800900bbb0837ae51cf417"}
{"index": {"_index":"beer","_id":"1257104"}}
	{"id":1257104,"type":"sell","buyer":"yems","seller":"steem.services","symbol":"BEER","quantity":"1.64900000","price":"0.20000000","timestamp":1627329039,"volume":"0.32980000","buyTxId":"6e0edeecee60957eccbd527e5e746c4a733ebcf8","sellTxId":"87bb78920ccaa664efbd872ef8e86596234f1e72"}
{"index": {"_index":"beer","_id":"1257114"}}
	{"id":1257114,"type":"buy","buyer":"heyantomei","seller":"anjanida","symbol":"BEER","quantity":"2.34700000","price":"0.22000000","timestamp":1627329156,"volume":"0.51634000","buyTxId":"1d80a7d9ddda7a34a7e4f977c4cbfd859bfff166","sellTxId":"373734077d5a1f18fd9ccac15f12f6bea78b2aa8"}
{"index": {"_index":"beer","_id":"1257250"}}
	{"id":1257250,"type":"sell","buyer":"heyantomei","seller":"themarkymark","symbol":"BEER","quantity":"0.40850000","price":"0.22000000","timestamp":1627330974,"volume":"0.08987000","buyTxId":"1d80a7d9ddda7a34a7e4f977c4cbfd859bfff166","sellTxId":"042d0a74c5a19337bd494e07b542d4510232bb0b"}
{"index": {"_index":"beer","_id":"1257270"}}
	{"id":1257270,"type":"sell","buyer":"heyantomei","seller":"mafia.wallet","symbol":"BEER","quantity":"0.051","price":"0.22000000","timestamp":1627331079,"volume":"0.01122000","buyTxId":"1d80a7d9ddda7a34a7e4f977c4cbfd859bfff166","sellTxId":"418595dc111cc4a05ea4773a0360c6b9195ed968-2"}
{"index": {"_index":"beer","_id":"1257399"}}
	{"id":1257399,"type":"sell","buyer":"heyantomei","seller":"deathwing","symbol":"BEER","quantity":"0.006","price":"0.22000000","timestamp":1627332906,"volume":"0.00132000","buyTxId":"1d80a7d9ddda7a34a7e4f977c4cbfd859bfff166","sellTxId":"d0a1d06c45d48f3d19748ed234e58f05ebdba1ab-3"}
{"index": {"_index":"beer","_id":"1257532"}}
	{"id":1257532,"type":"sell","buyer":"heyantomei","seller":"ecoinstant","symbol":"BEER","quantity":"1.88750000","price":"0.22000000","timestamp":1627334769,"volume":"0.41525000","buyTxId":"1d80a7d9ddda7a34a7e4f977c4cbfd859bfff166","sellTxId":"570e4731e533d565957e5905f99ac710c2675664"}
{"index": {"_index":"beer","_id":"1257562"}}
	{"id":1257562,"type":"sell","buyer":"yems","seller":"cryptoninjaz","symbol":"BEER","quantity":"0.05800000","price":"0.20000000","timestamp":1627335303,"volume":"0.01160000","buyTxId":"6e0edeecee60957eccbd527e5e746c4a733ebcf8","sellTxId":"88ab8cca70c4cd6d6a8dc629a9cd8b26e6e53c25"}
