{"index": {"_index":"beer","_id":"1005986"}}
	{"id":1005986,"type":"sell","buyer":"art2class","seller":"oliverschmid","symbol":"BEER","quantity":"0.31600000","price":"0.20000000","timestamp":1619670468,"volume":"0.06320000","buyTxId":"b6af1fb910a3df2d548aba53f70d35a5311bb43a","sellTxId":"daedccc3df2f0c81de8bb36939db2faecb9f1439"}
{"index": {"_index":"beer","_id":"1006154"}}
	{"id":1006154,"type":"sell","buyer":"art2class","seller":"ralph-rennoldson","symbol":"BEER","quantity":"0.38750000","price":"0.20000000","timestamp":1619676192,"volume":"0.07750000","buyTxId":"b6af1fb910a3df2d548aba53f70d35a5311bb43a","sellTxId":"79a3b981296eedfda3dd7141a5abeb3bae656dad"}
{"index": {"_index":"beer","_id":"1006262"}}
	{"id":1006262,"type":"sell","buyer":"art2class","seller":"cwow2","symbol":"BEER","quantity":"0.00494669","price":"0.20000000","timestamp":1619679837,"volume":"0.00098934","buyTxId":"b6af1fb910a3df2d548aba53f70d35a5311bb43a","sellTxId":"2bde26a1e296fd8fcd169b9e44d64f263122932a"}
{"index": {"_index":"beer","_id":"1006324"}}
	{"id":1006324,"type":"sell","buyer":"art2class","seller":"wearealive","symbol":"BEER","quantity":"0.00000159","price":"0.20000000","timestamp":1619682888,"volume":"0.00000032","buyTxId":"b6af1fb910a3df2d548aba53f70d35a5311bb43a","sellTxId":"edd0cec7a19ee937c580b0e2019e882bfd7493f9"}
{"index": {"_index":"beer","_id":"1006355"}}
	{"id":1006355,"type":"sell","buyer":"art2class","seller":"itharagaian","symbol":"BEER","quantity":"0.00300900","price":"0.20000000","timestamp":1619683449,"volume":"0.00060180","buyTxId":"b6af1fb910a3df2d548aba53f70d35a5311bb43a","sellTxId":"1438dd0165610e88d2f999a1e91bdb086db35f47"}
{"index": {"_index":"beer","_id":"1006400"}}
	{"id":1006400,"type":"sell","buyer":"art2class","seller":"aliveprojects","symbol":"BEER","quantity":"0.00001328","price":"0.20000000","timestamp":1619685078,"volume":"0.00000266","buyTxId":"b6af1fb910a3df2d548aba53f70d35a5311bb43a","sellTxId":"9624da3fa9d179189a273c484dceb57dcf3b7394"}
{"index": {"_index":"beer","_id":"1006667"}}
	{"id":1006667,"type":"buy","buyer":"elricmoonslayer","seller":"derangedvisions","symbol":"BEER","quantity":"0.46167528","price":"0.25000000","timestamp":1619694870,"volume":"0.11541882","buyTxId":"cdd60ac8aa3b1eb34a213f0cd3d090df590819be","sellTxId":"96c4121e52349b46d0bdb2cd84ac5a8967b4c95c"}
{"index": {"_index":"beer","_id":"1006672"}}
	{"id":1006672,"type":"buy","buyer":"elricmoonslayer","seller":"cloudblade","symbol":"BEER","quantity":"5.00000000","price":"0.29800000","timestamp":1619695104,"volume":"1.49000000","buyTxId":"e72b1552ecf75d0113057d407f585a5ff256869c","sellTxId":"20d65d108c4903f6197e811eb1d8a090f61f3838"}
{"index": {"_index":"beer","_id":"1006857"}}
	{"id":1006857,"type":"sell","buyer":"elricmoonslayer","seller":"khan.dayyanz","symbol":"BEER","quantity":"0.39893224","price":"0.25000000","timestamp":1619701044,"volume":"0.09973306","buyTxId":"cdd60ac8aa3b1eb34a213f0cd3d090df590819be","sellTxId":"04c1a08010755dac51250a057dd0f72c97e680cd"}
{"index": {"_index":"beer","_id":"1006910"}}
	{"id":1006910,"type":"sell","buyer":"elricmoonslayer","seller":"tonytrillions","symbol":"BEER","quantity":"0.00010233","price":"0.25000000","timestamp":1619702778,"volume":"0.00002558","buyTxId":"cdd60ac8aa3b1eb34a213f0cd3d090df590819be","sellTxId":"dd523e66f7213f52ce7d4e9adf96a935eeda227f"}
{"index": {"_index":"beer","_id":"1006912"}}
	{"id":1006912,"type":"sell","buyer":"elricmoonslayer","seller":"steem-hodler","symbol":"BEER","quantity":"4.13929015","price":"0.25000000","timestamp":1619702895,"volume":"1.03482254","buyTxId":"cdd60ac8aa3b1eb34a213f0cd3d090df590819be","sellTxId":"90518cc7a27ff06a77c0e804f962e49e5dd6a235"}
{"index": {"_index":"beer","_id":"1007129"}}
	{"id":1007129,"type":"buy","buyer":"hhayweaver","seller":"lookplz","symbol":"BEER","quantity":"10.00000000","price":"0.24900000","timestamp":1619707023,"volume":"2.49000000","buyTxId":"75b9a2bbb84de44409c0c554bf9c196f43e578a6","sellTxId":"016056e1fb8bf48230dc69e118f5503f2efeb024"}
{"index": {"_index":"beer","_id":"1007173"}}
	{"id":1007173,"type":"sell","buyer":"art2class","seller":"nulledgh0st","symbol":"BEER","quantity":"0.028125","price":"0.20000000","timestamp":1619708574,"volume":"0.00562500","buyTxId":"b6af1fb910a3df2d548aba53f70d35a5311bb43a","sellTxId":"cfa271f6ac90de2f5f18a610813571f29cc9191c"}
{"index": {"_index":"beer","_id":"1007352"}}
	{"id":1007352,"type":"buy","buyer":"deanlogic","seller":"lookplz","symbol":"BEER","quantity":"15.00000000","price":"0.24900000","timestamp":1619714577,"volume":"3.73500000","buyTxId":"ffe8ba6742a29f2eae1733439e4c9580594de694","sellTxId":"016056e1fb8bf48230dc69e118f5503f2efeb024"}
{"index": {"_index":"beer","_id":"1007357"}}
	{"id":1007357,"type":"buy","buyer":"kiel91","seller":"lookplz","symbol":"BEER","quantity":"10.21000000","price":"0.24900000","timestamp":1619714700,"volume":"2.54229000","buyTxId":"3080b4970292a0d3985241f6eec1ae7c2340e38a","sellTxId":"016056e1fb8bf48230dc69e118f5503f2efeb024"}
{"index": {"_index":"beer","_id":"1007358"}}
	{"id":1007358,"type":"sell","buyer":"kiel91","seller":"iptrucs","symbol":"BEER","quantity":"0.02500000","price":"0.24900000","timestamp":1619715039,"volume":"0.00622500","buyTxId":"3080b4970292a0d3985241f6eec1ae7c2340e38a","sellTxId":"29bb12a24ee76f796ea7fd7531239f89de464366"}
{"index": {"_index":"beer","_id":"1007372"}}
	{"id":1007372,"type":"buy","buyer":"kiel91","seller":"steem-hodler","symbol":"BEER","quantity":"0.46070985","price":"0.25000000","timestamp":1619715366,"volume":"0.11517746","buyTxId":"623ab64e1262d65a137adadce5596daf0c9ec5ee","sellTxId":"90518cc7a27ff06a77c0e804f962e49e5dd6a235"}
{"index": {"_index":"beer","_id":"1007386"}}
	{"id":1007386,"type":"buy","buyer":"kiel91","seller":"cloudblade","symbol":"BEER","quantity":"4.62500000","price":"0.29800000","timestamp":1619715702,"volume":"1.37825000","buyTxId":"a6f876bce9944da59006abcc21ad790df196fe56","sellTxId":"20d65d108c4903f6197e811eb1d8a090f61f3838"}
{"index": {"_index":"beer","_id":"1007398"}}
	{"id":1007398,"type":"buy","buyer":"kiel91","seller":"mima2606","symbol":"BEER","quantity":"0.71250000","price":"0.29999998","timestamp":1619715987,"volume":"0.21374999","buyTxId":"f632007343e4be02966bcf4624c386f76d137b6b","sellTxId":"eceff94fb02cc1b73e4bcfec95ab27e6393569f1"}
{"index": {"_index":"beer","_id":"1007399"}}
	{"id":1007399,"type":"buy","buyer":"kiel91","seller":"jimre1","symbol":"BEER","quantity":"0.37700000","price":"0.30000000","timestamp":1619715987,"volume":"0.11310000","buyTxId":"f632007343e4be02966bcf4624c386f76d137b6b","sellTxId":"eb87180c3e0fdacf83f80a3a9b8baeb0432026c7"}
{"index": {"_index":"beer","_id":"1007400"}}
	{"id":1007400,"type":"buy","buyer":"kiel91","seller":"talesfrmthecrypt","symbol":"BEER","quantity":"0.91050000","price":"0.30000000","timestamp":1619715987,"volume":"0.27315000","buyTxId":"f632007343e4be02966bcf4624c386f76d137b6b","sellTxId":"c76d160ebf050bc91b9a2e64690441e044f5d46a"}
{"index": {"_index":"beer","_id":"1007409"}}
	{"id":1007409,"type":"sell","buyer":"kiel91","seller":"tanzofett","symbol":"BEER","quantity":"2.87500000","price":"0.29900000","timestamp":1619716134,"volume":"0.85962500","buyTxId":"a6f876bce9944da59006abcc21ad790df196fe56","sellTxId":"f71fd2acba6be2d80d71dae5c135f551b072cb04"}
{"index": {"_index":"beer","_id":"1007410"}}
	{"id":1007410,"type":"sell","buyer":"art2class","seller":"tanzofett","symbol":"BEER","quantity":"0.18610509","price":"0.20000000","timestamp":1619716134,"volume":"0.03722102","buyTxId":"b6af1fb910a3df2d548aba53f70d35a5311bb43a","sellTxId":"f71fd2acba6be2d80d71dae5c135f551b072cb04"}
{"index": {"_index":"beer","_id":"1008029"}}
	{"id":1008029,"type":"sell","buyer":"art2class","seller":"mafia.wallet","symbol":"BEER","quantity":"0.143","price":"0.20000000","timestamp":1619721150,"volume":"0.02860000","buyTxId":"b6af1fb910a3df2d548aba53f70d35a5311bb43a","sellTxId":"75fc5885260d4109fd7904a82e950f3c10f8a5e3-2"}
{"index": {"_index":"beer","_id":"1008053"}}
	{"id":1008053,"type":"sell","buyer":"art2class","seller":"eythorphoto","symbol":"BEER","quantity":"0.19900000","price":"0.20000000","timestamp":1619722176,"volume":"0.03980000","buyTxId":"b6af1fb910a3df2d548aba53f70d35a5311bb43a","sellTxId":"fbbd05b9d3f8c331bd473b8cdf8f697a98969a52"}
{"index": {"_index":"beer","_id":"1008164"}}
	{"id":1008164,"type":"sell","buyer":"art2class","seller":"tonytrillions","symbol":"BEER","quantity":"0.00010043","price":"0.20000000","timestamp":1619725773,"volume":"0.00002009","buyTxId":"b6af1fb910a3df2d548aba53f70d35a5311bb43a","sellTxId":"a3aed59b835f90dd0a92d8c7217ee95e954dc8e8"}
{"index": {"_index":"beer","_id":"1008192"}}
	{"id":1008192,"type":"sell","buyer":"art2class","seller":"jimre1","symbol":"BEER","quantity":"0.04000000","price":"0.20000000","timestamp":1619726559,"volume":"0.00800000","buyTxId":"b6af1fb910a3df2d548aba53f70d35a5311bb43a","sellTxId":"6010d67b3c26594f4bdd2239d6c211d428f57233"}
{"index": {"_index":"beer","_id":"1008366"}}
	{"id":1008366,"type":"sell","buyer":"art2class","seller":"steem.services","symbol":"BEER","quantity":"0.58000000","price":"0.20000000","timestamp":1619729610,"volume":"0.11600000","buyTxId":"b6af1fb910a3df2d548aba53f70d35a5311bb43a","sellTxId":"c295a704a0ff8d549657b869b9ef12f5ee1434ea"}
{"index": {"_index":"beer","_id":"1008378"}}
	{"id":1008378,"type":"sell","buyer":"art2class","seller":"deathwing","symbol":"BEER","quantity":"0.009","price":"0.20000000","timestamp":1619729706,"volume":"0.00180000","buyTxId":"b6af1fb910a3df2d548aba53f70d35a5311bb43a","sellTxId":"8873b1eed3743b0953438291d7f670dde7e3f373-4"}
{"index": {"_index":"beer","_id":"1008388"}}
	{"id":1008388,"type":"buy","buyer":"steem.services","seller":"talesfrmthecrypt","symbol":"BEER","quantity":"2.68713760","price":"0.30000000","timestamp":1619729796,"volume":"0.80614128","buyTxId":"9de62cbbb1df6009847bcd827f3c28b0c2deeb89","sellTxId":"c76d160ebf050bc91b9a2e64690441e044f5d46a"}
{"index": {"_index":"beer","_id":"1008456"}}
	{"id":1008456,"type":"buy","buyer":"steem.services","seller":"harveyword","symbol":"BEER","quantity":"1.00000000","price":"0.29900000","timestamp":1619731002,"volume":"0.29900000","buyTxId":"c106d3496ac67d92f41c5ea11aac51f38133226c","sellTxId":"471928079f776f233fe61435c806fc38576ef33d"}
{"index": {"_index":"beer","_id":"1008457"}}
	{"id":1008457,"type":"buy","buyer":"steem.services","seller":"talesfrmthecrypt","symbol":"BEER","quantity":"30.00000000","price":"0.30000000","timestamp":1619731002,"volume":"9.00000000","buyTxId":"c106d3496ac67d92f41c5ea11aac51f38133226c","sellTxId":"c76d160ebf050bc91b9a2e64690441e044f5d46a"}
{"index": {"_index":"beer","_id":"1008852"}}
	{"id":1008852,"type":"sell","buyer":"art2class","seller":"theunion","symbol":"BEER","quantity":"1.20000000","price":"0.20000000","timestamp":1619743755,"volume":"0.24000000","buyTxId":"b6af1fb910a3df2d548aba53f70d35a5311bb43a","sellTxId":"b40586f00dc13dd7fcfe0410e0d2c2b98875c5f6"}
{"index": {"_index":"beer","_id":"1009249"}}
	{"id":1009249,"type":"sell","buyer":"art2class","seller":"taitux","symbol":"BEER","quantity":"0.10100000","price":"0.20000000","timestamp":1619749833,"volume":"0.02020000","buyTxId":"b6af1fb910a3df2d548aba53f70d35a5311bb43a","sellTxId":"f7fa4c4a01b3349683a478324d60e3a54b947fa0"}
