{"index": {"_index":"beer","_id":"1088173"}}
	{"id":1088173,"type":"sell","buyer":"engrave","seller":"libert","symbol":"BEER","quantity":"1","price":"0.18804000","timestamp":1622001318,"volume":"0.18804000","buyTxId":"54389021435cdf07dd942d6ce2d1a7845135b204","sellTxId":"04e8d50d3dce5002116e44bb54b310730e6dc16a"}
{"index": {"_index":"beer","_id":"1088654"}}
	{"id":1088654,"type":"sell","buyer":"engrave","seller":"kingkinslow","symbol":"BEER","quantity":"1.32500000","price":"0.18804000","timestamp":1622019321,"volume":"0.24915300","buyTxId":"54389021435cdf07dd942d6ce2d1a7845135b204","sellTxId":"f64b4e332feb248fb7b337427ca787271ee77da8"}
{"index": {"_index":"beer","_id":"1088693"}}
	{"id":1088693,"type":"sell","buyer":"engrave","seller":"stevieboyes","symbol":"BEER","quantity":"1.50000000","price":"0.18804000","timestamp":1622022399,"volume":"0.28206000","buyTxId":"54389021435cdf07dd942d6ce2d1a7845135b204","sellTxId":"5127e7d04e61f2ff16da7474d461387f67d156a7"}
{"index": {"_index":"beer","_id":"1088759"}}
	{"id":1088759,"type":"sell","buyer":"engrave","seller":"xbladex","symbol":"BEER","quantity":"1.52600000","price":"0.18804000","timestamp":1622025081,"volume":"0.28694904","buyTxId":"54389021435cdf07dd942d6ce2d1a7845135b204","sellTxId":"86b3afe0f7bf3e9947713a6517725f341ac41646"}
{"index": {"_index":"beer","_id":"1088818"}}
	{"id":1088818,"type":"sell","buyer":"exator","seller":"kaldewei","symbol":"BEER","quantity":"0.02500000","price":"0.18805000","timestamp":1622027547,"volume":"0.00470125","buyTxId":"5de74ae3ca8cf0317a5fc30a5f0bd1c23b9608e7","sellTxId":"83e98fc46777e4f185c351ca91ab673b3c5fb3e2"}
{"index": {"_index":"beer","_id":"1088983"}}
	{"id":1088983,"type":"sell","buyer":"exator","seller":"ressonlelong","symbol":"BEER","quantity":"0.02500000","price":"0.18805000","timestamp":1622034555,"volume":"0.00470125","buyTxId":"5de74ae3ca8cf0317a5fc30a5f0bd1c23b9608e7","sellTxId":"60aaa086c1fbcb8ae8a549c32a4dc23d0d5fe52d"}
{"index": {"_index":"beer","_id":"1089077"}}
	{"id":1089077,"type":"sell","buyer":"exator","seller":"flaxz","symbol":"BEER","quantity":"0.0875","price":"0.18805000","timestamp":1622037417,"volume":"0.01645438","buyTxId":"5de74ae3ca8cf0317a5fc30a5f0bd1c23b9608e7","sellTxId":"83c050df27776999be4843625a9aed717a4b84d8"}
{"index": {"_index":"beer","_id":"1089737"}}
	{"id":1089737,"type":"sell","buyer":"exator","seller":"fantasycrypto","symbol":"BEER","quantity":"0.75700000","price":"0.18805000","timestamp":1622053086,"volume":"0.14235385","buyTxId":"5de74ae3ca8cf0317a5fc30a5f0bd1c23b9608e7","sellTxId":"efd006e754dabebd6c54f98130cdc859a204e4c6"}
{"index": {"_index":"beer","_id":"1089908"}}
	{"id":1089908,"type":"sell","buyer":"exator","seller":"egistar","symbol":"BEER","quantity":"3.98153745","price":"0.18805000","timestamp":1622060301,"volume":"0.74872812","buyTxId":"5de74ae3ca8cf0317a5fc30a5f0bd1c23b9608e7","sellTxId":"a9d17bd0b922e4a8e0a9764a3fd3b52774f1221a"}
{"index": {"_index":"beer","_id":"1089921"}}
	{"id":1089921,"type":"sell","buyer":"exator","seller":"bitandi","symbol":"BEER","quantity":"0.53163165","price":"0.18805000","timestamp":1622060706,"volume":"0.09997333","buyTxId":"5de74ae3ca8cf0317a5fc30a5f0bd1c23b9608e7","sellTxId":"7519f04fa503299480e6b7add6a6a05344509b53"}
{"index": {"_index":"beer","_id":"1090208"}}
	{"id":1090208,"type":"sell","buyer":"exator","seller":"elevator09","symbol":"BEER","quantity":"0.17900000","price":"0.18805000","timestamp":1622068527,"volume":"0.03366095","buyTxId":"5de74ae3ca8cf0317a5fc30a5f0bd1c23b9608e7","sellTxId":"c35cc6fabe7a06755c2f31e1a7fbec24f96f03db"}
{"index": {"_index":"beer","_id":"1090449"}}
	{"id":1090449,"type":"sell","buyer":"exator","seller":"casilokodesing","symbol":"BEER","quantity":"0.92000000","price":"0.18805000","timestamp":1622077515,"volume":"0.17300600","buyTxId":"5de74ae3ca8cf0317a5fc30a5f0bd1c23b9608e7","sellTxId":"df511b66fe53263483577334cc05afc94ab202ad"}
{"index": {"_index":"beer","_id":"1090590"}}
	{"id":1090590,"type":"sell","buyer":"exator","seller":"themarkymark","symbol":"BEER","quantity":"0.30500000","price":"0.18805000","timestamp":1622082669,"volume":"0.05735525","buyTxId":"5de74ae3ca8cf0317a5fc30a5f0bd1c23b9608e7","sellTxId":"99958fc454a4c1d385fd2686dd84e146b95b392c"}
