{"index": {"_index":"beer","_id":"3224997"}}
	{"id":3224997,"type":"sell","buyer":"master-lamps","seller":"fnvdesigns","symbol":"BEER","quantity":"0.01815733","price":"0.14450000","timestamp":1650268494,"volume":"0.00262373","buyTxId":"43e7b790982652db2293a5ea33d4b1bddd4f3603","sellTxId":"09f48076822a991899c81da45f87ce86029e0747"}
{"index": {"_index":"beer","_id":"3224998"}}
	{"id":3224998,"type":"sell","buyer":"droida","seller":"fnvdesigns","symbol":"BEER","quantity":"0.00129462","price":"0.14449999","timestamp":1650268494,"volume":"0.00018707","buyTxId":"9a1f8e8f17f06c02b4bfcab45310eae0dbd1ad3c","sellTxId":"09f48076822a991899c81da45f87ce86029e0747"}
{"index": {"_index":"beer","_id":"3225392"}}
	{"id":3225392,"type":"sell","buyer":"droida","seller":"ugochill","symbol":"BEER","quantity":"0.05775667","price":"0.14449999","timestamp":1650272811,"volume":"0.00834584","buyTxId":"9a1f8e8f17f06c02b4bfcab45310eae0dbd1ad3c","sellTxId":"13b32fb1bc3dd4afc05ddf80769de0d3aad979d1"}
{"index": {"_index":"beer","_id":"3226768"}}
	{"id":3226768,"type":"sell","buyer":"droida","seller":"awah","symbol":"BEER","quantity":"1.05567803","price":"0.14449999","timestamp":1650290673,"volume":"0.15254546","buyTxId":"9a1f8e8f17f06c02b4bfcab45310eae0dbd1ad3c","sellTxId":"58050e809ccc0a4a7daf3dba6a72cb6155845177"}
{"index": {"_index":"beer","_id":"3227437"}}
	{"id":3227437,"type":"sell","buyer":"roger.remix","seller":"epilatero","symbol":"BEER","quantity":"0.492","price":"0.14450000","timestamp":1650297150,"volume":"0.07109400","buyTxId":"c02e5db00a38afda3bae98ec9969e807141253e8","sellTxId":"5b167257726a3d565351a1c3228c47324889256b"}
{"index": {"_index":"beer","_id":"3227442"}}
	{"id":3227442,"type":"sell","buyer":"roger.remix","seller":"dswap","symbol":"BEER","quantity":"2.45058037","price":"0.14450000","timestamp":1650297210,"volume":"0.35410886","buyTxId":"c02e5db00a38afda3bae98ec9969e807141253e8","sellTxId":"3a2f77bed6b0f28032b1cd0fe6859b9d3a99a3e5"}
{"index": {"_index":"beer","_id":"3227688"}}
	{"id":3227688,"type":"sell","buyer":"roger.remix","seller":"unlikelysurvivor","symbol":"BEER","quantity":"0.01802658","price":"0.14450000","timestamp":1650299913,"volume":"0.00260484","buyTxId":"c02e5db00a38afda3bae98ec9969e807141253e8","sellTxId":"4179eb9de5d3b7ea1c8b6ed00c26ee18b3b064ea"}
{"index": {"_index":"beer","_id":"3227779"}}
	{"id":3227779,"type":"sell","buyer":"roger.remix","seller":"ravenking13","symbol":"BEER","quantity":"7.22898789","price":"0.14450000","timestamp":1650300630,"volume":"1.04458875","buyTxId":"c02e5db00a38afda3bae98ec9969e807141253e8","sellTxId":"d611c472b593475338e1864cdc07ef802633e6b3"}
{"index": {"_index":"beer","_id":"3228293"}}
	{"id":3228293,"type":"sell","buyer":"roger.remix","seller":"abachon","symbol":"BEER","quantity":"2.81384079","price":"0.14450000","timestamp":1650304464,"volume":"0.40659999","buyTxId":"c02e5db00a38afda3bae98ec9969e807141253e8","sellTxId":"226cc156a35d845bf6c29ff4a8c39227fcf2932f"}
{"index": {"_index":"beer","_id":"3229273"}}
	{"id":3229273,"type":"sell","buyer":"roger.remix","seller":"emergingabove","symbol":"BEER","quantity":"0.01125000","price":"0.14450000","timestamp":1650313851,"volume":"0.00162563","buyTxId":"c02e5db00a38afda3bae98ec9969e807141253e8","sellTxId":"f564fbc030b56d24e618d82620e4665101fcf3d8"}
{"index": {"_index":"beer","_id":"3229636"}}
	{"id":3229636,"type":"sell","buyer":"roger.remix","seller":"cccf","symbol":"BEER","quantity":"0.18750000","price":"0.14450000","timestamp":1650317517,"volume":"0.02709375","buyTxId":"c02e5db00a38afda3bae98ec9969e807141253e8","sellTxId":"56a34ce593c233050fc60f9c6f5a60bd2fce19f3"}
{"index": {"_index":"beer","_id":"3230557"}}
	{"id":3230557,"type":"buy","buyer":"edgerik","seller":"fitcoin","symbol":"BEER","quantity":"0.36900000","price":"0.17700000","timestamp":1650327453,"volume":"0.06531300","buyTxId":"5c41b5fc7fb09cd32cb170b28d1a8e4d85475b37","sellTxId":"4066aa420d271ed0bcd0922593845beff06020ed"}
{"index": {"_index":"beer","_id":"3230558"}}
	{"id":3230558,"type":"buy","buyer":"edgerik","seller":"master-lamps","symbol":"BEER","quantity":"1.63100000","price":"0.17999997","timestamp":1650327453,"volume":"0.29357995","buyTxId":"5c41b5fc7fb09cd32cb170b28d1a8e4d85475b37","sellTxId":"b1c202bb534c782e22cd7d43113c4209b7e2b354"}
{"index": {"_index":"beer","_id":"3230665"}}
	{"id":3230665,"type":"sell","buyer":"roger.remix","seller":"laritheghost","symbol":"BEER","quantity":"1.25290835","price":"0.14450000","timestamp":1650328722,"volume":"0.18104526","buyTxId":"c02e5db00a38afda3bae98ec9969e807141253e8","sellTxId":"0313fd0f4ee3479a0988b412ed497feb0a88e5bc"}
