{"index": {"_index":"beer","_id":"1502287"}}
	{"id":1502287,"type":"sell","buyer":"lauch3d","seller":"libert","symbol":"BEER","quantity":"1.409","price":"0.21000000","timestamp":1631159412,"volume":"0.29589000","buyTxId":"2ca127ce6316b6e3300a7e393e17664a3fafa109","sellTxId":"4dd346d68b5d06f70d283abf41c9655a03a24972"}
{"index": {"_index":"beer","_id":"1502613"}}
	{"id":1502613,"type":"buy","buyer":"heikki1337","seller":"myvest","symbol":"BEER","quantity":"0.69993000","price":"0.21000001","timestamp":1631167245,"volume":"0.14698531","buyTxId":"95ad157c5b3d1eb602496816b8c2a56f496114f9","sellTxId":"f2139c2aab0da10fdb532d296219d90aac7587fe"}
{"index": {"_index":"beer","_id":"1502933"}}
	{"id":1502933,"type":"sell","buyer":"lauch3d","seller":"womic","symbol":"BEER","quantity":"0.57339157","price":"0.21000000","timestamp":1631174451,"volume":"0.12041222","buyTxId":"2ca127ce6316b6e3300a7e393e17664a3fafa109","sellTxId":"73f1549268a803103cfab57d3b70102514c132c4"}
{"index": {"_index":"beer","_id":"1503072"}}
	{"id":1503072,"type":"sell","buyer":"cloudblade","seller":"itharagaian","symbol":"BEER","quantity":"0.00200000","price":"0.15410000","timestamp":1631176731,"volume":"0.00030820","buyTxId":"453d7a3ca35ee0926993d7060bd8ce10cf86fb7f","sellTxId":"4194ba193c79b0177c15379482ae31de91af3a6f"}
{"index": {"_index":"beer","_id":"1503133"}}
	{"id":1503133,"type":"sell","buyer":"cloudblade","seller":"vcelier","symbol":"BEER","quantity":"0.19700000","price":"0.15410000","timestamp":1631177805,"volume":"0.03035770","buyTxId":"453d7a3ca35ee0926993d7060bd8ce10cf86fb7f","sellTxId":"a77eff6806b7438759376ea5f5dae8d5253b5b75"}
{"index": {"_index":"beer","_id":"1503425"}}
	{"id":1503425,"type":"buy","buyer":"heikki1337","seller":"womic","symbol":"BEER","quantity":"0.80856951","price":"0.21000000","timestamp":1631184462,"volume":"0.16979960","buyTxId":"ed4a78aa3d501f0e79d7081cc4c819371466df8c","sellTxId":"73f1549268a803103cfab57d3b70102514c132c4"}
{"index": {"_index":"beer","_id":"1503452"}}
	{"id":1503452,"type":"buy","buyer":"detlev","seller":"harveyword","symbol":"BEER","quantity":"0.50000000","price":"0.24470000","timestamp":1631185212,"volume":"0.12235000","buyTxId":"4f00692e346f3e5f3604cc236f1b1701c21b5cc1","sellTxId":"9b77b9eb564fb675c60145ff3b3fe4f43e639207"}
{"index": {"_index":"beer","_id":"1503790"}}
	{"id":1503790,"type":"sell","buyer":"cloudblade","seller":"nyxlabs","symbol":"BEER","quantity":"14.00000000","price":"0.15420000","timestamp":1631192292,"volume":"2.15880000","buyTxId":"db39967ddcfb8b236174d78e8336b861699306f0","sellTxId":"f0029ea3359550665b35f274934c08fc40dfd644"}
{"index": {"_index":"beer","_id":"1504029"}}
	{"id":1504029,"type":"sell","buyer":"methus","seller":"steemstreems","symbol":"BEER","quantity":"0.048","price":"0.15420100","timestamp":1631196585,"volume":"0.00740165","buyTxId":"ce77908e4e788734d106c79dfee9906bc65bc666","sellTxId":"a433c19afcace34e96cec86902c4e2c6842a62a9"}
{"index": {"_index":"beer","_id":"1504357"}}
	{"id":1504357,"type":"sell","buyer":"methus","seller":"monsterjamgold","symbol":"BEER","quantity":"0.02500000","price":"0.15420100","timestamp":1631201307,"volume":"0.00385503","buyTxId":"ce77908e4e788734d106c79dfee9906bc65bc666","sellTxId":"d7de85dd97385e12f7f7f41eff580242b0aca018"}
{"index": {"_index":"beer","_id":"1504980"}}
	{"id":1504980,"type":"sell","buyer":"methus","seller":"talentclub","symbol":"BEER","quantity":"1.00000000","price":"0.15420100","timestamp":1631211660,"volume":"0.15420100","buyTxId":"ce77908e4e788734d106c79dfee9906bc65bc666","sellTxId":"0fa3d52f3cfea984a97d1b53c6fdd4c342c2e8f4"}
{"index": {"_index":"beer","_id":"1505395"}}
	{"id":1505395,"type":"sell","buyer":"methus","seller":"mercurial9","symbol":"BEER","quantity":"0.02500000","price":"0.15420100","timestamp":1631219385,"volume":"0.00385503","buyTxId":"ce77908e4e788734d106c79dfee9906bc65bc666","sellTxId":"8d4035c05992f8f929c194269618f5d192329f8c"}
{"index": {"_index":"beer","_id":"1505582"}}
	{"id":1505582,"type":"sell","buyer":"harveyword","seller":"stayten","symbol":"BEER","quantity":"3.00000000","price":"0.15530000","timestamp":1631225091,"volume":"0.46590000","buyTxId":"4df504d02ebebcfdc2b0cb09d21e0095bf588eb1","sellTxId":"9dea7bbb5f2876d22a8bdf9f63e6a5136c7a4c1e"}
{"index": {"_index":"beer","_id":"1505584"}}
	{"id":1505584,"type":"sell","buyer":"scottshots","seller":"stayten","symbol":"BEER","quantity":"0.29162025","price":"0.15520000","timestamp":1631225142,"volume":"0.04525946","buyTxId":"39e91f515ad0c205ae4a5e9fb4af6db830afc81c","sellTxId":"2ac263269ca4a2ac7e3b3483989bcfa9fd26a72c"}
{"index": {"_index":"beer","_id":"1506119"}}
	{"id":1506119,"type":"sell","buyer":"scottshots","seller":"mafia.wallet","symbol":"BEER","quantity":"0.043","price":"0.15520000","timestamp":1631240448,"volume":"0.00667360","buyTxId":"39e91f515ad0c205ae4a5e9fb4af6db830afc81c","sellTxId":"38ee0c33302ef0265d2a5446d1187d7b7ef023a9-2"}
