{"index": {"_index":"beer","_id":"1610906"}}
	{"id":1610906,"type":"sell","buyer":"detlev","seller":"damla","symbol":"BEER","quantity":"0.01276799","price":"0.21000000","timestamp":1632967218,"volume":"0.00268128","buyTxId":"65d2c13c85590c08bb77c42f2ed3bd01079f53c3","sellTxId":"c3e9d9bb89d270b3705e93bb3bf15e457fc732be"}
{"index": {"_index":"beer","_id":"1611170"}}
	{"id":1611170,"type":"sell","buyer":"detlev","seller":"justinparke","symbol":"BEER","quantity":"1.102","price":"0.21000000","timestamp":1632968724,"volume":"0.23142000","buyTxId":"65d2c13c85590c08bb77c42f2ed3bd01079f53c3","sellTxId":"540a015a8b33cd3ae4240592959ec34eb375fc99"}
{"index": {"_index":"beer","_id":"1611348"}}
	{"id":1611348,"type":"sell","buyer":"detlev","seller":"guiltyparties","symbol":"BEER","quantity":"0.2","price":"0.21000000","timestamp":1632970857,"volume":"0.04200000","buyTxId":"65d2c13c85590c08bb77c42f2ed3bd01079f53c3","sellTxId":"cbd68f1f0fd3d3b8f54bb2cb5753bc1e9eef6d94"}
{"index": {"_index":"beer","_id":"1613205"}}
	{"id":1613205,"type":"buy","buyer":"heyantomei","seller":"saulos","symbol":"BEER","quantity":"5.00000000","price":"0.23700000","timestamp":1632987966,"volume":"1.18500000","buyTxId":"92b3144fe68cd6be59104a50a0f915fd23c741b6","sellTxId":"be07812ac9c6137b82085fd17f60f48f5cf0371c"}
{"index": {"_index":"beer","_id":"1613330"}}
	{"id":1613330,"type":"sell","buyer":"detlev","seller":"cloudblade","symbol":"BEER","quantity":"1.31200000","price":"0.21000000","timestamp":1632989553,"volume":"0.27552000","buyTxId":"65d2c13c85590c08bb77c42f2ed3bd01079f53c3","sellTxId":"f53e9d41cdd17305da9d4d3bedfe778cd3012757"}
{"index": {"_index":"beer","_id":"1614378"}}
	{"id":1614378,"type":"sell","buyer":"detlev","seller":"themarkymark","symbol":"BEER","quantity":"0.18250000","price":"0.21000000","timestamp":1633005654,"volume":"0.03832500","buyTxId":"65d2c13c85590c08bb77c42f2ed3bd01079f53c3","sellTxId":"6b53e65f6cfcbc40b5d1545d9fe0b4a59f18fd1a"}
{"index": {"_index":"beer","_id":"1615595"}}
	{"id":1615595,"type":"buy","buyer":"ibc","seller":"saulos","symbol":"BEER","quantity":"4.00000000","price":"0.23700000","timestamp":1633019553,"volume":"0.94800000","buyTxId":"c76741c4b60a5ac8cad0affe3a96ed0b743a7b63","sellTxId":"be07812ac9c6137b82085fd17f60f48f5cf0371c"}
{"index": {"_index":"beer","_id":"1615845"}}
	{"id":1615845,"type":"sell","buyer":"detlev","seller":"senstless","symbol":"BEER","quantity":"1.19073201","price":"0.21000000","timestamp":1633021464,"volume":"0.25005372","buyTxId":"65d2c13c85590c08bb77c42f2ed3bd01079f53c3","sellTxId":"3be0b16f2cacd925adbb6b59e3016b216d379e68"}
{"index": {"_index":"beer","_id":"1615846"}}
	{"id":1615846,"type":"sell","buyer":"detlev","seller":"senstless","symbol":"BEER","quantity":"31.00000000","price":"0.19400000","timestamp":1633021464,"volume":"6.01400000","buyTxId":"0b4ce42a298b7455903388cd448ef6ca424b5a67","sellTxId":"3be0b16f2cacd925adbb6b59e3016b216d379e68"}
{"index": {"_index":"beer","_id":"1616021"}}
	{"id":1616021,"type":"sell","buyer":"cloudblade","seller":"playbyhive","symbol":"BEER","quantity":"2.58411376","price":"0.17010000","timestamp":1633023327,"volume":"0.43955775","buyTxId":"2c7dc3dbb27102d21134441c4849f1a5cb40cfec","sellTxId":"6bd7d5f11a4c00ebf4fbb42236437684173dff0f"}
{"index": {"_index":"beer","_id":"1616469"}}
	{"id":1616469,"type":"sell","buyer":"cloudblade","seller":"mafia.wallet","symbol":"BEER","quantity":"0.04","price":"0.17010000","timestamp":1633028463,"volume":"0.00680400","buyTxId":"2c7dc3dbb27102d21134441c4849f1a5cb40cfec","sellTxId":"f2db90317850fe0ec6cbd4a8077148b6640b3c03-2"}
{"index": {"_index":"beer","_id":"1616509"}}
	{"id":1616509,"type":"sell","buyer":"cloudblade","seller":"mercurial9","symbol":"BEER","quantity":"0.10000000","price":"0.17010000","timestamp":1633028868,"volume":"0.01701000","buyTxId":"2c7dc3dbb27102d21134441c4849f1a5cb40cfec","sellTxId":"aa967df1721dc6bb0ee777dfa5463b266be8f634"}
{"index": {"_index":"beer","_id":"1616686"}}
	{"id":1616686,"type":"buy","buyer":"spiritverve","seller":"master-lamps","symbol":"BEER","quantity":"0.01250000","price":"0.23695999","timestamp":1633031559,"volume":"0.00296200","buyTxId":"e827d97eb4c49d2b63d5425a631964c3cdb4d9bd","sellTxId":"0f3794c9a39a359b2d2b3c49d9b7846767de2bc0"}
{"index": {"_index":"beer","_id":"1616687"}}
	{"id":1616687,"type":"buy","buyer":"spiritverve","seller":"master-lamps","symbol":"BEER","quantity":"0.03100000","price":"0.23695999","timestamp":1633031559,"volume":"0.00734576","buyTxId":"e827d97eb4c49d2b63d5425a631964c3cdb4d9bd","sellTxId":"6144566237c31c11b000ee7b75937e77cc6c9da2"}
{"index": {"_index":"beer","_id":"1616750"}}
	{"id":1616750,"type":"buy","buyer":"spiritverve","seller":"saulos","symbol":"BEER","quantity":"19.56883701","price":"0.23700000","timestamp":1633032606,"volume":"4.63781437","buyTxId":"77f435a31e73291023d1d15a22307dbb0de0e73d","sellTxId":"be07812ac9c6137b82085fd17f60f48f5cf0371c"}
{"index": {"_index":"beer","_id":"1616751"}}
	{"id":1616751,"type":"buy","buyer":"spiritverve","seller":"aiovo","symbol":"BEER","quantity":"1.05644188","price":"0.23700000","timestamp":1633032606,"volume":"0.25037673","buyTxId":"77f435a31e73291023d1d15a22307dbb0de0e73d","sellTxId":"c9b94467b7878035361a22ef5c977f31f547b825"}
{"index": {"_index":"beer","_id":"1616752"}}
	{"id":1616752,"type":"buy","buyer":"spiritverve","seller":"doze","symbol":"BEER","quantity":"1.28455060","price":"0.23700000","timestamp":1633032606,"volume":"0.30443849","buyTxId":"77f435a31e73291023d1d15a22307dbb0de0e73d","sellTxId":"90e47641a9777880e68e2d483d7bdc51f2c1079b"}
{"index": {"_index":"beer","_id":"1617411"}}
	{"id":1617411,"type":"sell","buyer":"spiritverve","seller":"harveyword","symbol":"BEER","quantity":"2.78133553","price":"0.23700000","timestamp":1633040457,"volume":"0.65917652","buyTxId":"77f435a31e73291023d1d15a22307dbb0de0e73d","sellTxId":"f2a6f5d9cae039e324f6cd910fc238e35ba70d08"}
{"index": {"_index":"beer","_id":"1618230"}}
	{"id":1618230,"type":"sell","buyer":"spiritverve","seller":"vcelier","symbol":"BEER","quantity":"0.12200000","price":"0.23700000","timestamp":1633052598,"volume":"0.02891400","buyTxId":"77f435a31e73291023d1d15a22307dbb0de0e73d","sellTxId":"f9c867c4f9ac62734a76d4195ef8a993400a3df6"}
