{"index": {"_index":"beer","_id":"3290150"}}
	{"id":3290150,"type":"sell","buyer":"hiq.magazine","seller":"augustbrown","symbol":"BEER","quantity":"0.02050376","price":"0.13000000","timestamp":1651029552,"volume":"0.00266549","buyTxId":"55d3b4d9a0bd76909adb32d486ee8ccb59750c8c","sellTxId":"6c334e38e14905b4900d540bfdf05cb933e063ce"}
{"index": {"_index":"beer","_id":"3290856"}}
	{"id":3290856,"type":"sell","buyer":"hiq.magazine","seller":"nrg","symbol":"BEER","quantity":"0.70900176","price":"0.13000000","timestamp":1651040067,"volume":"0.09217023","buyTxId":"55d3b4d9a0bd76909adb32d486ee8ccb59750c8c","sellTxId":"26bbcef587195eed59d71bb1d2b1f7a49c7dcc2e-5"}
{"index": {"_index":"beer","_id":"3291008"}}
	{"id":3291008,"type":"sell","buyer":"hiq.magazine","seller":"itharagaian","symbol":"BEER","quantity":"0.00100000","price":"0.13000000","timestamp":1651042017,"volume":"0.00013000","buyTxId":"55d3b4d9a0bd76909adb32d486ee8ccb59750c8c","sellTxId":"7bc53a698a3d6331ed00f381decdf104258f583f"}
{"index": {"_index":"beer","_id":"3291041"}}
	{"id":3291041,"type":"sell","buyer":"hiq.magazine","seller":"thatcryptodave","symbol":"BEER","quantity":"1.59856082","price":"0.13000000","timestamp":1651042308,"volume":"0.20781290","buyTxId":"55d3b4d9a0bd76909adb32d486ee8ccb59750c8c","sellTxId":"b02d67d430cad5bc3950e44168b9616cf25607ec"}
{"index": {"_index":"beer","_id":"3292020"}}
	{"id":3292020,"type":"sell","buyer":"ironshield","seller":"blockchainleo","symbol":"BEER","quantity":"1.00000000","price":"0.11100000","timestamp":1651054743,"volume":"0.11100000","buyTxId":"e63d45d2619f3c5275c99d1d0e47f8552e347261","sellTxId":"66d729253413fabd22ee4231ed5f9c7de6adeae4"}
{"index": {"_index":"beer","_id":"3293509"}}
	{"id":3293509,"type":"sell","buyer":"ironshield","seller":"rynow","symbol":"BEER","quantity":"9.00000000","price":"0.11100000","timestamp":1651071288,"volume":"0.99900000","buyTxId":"e63d45d2619f3c5275c99d1d0e47f8552e347261","sellTxId":"a43d5ed623729ab4a31705fd804792458f00a8c9"}
{"index": {"_index":"beer","_id":"3293821"}}
	{"id":3293821,"type":"buy","buyer":"dswap","seller":"rynow","symbol":"BEER","quantity":"11.00000000","price":"0.11100000","timestamp":1651074393,"volume":"1.22100000","buyTxId":"0b8939914f44bef5b246c01871ecce21e4f845a2","sellTxId":"a43d5ed623729ab4a31705fd804792458f00a8c9"}
{"index": {"_index":"beer","_id":"3293822"}}
	{"id":3293822,"type":"buy","buyer":"dswap","seller":"cloudblade","symbol":"BEER","quantity":"1.00668061","price":"0.16970000","timestamp":1651074393,"volume":"0.17083370","buyTxId":"0b8939914f44bef5b246c01871ecce21e4f845a2","sellTxId":"9445cc0be1b58aca983090abc8c1aa6ee5f0889c"}
{"index": {"_index":"beer","_id":"3294105"}}
	{"id":3294105,"type":"sell","buyer":"hiq.magazine","seller":"automaton","symbol":"BEER","quantity":"1.03700000","price":"0.11000000","timestamp":1651077243,"volume":"0.11407000","buyTxId":"5dd673cd860dd48fc762c498e41adf23c89551b6","sellTxId":"50404766dbcac58477360ef526562402ec7dfe48"}
{"index": {"_index":"beer","_id":"3294195"}}
	{"id":3294195,"type":"sell","buyer":"hiq.magazine","seller":"dswap","symbol":"BEER","quantity":"12.00668061","price":"0.11000000","timestamp":1651078014,"volume":"1.32073487","buyTxId":"5dd673cd860dd48fc762c498e41adf23c89551b6","sellTxId":"d5e41322547fefe29486befac1385eb0a3eb18c4"}
{"index": {"_index":"beer","_id":"3294266"}}
	{"id":3294266,"type":"buy","buyer":"edgerik","seller":"cloudblade","symbol":"BEER","quantity":"2.00000000","price":"0.16970000","timestamp":1651078506,"volume":"0.33940000","buyTxId":"392dfe5dd2eb0c9d279684efa1b9f035cb0e8899","sellTxId":"9445cc0be1b58aca983090abc8c1aa6ee5f0889c"}
{"index": {"_index":"beer","_id":"3294311"}}
	{"id":3294311,"type":"sell","buyer":"hiq.magazine","seller":"alucian","symbol":"BEER","quantity":"1.67162041","price":"0.11000000","timestamp":1651078827,"volume":"0.18387825","buyTxId":"5dd673cd860dd48fc762c498e41adf23c89551b6","sellTxId":"2eeeedec781a5de768062fc6d2f5fd78e7b42f22"}
{"index": {"_index":"beer","_id":"3294635"}}
	{"id":3294635,"type":"sell","buyer":"hiq.magazine","seller":"emergingabove","symbol":"BEER","quantity":"0.00984375","price":"0.11000000","timestamp":1651081650,"volume":"0.00108281","buyTxId":"5dd673cd860dd48fc762c498e41adf23c89551b6","sellTxId":"62a62b8c6be00c8cdb0a62d8c2efc976136d43c9"}
{"index": {"_index":"beer","_id":"3296714"}}
	{"id":3296714,"type":"sell","buyer":"harveyword","seller":"sonfecisinan","symbol":"BEER","quantity":"0.05000000","price":"0.11100000","timestamp":1651101312,"volume":"0.00555000","buyTxId":"d5215241311db327e2f91e826fe1facd49ea4625","sellTxId":"a4ae9170f95855a0d67c6742abfa4036f91c23e8"}
{"index": {"_index":"beer","_id":"3296757"}}
	{"id":3296757,"type":"sell","buyer":"harveyword","seller":"laritheghost","symbol":"BEER","quantity":"0.30489175","price":"0.11100000","timestamp":1651101780,"volume":"0.03384298","buyTxId":"d5215241311db327e2f91e826fe1facd49ea4625","sellTxId":"1014755b258565e1c22f5ffeccab1781b2dae81d"}
{"index": {"_index":"beer","_id":"3297357"}}
	{"id":3297357,"type":"sell","buyer":"harveyword","seller":"dsc-r2cornell","symbol":"BEER","quantity":"0.20000000","price":"0.11100000","timestamp":1651108041,"volume":"0.02220000","buyTxId":"d5215241311db327e2f91e826fe1facd49ea4625","sellTxId":"4c5a6f631318a853527f7e50550747e74f3c05a3"}
{"index": {"_index":"beer","_id":"3297392"}}
	{"id":3297392,"type":"sell","buyer":"harveyword","seller":"alucian","symbol":"BEER","quantity":"4.44510825","price":"0.11100000","timestamp":1651108656,"volume":"0.49340702","buyTxId":"d5215241311db327e2f91e826fe1facd49ea4625","sellTxId":"01439eaa3680ca780f9a0a8866b11c88d2c8cda8"}
{"index": {"_index":"beer","_id":"3297393"}}
	{"id":3297393,"type":"sell","buyer":"yintercept","seller":"alucian","symbol":"BEER","quantity":"2.57462824","price":"0.11100000","timestamp":1651108656,"volume":"0.28578373","buyTxId":"d7cff32e9a86365a3d67063c65b2d2559f0facfb","sellTxId":"01439eaa3680ca780f9a0a8866b11c88d2c8cda8"}
{"index": {"_index":"beer","_id":"3297398"}}
	{"id":3297398,"type":"sell","buyer":"yintercept","seller":"boycharlieplays","symbol":"BEER","quantity":"1.42537176","price":"0.11100000","timestamp":1651108677,"volume":"0.15821627","buyTxId":"d7cff32e9a86365a3d67063c65b2d2559f0facfb","sellTxId":"4e5e058e70fdc0b3914cc8662810f96279956139"}
{"index": {"_index":"beer","_id":"3297559"}}
	{"id":3297559,"type":"sell","buyer":"hiq.magazine","seller":"mafia.wallet","symbol":"BEER","quantity":"0.024","price":"0.11000000","timestamp":1651110609,"volume":"0.00264000","buyTxId":"5dd673cd860dd48fc762c498e41adf23c89551b6","sellTxId":"27b3e3b1a1ffa18a1e1833e5b82b2dcb31818c67-3"}
{"index": {"_index":"beer","_id":"3297675"}}
	{"id":3297675,"type":"sell","buyer":"hiq.magazine","seller":"steem82868","symbol":"BEER","quantity":"0.11713422","price":"0.11000000","timestamp":1651112187,"volume":"0.01288476","buyTxId":"5dd673cd860dd48fc762c498e41adf23c89551b6","sellTxId":"95511d460ada2c331d16e16c0ecc1f7668c1b45b"}
