{"index": {"_index":"beer","_id":"3466256"}}
	{"id":3466256,"type":"buy","buyer":"chetanpadliya","seller":"cranium","symbol":"BEER","quantity":"3.88391826","price":"0.15160000","timestamp":1652927970,"volume":"0.58880201","buyTxId":"25185e2f7437559f3fb8991382502550a131faf8","sellTxId":"6ff5d12a4719f4f22207fa86770dbf3e96136bdb"}
{"index": {"_index":"beer","_id":"3466257"}}
	{"id":3466257,"type":"buy","buyer":"chetanpadliya","seller":"roger.remix","symbol":"BEER","quantity":"1.11461126","price":"0.15180000","timestamp":1652927970,"volume":"0.16919799","buyTxId":"25185e2f7437559f3fb8991382502550a131faf8","sellTxId":"86eaccc2bb6b578efe670fee1cb6a1b3d3b441a4"}
{"index": {"_index":"beer","_id":"3466296"}}
	{"id":3466296,"type":"buy","buyer":"chetanpadliya","seller":"roger.remix","symbol":"BEER","quantity":"1.05401844","price":"0.15180000","timestamp":1652928357,"volume":"0.16","buyTxId":"f061a019478c7506c29eda168d630882b86a6c3d","sellTxId":"86eaccc2bb6b578efe670fee1cb6a1b3d3b441a4"}
{"index": {"_index":"beer","_id":"3466418"}}
	{"id":3466418,"type":"sell","buyer":"onlydoge","seller":"blockchainleo","symbol":"BEER","quantity":"3.13623320","price":"0.13210000","timestamp":1652929980,"volume":"0.41429641","buyTxId":"c0790aa48bafc68ad4179b1000cf401dd7f419f7","sellTxId":"1593fb62651ab08586ba23db35b49b59c8f0369e"}
{"index": {"_index":"beer","_id":"3466576"}}
	{"id":3466576,"type":"buy","buyer":"nahueldare3627","seller":"roger.remix","symbol":"BEER","quantity":"0.29878247","price":"0.15180000","timestamp":1652930817,"volume":"0.04535518","buyTxId":"c1d99f23ab7487b8a43b5f660caecddb760f092d","sellTxId":"86eaccc2bb6b578efe670fee1cb6a1b3d3b441a4"}
{"index": {"_index":"beer","_id":"3467568"}}
	{"id":3467568,"type":"sell","buyer":"onlydoge","seller":"abachon","symbol":"BEER","quantity":"0.05465295","price":"0.13210000","timestamp":1652940543,"volume":"0.00721965","buyTxId":"c0790aa48bafc68ad4179b1000cf401dd7f419f7","sellTxId":"448ea4856e5800271a4d236143d2be620448e715"}
{"index": {"_index":"beer","_id":"3468240"}}
	{"id":3468240,"type":"sell","buyer":"onlydoge","seller":"claudio83","symbol":"BEER","quantity":"4.37901385","price":"0.13210000","timestamp":1652946579,"volume":"0.57846773","buyTxId":"c0790aa48bafc68ad4179b1000cf401dd7f419f7","sellTxId":"af8947bccea61723cd28557687cf52bd14f38a8c"}
{"index": {"_index":"beer","_id":"3469610"}}
	{"id":3469610,"type":"sell","buyer":"gaboamc2393","seller":"sonfecisinan","symbol":"BEER","quantity":"0.05000000","price":"0.13200000","timestamp":1652964768,"volume":"0.00660000","buyTxId":"a0f9e6225877bdda9fef3b737ced98b2a9ba125f","sellTxId":"090cd7e5f56df5f205c09a0cf463a9cd84ca3110"}
{"index": {"_index":"beer","_id":"3470159"}}
	{"id":3470159,"type":"sell","buyer":"gaboamc2393","seller":"taxguy","symbol":"BEER","quantity":"0.02500000","price":"0.13200000","timestamp":1652970564,"volume":"0.00330000","buyTxId":"a0f9e6225877bdda9fef3b737ced98b2a9ba125f","sellTxId":"64832060a41c32762ef4648a4dbaa82b0ed1cbe1"}
{"index": {"_index":"beer","_id":"3470188"}}
	{"id":3470188,"type":"buy","buyer":"marketroll","seller":"claudio83","symbol":"BEER","quantity":"67.54342123","price":"0.13210000","timestamp":1652970897,"volume":"8.92248594","buyTxId":"799518d5f0f8da5a88e2669ea0f74b6413e90bbf","sellTxId":"af8947bccea61723cd28557687cf52bd14f38a8c"}
{"index": {"_index":"beer","_id":"3470189"}}
	{"id":3470189,"type":"buy","buyer":"marketroll","seller":"portal-xenna","symbol":"BEER","quantity":"0.36179669","price":"0.13500000","timestamp":1652970897,"volume":"0.04884255","buyTxId":"799518d5f0f8da5a88e2669ea0f74b6413e90bbf","sellTxId":"abcc8f1bc1b4ad51fe4498885ee775505c19d5c7"}
{"index": {"_index":"beer","_id":"3471289"}}
	{"id":3471289,"type":"sell","buyer":"marketroll","seller":"nrg","symbol":"BEER","quantity":"0.76000479","price":"0.13500000","timestamp":1652980332,"volume":"0.10260065","buyTxId":"799518d5f0f8da5a88e2669ea0f74b6413e90bbf","sellTxId":"bbcc410dc0c19cf08d0390926ee80cb1eb7511d2-5"}
{"index": {"_index":"beer","_id":"3471360"}}
	{"id":3471360,"type":"buy","buyer":"untzuntzuntz","seller":"onlydoge","symbol":"BEER","quantity":"7.56990000","price":"0.15140000","timestamp":1652980929,"volume":"1.14608286","buyTxId":"ca7445286b3731879dad9a2862bce3d5e08b191a","sellTxId":"ad57f90d900a7189933ad1131b8162089ba55ac1"}
{"index": {"_index":"beer","_id":"3472174"}}
	{"id":3472174,"type":"sell","buyer":"onlydoge","seller":"thinkrdotexe","symbol":"BEER","quantity":"4.3255138","price":"0.13510000","timestamp":1652988144,"volume":"0.58437691","buyTxId":"f3ecbe0be525c9f67fde3b4443afaf283a1cad44","sellTxId":"dd7c32a5efa58c9e2f7a5e08cc323077ad53c978"}
{"index": {"_index":"beer","_id":"3472640"}}
	{"id":3472640,"type":"sell","buyer":"onlydoge","seller":"hive-143869","symbol":"BEER","quantity":"0.15074054","price":"0.13510000","timestamp":1652992467,"volume":"0.02036505","buyTxId":"f3ecbe0be525c9f67fde3b4443afaf283a1cad44","sellTxId":"a00e2ea9e91bac30c6e5a8c43116b02539fcb6ae"}
{"index": {"_index":"beer","_id":"3473045"}}
	{"id":3473045,"type":"sell","buyer":"onlydoge","seller":"laritheghost","symbol":"BEER","quantity":"0.09451335","price":"0.13510000","timestamp":1652996604,"volume":"0.01276875","buyTxId":"f3ecbe0be525c9f67fde3b4443afaf283a1cad44","sellTxId":"40d870992fd2d752ee7790299c2f3ba7425f63cf"}
{"index": {"_index":"beer","_id":"3473283"}}
	{"id":3473283,"type":"sell","buyer":"onlydoge","seller":"laritheghost","symbol":"BEER","quantity":"0.09465873","price":"0.13510000","timestamp":1653000153,"volume":"0.01278839","buyTxId":"f3ecbe0be525c9f67fde3b4443afaf283a1cad44","sellTxId":"d323f790644870ca575c529f3cda14fbb4ade1a2"}
{"index": {"_index":"beer","_id":"3473360"}}
	{"id":3473360,"type":"sell","buyer":"onlydoge","seller":"mafia.wallet","symbol":"BEER","quantity":"0.072","price":"0.13510000","timestamp":1653001263,"volume":"0.00972720","buyTxId":"f3ecbe0be525c9f67fde3b4443afaf283a1cad44","sellTxId":"66fb0b8227de7e693411fcbb386b139b669d3c1c-3"}
{"index": {"_index":"beer","_id":"3474419"}}
	{"id":3474419,"type":"sell","buyer":"onlydoge","seller":"roger.remix","symbol":"BEER","quantity":"2.66437358","price":"0.13510000","timestamp":1653010413,"volume":"0.35995687","buyTxId":"f3ecbe0be525c9f67fde3b4443afaf283a1cad44","sellTxId":"2cd03910277deafdd2c505c8a72d5bb7d991496c"}
{"index": {"_index":"beer","_id":"3474420"}}
	{"id":3474420,"type":"sell","buyer":"marketroll","seller":"roger.remix","symbol":"BEER","quantity":"10.33477729","price":"0.13500000","timestamp":1653010413,"volume":"1.39519493","buyTxId":"799518d5f0f8da5a88e2669ea0f74b6413e90bbf","sellTxId":"2cd03910277deafdd2c505c8a72d5bb7d991496c"}
{"index": {"_index":"beer","_id":"3474421"}}
	{"id":3474421,"type":"sell","buyer":"gaboamc2393","seller":"roger.remix","symbol":"BEER","quantity":"13.10446168","price":"0.13200000","timestamp":1653010413,"volume":"1.72978894","buyTxId":"a0f9e6225877bdda9fef3b737ced98b2a9ba125f","sellTxId":"2cd03910277deafdd2c505c8a72d5bb7d991496c"}
{"index": {"_index":"beer","_id":"3474436"}}
	{"id":3474436,"type":"sell","buyer":"master-lamps","seller":"marketroll","symbol":"BEER","quantity":"6.67475494","price":"0.12960001","timestamp":1653010605,"volume":"0.86504831","buyTxId":"05b8898cab4a17009c330b80c1d154053ceeb2d6","sellTxId":"fbd93682b973c9faa004311d142628e264f97e93"}
{"index": {"_index":"beer","_id":"3474437"}}
	{"id":3474437,"type":"sell","buyer":"harveyword","seller":"marketroll","symbol":"BEER","quantity":"3.72059065","price":"0.12960000","timestamp":1653010605,"volume":"0.48218855","buyTxId":"4e01123763c326cf2d2620ee976509c33929742a","sellTxId":"fbd93682b973c9faa004311d142628e264f97e93"}
{"index": {"_index":"beer","_id":"3474449"}}
	{"id":3474449,"type":"sell","buyer":"yintercept","seller":"roger.remix","symbol":"BEER","quantity":"1.10391562","price":"0.12780051","timestamp":1653010749,"volume":"0.14108098","buyTxId":"4ef5708b0078cf240da3ac0bfd55df8f5eb3c223","sellTxId":"37bdca71989f3bc255edff809a27211d8ffa18e6"}
{"index": {"_index":"beer","_id":"3474450"}}
	{"id":3474450,"type":"sell","buyer":"lookplz","seller":"roger.remix","symbol":"BEER","quantity":"20.00000000","price":"0.12640000","timestamp":1653010749,"volume":"2.52800000","buyTxId":"46fc8d87e9cf3113c4bddae1e02ee0430a7d4ac0","sellTxId":"37bdca71989f3bc255edff809a27211d8ffa18e6"}
{"index": {"_index":"beer","_id":"3474496"}}
	{"id":3474496,"type":"sell","buyer":"from-mars","seller":"roger.remix","symbol":"BEER","quantity":"100.00000000","price":"0.11400000","timestamp":1653011091,"volume":"11.40000000","buyTxId":"a5eab71ad3dfa971e4fb19b4701fcb329649adc5","sellTxId":"1a4d99028098a50636087d25090c7f5e5285da02"}
{"index": {"_index":"beer","_id":"3474503"}}
	{"id":3474503,"type":"sell","buyer":"saulos","seller":"roger.remix","symbol":"BEER","quantity":"40.00000000","price":"0.11250000","timestamp":1653011157,"volume":"4.50000000","buyTxId":"f527d1f9629b0910133eb137c4d527693f1acda0","sellTxId":"41a3cbc0589714af7cb6b5e199779b8d51034228"}
{"index": {"_index":"beer","_id":"3474517"}}
	{"id":3474517,"type":"sell","buyer":"harveyword","seller":"roger.remix","symbol":"BEER","quantity":"5.00000000","price":"0.11231000","timestamp":1653011226,"volume":"0.56155000","buyTxId":"d3c023dee88678afa886fda263379b3f7afdda6c","sellTxId":"1345b1966e3e5e6331c17b33d87ffd5732ac7fb9"}
{"index": {"_index":"beer","_id":"3474518"}}
	{"id":3474518,"type":"sell","buyer":"lookplz","seller":"roger.remix","symbol":"BEER","quantity":"20.00000000","price":"0.11220000","timestamp":1653011226,"volume":"2.24400000","buyTxId":"bd1c13999cecb7400cfcb3ffc3bd2c9fde20084b","sellTxId":"1345b1966e3e5e6331c17b33d87ffd5732ac7fb9"}
{"index": {"_index":"beer","_id":"3474526"}}
	{"id":3474526,"type":"sell","buyer":"idmr500","seller":"roger.remix","symbol":"BEER","quantity":"11.64194639","price":"0.11100000","timestamp":1653011301,"volume":"1.29225605","buyTxId":"d864e9c1e93d81d0abf9ddd011b7ddd0832b639c","sellTxId":"a4cd6ff55d1c627c8644cec69261b95838591fcc"}
{"index": {"_index":"beer","_id":"3474548"}}
	{"id":3474548,"type":"sell","buyer":"cloudblade","seller":"roger.remix","symbol":"BEER","quantity":"279.73811579","price":"0.11001000","timestamp":1653011571,"volume":"30.77399012","buyTxId":"2edfd7ebd98cb39d98fcbf34c547225e9fe58422","sellTxId":"6d63f74b122889367b34332aa7c9f7b7564f6538"}
{"index": {"_index":"beer","_id":"3474549"}}
	{"id":3474549,"type":"buy","buyer":"roger.remix","seller":"roger.remix","symbol":"BEER","quantity":"8.35805361","price":"0.11100000","timestamp":1653011598,"volume":"0.92774395","buyTxId":"703eaeae763d9ba990c92427a6e34aa09207b2d0","sellTxId":"a4cd6ff55d1c627c8644cec69261b95838591fcc"}
