{"index": {"_index":"beer","_id":"3178431"}}
	{"id":3178431,"type":"sell","buyer":"harveyword","seller":"laritheghost","symbol":"BEER","quantity":"1.37438017","price":"0.14490000","timestamp":1649726373,"volume":"0.19914769","buyTxId":"341729ad262f4111624a6ba7fc694ecbda6e51fa","sellTxId":"5804f10072f9c3dd627ea0800c0ee4824ff0e563"}
{"index": {"_index":"beer","_id":"3179062"}}
	{"id":3179062,"type":"sell","buyer":"harveyword","seller":"mein-senf-dazu","symbol":"BEER","quantity":"0.52280267","price":"0.14490000","timestamp":1649736399,"volume":"0.07575411","buyTxId":"341729ad262f4111624a6ba7fc694ecbda6e51fa","sellTxId":"99205da70c27fee01d4ae3bd7b15a03810e476aa"}
{"index": {"_index":"beer","_id":"3179206"}}
	{"id":3179206,"type":"sell","buyer":"harveyword","seller":"mafia.wallet","symbol":"BEER","quantity":"0.052","price":"0.14490000","timestamp":1649738655,"volume":"0.00753480","buyTxId":"341729ad262f4111624a6ba7fc694ecbda6e51fa","sellTxId":"789ca80fcc52d0bf4ac0bb20d57cca3f6ee1c95c-3"}
{"index": {"_index":"beer","_id":"3179396"}}
	{"id":3179396,"type":"sell","buyer":"harveyword","seller":"powerpaul","symbol":"BEER","quantity":"0.88614932","price":"0.14490000","timestamp":1649740884,"volume":"0.12840303","buyTxId":"341729ad262f4111624a6ba7fc694ecbda6e51fa","sellTxId":"78830fb27c14af1823a41f4a546ccc240c1af0ab"}
{"index": {"_index":"beer","_id":"3179656"}}
	{"id":3179656,"type":"buy","buyer":"untzuntzuntz","seller":"powerpaul","symbol":"BEER","quantity":"2.79151400","price":"0.14474819","timestamp":1649744364,"volume":"0.40406660","buyTxId":"be0b3bb866b46ab56bffcff778ec5619ecca7c8b","sellTxId":"78830fb27c14af1823a41f4a546ccc240c1af0ab"}
{"index": {"_index":"beer","_id":"3179692"}}
	{"id":3179692,"type":"buy","buyer":"untzuntzuntz","seller":"powerpaul","symbol":"BEER","quantity":"0.00000021","price":"0.14474819","timestamp":1649744826,"volume":"0.00000003","buyTxId":"f15e7733c81fa4415043a31d4ed8e7d07ecafacd","sellTxId":"78830fb27c14af1823a41f4a546ccc240c1af0ab"}
{"index": {"_index":"beer","_id":"3179693"}}
	{"id":3179693,"type":"buy","buyer":"untzuntzuntz","seller":"master-lamps","symbol":"BEER","quantity":"1.59999979","price":"0.18299999","timestamp":1649744826,"volume":"0.29279995","buyTxId":"f15e7733c81fa4415043a31d4ed8e7d07ecafacd","sellTxId":"b80fa0737a00336299506a5c9a2d756339180855"}
{"index": {"_index":"beer","_id":"3180299"}}
	{"id":3180299,"type":"sell","buyer":"master-lamps","seller":"itharagaian","symbol":"BEER","quantity":"0.00100000","price":"0.14470001","timestamp":1649753352,"volume":"0.00014470","buyTxId":"f070ec064eaec2064bd4adc85e2bdb04e3594626","sellTxId":"32fd983279334994c1d83fd9711e9ea96e9af572"}
{"index": {"_index":"beer","_id":"3182054"}}
	{"id":3182054,"type":"sell","buyer":"master-lamps","seller":"simplegame","symbol":"BEER","quantity":"0.03948583","price":"0.14470001","timestamp":1649776791,"volume":"0.00571360","buyTxId":"f070ec064eaec2064bd4adc85e2bdb04e3594626","sellTxId":"9a063ceb5f17d7b576f9a52514b0cd89811ec7fe"}
{"index": {"_index":"beer","_id":"3182713"}}
	{"id":3182713,"type":"sell","buyer":"master-lamps","seller":"unlikelysurvivor","symbol":"BEER","quantity":"0.00944316","price":"0.14470001","timestamp":1649783682,"volume":"0.00136643","buyTxId":"f070ec064eaec2064bd4adc85e2bdb04e3594626","sellTxId":"c81f07874e4982c4a104c99a2d467ba3329630a9"}
{"index": {"_index":"beer","_id":"3183475"}}
	{"id":3183475,"type":"sell","buyer":"master-lamps","seller":"mafia.wallet","symbol":"BEER","quantity":"0.028","price":"0.14470001","timestamp":1649790624,"volume":"0.00405160","buyTxId":"f070ec064eaec2064bd4adc85e2bdb04e3594626","sellTxId":"15c54378970e4db8f83e320f13e40cc0529a8954-2"}
{"index": {"_index":"beer","_id":"3183563"}}
	{"id":3183563,"type":"sell","buyer":"master-lamps","seller":"jjprac","symbol":"BEER","quantity":"0.53245958","price":"0.14470001","timestamp":1649792067,"volume":"0.07704691","buyTxId":"f070ec064eaec2064bd4adc85e2bdb04e3594626","sellTxId":"622a586fd6e3e86f44ebe964d01ab5f0d4d3a3e9"}
{"index": {"_index":"beer","_id":"3184281"}}
	{"id":3184281,"type":"sell","buyer":"master-lamps","seller":"pregosauce","symbol":"BEER","quantity":"0.10000000","price":"0.14470001","timestamp":1649801769,"volume":"0.01447000","buyTxId":"f070ec064eaec2064bd4adc85e2bdb04e3594626","sellTxId":"59f5d1308b87ec4f3d651e0a68f612f012d8e505"}
{"index": {"_index":"beer","_id":"3184301"}}
	{"id":3184301,"type":"sell","buyer":"master-lamps","seller":"laritheghost","symbol":"BEER","quantity":"1.31310780","price":"0.14470001","timestamp":1649802039,"volume":"0.19000671","buyTxId":"f070ec064eaec2064bd4adc85e2bdb04e3594626","sellTxId":"1586f40be8f5f088450e2b30ebba1e6aec5357c7"}
{"index": {"_index":"beer","_id":"3184302"}}
	{"id":3184302,"type":"sell","buyer":"master-lamps","seller":"laritheghost","symbol":"BEER","quantity":"0.06892933","price":"0.14470001","timestamp":1649802039,"volume":"0.00997407","buyTxId":"e93b30307cf64e10158dd4e37647429cd65383cd","sellTxId":"1586f40be8f5f088450e2b30ebba1e6aec5357c7"}
{"index": {"_index":"beer","_id":"3184945"}}
	{"id":3184945,"type":"buy","buyer":"maryjane.main","seller":"master-lamps","symbol":"BEER","quantity":"3.50000000","price":"0.18249999","timestamp":1649810205,"volume":"0.63874997","buyTxId":"12389938aa2b2109f4b91c08a9054b83d40b225a","sellTxId":"012effe777c6e2554e64f71ea734858c4b4699b5"}
