{"index": {"_index":"beer","_id":"1733194"}}
	{"id":1733194,"type":"sell","buyer":"harveyword","seller":"fantasycrypto","symbol":"BEER","quantity":"0.51300000","price":"0.17720000","timestamp":1634598879,"volume":"0.09090360","buyTxId":"5cc90eb080f4b31441af72f5b0d7e4b1b532a712","sellTxId":"44fe9f5d1575df9d5c470bc176544c5b6c75f37e"}
{"index": {"_index":"beer","_id":"1736396"}}
	{"id":1736396,"type":"sell","buyer":"harveyword","seller":"itharagaian","symbol":"BEER","quantity":"0.00200000","price":"0.17720000","timestamp":1634633097,"volume":"0.00035440","buyTxId":"5cc90eb080f4b31441af72f5b0d7e4b1b532a712","sellTxId":"14dda085fd30708ecf639245a4f8c2449e909f33"}
{"index": {"_index":"beer","_id":"1736889"}}
	{"id":1736889,"type":"sell","buyer":"harveyword","seller":"drax","symbol":"BEER","quantity":"1.48500000","price":"0.17720000","timestamp":1634637798,"volume":"0.26314200","buyTxId":"5cc90eb080f4b31441af72f5b0d7e4b1b532a712","sellTxId":"f76046de78777897c8b1367fd872a8c1c060b752"}
{"index": {"_index":"beer","_id":"1736890"}}
	{"id":1736890,"type":"sell","buyer":"homeless-city","seller":"drax","symbol":"BEER","quantity":"10.51500000","price":"0.17710000","timestamp":1634637798,"volume":"1.86220650","buyTxId":"ca1114775059c9de3e59eb4864265e64782365a4","sellTxId":"f76046de78777897c8b1367fd872a8c1c060b752"}
{"index": {"_index":"beer","_id":"1736938"}}
	{"id":1736938,"type":"sell","buyer":"homeless-city","seller":"hive-143869","symbol":"BEER","quantity":"3.02500000","price":"0.17710000","timestamp":1634638461,"volume":"0.53572750","buyTxId":"ca1114775059c9de3e59eb4864265e64782365a4","sellTxId":"1df8bfefc231da19548a9aa4c60e6992a4e7c6f7"}
{"index": {"_index":"beer","_id":"1737674"}}
	{"id":1737674,"type":"sell","buyer":"homeless-city","seller":"networkallstar","symbol":"BEER","quantity":"0.10327468","price":"0.17710000","timestamp":1634646177,"volume":"0.01828995","buyTxId":"ca1114775059c9de3e59eb4864265e64782365a4","sellTxId":"a7ed9dfbabd1c3abce5e5213c8ce46a5db891b51"}
{"index": {"_index":"beer","_id":"1738266"}}
	{"id":1738266,"type":"sell","buyer":"homeless-city","seller":"dwinblood","symbol":"BEER","quantity":"0.43750000","price":"0.17710000","timestamp":1634652423,"volume":"0.07748125","buyTxId":"ca1114775059c9de3e59eb4864265e64782365a4","sellTxId":"2268b81cad1eb57caa436bfc2d422b99de03b35d"}
{"index": {"_index":"beer","_id":"1740408"}}
	{"id":1740408,"type":"sell","buyer":"stevieboyes","seller":"lammbock","symbol":"BEER","quantity":"0.67623322","price":"0.17850000","timestamp":1634667555,"volume":"0.12070763","buyTxId":"cd0844a2e4afad5e09af9169d8868c5edcd06451","sellTxId":"e8cd367fababaf07f9b001000973f1eacde25476"}
{"index": {"_index":"beer","_id":"1740551"}}
	{"id":1740551,"type":"sell","buyer":"stevieboyes","seller":"steemstreems","symbol":"BEER","quantity":"0.007","price":"0.17850000","timestamp":1634668509,"volume":"0.00124950","buyTxId":"cd0844a2e4afad5e09af9169d8868c5edcd06451","sellTxId":"36029ddc7cdb8fc11f9d7d842a8784663a651034"}
{"index": {"_index":"beer","_id":"1740710"}}
	{"id":1740710,"type":"sell","buyer":"stevieboyes","seller":"cursephantom","symbol":"BEER","quantity":"0.03750000","price":"0.17850000","timestamp":1634669694,"volume":"0.00669375","buyTxId":"cd0844a2e4afad5e09af9169d8868c5edcd06451","sellTxId":"07375515e49a2de6871a5eeb88e145fcbe383f6e"}
{"index": {"_index":"beer","_id":"1740837"}}
	{"id":1740837,"type":"sell","buyer":"stevieboyes","seller":"mafia.wallet","symbol":"BEER","quantity":"0.038","price":"0.17850000","timestamp":1634670714,"volume":"0.00678300","buyTxId":"cd0844a2e4afad5e09af9169d8868c5edcd06451","sellTxId":"dbc9637caf12aa6b311e5de473d8e0e73a8574ab-1"}
{"index": {"_index":"beer","_id":"1741001"}}
	{"id":1741001,"type":"sell","buyer":"stevieboyes","seller":"eythorphoto","symbol":"BEER","quantity":"0.02126678","price":"0.17850000","timestamp":1634672112,"volume":"0.00379612","buyTxId":"cd0844a2e4afad5e09af9169d8868c5edcd06451","sellTxId":"34c23d498707f9f1bc34abdb03005aca15423f87"}
{"index": {"_index":"beer","_id":"1741041"}}
	{"id":1741041,"type":"sell","buyer":"homeless-city","seller":"playbyhive","symbol":"BEER","quantity":"3.87617064","price":"0.17710000","timestamp":1634672811,"volume":"0.68646982","buyTxId":"ca1114775059c9de3e59eb4864265e64782365a4","sellTxId":"0bb08c66a02c9285d06bfd80a0347c555a023f82"}
{"index": {"_index":"beer","_id":"1741117"}}
	{"id":1741117,"type":"sell","buyer":"homeless-city","seller":"forexbrokr","symbol":"BEER","quantity":"0.01250000","price":"0.17710000","timestamp":1634673447,"volume":"0.00221375","buyTxId":"ca1114775059c9de3e59eb4864265e64782365a4","sellTxId":"9fc2239ce08073ffee97ea10f0adfa629028b63f"}
{"index": {"_index":"beer","_id":"1741134"}}
	{"id":1741134,"type":"sell","buyer":"homeless-city","seller":"jacques0829","symbol":"BEER","quantity":"2.97855468","price":"0.17710000","timestamp":1634673708,"volume":"0.52750203","buyTxId":"ca1114775059c9de3e59eb4864265e64782365a4","sellTxId":"2647b7f8bed752bbb86787bb97df31b8f8596f4f"}
{"index": {"_index":"beer","_id":"1741703"}}
	{"id":1741703,"type":"buy","buyer":"harveyword","seller":"jacques0829","symbol":"BEER","quantity":"3.27144532","price":"0.17710000","timestamp":1634680134,"volume":"0.57937297","buyTxId":"980760e9b3f7cde61582923e07d9afb41222a81f","sellTxId":"2647b7f8bed752bbb86787bb97df31b8f8596f4f"}
{"index": {"_index":"beer","_id":"1741712"}}
	{"id":1741712,"type":"buy","buyer":"harveyword","seller":"eythorphoto","symbol":"BEER","quantity":"0.08673322","price":"0.17850000","timestamp":1634680227,"volume":"0.01548188","buyTxId":"291a1ce1d3dd3cabcef3db34a42a1be995fb49c7","sellTxId":"34c23d498707f9f1bc34abdb03005aca15423f87"}
{"index": {"_index":"beer","_id":"1741781"}}
	{"id":1741781,"type":"sell","buyer":"harveyword","seller":"fun2learn","symbol":"BEER","quantity":"0.05186371","price":"0.17850000","timestamp":1634680863,"volume":"0.00925767","buyTxId":"291a1ce1d3dd3cabcef3db34a42a1be995fb49c7","sellTxId":"3653ceaf83530d03bb3ee8b983ba1f506946ccdf"}
