{"index": {"_index":"beer","_id":"2451007"}}
	{"id":2451007,"type":"sell","buyer":"vasupi","seller":"jimre1","symbol":"BEER","quantity":"0.05087038","price":"0.16000000","timestamp":1641179286,"volume":"0.00813926","buyTxId":"ea707e78d29b63423da7c541089542984a1c2627","sellTxId":"33195ab114ec40c551e15a44c74c25ad7a240d1a"}
{"index": {"_index":"beer","_id":"2451789"}}
	{"id":2451789,"type":"sell","buyer":"vasupi","seller":"drutter","symbol":"BEER","quantity":"0.10000000","price":"0.16000000","timestamp":1641188721,"volume":"0.01600000","buyTxId":"ea707e78d29b63423da7c541089542984a1c2627","sellTxId":"bc8be6406d57578ffaf199b2838dd19a83d20e6e"}
{"index": {"_index":"beer","_id":"2452078"}}
	{"id":2452078,"type":"sell","buyer":"vasupi","seller":"dotwin1981","symbol":"BEER","quantity":"0.92098481","price":"0.16000000","timestamp":1641191199,"volume":"0.14735757","buyTxId":"ea707e78d29b63423da7c541089542984a1c2627","sellTxId":"203bdeaade761c492287b6e95658e9759743b825"}
{"index": {"_index":"beer","_id":"2452081"}}
	{"id":2452081,"type":"sell","buyer":"marketroll","seller":"dotwin1981","symbol":"BEER","quantity":"0.49755938","price":"0.15402000","timestamp":1641191247,"volume":"0.07663410","buyTxId":"cfffee4ec9c25c01227007c69a89d3a73310fb13","sellTxId":"d58d5b01d3970537123dbd8226ef99dfe914cadf"}
{"index": {"_index":"beer","_id":"2453765"}}
	{"id":2453765,"type":"sell","buyer":"marketroll","seller":"stranger27","symbol":"BEER","quantity":"2.12683385","price":"0.15402000","timestamp":1641210576,"volume":"0.32757495","buyTxId":"cfffee4ec9c25c01227007c69a89d3a73310fb13","sellTxId":"12c7a1bd16f36772a672d9c0bf31a29e55d478dd"}
{"index": {"_index":"beer","_id":"2455678"}}
	{"id":2455678,"type":"sell","buyer":"princekham","seller":"accelerator","symbol":"BEER","quantity":"0.07343750","price":"0.15404000","timestamp":1641229587,"volume":"0.01131231","buyTxId":"4ddd3e3094fe6e534b3c60a82a6570c3e3ca9ca3","sellTxId":"e7223fd558dfa915281843071be9c2a62bca1373"}
{"index": {"_index":"beer","_id":"2456533"}}
	{"id":2456533,"type":"sell","buyer":"princekham","seller":"drax","symbol":"BEER","quantity":"7.181","price":"0.15404000","timestamp":1641235458,"volume":"1.10616124","buyTxId":"4ddd3e3094fe6e534b3c60a82a6570c3e3ca9ca3","sellTxId":"f9144c3292ccd4c97cba7b75a84d89752512e731"}
{"index": {"_index":"beer","_id":"2456762"}}
	{"id":2456762,"type":"sell","buyer":"princekham","seller":"lrekt01","symbol":"BEER","quantity":"0.00500000","price":"0.15404000","timestamp":1641237678,"volume":"0.00077020","buyTxId":"4ddd3e3094fe6e534b3c60a82a6570c3e3ca9ca3","sellTxId":"f6bc07d70501f850a56f087d5e96cf7127285496"}
{"index": {"_index":"beer","_id":"2456916"}}
	{"id":2456916,"type":"sell","buyer":"princekham","seller":"trentonlundy1","symbol":"BEER","quantity":"2.67688108","price":"0.15404000","timestamp":1641238815,"volume":"0.41234676","buyTxId":"4ddd3e3094fe6e534b3c60a82a6570c3e3ca9ca3","sellTxId":"938c4728570803d441946a5003721e26c429d37b"}
{"index": {"_index":"beer","_id":"2457457"}}
	{"id":2457457,"type":"sell","buyer":"princekham","seller":"andrewmusic","symbol":"BEER","quantity":"0.10000000","price":"0.15404000","timestamp":1641243966,"volume":"0.01540400","buyTxId":"4ddd3e3094fe6e534b3c60a82a6570c3e3ca9ca3","sellTxId":"350b863829a88ef75ee79ba4a160f991d9260147"}
{"index": {"_index":"beer","_id":"2457665"}}
	{"id":2457665,"type":"buy","buyer":"florenceboens","seller":"harveyword","symbol":"BEER","quantity":"1.00000000","price":"0.18998000","timestamp":1641246390,"volume":"0.18998000","buyTxId":"b116f0801adefc3407f3b24b3777155c85204d03","sellTxId":"60066c50f968e6d06cddd1658b55e6f0bf256181"}
{"index": {"_index":"beer","_id":"2457683"}}
	{"id":2457683,"type":"buy","buyer":"florenceboens","seller":"master-lamps","symbol":"BEER","quantity":"0.04400000","price":"0.18999978","timestamp":1641246528,"volume":"0.00835999","buyTxId":"39e6e85fd1778a89ab4ad1912b55d6162223500f","sellTxId":"476ada7084019ca1e5aab993c163dc60a6cadbd3"}
{"index": {"_index":"beer","_id":"2457684"}}
	{"id":2457684,"type":"buy","buyer":"florenceboens","seller":"nervi","symbol":"BEER","quantity":"0.51075000","price":"0.19000000","timestamp":1641246528,"volume":"0.09704250","buyTxId":"39e6e85fd1778a89ab4ad1912b55d6162223500f","sellTxId":"c699e16dff1ea2f270e2b9472b59ff3009d6cc84"}
{"index": {"_index":"beer","_id":"2457685"}}
	{"id":2457685,"type":"buy","buyer":"florenceboens","seller":"pandapuzzles","symbol":"BEER","quantity":"2.00000000","price":"0.19300000","timestamp":1641246528,"volume":"0.38600000","buyTxId":"39e6e85fd1778a89ab4ad1912b55d6162223500f","sellTxId":"9431692612f861d12a481a6823386b7c42cbb757"}
{"index": {"_index":"beer","_id":"2457686"}}
	{"id":2457686,"type":"buy","buyer":"florenceboens","seller":"hairyfairy","symbol":"BEER","quantity":"1.44525000","price":"0.19400000","timestamp":1641246528,"volume":"0.28037850","buyTxId":"39e6e85fd1778a89ab4ad1912b55d6162223500f","sellTxId":"b4b0b9fdccd1cdc14a039bc31d80ee9999d80374"}
{"index": {"_index":"beer","_id":"2458133"}}
	{"id":2458133,"type":"sell","buyer":"princekham","seller":"themarkymark","symbol":"BEER","quantity":"0.13750000","price":"0.15404000","timestamp":1641250653,"volume":"0.02118050","buyTxId":"4ddd3e3094fe6e534b3c60a82a6570c3e3ca9ca3","sellTxId":"8f2b514389d0f3ad722a45a9f543fba9e3941ce1"}
{"index": {"_index":"beer","_id":"2458501"}}
	{"id":2458501,"type":"sell","buyer":"princekham","seller":"evernoticethat","symbol":"BEER","quantity":"0.14000000","price":"0.15404000","timestamp":1641253284,"volume":"0.02156560","buyTxId":"4ddd3e3094fe6e534b3c60a82a6570c3e3ca9ca3","sellTxId":"0d00d9fa92dc3d61ead9f3a36e6757fee680701f"}
{"index": {"_index":"beer","_id":"2458939"}}
	{"id":2458939,"type":"buy","buyer":"thedrizz","seller":"hairyfairy","symbol":"BEER","quantity":"0.90000000","price":"0.19400000","timestamp":1641258015,"volume":"0.17460000","buyTxId":"ce5346c5203bdb1d412a3eb62b094d31e9b256dd","sellTxId":"b4b0b9fdccd1cdc14a039bc31d80ee9999d80374"}
{"index": {"_index":"beer","_id":"2459312"}}
	{"id":2459312,"type":"sell","buyer":"princekham","seller":"mafia.wallet","symbol":"BEER","quantity":"0.061","price":"0.15404000","timestamp":1641262167,"volume":"0.00939644","buyTxId":"4ddd3e3094fe6e534b3c60a82a6570c3e3ca9ca3","sellTxId":"3af2446966a265f0167b9a74afe2b1b3a970747b-3"}
