{"index": {"_index":"beer","_id":"1392695"}}
	{"id":1392695,"type":"sell","buyer":"industriousliv","seller":"blumela","symbol":"BEER","quantity":"10.56966817","price":"0.19711009","timestamp":1629519741,"volume":"2.08338824","buyTxId":"7804e651905fb77a23e36d01ac65addac2601e2e","sellTxId":"9f61f838fc719534b26b681cdd7743825d6e1a86"}
{"index": {"_index":"beer","_id":"1393167"}}
	{"id":1393167,"type":"sell","buyer":"industriousliv","seller":"eythorphoto","symbol":"BEER","quantity":"0.03700000","price":"0.19711009","timestamp":1629527019,"volume":"0.00729307","buyTxId":"7804e651905fb77a23e36d01ac65addac2601e2e","sellTxId":"2befe861f8aca3859ebca3b093305e82607e96d6"}
{"index": {"_index":"beer","_id":"1393538"}}
	{"id":1393538,"type":"sell","buyer":"industriousliv","seller":"steem.services","symbol":"BEER","quantity":"0.73100000","price":"0.19711009","timestamp":1629532545,"volume":"0.14408748","buyTxId":"7804e651905fb77a23e36d01ac65addac2601e2e","sellTxId":"09b046c0a7a1968619bf19e6b5a211cb0a31dc7b"}
{"index": {"_index":"beer","_id":"1394008"}}
	{"id":1394008,"type":"sell","buyer":"industriousliv","seller":"itharagaian","symbol":"BEER","quantity":"0.00200264","price":"0.19711009","timestamp":1629539274,"volume":"0.00039474","buyTxId":"7804e651905fb77a23e36d01ac65addac2601e2e","sellTxId":"eb2cb9df9fcb8cb10b1267350774e0f6fed4002e"}
{"index": {"_index":"beer","_id":"1394282"}}
	{"id":1394282,"type":"sell","buyer":"heyantomei","seller":"andy4475","symbol":"BEER","quantity":"0.73197788","price":"0.20500000","timestamp":1629543168,"volume":"0.15005547","buyTxId":"469ba9df71218bcafc526038419ad31e532d1885","sellTxId":"4e7ab19aa5b5b5f78d5aab50e9a1914504a19269"}
{"index": {"_index":"beer","_id":"1394448"}}
	{"id":1394448,"type":"sell","buyer":"heyantomei","seller":"lotto-de","symbol":"BEER","quantity":"4.00000000","price":"0.20500000","timestamp":1629545676,"volume":"0.82000000","buyTxId":"469ba9df71218bcafc526038419ad31e532d1885","sellTxId":"9509e57d7d78ed1bd9c69d21cf701b7ab592fed2"}
{"index": {"_index":"beer","_id":"1395604"}}
	{"id":1395604,"type":"buy","buyer":"industriousliv","seller":"master-lamps","symbol":"BEER","quantity":"0.03750000","price":"0.21997987","timestamp":1629558525,"volume":"0.00824925","buyTxId":"c4471b9d8721c56983d44455f3e58b8604080e2a","sellTxId":"5e78969b1c95bc217976924acf486facc4b48d76"}
{"index": {"_index":"beer","_id":"1395623"}}
	{"id":1395623,"type":"buy","buyer":"industriousliv","seller":"master-lamps","symbol":"BEER","quantity":"6.12169999","price":"0.21997997","timestamp":1629558870,"volume":"1.34665138","buyTxId":"55850914146627325bb28427dc81295e2fe0ff1f","sellTxId":"86dcca05f9e2f31a993e2acd67f38d2a2ac76c6b"}
{"index": {"_index":"beer","_id":"1396612"}}
	{"id":1396612,"type":"sell","buyer":"heyantomei","seller":"bashadow","symbol":"BEER","quantity":"0.24802212","price":"0.20500000","timestamp":1629568311,"volume":"0.05084453","buyTxId":"469ba9df71218bcafc526038419ad31e532d1885","sellTxId":"617588851ad05a8428a609af866e80a54d1e54ba"}
{"index": {"_index":"beer","_id":"1396708"}}
	{"id":1396708,"type":"sell","buyer":"master-lamps","seller":"kevmcc","symbol":"BEER","quantity":"0.10940000","price":"0.19712500","timestamp":1629569328,"volume":"0.02156548","buyTxId":"e88f7f4ca6e094c44bb740d3ef84d0b4aca1e6b0","sellTxId":"23ea51338d173043eb2b8f45098c284eaa043b22"}
{"index": {"_index":"beer","_id":"1396709"}}
	{"id":1396709,"type":"sell","buyer":"master-lamps","seller":"kevmcc","symbol":"BEER","quantity":"1.14060000","price":"0.19712500","timestamp":1629569328,"volume":"0.22484078","buyTxId":"67a17ddf2b904c73454f785daa7c23c4e64cbd75","sellTxId":"23ea51338d173043eb2b8f45098c284eaa043b22"}
{"index": {"_index":"beer","_id":"1396785"}}
	{"id":1396785,"type":"sell","buyer":"master-lamps","seller":"epilatero","symbol":"BEER","quantity":"0.461","price":"0.19712500","timestamp":1629570282,"volume":"0.09087463","buyTxId":"67a17ddf2b904c73454f785daa7c23c4e64cbd75","sellTxId":"050d6f2825b01f235712764bc3073377666bb99b"}
{"index": {"_index":"beer","_id":"1396968"}}
	{"id":1396968,"type":"sell","buyer":"master-lamps","seller":"mafia.wallet","symbol":"BEER","quantity":"0.135","price":"0.19712500","timestamp":1629572166,"volume":"0.02661188","buyTxId":"67a17ddf2b904c73454f785daa7c23c4e64cbd75","sellTxId":"c981c11ca182281fe151469a45960c03eb2c6dc0-2"}
{"index": {"_index":"beer","_id":"1397272"}}
	{"id":1397272,"type":"sell","buyer":"master-lamps","seller":"steem.services","symbol":"BEER","quantity":"0.36200000","price":"0.19712500","timestamp":1629575625,"volume":"0.07135925","buyTxId":"67a17ddf2b904c73454f785daa7c23c4e64cbd75","sellTxId":"3ab155b589976c9b74bca3163f163dbb9f1155ac"}
{"index": {"_index":"beer","_id":"1397352"}}
	{"id":1397352,"type":"buy","buyer":"dejan.vuckovic","seller":"bashadow","symbol":"BEER","quantity":"5.71619424","price":"0.20500000","timestamp":1629576900,"volume":"1.17181982","buyTxId":"210d2d95dcf4f695b4c4bcd5716079d6e2264d79","sellTxId":"617588851ad05a8428a609af866e80a54d1e54ba"}
{"index": {"_index":"beer","_id":"1397413"}}
	{"id":1397413,"type":"sell","buyer":"master-lamps","seller":"filotasriza3","symbol":"BEER","quantity":"0.00008135","price":"0.19712500","timestamp":1629577620,"volume":"0.00001604","buyTxId":"67a17ddf2b904c73454f785daa7c23c4e64cbd75","sellTxId":"5aa3fa93c02d362efe5974ddb06503f27ac00192"}
{"index": {"_index":"beer","_id":"1397507"}}
	{"id":1397507,"type":"sell","buyer":"master-lamps","seller":"deathwing","symbol":"BEER","quantity":"0.005","price":"0.19712500","timestamp":1629579306,"volume":"0.00098563","buyTxId":"67a17ddf2b904c73454f785daa7c23c4e64cbd75","sellTxId":"a3b5d63b10a4aa0087187f09c96a31abb1587c33-3"}
{"index": {"_index":"beer","_id":"1398549"}}
	{"id":1398549,"type":"buy","buyer":"thejr","seller":"bashadow","symbol":"BEER","quantity":"0.28578364","price":"0.20500000","timestamp":1629597264,"volume":"0.05858565","buyTxId":"f9bdb1f099d40cff98a913401644281b5ce43470","sellTxId":"617588851ad05a8428a609af866e80a54d1e54ba"}
{"index": {"_index":"beer","_id":"1398550"}}
	{"id":1398550,"type":"buy","buyer":"thejr","seller":"master-lamps","symbol":"BEER","quantity":"0.36200000","price":"0.21996988","timestamp":1629597264,"volume":"0.07962910","buyTxId":"f9bdb1f099d40cff98a913401644281b5ce43470","sellTxId":"a4acd56b7307c38bd1ce40868fe32e9dfbfa21f1"}
{"index": {"_index":"beer","_id":"1398551"}}
	{"id":1398551,"type":"buy","buyer":"thejr","seller":"master-lamps","symbol":"BEER","quantity":"0.06250000","price":"0.21996989","timestamp":1629597264,"volume":"0.01374812","buyTxId":"f9bdb1f099d40cff98a913401644281b5ce43470","sellTxId":"d7a5f3fa57fa3644d636a2142758d42046fddaa0"}
{"index": {"_index":"beer","_id":"1398552"}}
	{"id":1398552,"type":"buy","buyer":"thejr","seller":"master-lamps","symbol":"BEER","quantity":"1.88000000","price":"0.21996999","timestamp":1629597264,"volume":"0.41354358","buyTxId":"f9bdb1f099d40cff98a913401644281b5ce43470","sellTxId":"f184ad724b2e2c23f5012defe2fc7dd998644bed"}
{"index": {"_index":"beer","_id":"1398553"}}
	{"id":1398553,"type":"buy","buyer":"thejr","seller":"master-lamps","symbol":"BEER","quantity":"5.46560266","price":"0.21997997","timestamp":1629597264,"volume":"1.20232311","buyTxId":"f9bdb1f099d40cff98a913401644281b5ce43470","sellTxId":"86dcca05f9e2f31a993e2acd67f38d2a2ac76c6b"}
{"index": {"_index":"beer","_id":"1398554"}}
	{"id":1398554,"type":"buy","buyer":"thejr","seller":"master-lamps","symbol":"BEER","quantity":"0.15000000","price":"0.21997997","timestamp":1629597264,"volume":"0.03299700","buyTxId":"f9bdb1f099d40cff98a913401644281b5ce43470","sellTxId":"1e53e513ce56dbaa96bcd524f411128e2eff5a3e"}
{"index": {"_index":"beer","_id":"1398555"}}
	{"id":1398555,"type":"buy","buyer":"thejr","seller":"master-lamps","symbol":"BEER","quantity":"1.79411370","price":"0.21997997","timestamp":1629597264,"volume":"0.39466908","buyTxId":"f9bdb1f099d40cff98a913401644281b5ce43470","sellTxId":"456465d7fc14769030fc92cdd1ac2c49317dba4e"}
