{"index": {"_index":"beer","_id":"2098495"}}
	{"id":2098495,"type":"sell","buyer":"coolsurfer","seller":"thelogicaldude","symbol":"BEER","quantity":"2.38500000","price":"0.18000000","timestamp":1637809116,"volume":"0.42930000","buyTxId":"f36a7914c00d4f612801c1ada90586fa35f1aa6a","sellTxId":"79a2ed2a580ad0c57d6d10acb750774fe6f5790b"}
{"index": {"_index":"beer","_id":"2098601"}}
	{"id":2098601,"type":"sell","buyer":"coolsurfer","seller":"ru-trail","symbol":"BEER","quantity":"0.05000000","price":"0.18000000","timestamp":1637809701,"volume":"0.00900000","buyTxId":"f36a7914c00d4f612801c1ada90586fa35f1aa6a","sellTxId":"ec4492d62106c86ba1161ebaf95a615575075490"}
{"index": {"_index":"beer","_id":"2098837"}}
	{"id":2098837,"type":"sell","buyer":"coolsurfer","seller":"krusty81","symbol":"BEER","quantity":"13.97151153","price":"0.18000000","timestamp":1637811576,"volume":"2.51487208","buyTxId":"f36a7914c00d4f612801c1ada90586fa35f1aa6a","sellTxId":"ea9213bcf9c91e6780d5b69b1f0a9b8fac5e3448"}
{"index": {"_index":"beer","_id":"2099250"}}
	{"id":2099250,"type":"sell","buyer":"coolsurfer","seller":"methus","symbol":"BEER","quantity":"92.50897550","price":"0.18000000","timestamp":1637814246,"volume":"16.65161559","buyTxId":"f36a7914c00d4f612801c1ada90586fa35f1aa6a","sellTxId":"27b8e7f76bc45c79102b33759ab2cf7d0f2a9dc4"}
{"index": {"_index":"beer","_id":"2099477"}}
	{"id":2099477,"type":"sell","buyer":"olympicdragon","seller":"kharma.scribbles","symbol":"BEER","quantity":"6.35112192","price":"0.13000000","timestamp":1637815443,"volume":"0.82564585","buyTxId":"10d1bf29e0221addcf09cb02ed513244f99d3da6","sellTxId":"b1e057fc2761029d8521f20377a1f2cf88a2d94a"}
{"index": {"_index":"beer","_id":"2099712"}}
	{"id":2099712,"type":"sell","buyer":"olympicdragon","seller":"juanvegetarian","symbol":"BEER","quantity":"1.79500000","price":"0.13000000","timestamp":1637816295,"volume":"0.23335000","buyTxId":"10d1bf29e0221addcf09cb02ed513244f99d3da6","sellTxId":"917866fe3adcf7c494d19ad52941ef394d5c57b3"}
{"index": {"_index":"beer","_id":"2100559"}}
	{"id":2100559,"type":"sell","buyer":"olympicdragon","seller":"mafia.wallet","symbol":"BEER","quantity":"0.035","price":"0.13000000","timestamp":1637822379,"volume":"0.00455000","buyTxId":"10d1bf29e0221addcf09cb02ed513244f99d3da6","sellTxId":"d8bbe1c35a46b607833de568acbc03bde8bcb9f8-3"}
{"index": {"_index":"beer","_id":"2100629"}}
	{"id":2100629,"type":"buy","buyer":"instagram-models","seller":"methus","symbol":"BEER","quantity":"7.39102450","price":"0.18000000","timestamp":1637823006,"volume":"1.33038441","buyTxId":"900aa23da2e2ea80336aabcb822476d6e2492d9c","sellTxId":"27b8e7f76bc45c79102b33759ab2cf7d0f2a9dc4"}
{"index": {"_index":"beer","_id":"2100630"}}
	{"id":2100630,"type":"buy","buyer":"instagram-models","seller":"stayoutoftherz","symbol":"BEER","quantity":"6.39349225","price":"0.18200000","timestamp":1637823006,"volume":"1.16361559","buyTxId":"900aa23da2e2ea80336aabcb822476d6e2492d9c","sellTxId":"15ad6a1b3e7090e857a33ea4455a60835b89332d"}
{"index": {"_index":"beer","_id":"2100727"}}
	{"id":2100727,"type":"sell","buyer":"olympicdragon","seller":"schlees","symbol":"BEER","quantity":"1.00000000","price":"0.13000000","timestamp":1637823891,"volume":"0.13000000","buyTxId":"10d1bf29e0221addcf09cb02ed513244f99d3da6","sellTxId":"a5098c1c19c999dc88f8a82509ba5b6f82e79827"}
{"index": {"_index":"beer","_id":"2100980"}}
	{"id":2100980,"type":"sell","buyer":"olympicdragon","seller":"sinjinn","symbol":"BEER","quantity":"0.01700000","price":"0.13000000","timestamp":1637826975,"volume":"0.00221000","buyTxId":"10d1bf29e0221addcf09cb02ed513244f99d3da6","sellTxId":"98d330b5b025a605c1f244308bb9b35123d3ab0a"}
{"index": {"_index":"beer","_id":"2101501"}}
	{"id":2101501,"type":"sell","buyer":"olympicdragon","seller":"martusamak","symbol":"BEER","quantity":"0.08054687","price":"0.13000000","timestamp":1637831589,"volume":"0.01047109","buyTxId":"10d1bf29e0221addcf09cb02ed513244f99d3da6","sellTxId":"79267c8e6dfc507b2bbf49c73c83efadea2940b5"}
{"index": {"_index":"beer","_id":"2101931"}}
	{"id":2101931,"type":"sell","buyer":"olympicdragon","seller":"evernoticethat","symbol":"BEER","quantity":"1.15122564","price":"0.13000000","timestamp":1637834982,"volume":"0.14965933","buyTxId":"10d1bf29e0221addcf09cb02ed513244f99d3da6","sellTxId":"3b9b2ceb1fec7d2090d4c4743825d2f9445cb958"}
{"index": {"_index":"beer","_id":"2102915"}}
	{"id":2102915,"type":"buy","buyer":"nyxlabs","seller":"cookaiss","symbol":"BEER","quantity":"0.32664171","price":"0.18000000","timestamp":1637842455,"volume":"0.05879551","buyTxId":"008a5a02beef8a065d3120c596a98e311878020c","sellTxId":"c8d1ff8cf3047f2885c5b6196e27493d93c6fd06"}
{"index": {"_index":"beer","_id":"2103799"}}
	{"id":2103799,"type":"sell","buyer":"nyxlabs","seller":"jeanlucsr","symbol":"BEER","quantity":"4.67335829","price":"0.18000000","timestamp":1637849955,"volume":"0.84120449","buyTxId":"008a5a02beef8a065d3120c596a98e311878020c","sellTxId":"a11f917874b6d890ac81f804e2c1a85258c465ce"}
{"index": {"_index":"beer","_id":"2105533"}}
	{"id":2105533,"type":"buy","buyer":"sentipl","seller":"jeanlucsr","symbol":"BEER","quantity":"0.00350157","price":"0.18000000","timestamp":1637859912,"volume":"0.00063028","buyTxId":"3561342afb5580cee16d50cd3a5f44179baa2c38","sellTxId":"a11f917874b6d890ac81f804e2c1a85258c465ce"}
{"index": {"_index":"beer","_id":"2105830"}}
	{"id":2105830,"type":"sell","buyer":"olympicdragon","seller":"stickupboys","symbol":"BEER","quantity":"1.23100000","price":"0.13000000","timestamp":1637860695,"volume":"0.16003000","buyTxId":"10d1bf29e0221addcf09cb02ed513244f99d3da6","sellTxId":"0850c0c2c0ffa5874f0461f475d2a9fec1f7420b"}
{"index": {"_index":"beer","_id":"2107559"}}
	{"id":2107559,"type":"sell","buyer":"olympicdragon","seller":"dotwin1981","symbol":"BEER","quantity":"0.23310557","price":"0.13000000","timestamp":1637864847,"volume":"0.03030372","buyTxId":"10d1bf29e0221addcf09cb02ed513244f99d3da6","sellTxId":"fd1ee2c57a3a6b3e6f03116b08bb67a0aa25ca26"}
{"index": {"_index":"beer","_id":"2107643"}}
	{"id":2107643,"type":"sell","buyer":"chaosmagic23","seller":"felipejoys","symbol":"BEER","quantity":"1.00000000","price":"0.12013000","timestamp":1637865093,"volume":"0.12013000","buyTxId":"260ac688886ded75975f4c3bb6d6c45cd957bab4","sellTxId":"9087f7068c8c64287b8ebad873c949e11964d0c0"}
{"index": {"_index":"beer","_id":"2107644"}}
	{"id":2107644,"type":"sell","buyer":"nupulse","seller":"felipejoys","symbol":"BEER","quantity":"25.00000000","price":"0.12000000","timestamp":1637865093,"volume":"3.00000000","buyTxId":"51055c01df9cd932df80e549c3d1df02396bf20e","sellTxId":"9087f7068c8c64287b8ebad873c949e11964d0c0"}
{"index": {"_index":"beer","_id":"2107645"}}
	{"id":2107645,"type":"sell","buyer":"krusty81","seller":"felipejoys","symbol":"BEER","quantity":"1.50241647","price":"0.11200000","timestamp":1637865093,"volume":"0.16827064","buyTxId":"5de7be474eedb343e261fe68000856931cd7e65f","sellTxId":"9087f7068c8c64287b8ebad873c949e11964d0c0"}
{"index": {"_index":"beer","_id":"2108123"}}
	{"id":2108123,"type":"sell","buyer":"krusty81","seller":"celescu","symbol":"BEER","quantity":"0.17605516","price":"0.11200000","timestamp":1637868774,"volume":"0.01971818","buyTxId":"5de7be474eedb343e261fe68000856931cd7e65f","sellTxId":"d3a090cb0f40e9e3c02c31454ce0f08a3abc9a5d"}
{"index": {"_index":"beer","_id":"2108456"}}
	{"id":2108456,"type":"buy","buyer":"detlev","seller":"dotwin1981","symbol":"BEER","quantity":"0.23974249","price":"0.13000000","timestamp":1637871930,"volume":"0.03116652","buyTxId":"1e80d6b4e6f7c93e286d3e56a1ac41a74891132e","sellTxId":"fd1ee2c57a3a6b3e6f03116b08bb67a0aa25ca26"}
{"index": {"_index":"beer","_id":"2108460"}}
	{"id":2108460,"type":"buy","buyer":"detlev","seller":"jeanlucsr","symbol":"BEER","quantity":"0.10000000","price":"0.18000000","timestamp":1637871996,"volume":"0.01800000","buyTxId":"3251b0bfe106118d288b2580a1648f3874a2b661","sellTxId":"a11f917874b6d890ac81f804e2c1a85258c465ce"}
{"index": {"_index":"beer","_id":"2108465"}}
	{"id":2108465,"type":"sell","buyer":"detlev","seller":"vipservice","symbol":"BEER","quantity":"6.12229914","price":"0.17000000","timestamp":1637872104,"volume":"1.04079085","buyTxId":"a0d069a1511ef0b3e973555afbbab6093a2af066","sellTxId":"43e67e0a360e483764e70ff6161868a2f7ab123c"}
{"index": {"_index":"beer","_id":"2110065"}}
	{"id":2110065,"type":"sell","buyer":"detlev","seller":"elevator09","symbol":"BEER","quantity":"0.15100000","price":"0.17000000","timestamp":1637881512,"volume":"0.02567000","buyTxId":"a0d069a1511ef0b3e973555afbbab6093a2af066","sellTxId":"7682930c3381ffc6259669fc124206d5bd23171f"}
{"index": {"_index":"beer","_id":"2110223"}}
	{"id":2110223,"type":"sell","buyer":"detlev","seller":"miketr","symbol":"BEER","quantity":"10.00000000","price":"0.17000000","timestamp":1637882670,"volume":"1.70000000","buyTxId":"a0d069a1511ef0b3e973555afbbab6093a2af066","sellTxId":"a56e07e16d1db2654b04aa84dce88ef063ffceec"}
{"index": {"_index":"beer","_id":"2110962"}}
	{"id":2110962,"type":"sell","buyer":"detlev","seller":"marvinix","symbol":"BEER","quantity":"0.08","price":"0.17000000","timestamp":1637886273,"volume":"0.01360000","buyTxId":"a0d069a1511ef0b3e973555afbbab6093a2af066","sellTxId":"6b47d46f6984ee9983d3b7dba3224405e85ef81d"}
{"index": {"_index":"beer","_id":"2111240"}}
	{"id":2111240,"type":"sell","buyer":"detlev","seller":"indextrader24","symbol":"BEER","quantity":"8.64670086","price":"0.17000000","timestamp":1637887680,"volume":"1.46993915","buyTxId":"a0d069a1511ef0b3e973555afbbab6093a2af066","sellTxId":"477529548be6f13f9efe8cfb470dbae5de468749"}
{"index": {"_index":"beer","_id":"2111645"}}
	{"id":2111645,"type":"sell","buyer":"harveyword","seller":"krenden","symbol":"BEER","quantity":"0.00200000","price":"0.11300000","timestamp":1637889552,"volume":"0.00022600","buyTxId":"2d3959475c2e8f64ae24228ac0f6f5566ee61427","sellTxId":"3fde651346b1a0a29c1b91ba07ca39c9b0232d2b"}
{"index": {"_index":"beer","_id":"2111919"}}
	{"id":2111919,"type":"sell","buyer":"harveyword","seller":"mafia.wallet","symbol":"BEER","quantity":"0.035","price":"0.11300000","timestamp":1637890701,"volume":"0.00395500","buyTxId":"2d3959475c2e8f64ae24228ac0f6f5566ee61427","sellTxId":"c1ca220515d051c222c64ee148288710f16d417c-3"}
{"index": {"_index":"beer","_id":"2112722"}}
	{"id":2112722,"type":"sell","buyer":"amaari","seller":"nrg","symbol":"BEER","quantity":"15.00000000","price":"0.11300001","timestamp":1637894919,"volume":"1.69500015","buyTxId":"f3af28588143eb2827b1050d0f1a67b91a565da7","sellTxId":"25c6a906daa03f69da6d449392301f6744ffb224-9"}
{"index": {"_index":"beer","_id":"2112723"}}
	{"id":2112723,"type":"sell","buyer":"harveyword","seller":"nrg","symbol":"BEER","quantity":"3.04000000","price":"0.11300000","timestamp":1637894919,"volume":"0.34352000","buyTxId":"2d3959475c2e8f64ae24228ac0f6f5566ee61427","sellTxId":"25c6a906daa03f69da6d449392301f6744ffb224-9"}
