{"index": {"_index":"beer","_id":"4028333"}}
	{"id":4028333,"type":"sell","buyer":"harveyword","seller":"backinblackdevil","symbol":"BEER","quantity":"0.07900278","price":"0.08940000","timestamp":1659237219,"volume":"0.00706285","buyTxId":"f4af77c9f74f2eea04f2d868d69b07c3239dc08c","sellTxId":"1f3e83565f2370bafb10c9c8f0ee0a1eeff9367d"}
{"index": {"_index":"beer","_id":"4028589"}}
	{"id":4028589,"type":"sell","buyer":"harveyword","seller":"crypto-futurist","symbol":"BEER","quantity":"0.00100000","price":"0.08940000","timestamp":1659240786,"volume":"0.00008940","buyTxId":"f4af77c9f74f2eea04f2d868d69b07c3239dc08c","sellTxId":"12188f19e9ae8550e8a20f7f068b8116afdb2119"}
{"index": {"_index":"beer","_id":"4031302"}}
	{"id":4031302,"type":"sell","buyer":"harveyword","seller":"damla","symbol":"BEER","quantity":"0.07968749","price":"0.08940000","timestamp":1659275484,"volume":"0.00712406","buyTxId":"f4af77c9f74f2eea04f2d868d69b07c3239dc08c","sellTxId":"ce719fb71021ac6bedb3369e0e353ed58fe2a264"}
{"index": {"_index":"beer","_id":"4032658"}}
	{"id":4032658,"type":"sell","buyer":"harveyword","seller":"resiliencia","symbol":"BEER","quantity":"0.15526926","price":"0.08940000","timestamp":1659291387,"volume":"0.01388107","buyTxId":"f4af77c9f74f2eea04f2d868d69b07c3239dc08c","sellTxId":"ad2a8629018030e0b97f0379632f45ca1bc7a477"}
{"index": {"_index":"beer","_id":"4034556"}}
	{"id":4034556,"type":"buy","buyer":"beststart","seller":"claudio83","symbol":"BEER","quantity":"12.49176241","price":"0.08950000","timestamp":1659312381,"volume":"1.11801274","buyTxId":"9790f77ca4a1dfd5e3de70daefe21ec3cece669c","sellTxId":"34b7a8fd0a5c7dbf707ef592fecef809b5d3aa7a"}
{"index": {"_index":"beer","_id":"4034557"}}
	{"id":4034557,"type":"buy","buyer":"beststart","seller":"elyelma","symbol":"BEER","quantity":"0.00500000","price":"0.08950000","timestamp":1659312381,"volume":"0.00044750","buyTxId":"9790f77ca4a1dfd5e3de70daefe21ec3cece669c","sellTxId":"83fcaa0719f380509738c4e0f687c8ce874ac550"}
{"index": {"_index":"beer","_id":"4034558"}}
	{"id":4034558,"type":"buy","buyer":"beststart","seller":"fredkese","symbol":"BEER","quantity":"2.06250000","price":"0.09996900","timestamp":1659312381,"volume":"0.20618606","buyTxId":"9790f77ca4a1dfd5e3de70daefe21ec3cece669c","sellTxId":"637317fc24f3a079771432328984e15ab4f59bc1"}
{"index": {"_index":"beer","_id":"4034559"}}
	{"id":4034559,"type":"buy","buyer":"beststart","seller":"master-lamps","symbol":"BEER","quantity":"0.02000000","price":"0.09996999","timestamp":1659312381,"volume":"0.00199940","buyTxId":"9790f77ca4a1dfd5e3de70daefe21ec3cece669c","sellTxId":"4c395602abacd8e233e0b0aefd44979986afa01c"}
{"index": {"_index":"beer","_id":"4034560"}}
	{"id":4034560,"type":"buy","buyer":"beststart","seller":"master-lamps","symbol":"BEER","quantity":"0.04034156","price":"0.09996999","timestamp":1659312381,"volume":"0.00403295","buyTxId":"9790f77ca4a1dfd5e3de70daefe21ec3cece669c","sellTxId":"326850b1b96441fa374c6f448b776457264fc74e"}
{"index": {"_index":"beer","_id":"4034561"}}
	{"id":4034561,"type":"buy","buyer":"beststart","seller":"master-lamps","symbol":"BEER","quantity":"0.01900000","price":"0.09996999","timestamp":1659312381,"volume":"0.00189943","buyTxId":"9790f77ca4a1dfd5e3de70daefe21ec3cece669c","sellTxId":"9258f64f99c94327b7c513c9894a1611ac00a638"}
{"index": {"_index":"beer","_id":"4034562"}}
	{"id":4034562,"type":"buy","buyer":"beststart","seller":"onlydoge","symbol":"BEER","quantity":"15.88229503","price":"0.09997000","timestamp":1659312381,"volume":"1.58775303","buyTxId":"9790f77ca4a1dfd5e3de70daefe21ec3cece669c","sellTxId":"09aa64a59d0de8b75cb8907830fc7d36821d3243"}
{"index": {"_index":"beer","_id":"4035051"}}
	{"id":4035051,"type":"sell","buyer":"harveyword","seller":"gaboamc2393","symbol":"BEER","quantity":"11.52754047","price":"0.08940000","timestamp":1659313776,"volume":"1.03056212","buyTxId":"f4af77c9f74f2eea04f2d868d69b07c3239dc08c","sellTxId":"9822eb3492a9f86f381a136e4dd577041a41089e"}
{"index": {"_index":"beer","_id":"4035083"}}
	{"id":4035083,"type":"sell","buyer":"maryjane.main","seller":"gaboamc2393","symbol":"BEER","quantity":"0.81745654","price":"0.08930000","timestamp":1659313872,"volume":"0.07299887","buyTxId":"8eab0afd42e5b51a8ec9d652bc42080f656b07cc","sellTxId":"c346a56f2aea02717297048cfea6198c9064acd0"}
{"index": {"_index":"beer","_id":"4035095"}}
	{"id":4035095,"type":"sell","buyer":"maryjane.main","seller":"gaboamc2393","symbol":"BEER","quantity":"5.03734037","price":"0.08930000","timestamp":1659313923,"volume":"0.44983449","buyTxId":"8eab0afd42e5b51a8ec9d652bc42080f656b07cc","sellTxId":"2c3b9c866592bbac14f48671d1a0b30e6a8aa7bf"}
{"index": {"_index":"beer","_id":"4035096"}}
	{"id":4035096,"type":"sell","buyer":"enthef","seller":"gaboamc2393","symbol":"BEER","quantity":"0.81745654","price":"0.08910000","timestamp":1659313923,"volume":"0.07283538","buyTxId":"9663d3fbcda55440994de55c3d8767526f9ea0ee","sellTxId":"2c3b9c866592bbac14f48671d1a0b30e6a8aa7bf"}
{"index": {"_index":"beer","_id":"4036487"}}
	{"id":4036487,"type":"buy","buyer":"alvinruz04","seller":"gaboamc2393","symbol":"BEER","quantity":"24.00000000","price":"0.08910000","timestamp":1659316143,"volume":"2.13840000","buyTxId":"25eeee4603e1042c6f75b2597f168941599abb5d","sellTxId":"2c3b9c866592bbac14f48671d1a0b30e6a8aa7bf"}
