{"index": {"_index":"beer","_id":"1202427"}}
	{"id":1202427,"type":"sell","buyer":"rivalzzz","seller":"sirdemian","symbol":"BEER","quantity":"0.23200000","price":"0.21180000","timestamp":1625701029,"volume":"0.04913760","buyTxId":"0fb0fa01467c4a2ce668c072dab2dfb04839d1c5","sellTxId":"74586f7ff8bcfd2c58d0aad2931bc7b28706b01b"}
{"index": {"_index":"beer","_id":"1202682"}}
	{"id":1202682,"type":"sell","buyer":"rivalzzz","seller":"rachaeldwatson","symbol":"BEER","quantity":"0.41062554","price":"0.21180000","timestamp":1625710878,"volume":"0.08697049","buyTxId":"0fb0fa01467c4a2ce668c072dab2dfb04839d1c5","sellTxId":"eabffa5ef9bcf4c34b143a833503220fa1db6efa"}
{"index": {"_index":"beer","_id":"1202771"}}
	{"id":1202771,"type":"sell","buyer":"rivalzzz","seller":"schlees","symbol":"BEER","quantity":"24.54981668","price":"0.21180000","timestamp":1625716662,"volume":"5.19965117","buyTxId":"0fb0fa01467c4a2ce668c072dab2dfb04839d1c5","sellTxId":"0a578a6fc0a6c3e41f250a8a4ba60c9f38258e67"}
{"index": {"_index":"beer","_id":"1202772"}}
	{"id":1202772,"type":"sell","buyer":"louis88","seller":"schlees","symbol":"BEER","quantity":"12.00000000","price":"0.21010000","timestamp":1625716662,"volume":"2.52120000","buyTxId":"3537059824020d5cd71afd2b41f4339700e1b088","sellTxId":"0a578a6fc0a6c3e41f250a8a4ba60c9f38258e67"}
{"index": {"_index":"beer","_id":"1202773"}}
	{"id":1202773,"type":"sell","buyer":"detlev","seller":"schlees","symbol":"BEER","quantity":"17.19377044","price":"0.21000000","timestamp":1625716662,"volume":"3.61069179","buyTxId":"f23b3f0893fcbddaa554e1561cde2fb3ce863dd3","sellTxId":"0a578a6fc0a6c3e41f250a8a4ba60c9f38258e67"}
{"index": {"_index":"beer","_id":"1202949"}}
	{"id":1202949,"type":"buy","buyer":"pouchon","seller":"bodie7","symbol":"BEER","quantity":"10.00000000","price":"0.21181000","timestamp":1625721384,"volume":"2.11810000","buyTxId":"81f0c770e20a26d83ec56935c4110ddbc823881d","sellTxId":"1caa2bf053723089724df16eb3d7f488399030f2"}
{"index": {"_index":"beer","_id":"1202955"}}
	{"id":1202955,"type":"sell","buyer":"detlev","seller":"oliverschmid","symbol":"BEER","quantity":"1.25786108","price":"0.21000000","timestamp":1625721477,"volume":"0.26415083","buyTxId":"f23b3f0893fcbddaa554e1561cde2fb3ce863dd3","sellTxId":"87fc589ae36c4620b325007164d0a616fb255d08"}
{"index": {"_index":"beer","_id":"1202969"}}
	{"id":1202969,"type":"sell","buyer":"detlev","seller":"muenchen","symbol":"BEER","quantity":"0.57600000","price":"0.21000000","timestamp":1625721777,"volume":"0.12096000","buyTxId":"f23b3f0893fcbddaa554e1561cde2fb3ce863dd3","sellTxId":"032cce6f167ec07087bcbc88ddbf0e86352c97a1"}
{"index": {"_index":"beer","_id":"1202980"}}
	{"id":1202980,"type":"sell","buyer":"detlev","seller":"vcelier","symbol":"BEER","quantity":"0.16800000","price":"0.21000000","timestamp":1625722044,"volume":"0.03528000","buyTxId":"f23b3f0893fcbddaa554e1561cde2fb3ce863dd3","sellTxId":"d4c9b56fddbd20ef54a78beedc489e869a88d9d8"}
{"index": {"_index":"beer","_id":"1203060"}}
	{"id":1203060,"type":"sell","buyer":"detlev","seller":"mafia.wallet","symbol":"BEER","quantity":"0.055","price":"0.21000000","timestamp":1625724960,"volume":"0.01155000","buyTxId":"f23b3f0893fcbddaa554e1561cde2fb3ce863dd3","sellTxId":"ea576e3eaa4e85bea647880729c98b5c0d8d13d2-2"}
{"index": {"_index":"beer","_id":"1203066"}}
	{"id":1203066,"type":"sell","buyer":"detlev","seller":"itharagaian","symbol":"BEER","quantity":"0.00300099","price":"0.21000000","timestamp":1625725116,"volume":"0.00063021","buyTxId":"f23b3f0893fcbddaa554e1561cde2fb3ce863dd3","sellTxId":"7f2099e84ccab8138b979ed3c1fe43ff2c7e8d86"}
{"index": {"_index":"beer","_id":"1203230"}}
	{"id":1203230,"type":"sell","buyer":"detlev","seller":"sk1920","symbol":"BEER","quantity":"0.74636749","price":"0.21000000","timestamp":1625731815,"volume":"0.15673717","buyTxId":"f23b3f0893fcbddaa554e1561cde2fb3ce863dd3","sellTxId":"e4fc0d2bdfbce81e09a45b9c11f67f0b7956eeef"}
{"index": {"_index":"beer","_id":"1203490"}}
	{"id":1203490,"type":"sell","buyer":"louis88","seller":"musicuniversity","symbol":"BEER","quantity":"0.46298298","price":"0.20189000","timestamp":1625745180,"volume":"0.09347163","buyTxId":"9a10678cac1364a3d9672fa25912b6eee15cc643","sellTxId":"7ef9f88e8c72770e4a39bc948add9b046fcd0c6d"}
{"index": {"_index":"beer","_id":"1203571"}}
	{"id":1203571,"type":"sell","buyer":"louis88","seller":"mary.janikowski","symbol":"BEER","quantity":"2.39350000","price":"0.20189000","timestamp":1625749110,"volume":"0.48322372","buyTxId":"9a10678cac1364a3d9672fa25912b6eee15cc643","sellTxId":"1c32ac8f145fe61a919c48784ff1c4b94b6f51ad"}
{"index": {"_index":"beer","_id":"1203590"}}
	{"id":1203590,"type":"buy","buyer":"detlev","seller":"sk1920","symbol":"BEER","quantity":"0.25363251","price":"0.21000000","timestamp":1625749596,"volume":"0.05326283","buyTxId":"3d836314fa6929f3d2160fcbc893ef5488b3501a","sellTxId":"e4fc0d2bdfbce81e09a45b9c11f67f0b7956eeef"}
{"index": {"_index":"beer","_id":"1203616"}}
	{"id":1203616,"type":"sell","buyer":"louis88","seller":"miketr","symbol":"BEER","quantity":"2.00000000","price":"0.20189000","timestamp":1625750745,"volume":"0.40378000","buyTxId":"9a10678cac1364a3d9672fa25912b6eee15cc643","sellTxId":"82e014d2f12c85b45f015d1effdb247a4151b287"}
{"index": {"_index":"beer","_id":"1203628"}}
	{"id":1203628,"type":"sell","buyer":"louis88","seller":"lotto-de","symbol":"BEER","quantity":"11.50000000","price":"0.20189000","timestamp":1625750901,"volume":"2.32173500","buyTxId":"9a10678cac1364a3d9672fa25912b6eee15cc643","sellTxId":"32b06202563df3fcc882d72e3ffa3189798f17f1"}
{"index": {"_index":"beer","_id":"1203689"}}
	{"id":1203689,"type":"sell","buyer":"louis88","seller":"egistar","symbol":"BEER","quantity":"0.021","price":"0.20189000","timestamp":1625754111,"volume":"0.00423969","buyTxId":"9a10678cac1364a3d9672fa25912b6eee15cc643","sellTxId":"2ee0aa609404edf1db44f08130e4f75ab11224a2"}
{"index": {"_index":"beer","_id":"1203695"}}
	{"id":1203695,"type":"buy","buyer":"beerlover","seller":"bodie7","symbol":"BEER","quantity":"0.10000000","price":"0.21181000","timestamp":1625754417,"volume":"0.02118100","buyTxId":"ab3a613a108f1ad8c1b4dfd7b255a73d42c314e9","sellTxId":"1caa2bf053723089724df16eb3d7f488399030f2"}
{"index": {"_index":"beer","_id":"1203766"}}
	{"id":1203766,"type":"sell","buyer":"louis88","seller":"wearealive","symbol":"BEER","quantity":"0.025","price":"0.20189000","timestamp":1625757585,"volume":"0.00504725","buyTxId":"9a10678cac1364a3d9672fa25912b6eee15cc643","sellTxId":"6023291d8bc09e778f9e72f1322469a12cab23e0"}
{"index": {"_index":"beer","_id":"1204227"}}
	{"id":1204227,"type":"sell","buyer":"louis88","seller":"elevator09","symbol":"BEER","quantity":"1.08900000","price":"0.20189000","timestamp":1625769633,"volume":"0.21985821","buyTxId":"9a10678cac1364a3d9672fa25912b6eee15cc643","sellTxId":"dc5c35c37293f8fc1729e97e894eb2a54160873b"}
{"index": {"_index":"beer","_id":"1204392"}}
	{"id":1204392,"type":"sell","buyer":"louis88","seller":"steemstreems","symbol":"BEER","quantity":"0.01000000","price":"0.20189000","timestamp":1625773926,"volume":"0.00201890","buyTxId":"9a10678cac1364a3d9672fa25912b6eee15cc643","sellTxId":"4742265573c60cf15f5c06101c5d8241b26f904c"}
{"index": {"_index":"beer","_id":"1204463"}}
	{"id":1204463,"type":"buy","buyer":"solymi","seller":"bodie7","symbol":"BEER","quantity":"11.18436810","price":"0.21181000","timestamp":1625776107,"volume":"2.36896101","buyTxId":"0ed3e888b41b42bba1daad806b39f444d17ddce2","sellTxId":"1caa2bf053723089724df16eb3d7f488399030f2"}
{"index": {"_index":"beer","_id":"1204464"}}
	{"id":1204464,"type":"buy","buyer":"solymi","seller":"stevieboyes","symbol":"BEER","quantity":"1.50000000","price":"0.22000000","timestamp":1625776107,"volume":"0.33000000","buyTxId":"0ed3e888b41b42bba1daad806b39f444d17ddce2","sellTxId":"21450c5b8179262da9346968e65b7e452fd6f424"}
{"index": {"_index":"beer","_id":"1204465"}}
	{"id":1204465,"type":"buy","buyer":"solymi","seller":"harveyword","symbol":"BEER","quantity":"1.00000000","price":"0.23000000","timestamp":1625776107,"volume":"0.23000000","buyTxId":"0ed3e888b41b42bba1daad806b39f444d17ddce2","sellTxId":"dcf811277e4740daa963a51600c948bb875803c1"}
{"index": {"_index":"beer","_id":"1204466"}}
	{"id":1204466,"type":"buy","buyer":"solymi","seller":"atomcollector","symbol":"BEER","quantity":"5.76640601","price":"0.23099000","timestamp":1625776107,"volume":"1.33198212","buyTxId":"0ed3e888b41b42bba1daad806b39f444d17ddce2","sellTxId":"e1455cc7b1f958692cdaf84d24605283dd2ba9ea"}
{"index": {"_index":"beer","_id":"1204467"}}
	{"id":1204467,"type":"buy","buyer":"solymi","seller":"atomcollector","symbol":"BEER","quantity":"3.37850000","price":"0.23099000","timestamp":1625776107,"volume":"0.78039972","buyTxId":"0ed3e888b41b42bba1daad806b39f444d17ddce2","sellTxId":"a8b451d8853d5ea02c59cdbc89ce733f5af5706e"}
{"index": {"_index":"beer","_id":"1204468"}}
	{"id":1204468,"type":"buy","buyer":"solymi","seller":"atomcollector","symbol":"BEER","quantity":"1.16410772","price":"0.24684000","timestamp":1625776107,"volume":"0.28734835","buyTxId":"0ed3e888b41b42bba1daad806b39f444d17ddce2","sellTxId":"6a37fdaae4d91170fe14a6b33afbe23a3a64837b"}
{"index": {"_index":"beer","_id":"1204469"}}
	{"id":1204469,"type":"buy","buyer":"solymi","seller":"atomcollector","symbol":"BEER","quantity":"6.06589228","price":"0.24684000","timestamp":1625776107,"volume":"1.49730485","buyTxId":"0ed3e888b41b42bba1daad806b39f444d17ddce2","sellTxId":"9ca2c2d2afec2e8f9c0b75ff5a5f629187362e61"}
{"index": {"_index":"beer","_id":"1204470"}}
	{"id":1204470,"type":"buy","buyer":"solymi","seller":"cloudblade","symbol":"BEER","quantity":"20.96011322","price":"0.24685000","timestamp":1625776107,"volume":"5.17400395","buyTxId":"0ed3e888b41b42bba1daad806b39f444d17ddce2","sellTxId":"aebcc4846a4adb019ba9a7f74302d44f3dfac546"}
{"index": {"_index":"beer","_id":"1204540"}}
	{"id":1204540,"type":"sell","buyer":"louis88","seller":"deathwing","symbol":"BEER","quantity":"0.006","price":"0.20189000","timestamp":1625777706,"volume":"0.00121134","buyTxId":"9a10678cac1364a3d9672fa25912b6eee15cc643","sellTxId":"92e924e01fcb7404bdc63ff98edb7da51988f8e5-4"}
{"index": {"_index":"beer","_id":"1204575"}}
	{"id":1204575,"type":"sell","buyer":"louis88","seller":"phoenixwren","symbol":"BEER","quantity":"3.26230369","price":"0.20189000","timestamp":1625779053,"volume":"0.65862649","buyTxId":"9a10678cac1364a3d9672fa25912b6eee15cc643","sellTxId":"023a3ba93d51a841fa323ce0ea2f7ae576b6036c"}
{"index": {"_index":"beer","_id":"1204808"}}
	{"id":1204808,"type":"sell","buyer":"louis88","seller":"egistar","symbol":"BEER","quantity":"0.03400000","price":"0.20189000","timestamp":1625785593,"volume":"0.00686426","buyTxId":"9a10678cac1364a3d9672fa25912b6eee15cc643","sellTxId":"aedc6114e9bca11e03629db23c70b5be04c39ec6"}
