{"index": {"_index":"beer","_id":"1003070"}}
	{"id":1003070,"type":"sell","buyer":"detlev","seller":"simplegame","symbol":"BEER","quantity":"0.62612993","price":"0.21000000","timestamp":1619571561,"volume":"0.13148729","buyTxId":"8d640badb915587e8efbfdf4558e58d6adc6d859","sellTxId":"821737aa28ddfc51be183686c21e21aaa7ce8213"}
{"index": {"_index":"beer","_id":"1003179"}}
	{"id":1003179,"type":"sell","buyer":"detlev","seller":"contrabourdon","symbol":"BEER","quantity":"0.53426884","price":"0.21000000","timestamp":1619575200,"volume":"0.11219646","buyTxId":"8d640badb915587e8efbfdf4558e58d6adc6d859","sellTxId":"c08526dec6f00d1974f4bbe26ad6d84e40b500c4"}
{"index": {"_index":"beer","_id":"1003806"}}
	{"id":1003806,"type":"sell","buyer":"detlev","seller":"itharagaian","symbol":"BEER","quantity":"0.00300000","price":"0.21000000","timestamp":1619600079,"volume":"0.00063000","buyTxId":"8d640badb915587e8efbfdf4558e58d6adc6d859","sellTxId":"987756fbe9ac9356edf8b6d2b06c56f84941db90"}
{"index": {"_index":"beer","_id":"1004465"}}
	{"id":1004465,"type":"sell","buyer":"detlev","seller":"themarkymark","symbol":"BEER","quantity":"0.41200000","price":"0.21000000","timestamp":1619624604,"volume":"0.08652000","buyTxId":"8d640badb915587e8efbfdf4558e58d6adc6d859","sellTxId":"9bed0879ef26009c3e59e5c0bb53feb13be89b46"}
{"index": {"_index":"beer","_id":"1004901"}}
	{"id":1004901,"type":"sell","buyer":"detlev","seller":"aeneas.blog","symbol":"BEER","quantity":"3.82751659","price":"0.21000000","timestamp":1619635200,"volume":"0.80377848","buyTxId":"8d640badb915587e8efbfdf4558e58d6adc6d859","sellTxId":"f8d35ce70a2433c240817a96a32da0ffd880c9dc"}
{"index": {"_index":"beer","_id":"1004902"}}
	{"id":1004902,"type":"sell","buyer":"art2class","seller":"aeneas.blog","symbol":"BEER","quantity":"0.19753928","price":"0.20000000","timestamp":1619635200,"volume":"0.03950786","buyTxId":"b6af1fb910a3df2d548aba53f70d35a5311bb43a","sellTxId":"f8d35ce70a2433c240817a96a32da0ffd880c9dc"}
{"index": {"_index":"beer","_id":"1004973"}}
	{"id":1004973,"type":"sell","buyer":"art2class","seller":"steem.services","symbol":"BEER","quantity":"0.57200000","price":"0.20000000","timestamp":1619635611,"volume":"0.11440000","buyTxId":"b6af1fb910a3df2d548aba53f70d35a5311bb43a","sellTxId":"01d26d56af44ff50c4bd4e4c607c9bff4f6c5424"}
{"index": {"_index":"beer","_id":"1005112"}}
	{"id":1005112,"type":"sell","buyer":"art2class","seller":"eythorphoto","symbol":"BEER","quantity":"0.19400000","price":"0.20000000","timestamp":1619638179,"volume":"0.03880000","buyTxId":"b6af1fb910a3df2d548aba53f70d35a5311bb43a","sellTxId":"7a5110e704ab0f72bbff396421967b04d0da1283"}
{"index": {"_index":"beer","_id":"1005305"}}
	{"id":1005305,"type":"sell","buyer":"art2class","seller":"deathwing","symbol":"BEER","quantity":"0.009","price":"0.20000000","timestamp":1619643306,"volume":"0.00180000","buyTxId":"b6af1fb910a3df2d548aba53f70d35a5311bb43a","sellTxId":"7845b26175427c32508fe3ea9298a73f06969f12-3"}
{"index": {"_index":"beer","_id":"1005637"}}
	{"id":1005637,"type":"buy","buyer":"dannychain","seller":"derangedvisions","symbol":"BEER","quantity":"5.37221208","price":"0.25000000","timestamp":1619654622,"volume":"1.34305302","buyTxId":"bcda0f5bb91d4876da85242aa58c62598caad75b","sellTxId":"96c4121e52349b46d0bdb2cd84ac5a8967b4c95c"}
{"index": {"_index":"beer","_id":"1005686"}}
	{"id":1005686,"type":"sell","buyer":"art2class","seller":"ronnie10","symbol":"BEER","quantity":"0.26900000","price":"0.20000000","timestamp":1619657511,"volume":"0.05380000","buyTxId":"b6af1fb910a3df2d548aba53f70d35a5311bb43a","sellTxId":"932d63250b10330ee3d88b156df48d4a1ab4c86b"}
{"index": {"_index":"beer","_id":"1005986"}}
	{"id":1005986,"type":"sell","buyer":"art2class","seller":"oliverschmid","symbol":"BEER","quantity":"0.31600000","price":"0.20000000","timestamp":1619670468,"volume":"0.06320000","buyTxId":"b6af1fb910a3df2d548aba53f70d35a5311bb43a","sellTxId":"daedccc3df2f0c81de8bb36939db2faecb9f1439"}
{"index": {"_index":"beer","_id":"1006154"}}
	{"id":1006154,"type":"sell","buyer":"art2class","seller":"ralph-rennoldson","symbol":"BEER","quantity":"0.38750000","price":"0.20000000","timestamp":1619676192,"volume":"0.07750000","buyTxId":"b6af1fb910a3df2d548aba53f70d35a5311bb43a","sellTxId":"79a3b981296eedfda3dd7141a5abeb3bae656dad"}
{"index": {"_index":"beer","_id":"1006262"}}
	{"id":1006262,"type":"sell","buyer":"art2class","seller":"cwow2","symbol":"BEER","quantity":"0.00494669","price":"0.20000000","timestamp":1619679837,"volume":"0.00098934","buyTxId":"b6af1fb910a3df2d548aba53f70d35a5311bb43a","sellTxId":"2bde26a1e296fd8fcd169b9e44d64f263122932a"}
{"index": {"_index":"beer","_id":"1006324"}}
	{"id":1006324,"type":"sell","buyer":"art2class","seller":"wearealive","symbol":"BEER","quantity":"0.00000159","price":"0.20000000","timestamp":1619682888,"volume":"0.00000032","buyTxId":"b6af1fb910a3df2d548aba53f70d35a5311bb43a","sellTxId":"edd0cec7a19ee937c580b0e2019e882bfd7493f9"}
{"index": {"_index":"beer","_id":"1006355"}}
	{"id":1006355,"type":"sell","buyer":"art2class","seller":"itharagaian","symbol":"BEER","quantity":"0.00300900","price":"0.20000000","timestamp":1619683449,"volume":"0.00060180","buyTxId":"b6af1fb910a3df2d548aba53f70d35a5311bb43a","sellTxId":"1438dd0165610e88d2f999a1e91bdb086db35f47"}
{"index": {"_index":"beer","_id":"1006400"}}
	{"id":1006400,"type":"sell","buyer":"art2class","seller":"aliveprojects","symbol":"BEER","quantity":"0.00001328","price":"0.20000000","timestamp":1619685078,"volume":"0.00000266","buyTxId":"b6af1fb910a3df2d548aba53f70d35a5311bb43a","sellTxId":"9624da3fa9d179189a273c484dceb57dcf3b7394"}
{"index": {"_index":"beer","_id":"1006667"}}
	{"id":1006667,"type":"buy","buyer":"elricmoonslayer","seller":"derangedvisions","symbol":"BEER","quantity":"0.46167528","price":"0.25000000","timestamp":1619694870,"volume":"0.11541882","buyTxId":"cdd60ac8aa3b1eb34a213f0cd3d090df590819be","sellTxId":"96c4121e52349b46d0bdb2cd84ac5a8967b4c95c"}
{"index": {"_index":"beer","_id":"1006672"}}
	{"id":1006672,"type":"buy","buyer":"elricmoonslayer","seller":"cloudblade","symbol":"BEER","quantity":"5.00000000","price":"0.29800000","timestamp":1619695104,"volume":"1.49000000","buyTxId":"e72b1552ecf75d0113057d407f585a5ff256869c","sellTxId":"20d65d108c4903f6197e811eb1d8a090f61f3838"}
{"index": {"_index":"beer","_id":"1006857"}}
	{"id":1006857,"type":"sell","buyer":"elricmoonslayer","seller":"khan.dayyanz","symbol":"BEER","quantity":"0.39893224","price":"0.25000000","timestamp":1619701044,"volume":"0.09973306","buyTxId":"cdd60ac8aa3b1eb34a213f0cd3d090df590819be","sellTxId":"04c1a08010755dac51250a057dd0f72c97e680cd"}
{"index": {"_index":"beer","_id":"1006910"}}
	{"id":1006910,"type":"sell","buyer":"elricmoonslayer","seller":"tonytrillions","symbol":"BEER","quantity":"0.00010233","price":"0.25000000","timestamp":1619702778,"volume":"0.00002558","buyTxId":"cdd60ac8aa3b1eb34a213f0cd3d090df590819be","sellTxId":"dd523e66f7213f52ce7d4e9adf96a935eeda227f"}
{"index": {"_index":"beer","_id":"1006912"}}
	{"id":1006912,"type":"sell","buyer":"elricmoonslayer","seller":"steem-hodler","symbol":"BEER","quantity":"4.13929015","price":"0.25000000","timestamp":1619702895,"volume":"1.03482254","buyTxId":"cdd60ac8aa3b1eb34a213f0cd3d090df590819be","sellTxId":"90518cc7a27ff06a77c0e804f962e49e5dd6a235"}
{"index": {"_index":"beer","_id":"1007129"}}
	{"id":1007129,"type":"buy","buyer":"hhayweaver","seller":"lookplz","symbol":"BEER","quantity":"10.00000000","price":"0.24900000","timestamp":1619707023,"volume":"2.49000000","buyTxId":"75b9a2bbb84de44409c0c554bf9c196f43e578a6","sellTxId":"016056e1fb8bf48230dc69e118f5503f2efeb024"}
{"index": {"_index":"beer","_id":"1007173"}}
	{"id":1007173,"type":"sell","buyer":"art2class","seller":"nulledgh0st","symbol":"BEER","quantity":"0.028125","price":"0.20000000","timestamp":1619708574,"volume":"0.00562500","buyTxId":"b6af1fb910a3df2d548aba53f70d35a5311bb43a","sellTxId":"cfa271f6ac90de2f5f18a610813571f29cc9191c"}
{"index": {"_index":"beer","_id":"1007352"}}
	{"id":1007352,"type":"buy","buyer":"deanlogic","seller":"lookplz","symbol":"BEER","quantity":"15.00000000","price":"0.24900000","timestamp":1619714577,"volume":"3.73500000","buyTxId":"ffe8ba6742a29f2eae1733439e4c9580594de694","sellTxId":"016056e1fb8bf48230dc69e118f5503f2efeb024"}
{"index": {"_index":"beer","_id":"1007357"}}
	{"id":1007357,"type":"buy","buyer":"kiel91","seller":"lookplz","symbol":"BEER","quantity":"10.21000000","price":"0.24900000","timestamp":1619714700,"volume":"2.54229000","buyTxId":"3080b4970292a0d3985241f6eec1ae7c2340e38a","sellTxId":"016056e1fb8bf48230dc69e118f5503f2efeb024"}
{"index": {"_index":"beer","_id":"1007358"}}
	{"id":1007358,"type":"sell","buyer":"kiel91","seller":"iptrucs","symbol":"BEER","quantity":"0.02500000","price":"0.24900000","timestamp":1619715039,"volume":"0.00622500","buyTxId":"3080b4970292a0d3985241f6eec1ae7c2340e38a","sellTxId":"29bb12a24ee76f796ea7fd7531239f89de464366"}
{"index": {"_index":"beer","_id":"1007372"}}
	{"id":1007372,"type":"buy","buyer":"kiel91","seller":"steem-hodler","symbol":"BEER","quantity":"0.46070985","price":"0.25000000","timestamp":1619715366,"volume":"0.11517746","buyTxId":"623ab64e1262d65a137adadce5596daf0c9ec5ee","sellTxId":"90518cc7a27ff06a77c0e804f962e49e5dd6a235"}
{"index": {"_index":"beer","_id":"1007386"}}
	{"id":1007386,"type":"buy","buyer":"kiel91","seller":"cloudblade","symbol":"BEER","quantity":"4.62500000","price":"0.29800000","timestamp":1619715702,"volume":"1.37825000","buyTxId":"a6f876bce9944da59006abcc21ad790df196fe56","sellTxId":"20d65d108c4903f6197e811eb1d8a090f61f3838"}
{"index": {"_index":"beer","_id":"1007398"}}
	{"id":1007398,"type":"buy","buyer":"kiel91","seller":"mima2606","symbol":"BEER","quantity":"0.71250000","price":"0.29999998","timestamp":1619715987,"volume":"0.21374999","buyTxId":"f632007343e4be02966bcf4624c386f76d137b6b","sellTxId":"eceff94fb02cc1b73e4bcfec95ab27e6393569f1"}
{"index": {"_index":"beer","_id":"1007399"}}
	{"id":1007399,"type":"buy","buyer":"kiel91","seller":"jimre1","symbol":"BEER","quantity":"0.37700000","price":"0.30000000","timestamp":1619715987,"volume":"0.11310000","buyTxId":"f632007343e4be02966bcf4624c386f76d137b6b","sellTxId":"eb87180c3e0fdacf83f80a3a9b8baeb0432026c7"}
{"index": {"_index":"beer","_id":"1007400"}}
	{"id":1007400,"type":"buy","buyer":"kiel91","seller":"talesfrmthecrypt","symbol":"BEER","quantity":"0.91050000","price":"0.30000000","timestamp":1619715987,"volume":"0.27315000","buyTxId":"f632007343e4be02966bcf4624c386f76d137b6b","sellTxId":"c76d160ebf050bc91b9a2e64690441e044f5d46a"}
{"index": {"_index":"beer","_id":"1007409"}}
	{"id":1007409,"type":"sell","buyer":"kiel91","seller":"tanzofett","symbol":"BEER","quantity":"2.87500000","price":"0.29900000","timestamp":1619716134,"volume":"0.85962500","buyTxId":"a6f876bce9944da59006abcc21ad790df196fe56","sellTxId":"f71fd2acba6be2d80d71dae5c135f551b072cb04"}
{"index": {"_index":"beer","_id":"1007410"}}
	{"id":1007410,"type":"sell","buyer":"art2class","seller":"tanzofett","symbol":"BEER","quantity":"0.18610509","price":"0.20000000","timestamp":1619716134,"volume":"0.03722102","buyTxId":"b6af1fb910a3df2d548aba53f70d35a5311bb43a","sellTxId":"f71fd2acba6be2d80d71dae5c135f551b072cb04"}
{"index": {"_index":"beer","_id":"1008029"}}
	{"id":1008029,"type":"sell","buyer":"art2class","seller":"mafia.wallet","symbol":"BEER","quantity":"0.143","price":"0.20000000","timestamp":1619721150,"volume":"0.02860000","buyTxId":"b6af1fb910a3df2d548aba53f70d35a5311bb43a","sellTxId":"75fc5885260d4109fd7904a82e950f3c10f8a5e3-2"}
{"index": {"_index":"beer","_id":"1008053"}}
	{"id":1008053,"type":"sell","buyer":"art2class","seller":"eythorphoto","symbol":"BEER","quantity":"0.19900000","price":"0.20000000","timestamp":1619722176,"volume":"0.03980000","buyTxId":"b6af1fb910a3df2d548aba53f70d35a5311bb43a","sellTxId":"fbbd05b9d3f8c331bd473b8cdf8f697a98969a52"}
{"index": {"_index":"beer","_id":"1008164"}}
	{"id":1008164,"type":"sell","buyer":"art2class","seller":"tonytrillions","symbol":"BEER","quantity":"0.00010043","price":"0.20000000","timestamp":1619725773,"volume":"0.00002009","buyTxId":"b6af1fb910a3df2d548aba53f70d35a5311bb43a","sellTxId":"a3aed59b835f90dd0a92d8c7217ee95e954dc8e8"}
{"index": {"_index":"beer","_id":"1008192"}}
	{"id":1008192,"type":"sell","buyer":"art2class","seller":"jimre1","symbol":"BEER","quantity":"0.04000000","price":"0.20000000","timestamp":1619726559,"volume":"0.00800000","buyTxId":"b6af1fb910a3df2d548aba53f70d35a5311bb43a","sellTxId":"6010d67b3c26594f4bdd2239d6c211d428f57233"}
{"index": {"_index":"beer","_id":"1008366"}}
	{"id":1008366,"type":"sell","buyer":"art2class","seller":"steem.services","symbol":"BEER","quantity":"0.58000000","price":"0.20000000","timestamp":1619729610,"volume":"0.11600000","buyTxId":"b6af1fb910a3df2d548aba53f70d35a5311bb43a","sellTxId":"c295a704a0ff8d549657b869b9ef12f5ee1434ea"}
{"index": {"_index":"beer","_id":"1008378"}}
	{"id":1008378,"type":"sell","buyer":"art2class","seller":"deathwing","symbol":"BEER","quantity":"0.009","price":"0.20000000","timestamp":1619729706,"volume":"0.00180000","buyTxId":"b6af1fb910a3df2d548aba53f70d35a5311bb43a","sellTxId":"8873b1eed3743b0953438291d7f670dde7e3f373-4"}
{"index": {"_index":"beer","_id":"1008388"}}
	{"id":1008388,"type":"buy","buyer":"steem.services","seller":"talesfrmthecrypt","symbol":"BEER","quantity":"2.68713760","price":"0.30000000","timestamp":1619729796,"volume":"0.80614128","buyTxId":"9de62cbbb1df6009847bcd827f3c28b0c2deeb89","sellTxId":"c76d160ebf050bc91b9a2e64690441e044f5d46a"}
{"index": {"_index":"beer","_id":"1008456"}}
	{"id":1008456,"type":"buy","buyer":"steem.services","seller":"harveyword","symbol":"BEER","quantity":"1.00000000","price":"0.29900000","timestamp":1619731002,"volume":"0.29900000","buyTxId":"c106d3496ac67d92f41c5ea11aac51f38133226c","sellTxId":"471928079f776f233fe61435c806fc38576ef33d"}
{"index": {"_index":"beer","_id":"1008457"}}
	{"id":1008457,"type":"buy","buyer":"steem.services","seller":"talesfrmthecrypt","symbol":"BEER","quantity":"30.00000000","price":"0.30000000","timestamp":1619731002,"volume":"9.00000000","buyTxId":"c106d3496ac67d92f41c5ea11aac51f38133226c","sellTxId":"c76d160ebf050bc91b9a2e64690441e044f5d46a"}
{"index": {"_index":"beer","_id":"1008852"}}
	{"id":1008852,"type":"sell","buyer":"art2class","seller":"theunion","symbol":"BEER","quantity":"1.20000000","price":"0.20000000","timestamp":1619743755,"volume":"0.24000000","buyTxId":"b6af1fb910a3df2d548aba53f70d35a5311bb43a","sellTxId":"b40586f00dc13dd7fcfe0410e0d2c2b98875c5f6"}
{"index": {"_index":"beer","_id":"1009249"}}
	{"id":1009249,"type":"sell","buyer":"art2class","seller":"taitux","symbol":"BEER","quantity":"0.10100000","price":"0.20000000","timestamp":1619749833,"volume":"0.02020000","buyTxId":"b6af1fb910a3df2d548aba53f70d35a5311bb43a","sellTxId":"f7fa4c4a01b3349683a478324d60e3a54b947fa0"}
{"index": {"_index":"beer","_id":"1008852"}}
	{"id":1008852,"type":"sell","buyer":"art2class","seller":"theunion","symbol":"BEER","quantity":"1.20000000","price":"0.20000000","timestamp":1619743755,"volume":"0.24000000","buyTxId":"b6af1fb910a3df2d548aba53f70d35a5311bb43a","sellTxId":"b40586f00dc13dd7fcfe0410e0d2c2b98875c5f6"}
{"index": {"_index":"beer","_id":"1009249"}}
	{"id":1009249,"type":"sell","buyer":"art2class","seller":"taitux","symbol":"BEER","quantity":"0.10100000","price":"0.20000000","timestamp":1619749833,"volume":"0.02020000","buyTxId":"b6af1fb910a3df2d548aba53f70d35a5311bb43a","sellTxId":"f7fa4c4a01b3349683a478324d60e3a54b947fa0"}
{"index": {"_index":"beer","_id":"1009345"}}
	{"id":1009345,"type":"sell","buyer":"art2class","seller":"sk1920","symbol":"BEER","quantity":"1.25000000","price":"0.20000000","timestamp":1619753667,"volume":"0.25000000","buyTxId":"b6af1fb910a3df2d548aba53f70d35a5311bb43a","sellTxId":"6f6007817ec219b68b9aa810c140dfe223290a4a"}
{"index": {"_index":"beer","_id":"1009459"}}
	{"id":1009459,"type":"buy","buyer":"johnsdowie","seller":"priyanarc","symbol":"BEER","quantity":"2.00000000","price":"0.29900000","timestamp":1619756916,"volume":"0.59800000","buyTxId":"3b378b4f47b38fa6b48f3a2386faecdd0915352d","sellTxId":"382df859ef87364041ee1e0e007ef5e49013a1c9"}
{"index": {"_index":"beer","_id":"1009525"}}
	{"id":1009525,"type":"sell","buyer":"art2class","seller":"thesimguru","symbol":"BEER","quantity":"0.11200000","price":"0.20000000","timestamp":1619759412,"volume":"0.02240000","buyTxId":"b6af1fb910a3df2d548aba53f70d35a5311bb43a","sellTxId":"6e921c0ae8b457cc5228ac440f9db74fed8c9466"}
{"index": {"_index":"beer","_id":"1009542"}}
	{"id":1009542,"type":"sell","buyer":"art2class","seller":"itharagaian","symbol":"BEER","quantity":"0.00300000","price":"0.20000000","timestamp":1619760057,"volume":"0.00060000","buyTxId":"b6af1fb910a3df2d548aba53f70d35a5311bb43a","sellTxId":"3aee9e73a5ff06d6e230f717913bae7477dd081a"}
{"index": {"_index":"beer","_id":"1009560"}}
	{"id":1009560,"type":"sell","buyer":"art2class","seller":"mehta","symbol":"BEER","quantity":"0.10000000","price":"0.20000000","timestamp":1619760561,"volume":"0.02000000","buyTxId":"b6af1fb910a3df2d548aba53f70d35a5311bb43a","sellTxId":"2b81956b819652b379f01a3d957f3e9b58fa98b3"}
{"index": {"_index":"beer","_id":"1009880"}}
	{"id":1009880,"type":"sell","buyer":"art2class","seller":"oliverschmid","symbol":"BEER","quantity":"0.10600000","price":"0.20000000","timestamp":1619763267,"volume":"0.02120000","buyTxId":"b6af1fb910a3df2d548aba53f70d35a5311bb43a","sellTxId":"150fe3ca6ff1eae573676f8313f8d3c3dd435fe8"}
{"index": {"_index":"beer","_id":"1010652"}}
	{"id":1010652,"type":"sell","buyer":"art2class","seller":"vcelier","symbol":"BEER","quantity":"0.21900000","price":"0.20000000","timestamp":1619787390,"volume":"0.04380000","buyTxId":"b6af1fb910a3df2d548aba53f70d35a5311bb43a","sellTxId":"518e445301aabd1036c91b5c733558ea7f4ef5b2"}
{"index": {"_index":"beer","_id":"1010906"}}
	{"id":1010906,"type":"sell","buyer":"art2class","seller":"steemstreems","symbol":"BEER","quantity":"0.13185629","price":"0.20000000","timestamp":1619795853,"volume":"0.02637126","buyTxId":"b6af1fb910a3df2d548aba53f70d35a5311bb43a","sellTxId":"471acdbca576b16964886c4d04646a6673a24753"}
{"index": {"_index":"beer","_id":"1011331"}}
	{"id":1011331,"type":"sell","buyer":"art2class","seller":"teenagecrypto","symbol":"BEER","quantity":"1.00000000","price":"0.20000000","timestamp":1619806473,"volume":"0.20000000","buyTxId":"b6af1fb910a3df2d548aba53f70d35a5311bb43a","sellTxId":"ab799f2cc438b19d4285e1eaf4839ab923ca46f7"}
{"index": {"_index":"beer","_id":"1011348"}}
	{"id":1011348,"type":"sell","buyer":"art2class","seller":"oliverschmid","symbol":"BEER","quantity":"0.10600000","price":"0.20000000","timestamp":1619806692,"volume":"0.02120000","buyTxId":"b6af1fb910a3df2d548aba53f70d35a5311bb43a","sellTxId":"5c2a8b102e740d01457d2671102b363ddb5f9598"}
{"index": {"_index":"beer","_id":"1011518"}}
	{"id":1011518,"type":"sell","buyer":"art2class","seller":"jjprac","symbol":"BEER","quantity":"0.41465211","price":"0.20000000","timestamp":1619808954,"volume":"0.08293042","buyTxId":"b6af1fb910a3df2d548aba53f70d35a5311bb43a","sellTxId":"435e68aa9a3cd84ec13566f655a925ad63774b65"}
{"index": {"_index":"beer","_id":"1011568"}}
	{"id":1011568,"type":"sell","buyer":"art2class","seller":"mikemoi","symbol":"BEER","quantity":"0.86271565","price":"0.20000000","timestamp":1619809689,"volume":"0.17254313","buyTxId":"b6af1fb910a3df2d548aba53f70d35a5311bb43a","sellTxId":"3491ba4cf0c7776fa091608d17342abb7b87bc96"}
{"index": {"_index":"beer","_id":"1011569"}}
	{"id":1011569,"type":"sell","buyer":"exator","seller":"mikemoi","symbol":"BEER","quantity":"12.04328435","price":"0.18803000","timestamp":1619809689,"volume":"2.26449876","buyTxId":"a2a3fffc624270637008ad38a21e39c494a74801","sellTxId":"3491ba4cf0c7776fa091608d17342abb7b87bc96"}
{"index": {"_index":"beer","_id":"1011815"}}
	{"id":1011815,"type":"sell","buyer":"exator","seller":"jimre1","symbol":"BEER","quantity":"0.01000000","price":"0.18803000","timestamp":1619815242,"volume":"0.00188030","buyTxId":"a2a3fffc624270637008ad38a21e39c494a74801","sellTxId":"19c1c25e0977945ebe9bc4f7ecc78f2aacaa3540"}
{"index": {"_index":"beer","_id":"1011884"}}
	{"id":1011884,"type":"sell","buyer":"exator","seller":"deathwing","symbol":"BEER","quantity":"0.009","price":"0.18803000","timestamp":1619816106,"volume":"0.00169227","buyTxId":"a2a3fffc624270637008ad38a21e39c494a74801","sellTxId":"7cc6680e42d9688c7b13cd48021943fbe8efbc3e-4"}
{"index": {"_index":"beer","_id":"1012170"}}
	{"id":1012170,"type":"sell","buyer":"exator","seller":"rishi556","symbol":"BEER","quantity":"9.50000000","price":"0.18803000","timestamp":1619823183,"volume":"1.78628500","buyTxId":"a2a3fffc624270637008ad38a21e39c494a74801","sellTxId":"86552a4e64874a12b9a30d4c915c1ab91722f450"}
{"index": {"_index":"beer","_id":"1012282"}}
	{"id":1012282,"type":"sell","buyer":"exator","seller":"tomathomas0","symbol":"BEER","quantity":"0.02000000","price":"0.18803000","timestamp":1619827167,"volume":"0.00376060","buyTxId":"a2a3fffc624270637008ad38a21e39c494a74801","sellTxId":"deac71b798e8d142ffc0c8cc5cffb2a50a9111d8"}
{"index": {"_index":"beer","_id":"1012299"}}
	{"id":1012299,"type":"sell","buyer":"exator","seller":"andy4475","symbol":"BEER","quantity":"0.55294164","price":"0.18803000","timestamp":1619827956,"volume":"0.10396962","buyTxId":"a2a3fffc624270637008ad38a21e39c494a74801","sellTxId":"d37674efc46dab82392f532ee3af94034683c1f7"}
{"index": {"_index":"beer","_id":"1012815"}}
	{"id":1012815,"type":"sell","buyer":"exator","seller":"guruvaj","symbol":"BEER","quantity":"0.12100000","price":"0.18803000","timestamp":1619845440,"volume":"0.02275163","buyTxId":"a2a3fffc624270637008ad38a21e39c494a74801","sellTxId":"adf614f3eedd086c61e4cee40c61ecaae9192251"}
{"index": {"_index":"beer","_id":"1012873"}}
	{"id":1012873,"type":"sell","buyer":"exator","seller":"eythorphoto","symbol":"BEER","quantity":"0.19800000","price":"0.18803000","timestamp":1619848239,"volume":"0.03722994","buyTxId":"a2a3fffc624270637008ad38a21e39c494a74801","sellTxId":"c89604b0828c15d65314790218ae21fe26ce6ab0"}
{"index": {"_index":"beer","_id":"1012897"}}
	{"id":1012897,"type":"sell","buyer":"exator","seller":"onealfa","symbol":"BEER","quantity":"0.259","price":"0.18803000","timestamp":1619849157,"volume":"0.04869977","buyTxId":"a2a3fffc624270637008ad38a21e39c494a74801","sellTxId":"94724a5706c8fece3d9c1a2943792dcb39819949"}
{"index": {"_index":"beer","_id":"1012900"}}
	{"id":1012900,"type":"sell","buyer":"exator","seller":"soteyapanbot","symbol":"BEER","quantity":"1.28677401","price":"0.18803000","timestamp":1619849220,"volume":"0.24195211","buyTxId":"a2a3fffc624270637008ad38a21e39c494a74801","sellTxId":"f8726338904854931c115ff764c2a2fdbb234631"}
{"index": {"_index":"beer","_id":"1013052"}}
	{"id":1013052,"type":"sell","buyer":"iliyan90","seller":"itharagaian","symbol":"BEER","quantity":"0.00300060","price":"0.18801900","timestamp":1619854581,"volume":"0.00056417","buyTxId":"59278773a37c30426298fe71c4b6ef681d95adc5","sellTxId":"abb96d8f2efd4421fae31a2c2f170e26c2dbd936"}
{"index": {"_index":"beer","_id":"1013128"}}
	{"id":1013128,"type":"sell","buyer":"iliyan90","seller":"makeitreal95","symbol":"BEER","quantity":"0.075","price":"0.18801900","timestamp":1619856174,"volume":"0.01410143","buyTxId":"59278773a37c30426298fe71c4b6ef681d95adc5","sellTxId":"e38208283703b66925b0b676ae4e0b83d9f300e7"}
{"index": {"_index":"beer","_id":"1013200"}}
	{"id":1013200,"type":"buy","buyer":"exator","seller":"soteyapanbot","symbol":"BEER","quantity":"2.87822599","price":"0.18803000","timestamp":1619858832,"volume":"0.54119283","buyTxId":"c5e1bf534fa9298788b2c9f996426388f890f165","sellTxId":"f8726338904854931c115ff764c2a2fdbb234631"}
{"index": {"_index":"beer","_id":"1013242"}}
	{"id":1013242,"type":"sell","buyer":"iliyan90","seller":"wearealive","symbol":"BEER","quantity":"0.07500369","price":"0.18801900","timestamp":1619859930,"volume":"0.01410212","buyTxId":"59278773a37c30426298fe71c4b6ef681d95adc5","sellTxId":"677ee3e2486a819989c576d69435680c65cb6cd1"}
{"index": {"_index":"beer","_id":"1013408"}}
	{"id":1013408,"type":"buy","buyer":"ibc","seller":"exator","symbol":"BEER","quantity":"5.00000000","price":"0.24900000","timestamp":1619866635,"volume":"1.24500000","buyTxId":"7ce2a5a5d850189817eeb14dd1b3cacc10f8f998","sellTxId":"022543b0e067aa899c39ba214df78d787949b5bd"}
{"index": {"_index":"beer","_id":"1013428"}}
	{"id":1013428,"type":"sell","buyer":"iliyan90","seller":"elevator09","symbol":"BEER","quantity":"0.19100000","price":"0.18801900","timestamp":1619867361,"volume":"0.03591163","buyTxId":"59278773a37c30426298fe71c4b6ef681d95adc5","sellTxId":"4c9fcf056db9b1c95d903f7e2057f384b8018cc1"}
{"index": {"_index":"beer","_id":"1013596"}}
	{"id":1013596,"type":"buy","buyer":"elricmoonslayer","seller":"exator","symbol":"BEER","quantity":"5.00000000","price":"0.24900000","timestamp":1619872173,"volume":"1.24500000","buyTxId":"49819ed232deed3d5f1ebbd2c8d5e9316d8e4102","sellTxId":"022543b0e067aa899c39ba214df78d787949b5bd"}
{"index": {"_index":"beer","_id":"1013927"}}
	{"id":1013927,"type":"buy","buyer":"dera123","seller":"exator","symbol":"BEER","quantity":"5.00000000","price":"0.24900000","timestamp":1619882229,"volume":"1.24500000","buyTxId":"b7803f8f08fc14dbf7ee0d1f0977ba7e3c6aaffb","sellTxId":"022543b0e067aa899c39ba214df78d787949b5bd"}
{"index": {"_index":"beer","_id":"1014320"}}
	{"id":1014320,"type":"sell","buyer":"iliyan90","seller":"scriptioner","symbol":"BEER","quantity":"0.30400000","price":"0.18801900","timestamp":1619891199,"volume":"0.05715778","buyTxId":"59278773a37c30426298fe71c4b6ef681d95adc5","sellTxId":"626190e6e1db994d771dc6ea5ef998e1ebdc5f9a"}
{"index": {"_index":"beer","_id":"1014630"}}
	{"id":1014630,"type":"sell","buyer":"iliyan90","seller":"karinxxl","symbol":"BEER","quantity":"5.50000002","price":"0.18801900","timestamp":1619897076,"volume":"1.03410450","buyTxId":"59278773a37c30426298fe71c4b6ef681d95adc5","sellTxId":"5530fdc87c3234e472438d7bd8f7bd48d1adce5c"}
{"index": {"_index":"beer","_id":"1014707"}}
	{"id":1014707,"type":"sell","buyer":"iliyan90","seller":"oliverschmid","symbol":"BEER","quantity":"0.10600000","price":"0.18801900","timestamp":1619898807,"volume":"0.01993001","buyTxId":"59278773a37c30426298fe71c4b6ef681d95adc5","sellTxId":"b1bf35e09b3f3eb14ebb84b908aa5cd981ea7169"}
{"index": {"_index":"beer","_id":"1014716"}}
	{"id":1014716,"type":"buy","buyer":"captain.future","seller":"shovelpile","symbol":"BEER","quantity":"0.52800000","price":"0.18802000","timestamp":1619898825,"volume":"0.09927456","buyTxId":"bf07793c594c4cd0bc50b044294cbc310d900bcc","sellTxId":"ff6e7aa6842ed33d4eddf26e8167a429b85712ee"}
{"index": {"_index":"beer","_id":"1014717"}}
	{"id":1014717,"type":"buy","buyer":"captain.future","seller":"themarkymark","symbol":"BEER","quantity":"0.20200000","price":"0.18802000","timestamp":1619898825,"volume":"0.03798004","buyTxId":"bf07793c594c4cd0bc50b044294cbc310d900bcc","sellTxId":"9d7b3cacafaf0e5f641aa6988d4dbef505c2c76d"}
{"index": {"_index":"beer","_id":"1014718"}}
	{"id":1014718,"type":"buy","buyer":"captain.future","seller":"exator","symbol":"BEER","quantity":"5.27000000","price":"0.24900000","timestamp":1619898825,"volume":"1.31223000","buyTxId":"bf07793c594c4cd0bc50b044294cbc310d900bcc","sellTxId":"022543b0e067aa899c39ba214df78d787949b5bd"}
{"index": {"_index":"beer","_id":"1014726"}}
	{"id":1014726,"type":"buy","buyer":"leosoph","seller":"exator","symbol":"BEER","quantity":"3.73000000","price":"0.24900000","timestamp":1619898942,"volume":"0.92877000","buyTxId":"2eee524d7032bdb30c2749e83ccbbd18a34c77a4","sellTxId":"022543b0e067aa899c39ba214df78d787949b5bd"}
{"index": {"_index":"beer","_id":"1014727"}}
	{"id":1014727,"type":"buy","buyer":"leosoph","seller":"luismar1978","symbol":"BEER","quantity":"0.28606425","price":"0.24900000","timestamp":1619898942,"volume":"0.07123000","buyTxId":"2eee524d7032bdb30c2749e83ccbbd18a34c77a4","sellTxId":"325b0e44e956e91501dce7d6c363845f8e3e3349"}
{"index": {"_index":"beer","_id":"1014746"}}
	{"id":1014746,"type":"sell","buyer":"iliyan90","seller":"fantasycrypto","symbol":"BEER","quantity":"0.73200000","price":"0.18801900","timestamp":1619899785,"volume":"0.13762991","buyTxId":"59278773a37c30426298fe71c4b6ef681d95adc5","sellTxId":"2ab25c6b1c03e984dc579151899a6a2603d448f9"}
{"index": {"_index":"beer","_id":"1014834"}}
	{"id":1014834,"type":"sell","buyer":"iliyan90","seller":"deathwing","symbol":"BEER","quantity":"0.009","price":"0.18801900","timestamp":1619902506,"volume":"0.00169217","buyTxId":"59278773a37c30426298fe71c4b6ef681d95adc5","sellTxId":"39bfd7bc20022c381dac680f3f59b1f8bd8304a4-3"}
{"index": {"_index":"beer","_id":"1015103"}}
	{"id":1015103,"type":"sell","buyer":"harveyword","seller":"jk6276","symbol":"BEER","quantity":"0.01250000","price":"0.18810000","timestamp":1619910327,"volume":"0.00235125","buyTxId":"755b2ea38ba2efac0b8c7bf3b36067f2fa242446","sellTxId":"dec83fa47e73a2beb91d40680b3ccbe356cd513c"}
{"index": {"_index":"beer","_id":"1015129"}}
	{"id":1015129,"type":"buy","buyer":"ibc","seller":"luismar1978","symbol":"BEER","quantity":"0.08393575","price":"0.24900000","timestamp":1619911296,"volume":"0.02090000","buyTxId":"de2b977485f569ed9fc102bd1995e02cd35fac3c","sellTxId":"325b0e44e956e91501dce7d6c363845f8e3e3349"}
{"index": {"_index":"beer","_id":"1015238"}}
	{"id":1015238,"type":"sell","buyer":"ibc","seller":"vcelier","symbol":"BEER","quantity":"0.21800000","price":"0.24900000","timestamp":1619916336,"volume":"0.05428200","buyTxId":"de2b977485f569ed9fc102bd1995e02cd35fac3c","sellTxId":"32346132beba7b4a4c07f34527779ac64e3831c8"}
{"index": {"_index":"beer","_id":"1015258"}}
	{"id":1015258,"type":"sell","buyer":"ibc","seller":"nftmart.fees","symbol":"BEER","quantity":"4.69806425","price":"0.24900000","timestamp":1619916996,"volume":"1.16981800","buyTxId":"de2b977485f569ed9fc102bd1995e02cd35fac3c","sellTxId":"968961af90e97725d507bc2f94a1e8a85c08ca48"}
{"index": {"_index":"beer","_id":"1015259"}}
	{"id":1015259,"type":"sell","buyer":"harveyword","seller":"nftmart.fees","symbol":"BEER","quantity":"0.98750000","price":"0.18810000","timestamp":1619916996,"volume":"0.18574875","buyTxId":"755b2ea38ba2efac0b8c7bf3b36067f2fa242446","sellTxId":"968961af90e97725d507bc2f94a1e8a85c08ca48"}
{"index": {"_index":"beer","_id":"1015268"}}
	{"id":1015268,"type":"sell","buyer":"iliyan90","seller":"ronnie10","symbol":"BEER","quantity":"0.16500000","price":"0.18801900","timestamp":1619917548,"volume":"0.03102314","buyTxId":"59278773a37c30426298fe71c4b6ef681d95adc5","sellTxId":"d1bdfccb6b28c5c0536f9c2f2bd128461d4b6441"}
{"index": {"_index":"beer","_id":"1015103"}}
	{"id":1015103,"type":"sell","buyer":"harveyword","seller":"jk6276","symbol":"BEER","quantity":"0.01250000","price":"0.18810000","timestamp":1619910327,"volume":"0.00235125","buyTxId":"755b2ea38ba2efac0b8c7bf3b36067f2fa242446","sellTxId":"dec83fa47e73a2beb91d40680b3ccbe356cd513c"}
{"index": {"_index":"beer","_id":"1015129"}}
	{"id":1015129,"type":"buy","buyer":"ibc","seller":"luismar1978","symbol":"BEER","quantity":"0.08393575","price":"0.24900000","timestamp":1619911296,"volume":"0.02090000","buyTxId":"de2b977485f569ed9fc102bd1995e02cd35fac3c","sellTxId":"325b0e44e956e91501dce7d6c363845f8e3e3349"}
{"index": {"_index":"beer","_id":"1015238"}}
	{"id":1015238,"type":"sell","buyer":"ibc","seller":"vcelier","symbol":"BEER","quantity":"0.21800000","price":"0.24900000","timestamp":1619916336,"volume":"0.05428200","buyTxId":"de2b977485f569ed9fc102bd1995e02cd35fac3c","sellTxId":"32346132beba7b4a4c07f34527779ac64e3831c8"}
{"index": {"_index":"beer","_id":"1015258"}}
	{"id":1015258,"type":"sell","buyer":"ibc","seller":"nftmart.fees","symbol":"BEER","quantity":"4.69806425","price":"0.24900000","timestamp":1619916996,"volume":"1.16981800","buyTxId":"de2b977485f569ed9fc102bd1995e02cd35fac3c","sellTxId":"968961af90e97725d507bc2f94a1e8a85c08ca48"}
{"index": {"_index":"beer","_id":"1015259"}}
	{"id":1015259,"type":"sell","buyer":"harveyword","seller":"nftmart.fees","symbol":"BEER","quantity":"0.98750000","price":"0.18810000","timestamp":1619916996,"volume":"0.18574875","buyTxId":"755b2ea38ba2efac0b8c7bf3b36067f2fa242446","sellTxId":"968961af90e97725d507bc2f94a1e8a85c08ca48"}
{"index": {"_index":"beer","_id":"1015268"}}
	{"id":1015268,"type":"sell","buyer":"iliyan90","seller":"ronnie10","symbol":"BEER","quantity":"0.16500000","price":"0.18801900","timestamp":1619917548,"volume":"0.03102314","buyTxId":"59278773a37c30426298fe71c4b6ef681d95adc5","sellTxId":"d1bdfccb6b28c5c0536f9c2f2bd128461d4b6441"}
{"index": {"_index":"beer","_id":"1016006"}}
	{"id":1016006,"type":"sell","buyer":"iliyan90","seller":"itharagaian","symbol":"BEER","quantity":"0.00300000","price":"0.18801900","timestamp":1619946474,"volume":"0.00056406","buyTxId":"59278773a37c30426298fe71c4b6ef681d95adc5","sellTxId":"1dd7fb5d44772f1f116ab3d2525ed91125b32e56"}
{"index": {"_index":"beer","_id":"1016023"}}
	{"id":1016023,"type":"buy","buyer":"bitcoinflood","seller":"eythorphoto","symbol":"BEER","quantity":"0.19800000","price":"0.22500000","timestamp":1619946978,"volume":"0.04455000","buyTxId":"c21e03cfa68bafb514af90803dd9602b1e05a811","sellTxId":"e0696d602b2aec6be9f148fa2a590fceb8ba90e7"}
{"index": {"_index":"beer","_id":"1016024"}}
	{"id":1016024,"type":"buy","buyer":"bitcoinflood","seller":"megalithic","symbol":"BEER","quantity":"4.80200000","price":"0.25000000","timestamp":1619946978,"volume":"1.20050000","buyTxId":"c21e03cfa68bafb514af90803dd9602b1e05a811","sellTxId":"98fa45a565e63a262da59973b2c6a16a1eb2e692"}
{"index": {"_index":"beer","_id":"1016313"}}
	{"id":1016313,"type":"sell","buyer":"iliyan90","seller":"mapac","symbol":"BEER","quantity":"0.06250000","price":"0.18801900","timestamp":1619954526,"volume":"0.01175119","buyTxId":"59278773a37c30426298fe71c4b6ef681d95adc5","sellTxId":"58071f71d441d8d645afd4564fa0ec3eda03ae30"}
{"index": {"_index":"beer","_id":"1016329"}}
	{"id":1016329,"type":"buy","buyer":"exator","seller":"mfblack","symbol":"BEER","quantity":"62.22049388","price":"0.18802000","timestamp":1619955717,"volume":"11.69869726","buyTxId":"5393f629bd04abc11bc736b828701422c8bd11cb","sellTxId":"6a3e514025253cf55fa2a81e951f8c328ef6c9a0"}
{"index": {"_index":"beer","_id":"1016340"}}
	{"id":1016340,"type":"sell","buyer":"iliyan90","seller":"drutter","symbol":"BEER","quantity":"0.28750000","price":"0.18801900","timestamp":1619956245,"volume":"0.05405546","buyTxId":"59278773a37c30426298fe71c4b6ef681d95adc5","sellTxId":"541a6cd94a207e7002bf0da9f38da2de8ad6e000"}
{"index": {"_index":"beer","_id":"1016361"}}
	{"id":1016361,"type":"sell","buyer":"iliyan90","seller":"tonytrillions","symbol":"BEER","quantity":"0.00010123","price":"0.18801900","timestamp":1619956989,"volume":"0.00001903","buyTxId":"59278773a37c30426298fe71c4b6ef681d95adc5","sellTxId":"4c8b5a478c42ec9926e13c09a06b85ac0bce3af4"}
{"index": {"_index":"beer","_id":"1016900"}}
	{"id":1016900,"type":"sell","buyer":"iliyan90","seller":"jimre1","symbol":"BEER","quantity":"0.01000000","price":"0.18801900","timestamp":1619971089,"volume":"0.00188019","buyTxId":"59278773a37c30426298fe71c4b6ef681d95adc5","sellTxId":"56530e6fdf4b0800cc0553f4a4ffbb23bbdc2639"}
{"index": {"_index":"beer","_id":"1017232"}}
	{"id":1017232,"type":"sell","buyer":"iliyan90","seller":"aeneas.blog","symbol":"BEER","quantity":"0.03799132","price":"0.18801900","timestamp":1619980077,"volume":"0.00714309","buyTxId":"59278773a37c30426298fe71c4b6ef681d95adc5","sellTxId":"c6fc8ff767b505a69aaaff13ec7e50155efdfa61"}
{"index": {"_index":"beer","_id":"1017270"}}
	{"id":1017270,"type":"sell","buyer":"iliyan90","seller":"jjprac","symbol":"BEER","quantity":"0.16438898","price":"0.18801900","timestamp":1619981313,"volume":"0.03090825","buyTxId":"59278773a37c30426298fe71c4b6ef681d95adc5","sellTxId":"8cbbd75e733d14b790e8217b9cb0f5382d1a7151"}
{"index": {"_index":"beer","_id":"1017538"}}
	{"id":1017538,"type":"sell","buyer":"iliyan90","seller":"tonytrillions","symbol":"BEER","quantity":"0.00010694","price":"0.18801900","timestamp":1619986008,"volume":"0.00002011","buyTxId":"59278773a37c30426298fe71c4b6ef681d95adc5","sellTxId":"ff84ccdcc79681ae43d28302f501f526253abb88"}
{"index": {"_index":"beer","_id":"1017542"}}
	{"id":1017542,"type":"sell","buyer":"iliyan90","seller":"eythorphoto","symbol":"BEER","quantity":"0.20100000","price":"0.18801900","timestamp":1619986098,"volume":"0.03779182","buyTxId":"59278773a37c30426298fe71c4b6ef681d95adc5","sellTxId":"58b4f6d05585d8dd662c2e2522125792de6682da"}
{"index": {"_index":"beer","_id":"1017681"}}
	{"id":1017681,"type":"sell","buyer":"iliyan90","seller":"deathwing","symbol":"BEER","quantity":"0.009","price":"0.18801900","timestamp":1619988903,"volume":"0.00169217","buyTxId":"59278773a37c30426298fe71c4b6ef681d95adc5","sellTxId":"c7235a6bacac9c061e055bb4234df007520e45ba-3"}
{"index": {"_index":"beer","_id":"1017763"}}
	{"id":1017763,"type":"buy","buyer":"ibc","seller":"mfblack","symbol":"BEER","quantity":"5.41659710","price":"0.18802000","timestamp":1619991903,"volume":"1.01842859","buyTxId":"d027c26138cb25e65efb121b399bbcb937c6c8f4","sellTxId":"6a3e514025253cf55fa2a81e951f8c328ef6c9a0"}
{"index": {"_index":"beer","_id":"1017764"}}
	{"id":1017764,"type":"buy","buyer":"ibc","seller":"kaseldz","symbol":"BEER","quantity":"0.58340290","price":"0.18802000","timestamp":1619991903,"volume":"0.10969141","buyTxId":"d027c26138cb25e65efb121b399bbcb937c6c8f4","sellTxId":"ac137dd36b17fb67e92c1f8687ced82f5b4963a6"}
{"index": {"_index":"beer","_id":"1017809"}}
	{"id":1017809,"type":"sell","buyer":"iliyan90","seller":"itharagaian","symbol":"BEER","quantity":"0.12830034","price":"0.18801900","timestamp":1619993061,"volume":"0.02412290","buyTxId":"59278773a37c30426298fe71c4b6ef681d95adc5","sellTxId":"10f2b42c8752d953a2a136c01c6f20bc3a751a3a"}
{"index": {"_index":"beer","_id":"1017881"}}
	{"id":1017881,"type":"buy","buyer":"harveyword","seller":"kaseldz","symbol":"BEER","quantity":"1.23859710","price":"0.18802000","timestamp":1619994726,"volume":"0.23288103","buyTxId":"6c486e59281b232be2ad066ea9be8504ec424660","sellTxId":"ac137dd36b17fb67e92c1f8687ced82f5b4963a6"}
{"index": {"_index":"beer","_id":"1017882"}}
	{"id":1017882,"type":"buy","buyer":"harveyword","seller":"holybread","symbol":"BEER","quantity":"0.13750000","price":"0.18802000","timestamp":1619994726,"volume":"0.02585275","buyTxId":"6c486e59281b232be2ad066ea9be8504ec424660","sellTxId":"04066c2178103b1229fd3c46a5bb08ba37b842f3"}
{"index": {"_index":"beer","_id":"1018505"}}
	{"id":1018505,"type":"sell","buyer":"harveyword","seller":"ralph-rennoldson","symbol":"BEER","quantity":"0.12390290","price":"0.18802000","timestamp":1620015882,"volume":"0.02329622","buyTxId":"6c486e59281b232be2ad066ea9be8504ec424660","sellTxId":"c219adc5496ce50008a1e43b8407b4d6e55be555"}
{"index": {"_index":"beer","_id":"1018859"}}
	{"id":1018859,"type":"sell","buyer":"iliyan90","seller":"foodiess","symbol":"BEER","quantity":"13.48705429","price":"0.18801900","timestamp":1620025482,"volume":"2.53582246","buyTxId":"59278773a37c30426298fe71c4b6ef681d95adc5","sellTxId":"44f8216daa38bc48ff570c6709474fc69ac8dbec"}
{"index": {"_index":"beer","_id":"1018991"}}
	{"id":1018991,"type":"sell","buyer":"iliyan90","seller":"monopics","symbol":"BEER","quantity":"0.20000000","price":"0.18801900","timestamp":1620028968,"volume":"0.03760380","buyTxId":"59278773a37c30426298fe71c4b6ef681d95adc5","sellTxId":"307ae2cc0c5d69d8dbd0263fec569a57a3cda23b"}
{"index": {"_index":"beer","_id":"1019676"}}
	{"id":1019676,"type":"sell","buyer":"iliyan90","seller":"alucian","symbol":"BEER","quantity":"7.20000000","price":"0.18801900","timestamp":1620047001,"volume":"1.35373680","buyTxId":"59278773a37c30426298fe71c4b6ef681d95adc5","sellTxId":"d23087c3e70d15959821706d0695f2832f83f4f9"}
{"index": {"_index":"beer","_id":"1019760"}}
	{"id":1019760,"type":"buy","buyer":"roger.remix","seller":"ralph-rennoldson","symbol":"BEER","quantity":"0.18859710","price":"0.18802000","timestamp":1620049482,"volume":"0.03546003","buyTxId":"1831ad0bfde150f9b0e07bc3c419982d497b4861","sellTxId":"c219adc5496ce50008a1e43b8407b4d6e55be555"}
{"index": {"_index":"beer","_id":"1020077"}}
	{"id":1020077,"type":"sell","buyer":"roger.remix","seller":"trifenix","symbol":"BEER","quantity":"0.02800000","price":"0.18803000","timestamp":1620056052,"volume":"0.00526484","buyTxId":"1831ad0bfde150f9b0e07bc3c419982d497b4861","sellTxId":"2b54ac16792356ea5143cc5ec952246140a87ff7"}
{"index": {"_index":"beer","_id":"1020081"}}
	{"id":1020081,"type":"sell","buyer":"roger.remix","seller":"nicanor-mosquera","symbol":"BEER","quantity":"0.45000000","price":"0.18803000","timestamp":1620056265,"volume":"0.08461350","buyTxId":"1831ad0bfde150f9b0e07bc3c419982d497b4861","sellTxId":"bcfbb6083b67e8ac7c20fee3091eb9b072c422a6"}
{"index": {"_index":"beer","_id":"1020496"}}
	{"id":1020496,"type":"sell","buyer":"roger.remix","seller":"onealfa","symbol":"BEER","quantity":"0.131","price":"0.18803000","timestamp":1620065454,"volume":"0.02463193","buyTxId":"1831ad0bfde150f9b0e07bc3c419982d497b4861","sellTxId":"ae0a1bf9d464f7806aefb40b9b7faf8845e56a0c"}
{"index": {"_index":"beer","_id":"1020777"}}
	{"id":1020777,"type":"sell","buyer":"roger.remix","seller":"eythorphoto","symbol":"BEER","quantity":"0.20100000","price":"0.18803000","timestamp":1620069483,"volume":"0.03779403","buyTxId":"1831ad0bfde150f9b0e07bc3c419982d497b4861","sellTxId":"741eaef9a9ea48fd17bcbc2d7fb7f3b6a837d011"}
{"index": {"_index":"beer","_id":"1020928"}}
	{"id":1020928,"type":"sell","buyer":"roger.remix","seller":"manoldonchev","symbol":"BEER","quantity":"1.94900000","price":"0.18803000","timestamp":1620071874,"volume":"0.36647047","buyTxId":"1831ad0bfde150f9b0e07bc3c419982d497b4861","sellTxId":"47751cdbc5e6e41a0bfd917b0c985eab4ae09560"}
{"index": {"_index":"beer","_id":"1020929"}}
	{"id":1020929,"type":"sell","buyer":"roger.remix","seller":"aeneas.blog","symbol":"BEER","quantity":"3.97755587","price":"0.18803000","timestamp":1620071916,"volume":"0.74789983","buyTxId":"1831ad0bfde150f9b0e07bc3c419982d497b4861","sellTxId":"cc10f1c16282bb49dfee4745e6f29741c687a8c8"}
{"index": {"_index":"beer","_id":"1021030"}}
	{"id":1021030,"type":"sell","buyer":"roger.remix","seller":"kamrunnahar","symbol":"BEER","quantity":"0.01250000","price":"0.18803000","timestamp":1620074235,"volume":"0.00235038","buyTxId":"1831ad0bfde150f9b0e07bc3c419982d497b4861","sellTxId":"6b7e233106acf706c25e24361dfc6d942141622d"}
{"index": {"_index":"beer","_id":"1021099"}}
	{"id":1021099,"type":"sell","buyer":"roger.remix","seller":"deathwing","symbol":"BEER","quantity":"0.009","price":"0.18803000","timestamp":1620075306,"volume":"0.00169227","buyTxId":"1831ad0bfde150f9b0e07bc3c419982d497b4861","sellTxId":"35ae49a8da2bf5d9d634b617db821bd4f6a1e334-3"}
{"index": {"_index":"beer","_id":"1021114"}}
	{"id":1021114,"type":"sell","buyer":"roger.remix","seller":"elevator09","symbol":"BEER","quantity":"0.14500000","price":"0.18803000","timestamp":1620075750,"volume":"0.02726435","buyTxId":"1831ad0bfde150f9b0e07bc3c419982d497b4861","sellTxId":"61105b75f6611ee76a64f4c1bf9dc96eeb9ff59f"}
{"index": {"_index":"beer","_id":"1021246"}}
	{"id":1021246,"type":"sell","buyer":"roger.remix","seller":"mafia.wallet","symbol":"BEER","quantity":"0.29","price":"0.18803000","timestamp":1620079239,"volume":"0.05452870","buyTxId":"1831ad0bfde150f9b0e07bc3c419982d497b4861","sellTxId":"83b407cff03bb22ae39db0da8167cdb9d26f6a3a-2"}
{"index": {"_index":"beer","_id":"1021384"}}
	{"id":1021384,"type":"sell","buyer":"roger.remix","seller":"automaton","symbol":"BEER","quantity":"3.59000000","price":"0.18803000","timestamp":1620084099,"volume":"0.67502770","buyTxId":"1831ad0bfde150f9b0e07bc3c419982d497b4861","sellTxId":"9d971907fac0258c8b68ff1001934cab440c5d81"}
{"index": {"_index":"beer","_id":"1021847"}}
	{"id":1021847,"type":"sell","buyer":"roger.remix","seller":"ralph-rennoldson","symbol":"BEER","quantity":"0.38750000","price":"0.18803000","timestamp":1620099570,"volume":"0.07286163","buyTxId":"1831ad0bfde150f9b0e07bc3c419982d497b4861","sellTxId":"29a4cc87f057c50ed24ea0e40accda051f76a91c"}
{"index": {"_index":"beer","_id":"1022180"}}
	{"id":1022180,"type":"sell","buyer":"roger.remix","seller":"oliverschmid","symbol":"BEER","quantity":"0.21500000","price":"0.18803000","timestamp":1620111210,"volume":"0.04042645","buyTxId":"1831ad0bfde150f9b0e07bc3c419982d497b4861","sellTxId":"221be9beb0b9029938f550c02428f1f1e58172a9"}
{"index": {"_index":"beer","_id":"1022201"}}
	{"id":1022201,"type":"buy","buyer":"ximlouiii","seller":"harveyword","symbol":"BEER","quantity":"1.00000000","price":"0.24800000","timestamp":1620112131,"volume":"0.24800000","buyTxId":"2c829ea1dbccc5a587b8c20a9f2637171a1ba386","sellTxId":"6ce858b6cd089086a8012b7f8c6a9a568465eb7f"}
{"index": {"_index":"beer","_id":"1022206"}}
	{"id":1022206,"type":"buy","buyer":"ximlouiii","seller":"exator","symbol":"BEER","quantity":"24.00000000","price":"0.24900000","timestamp":1620112317,"volume":"5.97600000","buyTxId":"cd4d4b8382e8bb28ff2abb7028d0fc6bbf7a4222","sellTxId":"d8a0c60da1074eebd13623b784367da4a55e79c8"}
{"index": {"_index":"beer","_id":"1022224"}}
	{"id":1022224,"type":"sell","buyer":"roger.remix","seller":"itharagaian","symbol":"BEER","quantity":"0.00300000","price":"0.18803000","timestamp":1620112818,"volume":"0.00056409","buyTxId":"1831ad0bfde150f9b0e07bc3c419982d497b4861","sellTxId":"689ee20221c46c75f110730b44d8a684fb1d24c8"}
{"index": {"_index":"beer","_id":"1022474"}}
	{"id":1022474,"type":"sell","buyer":"roger.remix","seller":"thesimguru","symbol":"BEER","quantity":"0.15200000","price":"0.18803000","timestamp":1620120555,"volume":"0.02858056","buyTxId":"1831ad0bfde150f9b0e07bc3c419982d497b4861","sellTxId":"a7613c49b91e1edc6da1654b7084e1dcd92dc86c"}
{"index": {"_index":"beer","_id":"1022852"}}
	{"id":1022852,"type":"sell","buyer":"roger.remix","seller":"tonytrillions","symbol":"BEER","quantity":"0.00010558","price":"0.18803000","timestamp":1620136710,"volume":"0.00001985","buyTxId":"1831ad0bfde150f9b0e07bc3c419982d497b4861","sellTxId":"307e45208938b8b3cee76518fc1daeb31cf35d51"}
{"index": {"_index":"beer","_id":"1022980"}}
	{"id":1022980,"type":"sell","buyer":"roger.remix","seller":"sergey44","symbol":"BEER","quantity":"0.02500000","price":"0.18803000","timestamp":1620139941,"volume":"0.00470075","buyTxId":"1831ad0bfde150f9b0e07bc3c419982d497b4861","sellTxId":"ce973353f3e1dc85a795dfb1fb158a09b9bcefce"}
{"index": {"_index":"beer","_id":"1022995"}}
	{"id":1022995,"type":"buy","buyer":"fiberfrau","seller":"jimre1","symbol":"BEER","quantity":"1.50000000","price":"0.24000000","timestamp":1620140589,"volume":"0.36000000","buyTxId":"5ee3f0224b7bf7378c14baac16557551116b4608","sellTxId":"ee9a4eed977a2f887761ac70040895f4fab59d15"}
{"index": {"_index":"beer","_id":"1023516"}}
	{"id":1023516,"type":"sell","buyer":"roger.remix","seller":"vcelier","symbol":"BEER","quantity":"0.22200000","price":"0.18803000","timestamp":1620151632,"volume":"0.04174266","buyTxId":"1831ad0bfde150f9b0e07bc3c419982d497b4861","sellTxId":"eaf5dfbf7917b2f2d5afa5b99e439a0f44b252c0"}
{"index": {"_index":"beer","_id":"1023577"}}
	{"id":1023577,"type":"sell","buyer":"roger.remix","seller":"eythorphoto","symbol":"BEER","quantity":"0.20200000","price":"0.18803000","timestamp":1620152934,"volume":"0.03798206","buyTxId":"1831ad0bfde150f9b0e07bc3c419982d497b4861","sellTxId":"917c5c75b6c1fac910e8eb55af67ba337f2d1440"}
{"index": {"_index":"beer","_id":"1023590"}}
	{"id":1023590,"type":"sell","buyer":"roger.remix","seller":"oliverschmid","symbol":"BEER","quantity":"0.10600000","price":"0.18803000","timestamp":1620153186,"volume":"0.01993118","buyTxId":"1831ad0bfde150f9b0e07bc3c419982d497b4861","sellTxId":"7848f0b3e6431a845b7b9640d704c6e0dd4e3d45"}
{"index": {"_index":"beer","_id":"1023597"}}
	{"id":1023597,"type":"sell","buyer":"roger.remix","seller":"jjprac","symbol":"BEER","quantity":"1.17313010","price":"0.18803000","timestamp":1620153312,"volume":"0.22058365","buyTxId":"1831ad0bfde150f9b0e07bc3c419982d497b4861","sellTxId":"ad16fbc3a4bacd94e7a04a4221fb27f6ebcc6888"}
{"index": {"_index":"beer","_id":"1023682"}}
	{"id":1023682,"type":"sell","buyer":"roger.remix","seller":"steemstreems","symbol":"BEER","quantity":"0.07115688","price":"0.18803000","timestamp":1620154674,"volume":"0.01337963","buyTxId":"1831ad0bfde150f9b0e07bc3c419982d497b4861","sellTxId":"d5689005687003027d78ee715b696d7c172b9c3d"}
{"index": {"_index":"beer","_id":"1023695"}}
	{"id":1023695,"type":"sell","buyer":"roger.remix","seller":"vcelier","symbol":"BEER","quantity":"0.10900000","price":"0.18803000","timestamp":1620154863,"volume":"0.02049527","buyTxId":"1831ad0bfde150f9b0e07bc3c419982d497b4861","sellTxId":"8964760241dfe8a9627172e26b24e6daa31d1af6"}
{"index": {"_index":"beer","_id":"1023841"}}
	{"id":1023841,"type":"sell","buyer":"roger.remix","seller":"oks2crypto","symbol":"BEER","quantity":"0.87500000","price":"0.18803000","timestamp":1620157179,"volume":"0.16452625","buyTxId":"1831ad0bfde150f9b0e07bc3c419982d497b4861","sellTxId":"d487dd162fc20bd88c553aad34e2e41a284a7c2d"}
{"index": {"_index":"beer","_id":"1024048"}}
	{"id":1024048,"type":"sell","buyer":"roger.remix","seller":"mafia.wallet","symbol":"BEER","quantity":"0.072","price":"0.18803000","timestamp":1620160923,"volume":"0.01353816","buyTxId":"1831ad0bfde150f9b0e07bc3c419982d497b4861","sellTxId":"02a913f396faf72da617eb493c93ce3dc1f647f4-2"}
{"index": {"_index":"beer","_id":"1024089"}}
	{"id":1024089,"type":"sell","buyer":"roger.remix","seller":"deathwing","symbol":"BEER","quantity":"0.009","price":"0.18803000","timestamp":1620161706,"volume":"0.00169227","buyTxId":"1831ad0bfde150f9b0e07bc3c419982d497b4861","sellTxId":"92273d8f952288a687603da433aa2f763c4bc442-3"}
{"index": {"_index":"beer","_id":"1024303"}}
	{"id":1024303,"type":"sell","buyer":"roger.remix","seller":"themarkymark","symbol":"BEER","quantity":"0.17150000","price":"0.18803000","timestamp":1620167052,"volume":"0.03224715","buyTxId":"1831ad0bfde150f9b0e07bc3c419982d497b4861","sellTxId":"6d00b1a243e9c861dd3c51d2d2f8ddc9b763e874"}
{"index": {"_index":"beer","_id":"1024462"}}
	{"id":1024462,"type":"sell","buyer":"roger.remix","seller":"simplegame","symbol":"BEER","quantity":"0.62580961","price":"0.18803000","timestamp":1620173700,"volume":"0.11767098","buyTxId":"1831ad0bfde150f9b0e07bc3c419982d497b4861","sellTxId":"7e0a326049807b7038d4ce60d63932dc3eceff4b"}
{"index": {"_index":"beer","_id":"1024303"}}
	{"id":1024303,"type":"sell","buyer":"roger.remix","seller":"themarkymark","symbol":"BEER","quantity":"0.17150000","price":"0.18803000","timestamp":1620167052,"volume":"0.03224715","buyTxId":"1831ad0bfde150f9b0e07bc3c419982d497b4861","sellTxId":"6d00b1a243e9c861dd3c51d2d2f8ddc9b763e874"}
{"index": {"_index":"beer","_id":"1024462"}}
	{"id":1024462,"type":"sell","buyer":"roger.remix","seller":"simplegame","symbol":"BEER","quantity":"0.62580961","price":"0.18803000","timestamp":1620173700,"volume":"0.11767098","buyTxId":"1831ad0bfde150f9b0e07bc3c419982d497b4861","sellTxId":"7e0a326049807b7038d4ce60d63932dc3eceff4b"}
{"index": {"_index":"beer","_id":"1025002"}}
	{"id":1025002,"type":"sell","buyer":"roger.remix","seller":"thatcryptodave","symbol":"BEER","quantity":"2.42969166","price":"0.18803000","timestamp":1620186417,"volume":"0.45685492","buyTxId":"1831ad0bfde150f9b0e07bc3c419982d497b4861","sellTxId":"56e1cdf807ec21454926d11e697fc97bb7ff6de7"}
{"index": {"_index":"beer","_id":"1025223"}}
	{"id":1025223,"type":"buy","buyer":"jarvie","seller":"nftmart.fees","symbol":"BEER","quantity":"1.00000000","price":"0.23999999","timestamp":1620191991,"volume":"0.23999999","buyTxId":"c2aac65764e3cead3d980e4e85d66a1abe5b9a03","sellTxId":"58a5314a8a4e55420213f83dfebace3f86526410-3"}
{"index": {"_index":"beer","_id":"1025224"}}
	{"id":1025224,"type":"buy","buyer":"jarvie","seller":"jimre1","symbol":"BEER","quantity":"0.18679862","price":"0.24000000","timestamp":1620191991,"volume":"0.04483167","buyTxId":"c2aac65764e3cead3d980e4e85d66a1abe5b9a03","sellTxId":"ee9a4eed977a2f887761ac70040895f4fab59d15"}
{"index": {"_index":"beer","_id":"1025225"}}
	{"id":1025225,"type":"buy","buyer":"jarvie","seller":"lrekt01","symbol":"BEER","quantity":"0.01400000","price":"0.24000000","timestamp":1620191991,"volume":"0.00336000","buyTxId":"c2aac65764e3cead3d980e4e85d66a1abe5b9a03","sellTxId":"39c98d251729191d01171f6230e0c83421cd3191"}
{"index": {"_index":"beer","_id":"1025226"}}
	{"id":1025226,"type":"buy","buyer":"jarvie","seller":"harveyword","symbol":"BEER","quantity":"1.40000000","price":"0.24800000","timestamp":1620191991,"volume":"0.34720000","buyTxId":"c2aac65764e3cead3d980e4e85d66a1abe5b9a03","sellTxId":"c2dcd7722bcaed1d0aee6fa7b677efc5c706971c"}
{"index": {"_index":"beer","_id":"1025227"}}
	{"id":1025227,"type":"buy","buyer":"jarvie","seller":"tcpaikano","symbol":"BEER","quantity":"3.91876006","price":"0.24800000","timestamp":1620191991,"volume":"0.97185249","buyTxId":"c2aac65764e3cead3d980e4e85d66a1abe5b9a03","sellTxId":"e45759e2af932849d66f634b3486acaede8995c5"}
{"index": {"_index":"beer","_id":"1025228"}}
	{"id":1025228,"type":"buy","buyer":"jarvie","seller":"exator","symbol":"BEER","quantity":"5.59339698","price":"0.24900000","timestamp":1620191991,"volume":"1.39275585","buyTxId":"c2aac65764e3cead3d980e4e85d66a1abe5b9a03","sellTxId":"d8a0c60da1074eebd13623b784367da4a55e79c8"}
{"index": {"_index":"beer","_id":"1025495"}}
	{"id":1025495,"type":"sell","buyer":"roger.remix","seller":"theoriginal86","symbol":"BEER","quantity":"7.50000000","price":"0.18803000","timestamp":1620199473,"volume":"1.41022500","buyTxId":"1831ad0bfde150f9b0e07bc3c419982d497b4861","sellTxId":"dc3f504dbf6b720be212173348d96e4354921c68"}
{"index": {"_index":"beer","_id":"1025504"}}
	{"id":1025504,"type":"sell","buyer":"roger.remix","seller":"itharagaian","symbol":"BEER","quantity":"0.00300000","price":"0.18803000","timestamp":1620199755,"volume":"0.00056409","buyTxId":"1831ad0bfde150f9b0e07bc3c419982d497b4861","sellTxId":"6706bd1d9f9e8a940f3ae10e0ae7ac981fc14521"}
{"index": {"_index":"beer","_id":"1025525"}}
	{"id":1025525,"type":"sell","buyer":"roger.remix","seller":"filotasriza3","symbol":"BEER","quantity":"0.00041453","price":"0.18803000","timestamp":1620200157,"volume":"0.00007794","buyTxId":"1831ad0bfde150f9b0e07bc3c419982d497b4861","sellTxId":"6382b470e57fa4112e583946ba1d80ec5bf335ce"}
{"index": {"_index":"beer","_id":"1025817"}}
	{"id":1025817,"type":"sell","buyer":"roger.remix","seller":"srmallara","symbol":"BEER","quantity":"0.22519132","price":"0.18803000","timestamp":1620211536,"volume":"0.04234272","buyTxId":"1831ad0bfde150f9b0e07bc3c419982d497b4861","sellTxId":"b1d5a674313dfbe487d3e4528aa9712e54206acc"}
{"index": {"_index":"beer","_id":"1025958"}}
	{"id":1025958,"type":"buy","buyer":"venan","seller":"exator","symbol":"BEER","quantity":"12.05708835","price":"0.24900000","timestamp":1620217512,"volume":"3.00221500","buyTxId":"cb6457de8eea531b45483942f698c94204d1cc95","sellTxId":"d8a0c60da1074eebd13623b784367da4a55e79c8"}
{"index": {"_index":"beer","_id":"1026471"}}
	{"id":1026471,"type":"sell","buyer":"lxsxl","seller":"stevieboyes","symbol":"BEER","quantity":"0.27588117","price":"0.20000000","timestamp":1620231069,"volume":"0.05517623","buyTxId":"5a0f8081611e1da982198841696d5ea81c3e2929","sellTxId":"a0a1eff284424f882c8b339a8c72f7e9e0609ee2"}
{"index": {"_index":"beer","_id":"1026876"}}
	{"id":1026876,"type":"buy","buyer":"frugal-fun","seller":"exator","symbol":"BEER","quantity":"0.10000000","price":"0.24900000","timestamp":1620238923,"volume":"0.02490000","buyTxId":"335475c5b2cbf4757e4ec2231edbf4169ab44f4d","sellTxId":"d8a0c60da1074eebd13623b784367da4a55e79c8"}
{"index": {"_index":"beer","_id":"1026889"}}
	{"id":1026889,"type":"sell","buyer":"lxsxl","seller":"fantasycrypto","symbol":"BEER","quantity":"0.59200000","price":"0.20000000","timestamp":1620239124,"volume":"0.11840000","buyTxId":"5a0f8081611e1da982198841696d5ea81c3e2929","sellTxId":"152d220d4b271d24a08e8df810474860db2e2e9e"}
{"index": {"_index":"beer","_id":"1026902"}}
	{"id":1026902,"type":"sell","buyer":"lxsxl","seller":"mafia.wallet","symbol":"BEER","quantity":"0.072","price":"0.20000000","timestamp":1620239256,"volume":"0.01440000","buyTxId":"5a0f8081611e1da982198841696d5ea81c3e2929","sellTxId":"d2d1fbdd51abc94da33c8d1b51e554ccb5e0af5c-2"}
{"index": {"_index":"beer","_id":"1026983"}}
	{"id":1026983,"type":"sell","buyer":"lxsxl","seller":"eythorphoto","symbol":"BEER","quantity":"0.20500000","price":"0.20000000","timestamp":1620241224,"volume":"0.04100000","buyTxId":"5a0f8081611e1da982198841696d5ea81c3e2929","sellTxId":"2d7b4afcc496dd6a4d7083bd50e6d7d275999220"}
{"index": {"_index":"beer","_id":"1027007"}}
	{"id":1027007,"type":"sell","buyer":"lxsxl","seller":"bengy","symbol":"BEER","quantity":"0.10010000","price":"0.20000000","timestamp":1620241593,"volume":"0.02002000","buyTxId":"5a0f8081611e1da982198841696d5ea81c3e2929","sellTxId":"df29a13710e28bc27381418241825f1cc8dc879c"}
{"index": {"_index":"beer","_id":"1027127"}}
	{"id":1027127,"type":"sell","buyer":"lxsxl","seller":"ronnie10","symbol":"BEER","quantity":"0.22100000","price":"0.20000000","timestamp":1620243219,"volume":"0.04420000","buyTxId":"5a0f8081611e1da982198841696d5ea81c3e2929","sellTxId":"d66b291ee72be42add2ee9197a989ec8ce3d7c70"}
{"index": {"_index":"beer","_id":"1027210"}}
	{"id":1027210,"type":"buy","buyer":"tonytrillions","seller":"exator","symbol":"BEER","quantity":"20.47000855","price":"0.24900000","timestamp":1620244737,"volume":"5.09703213","buyTxId":"f933924332421bf137526b047208f0bbd784f1a1","sellTxId":"d8a0c60da1074eebd13623b784367da4a55e79c8"}
{"index": {"_index":"beer","_id":"1027407"}}
	{"id":1027407,"type":"sell","buyer":"tonytrillions","seller":"deathwing","symbol":"BEER","quantity":"0.009","price":"0.20100000","timestamp":1620248106,"volume":"0.00180900","buyTxId":"a7b61068e501ea5f356300809ef7836f37163dc8","sellTxId":"c0c85e3381a1cf78301d09f4290b8510299e7136-3"}
{"index": {"_index":"beer","_id":"1027413"}}
	{"id":1027413,"type":"buy","buyer":"venan","seller":"megalithic","symbol":"BEER","quantity":"1.86800000","price":"0.25000000","timestamp":1620248265,"volume":"0.46700000","buyTxId":"f0c109c32290fcb7f9167f3ab0d75e0fab021f84","sellTxId":"98fa45a565e63a262da59973b2c6a16a1eb2e692"}
{"index": {"_index":"beer","_id":"1027463"}}
	{"id":1027463,"type":"sell","buyer":"tonytrillions","seller":"steem.services","symbol":"BEER","quantity":"2.74113760","price":"0.20100000","timestamp":1620249699,"volume":"0.55096866","buyTxId":"a7b61068e501ea5f356300809ef7836f37163dc8","sellTxId":"8c61e90c1b34b2f724df4504e686ed1760a3374a"}
{"index": {"_index":"beer","_id":"1028173"}}
	{"id":1028173,"type":"sell","buyer":"tonytrillions","seller":"ralph-rennoldson","symbol":"BEER","quantity":"40.00000000","price":"0.20100000","timestamp":1620269736,"volume":"8.04000000","buyTxId":"a7b61068e501ea5f356300809ef7836f37163dc8","sellTxId":"a1f56c958faa86f55d1ec2606175eeae196bf577"}
{"index": {"_index":"beer","_id":"1028175"}}
	{"id":1028175,"type":"sell","buyer":"tonytrillions","seller":"ralph-rennoldson","symbol":"BEER","quantity":"0.24986240","price":"0.20100000","timestamp":1620269787,"volume":"0.05022234","buyTxId":"a7b61068e501ea5f356300809ef7836f37163dc8","sellTxId":"2ad723697dde87b6c29fca3a4a3635b46cd1fc84"}
{"index": {"_index":"beer","_id":"1028176"}}
	{"id":1028176,"type":"sell","buyer":"lxsxl","seller":"ralph-rennoldson","symbol":"BEER","quantity":"2.75013760","price":"0.20000000","timestamp":1620269787,"volume":"0.55002752","buyTxId":"5a0f8081611e1da982198841696d5ea81c3e2929","sellTxId":"2ad723697dde87b6c29fca3a4a3635b46cd1fc84"}
{"index": {"_index":"beer","_id":"1028178"}}
	{"id":1028178,"type":"sell","buyer":"lxsxl","seller":"ralph-rennoldson","symbol":"BEER","quantity":"0.78388123","price":"0.20000000","timestamp":1620269850,"volume":"0.15677625","buyTxId":"5a0f8081611e1da982198841696d5ea81c3e2929","sellTxId":"4fc1d21f8a3b0a2bc8488e4ab6630197c3e33acd"}
{"index": {"_index":"beer","_id":"1028179"}}
	{"id":1028179,"type":"sell","buyer":"exator","seller":"ralph-rennoldson","symbol":"BEER","quantity":"7.51611877","price":"0.18804000","timestamp":1620269850,"volume":"1.41333097","buyTxId":"bb53ff6fe03a79b000efb881615d9cd923fe2fbd","sellTxId":"4fc1d21f8a3b0a2bc8488e4ab6630197c3e33acd"}
{"index": {"_index":"beer","_id":"1028262"}}
	{"id":1028262,"type":"buy","buyer":"enforcer48","seller":"megalithic","symbol":"BEER","quantity":"2.83000000","price":"0.25000000","timestamp":1620274281,"volume":"0.70750000","buyTxId":"cb35c481b92954f53f165d2faf4f016f83940d35","sellTxId":"98fa45a565e63a262da59973b2c6a16a1eb2e692"}
{"index": {"_index":"beer","_id":"1028263"}}
	{"id":1028263,"type":"buy","buyer":"enforcer48","seller":"cloudblade","symbol":"BEER","quantity":"2.17000000","price":"0.27980000","timestamp":1620274281,"volume":"0.60716600","buyTxId":"cb35c481b92954f53f165d2faf4f016f83940d35","sellTxId":"21f5ea074b8b6168ec22ebdecfbdbb6f0b30bb7d"}
{"index": {"_index":"beer","_id":"1028348"}}
	{"id":1028348,"type":"buy","buyer":"hive-124542","seller":"cloudblade","symbol":"BEER","quantity":"7.45500000","price":"0.27980000","timestamp":1620276705,"volume":"2.08590900","buyTxId":"f42d5d5ba8f0fe9d51e569b499cff9a308cb6196","sellTxId":"21f5ea074b8b6168ec22ebdecfbdbb6f0b30bb7d"}
{"index": {"_index":"beer","_id":"1028350"}}
	{"id":1028350,"type":"buy","buyer":"hive-124542","seller":"lammbock","symbol":"BEER","quantity":"0.81240790","price":"0.28000000","timestamp":1620276771,"volume":"0.22747421","buyTxId":"14746f8b2982746d4f4a42b86de82ea697b4c527","sellTxId":"66116924a1f59715db3755803f85bd42025bf70e"}
{"index": {"_index":"beer","_id":"1028396"}}
	{"id":1028396,"type":"buy","buyer":"hive-124542","seller":"exator","symbol":"BEER","quantity":"2.87996841","price":"0.28900000","timestamp":1620278247,"volume":"0.83231087","buyTxId":"4e8a997ae71b2bcdbab5b15614b953533def90e9","sellTxId":"1915ecdeddb28fdf0b65ce0be3519931db1d26f3"}
{"index": {"_index":"beer","_id":"1028398"}}
	{"id":1028398,"type":"buy","buyer":"hive-124542","seller":"beerlotto","symbol":"BEER","quantity":"17.50000000","price":"0.29000000","timestamp":1620278322,"volume":"5.07500000","buyTxId":"812abfe07a5c7540a7b882214b6588602730760e","sellTxId":"8502c3c91636e65ef4248f54e0e7c451c2f3a3ee"}
{"index": {"_index":"beer","_id":"1028548"}}
	{"id":1028548,"type":"sell","buyer":"exator","seller":"thatcryptodave","symbol":"BEER","quantity":"2.48388123","price":"0.18804000","timestamp":1620283260,"volume":"0.46706903","buyTxId":"bb53ff6fe03a79b000efb881615d9cd923fe2fbd","sellTxId":"7c3aad3fa359345a32262fc371a7c59039f2cb09"}
{"index": {"_index":"beer","_id":"1028549"}}
	{"id":1028549,"type":"sell","buyer":"engrave","seller":"thatcryptodave","symbol":"BEER","quantity":"0.35711877","price":"0.18804000","timestamp":1620283260,"volume":"0.06715261","buyTxId":"54389021435cdf07dd942d6ce2d1a7845135b204","sellTxId":"7c3aad3fa359345a32262fc371a7c59039f2cb09"}
{"index": {"_index":"beer","_id":"1028606"}}
	{"id":1028606,"type":"sell","buyer":"engrave","seller":"onealfa","symbol":"BEER","quantity":"0.196","price":"0.18804000","timestamp":1620286566,"volume":"0.03685584","buyTxId":"54389021435cdf07dd942d6ce2d1a7845135b204","sellTxId":"ebb251e1e1d5d035d300a924a86d5791e3851c45"}
{"index": {"_index":"beer","_id":"1028654"}}
	{"id":1028654,"type":"sell","buyer":"engrave","seller":"itharagaian","symbol":"BEER","quantity":"0.00300000","price":"0.18804000","timestamp":1620289263,"volume":"0.00056412","buyTxId":"54389021435cdf07dd942d6ce2d1a7845135b204","sellTxId":"56a7c818b4eee41e2051e0b32bfeb690e2e5e5c2"}
{"index": {"_index":"beer","_id":"1028660"}}
	{"id":1028660,"type":"buy","buyer":"venan","seller":"exator","symbol":"BEER","quantity":"0.95100000","price":"0.29000000","timestamp":1620289548,"volume":"0.27579000","buyTxId":"bcdf8114c0c2b4c443d22d4a876b012501ed9f70","sellTxId":"84f2d63884175dc9e7eae70eb4a71c3f3c24f59f"}
{"index": {"_index":"beer","_id":"1028666"}}
	{"id":1028666,"type":"buy","buyer":"venan","seller":"exator","symbol":"BEER","quantity":"1.61400000","price":"0.29000000","timestamp":1620290016,"volume":"0.46806000","buyTxId":"10be65c7996c811bfe183fffb2b726d870386615","sellTxId":"84f2d63884175dc9e7eae70eb4a71c3f3c24f59f"}
{"index": {"_index":"beer","_id":"1028706"}}
	{"id":1028706,"type":"sell","buyer":"engrave","seller":"vcelier","symbol":"BEER","quantity":"0.10900000","price":"0.18804000","timestamp":1620291012,"volume":"0.02049636","buyTxId":"54389021435cdf07dd942d6ce2d1a7845135b204","sellTxId":"a00480c36cc94a06a84acf17a074b505e160c797"}
{"index": {"_index":"beer","_id":"1029059"}}
	{"id":1029059,"type":"sell","buyer":"exator","seller":"wearealive","symbol":"BEER","quantity":"0.00001074","price":"0.18805000","timestamp":1620303270,"volume":"0.00000202","buyTxId":"6151d56a64f218082959b25ce39279336d922a70","sellTxId":"034b2ffd076831549068b9e920bba80e99b00f22"}
{"index": {"_index":"beer","_id":"1029072"}}
	{"id":1029072,"type":"buy","buyer":"stickupboys","seller":"exator","symbol":"BEER","quantity":"7.43500000","price":"0.29000000","timestamp":1620303555,"volume":"2.15615000","buyTxId":"03fa66332872e28399f73dd313ddb8d65294d189","sellTxId":"84f2d63884175dc9e7eae70eb4a71c3f3c24f59f"}
{"index": {"_index":"beer","_id":"1029073"}}
	{"id":1029073,"type":"buy","buyer":"stickupboys","seller":"talesfrmthecrypt","symbol":"BEER","quantity":"16.56500000","price":"0.30000000","timestamp":1620303555,"volume":"4.96950000","buyTxId":"03fa66332872e28399f73dd313ddb8d65294d189","sellTxId":"c76d160ebf050bc91b9a2e64690441e044f5d46a"}
{"index": {"_index":"beer","_id":"1029122"}}
	{"id":1029122,"type":"sell","buyer":"exator","seller":"steemstreems","symbol":"BEER","quantity":"0.07449373","price":"0.18805000","timestamp":1620304497,"volume":"0.01400855","buyTxId":"6151d56a64f218082959b25ce39279336d922a70","sellTxId":"2ae70afa0726911cfb76e4e4f16192b04f79353a"}
{"index": {"_index":"beer","_id":"1029502"}}
	{"id":1029502,"type":"sell","buyer":"exator","seller":"aliveprojects","symbol":"BEER","quantity":"0.00001718","price":"0.18805000","timestamp":1620312777,"volume":"0.00000323","buyTxId":"6151d56a64f218082959b25ce39279336d922a70","sellTxId":"d3dd590a9e010927ce3ab14933c367cc64c196b2"}
{"index": {"_index":"beer","_id":"1029560"}}
	{"id":1029560,"type":"sell","buyer":"exator","seller":"nftmart.fees","symbol":"BEER","quantity":"6.81443575","price":"0.18805000","timestamp":1620313830,"volume":"1.28145464","buyTxId":"6151d56a64f218082959b25ce39279336d922a70","sellTxId":"34beecd5744c03f002481634754b1223b3deecd2"}
{"index": {"_index":"beer","_id":"1029694"}}
	{"id":1029694,"type":"buy","buyer":"bitcoinflood","seller":"miketr","symbol":"BEER","quantity":"3.00000000","price":"0.29000000","timestamp":1620317007,"volume":"0.87000000","buyTxId":"c276a20b7e5bb2cd41016ee4304feddde6f73d78","sellTxId":"fd0894b38f28b8a547049bec5beac76130ff63ef"}
{"index": {"_index":"beer","_id":"1029695"}}
	{"id":1029695,"type":"buy","buyer":"bitcoinflood","seller":"exator","symbol":"BEER","quantity":"6.88895740","price":"0.29000000","timestamp":1620317007,"volume":"1.99779765","buyTxId":"c276a20b7e5bb2cd41016ee4304feddde6f73d78","sellTxId":"b979f0ef5d63b8045b7948974ae50418f162a886"}
{"index": {"_index":"beer","_id":"1029706"}}
	{"id":1029706,"type":"sell","buyer":"bitcoinflood","seller":"tute4","symbol":"BEER","quantity":"40.00000000","price":"0.29000000","timestamp":1620317265,"volume":"11.60000000","buyTxId":"c276a20b7e5bb2cd41016ee4304feddde6f73d78","sellTxId":"1fcb0f34c3ddc7ec5c8a8decc43bcefe98afc2a8"}
{"index": {"_index":"beer","_id":"1029967"}}
	{"id":1029967,"type":"sell","buyer":"bitcoinflood","seller":"silvertop","symbol":"BEER","quantity":"0.11104260","price":"0.29000000","timestamp":1620322551,"volume":"0.03220235","buyTxId":"c276a20b7e5bb2cd41016ee4304feddde6f73d78","sellTxId":"f9f7bddb3c5781589d89bdc88ed96f0048735df5"}
{"index": {"_index":"beer","_id":"1029969"}}
	{"id":1029969,"type":"sell","buyer":"exator","seller":"silvertop","symbol":"BEER","quantity":"0.00145740","price":"0.18805000","timestamp":1620322608,"volume":"0.00027406","buyTxId":"6151d56a64f218082959b25ce39279336d922a70","sellTxId":"3055dd5da9c9ff1678da3d3143694c7783323d4e"}
{"index": {"_index":"beer","_id":"1030037"}}
	{"id":1030037,"type":"buy","buyer":"ibc","seller":"tute4","symbol":"BEER","quantity":"100.00000000","price":"0.29500000","timestamp":1620325146,"volume":"29.50000000","buyTxId":"319cfe0ae189bcbb6dc811c0e07180730aa2fa0e","sellTxId":"8d7cba9c039faf8302c2e258466d58f9e91bc951"}
{"index": {"_index":"beer","_id":"1030072"}}
	{"id":1030072,"type":"sell","buyer":"exator","seller":"ronnie10","symbol":"BEER","quantity":"0.04600000","price":"0.18805000","timestamp":1620325803,"volume":"0.00865030","buyTxId":"6151d56a64f218082959b25ce39279336d922a70","sellTxId":"6fe8c6f59fe4fa382745ac84f6d046e7abd17786"}
{"index": {"_index":"beer","_id":"1030180"}}
	{"id":1030180,"type":"sell","buyer":"exator","seller":"eythorphoto","symbol":"BEER","quantity":"0.23100000","price":"0.18805000","timestamp":1620328401,"volume":"0.04343955","buyTxId":"6151d56a64f218082959b25ce39279336d922a70","sellTxId":"cc28bdb24075ea11e89429ec2d803ce7309e5f28"}
{"index": {"_index":"beer","_id":"1030318"}}
	{"id":1030318,"type":"buy","buyer":"tonytrillions","seller":"talesfrmthecrypt","symbol":"BEER","quantity":"3.00000000","price":"0.30000000","timestamp":1620331221,"volume":"0.90000000","buyTxId":"bd4a7e7e27b4d53a7421834396f3124e4e5becb0","sellTxId":"c76d160ebf050bc91b9a2e64690441e044f5d46a"}
{"index": {"_index":"beer","_id":"1030375"}}
	{"id":1030375,"type":"buy","buyer":"lxsxl","seller":"talesfrmthecrypt","symbol":"BEER","quantity":"4.60000000","price":"0.30000000","timestamp":1620332487,"volume":"1.38000000","buyTxId":"7ad835c1df56fc6638fd4094a9055c292ada84de","sellTxId":"c76d160ebf050bc91b9a2e64690441e044f5d46a"}
{"index": {"_index":"beer","_id":"1030414"}}
	{"id":1030414,"type":"sell","buyer":"exator","seller":"mafia.wallet","symbol":"BEER","quantity":"0.081","price":"0.18805000","timestamp":1620333177,"volume":"0.01523205","buyTxId":"6151d56a64f218082959b25ce39279336d922a70","sellTxId":"40f13f56007c92618e03a432ae7e702532e5405a-2"}
{"index": {"_index":"beer","_id":"1030437"}}
	{"id":1030437,"type":"buy","buyer":"lxsxl","seller":"talesfrmthecrypt","symbol":"BEER","quantity":"12.23736240","price":"0.30000000","timestamp":1620333435,"volume":"3.67120872","buyTxId":"c02ac1d7ad705ace89505bd1fbe73aad9f202324","sellTxId":"c76d160ebf050bc91b9a2e64690441e044f5d46a"}
{"index": {"_index":"beer","_id":"1030438"}}
	{"id":1030438,"type":"buy","buyer":"lxsxl","seller":"fycee","symbol":"BEER","quantity":"7.76263760","price":"0.30000000","timestamp":1620333435,"volume":"2.32879128","buyTxId":"c02ac1d7ad705ace89505bd1fbe73aad9f202324","sellTxId":"f3b07003c3a9c5adb58f265953c7ed46653371f3"}
{"index": {"_index":"beer","_id":"1030440"}}
	{"id":1030440,"type":"sell","buyer":"exator","seller":"lightcaptured","symbol":"BEER","quantity":"0.31749172","price":"0.18805000","timestamp":1620333471,"volume":"0.05970432","buyTxId":"6151d56a64f218082959b25ce39279336d922a70","sellTxId":"24ce0436726c09b9a5b44b25a5fc1ed077db82ac"}
{"index": {"_index":"beer","_id":"1030524"}}
	{"id":1030524,"type":"sell","buyer":"exator","seller":"deathwing","symbol":"BEER","quantity":"0.008","price":"0.18805000","timestamp":1620334506,"volume":"0.00150440","buyTxId":"6151d56a64f218082959b25ce39279336d922a70","sellTxId":"f64bdd7dba1ad2382a9f675347d80f50a42313ff-2"}
{"index": {"_index":"beer","_id":"1030751"}}
	{"id":1030751,"type":"sell","buyer":"exator","seller":"pimpstudio","symbol":"BEER","quantity":"4.42609348","price":"0.18805000","timestamp":1620338838,"volume":"0.83232688","buyTxId":"6151d56a64f218082959b25ce39279336d922a70","sellTxId":"5bef5315e345ddce8e0a2a4d313f3e84b3184ded"}
{"index": {"_index":"beer","_id":"1030765"}}
	{"id":1030765,"type":"sell","buyer":"engrave","seller":"pimpstudio","symbol":"BEER","quantity":"0.85689908","price":"0.18804000","timestamp":1620338904,"volume":"0.16113130","buyTxId":"54389021435cdf07dd942d6ce2d1a7845135b204","sellTxId":"9c90e4ed11bf6be80ecf4024e309110a70a07c73"}
{"index": {"_index":"beer","_id":"1030812"}}
	{"id":1030812,"type":"buy","buyer":"venan","seller":"fycee","symbol":"BEER","quantity":"1.56000000","price":"0.30000000","timestamp":1620339957,"volume":"0.46800000","buyTxId":"30a1fb55b87a4b0c5ad71e56d54acc909e3b0be1","sellTxId":"f3b07003c3a9c5adb58f265953c7ed46653371f3"}
{"index": {"_index":"beer","_id":"1030883"}}
	{"id":1030883,"type":"sell","buyer":"engrave","seller":"dannychain","symbol":"BEER","quantity":"4.01406504","price":"0.18804000","timestamp":1620342384,"volume":"0.75480479","buyTxId":"54389021435cdf07dd942d6ce2d1a7845135b204","sellTxId":"add27bf3828c6469cf0d7bda7fe828ff544dabb9"}
{"index": {"_index":"beer","_id":"1030937"}}
	{"id":1030937,"type":"sell","buyer":"engrave","seller":"hypnochain","symbol":"BEER","quantity":"0.03750000","price":"0.18804000","timestamp":1620343761,"volume":"0.00705150","buyTxId":"54389021435cdf07dd942d6ce2d1a7845135b204","sellTxId":"ca85e999716de898d61f69423073327ad20f0a19"}
{"index": {"_index":"beer","_id":"1031133"}}
	{"id":1031133,"type":"buy","buyer":"fiberfrau","seller":"harveyword","symbol":"BEER","quantity":"0.13000000","price":"0.29750000","timestamp":1620351402,"volume":"0.03867500","buyTxId":"5ac0a990da6e5b3fcf91b3fe63ff8491d1bdceb1","sellTxId":"dede737df829fbe4710a89793456810e6c48ba8a"}
{"index": {"_index":"beer","_id":"1031259"}}
	{"id":1031259,"type":"sell","buyer":"engrave","seller":"thatcryptodave","symbol":"BEER","quantity":"1.43880042","price":"0.18804000","timestamp":1620354417,"volume":"0.27055203","buyTxId":"54389021435cdf07dd942d6ce2d1a7845135b204","sellTxId":"32383213e05e5fd4a1e1d16405ce4fced01b3ed5"}
{"index": {"_index":"beer","_id":"1031283"}}
	{"id":1031283,"type":"sell","buyer":"engrave","seller":"jimre1","symbol":"BEER","quantity":"0.02800000","price":"0.18804000","timestamp":1620354738,"volume":"0.00526512","buyTxId":"54389021435cdf07dd942d6ce2d1a7845135b204","sellTxId":"5cb937c5d218e7ad438881c31532def8572b449d"}
{"index": {"_index":"beer","_id":"1031133"}}
	{"id":1031133,"type":"buy","buyer":"fiberfrau","seller":"harveyword","symbol":"BEER","quantity":"0.13000000","price":"0.29750000","timestamp":1620351402,"volume":"0.03867500","buyTxId":"5ac0a990da6e5b3fcf91b3fe63ff8491d1bdceb1","sellTxId":"dede737df829fbe4710a89793456810e6c48ba8a"}
{"index": {"_index":"beer","_id":"1031259"}}
	{"id":1031259,"type":"sell","buyer":"engrave","seller":"thatcryptodave","symbol":"BEER","quantity":"1.43880042","price":"0.18804000","timestamp":1620354417,"volume":"0.27055203","buyTxId":"54389021435cdf07dd942d6ce2d1a7845135b204","sellTxId":"32383213e05e5fd4a1e1d16405ce4fced01b3ed5"}
{"index": {"_index":"beer","_id":"1031283"}}
	{"id":1031283,"type":"sell","buyer":"engrave","seller":"jimre1","symbol":"BEER","quantity":"0.02800000","price":"0.18804000","timestamp":1620354738,"volume":"0.00526512","buyTxId":"54389021435cdf07dd942d6ce2d1a7845135b204","sellTxId":"5cb937c5d218e7ad438881c31532def8572b449d"}
{"index": {"_index":"beer","_id":"1031425"}}
	{"id":1031425,"type":"sell","buyer":"engrave","seller":"ralph-rennoldson","symbol":"BEER","quantity":"0.16571120","price":"0.18804000","timestamp":1620359427,"volume":"0.03116033","buyTxId":"54389021435cdf07dd942d6ce2d1a7845135b204","sellTxId":"8c407923cccaa89997bdde867ee1461b6f72f0b5"}
{"index": {"_index":"beer","_id":"1031439"}}
	{"id":1031439,"type":"sell","buyer":"engrave","seller":"tanzofett","symbol":"BEER","quantity":"3.06102480","price":"0.18804000","timestamp":1620360474,"volume":"0.57559510","buyTxId":"54389021435cdf07dd942d6ce2d1a7845135b204","sellTxId":"63cbb9121c96025679b7bed702836ccad495346f"}
{"index": {"_index":"beer","_id":"1031471"}}
	{"id":1031471,"type":"buy","buyer":"petertag","seller":"harveyword","symbol":"BEER","quantity":"1.87000000","price":"0.29750000","timestamp":1620361740,"volume":"0.55632500","buyTxId":"874c897fbde4445d9bd9c81dc32ff7dd52a3b616","sellTxId":"dede737df829fbe4710a89793456810e6c48ba8a"}
{"index": {"_index":"beer","_id":"1031473"}}
	{"id":1031473,"type":"buy","buyer":"petertag","seller":"fycee","symbol":"BEER","quantity":"3.12736240","price":"0.30000000","timestamp":1620361779,"volume":"0.93820872","buyTxId":"379712a59ce486e8a71a37f57bdbf0aa74291229","sellTxId":"f3b07003c3a9c5adb58f265953c7ed46653371f3"}
{"index": {"_index":"beer","_id":"1031474"}}
	{"id":1031474,"type":"buy","buyer":"petertag","seller":"fycee","symbol":"BEER","quantity":"0.00000180","price":"0.30000000","timestamp":1620361779,"volume":"0.00000054","buyTxId":"379712a59ce486e8a71a37f57bdbf0aa74291229","sellTxId":"d9e4982bfeb89ea9024bdc6a1f7d8a8aa1d482d7"}
{"index": {"_index":"beer","_id":"1031476"}}
	{"id":1031476,"type":"buy","buyer":"petertag","seller":"fycee","symbol":"BEER","quantity":"0.00263580","price":"0.30000000","timestamp":1620361824,"volume":"0.00079074","buyTxId":"a9010a47d840318af12af8e7a84b04ced3e8c138","sellTxId":"d9e4982bfeb89ea9024bdc6a1f7d8a8aa1d482d7"}
{"index": {"_index":"beer","_id":"1031654"}}
	{"id":1031654,"type":"sell","buyer":"engrave","seller":"oliverschmid","symbol":"BEER","quantity":"0.22500000","price":"0.18804000","timestamp":1620366750,"volume":"0.04230900","buyTxId":"54389021435cdf07dd942d6ce2d1a7845135b204","sellTxId":"a7a47f3185189e49da0ae0cc32665c7cbdcbe5bb"}
{"index": {"_index":"beer","_id":"1031672"}}
	{"id":1031672,"type":"sell","buyer":"engrave","seller":"jk6276","symbol":"BEER","quantity":"0.01250000","price":"0.18804000","timestamp":1620367086,"volume":"0.00235050","buyTxId":"54389021435cdf07dd942d6ce2d1a7845135b204","sellTxId":"2c9e36e2bb434eb8031805dd4ad5966832be53aa"}
{"index": {"_index":"beer","_id":"1031762"}}
	{"id":1031762,"type":"sell","buyer":"engrave","seller":"vcelier","symbol":"BEER","quantity":"0.12300000","price":"0.18804000","timestamp":1620370593,"volume":"0.02312892","buyTxId":"54389021435cdf07dd942d6ce2d1a7845135b204","sellTxId":"653bdeb4093763aa81edc5e964ff4a67b97d3c70"}
{"index": {"_index":"beer","_id":"1031782"}}
	{"id":1031782,"type":"sell","buyer":"engrave","seller":"itharagaian","symbol":"BEER","quantity":"0.00400000","price":"0.18804000","timestamp":1620371265,"volume":"0.00075216","buyTxId":"54389021435cdf07dd942d6ce2d1a7845135b204","sellTxId":"ad8d086d39e57d856a3e7a1ca90732fe2796e07a"}
{"index": {"_index":"beer","_id":"1031794"}}
	{"id":1031794,"type":"sell","buyer":"engrave","seller":"sk1920","symbol":"BEER","quantity":"1.25000000","price":"0.18804000","timestamp":1620372453,"volume":"0.23505000","buyTxId":"54389021435cdf07dd942d6ce2d1a7845135b204","sellTxId":"9c9cf55cb1f6e67ee5f14ee627f2a1424ef91014"}
{"index": {"_index":"beer","_id":"1031802"}}
	{"id":1031802,"type":"sell","buyer":"engrave","seller":"benjaaa","symbol":"BEER","quantity":"0.02343750","price":"0.18804000","timestamp":1620372849,"volume":"0.00440719","buyTxId":"54389021435cdf07dd942d6ce2d1a7845135b204","sellTxId":"d3e7d3eaa286baca2988b1daa8c870b1f7ba4e1d"}
{"index": {"_index":"beer","_id":"1031983"}}
	{"id":1031983,"type":"sell","buyer":"exator","seller":"flaxz","symbol":"BEER","quantity":"0.00000382","price":"0.18805000","timestamp":1620379551,"volume":"0.00000072","buyTxId":"9ceefde090b9da134d63676392c6cb5b452389ca","sellTxId":"e7be582a50845bedfed68884726bc7bb01869e65"}
{"index": {"_index":"beer","_id":"1031991"}}
	{"id":1031991,"type":"buy","buyer":"venan","seller":"exator","symbol":"BEER","quantity":"1.61389655","price":"0.29000000","timestamp":1620379782,"volume":"0.46803000","buyTxId":"f9b0c10fbe9713808caaa89ac500aefe4dc952cb","sellTxId":"84d33a4db36a313ff3a8ac7a753bb0b11ecfcdf6"}
{"index": {"_index":"beer","_id":"1032001"}}
	{"id":1032001,"type":"sell","buyer":"exator","seller":"wearealive","symbol":"BEER","quantity":"0.00000253","price":"0.18805000","timestamp":1620380328,"volume":"0.00000048","buyTxId":"9ceefde090b9da134d63676392c6cb5b452389ca","sellTxId":"9307c469220e203ff57b3da653214f8227181656"}
{"index": {"_index":"beer","_id":"1032197"}}
	{"id":1032197,"type":"sell","buyer":"lxsxl","seller":"holoferncro","symbol":"BEER","quantity":"2.24200000","price":"0.19000000","timestamp":1620387504,"volume":"0.42598000","buyTxId":"7358df695c1efc951c8f47a1c9e4343bc2ffceb7","sellTxId":"e39224ef2a7c0cdeb712f16fe47753f6c5d1e549"}
{"index": {"_index":"beer","_id":"1032355"}}
	{"id":1032355,"type":"sell","buyer":"lxsxl","seller":"elevator09","symbol":"BEER","quantity":"0.15700000","price":"0.19000000","timestamp":1620394017,"volume":"0.02983000","buyTxId":"7358df695c1efc951c8f47a1c9e4343bc2ffceb7","sellTxId":"0a1459844a3f50371a547b53fdbd9d951af9b595"}
{"index": {"_index":"beer","_id":"1032685"}}
	{"id":1032685,"type":"sell","buyer":"lxsxl","seller":"thranax","symbol":"BEER","quantity":"0.05034191","price":"0.19000000","timestamp":1620404106,"volume":"0.00956496","buyTxId":"7358df695c1efc951c8f47a1c9e4343bc2ffceb7","sellTxId":"7bb7809743ce5785f1090239c8b0bb219668813f"}
{"index": {"_index":"beer","_id":"1033162"}}
	{"id":1033162,"type":"sell","buyer":"lxsxl","seller":"oliverschmid","symbol":"BEER","quantity":"0.10600000","price":"0.20000000","timestamp":1620414954,"volume":"0.02120000","buyTxId":"43f7f3f4cba88415de9adc1a7b0a70cf2a892e73","sellTxId":"8e88fd7a275cdcbe899591c6e9941b25be86b139"}
{"index": {"_index":"beer","_id":"1033189"}}
	{"id":1033189,"type":"sell","buyer":"lxsxl","seller":"eythorphoto","symbol":"BEER","quantity":"0.20500000","price":"0.20000000","timestamp":1620415635,"volume":"0.04100000","buyTxId":"43f7f3f4cba88415de9adc1a7b0a70cf2a892e73","sellTxId":"6f56a29936c79f19623bbac9d9ebe9caaedb4e42"}
{"index": {"_index":"beer","_id":"1033207"}}
	{"id":1033207,"type":"sell","buyer":"lxsxl","seller":"tonytrillions","symbol":"BEER","quantity":"0.00006064","price":"0.20000000","timestamp":1620416073,"volume":"0.00001213","buyTxId":"43f7f3f4cba88415de9adc1a7b0a70cf2a892e73","sellTxId":"c9250eb3da05b1daba59d858a2a2189b7f640f8d"}
{"index": {"_index":"beer","_id":"1033220"}}
	{"id":1033220,"type":"sell","buyer":"lxsxl","seller":"ronnie10","symbol":"BEER","quantity":"0.06200000","price":"0.20000000","timestamp":1620416394,"volume":"0.01240000","buyTxId":"43f7f3f4cba88415de9adc1a7b0a70cf2a892e73","sellTxId":"ba7ed0d1cc95036a55c2de93d42941548c8169bd"}
{"index": {"_index":"beer","_id":"1033313"}}
	{"id":1033313,"type":"sell","buyer":"lxsxl","seller":"globalcontent","symbol":"BEER","quantity":"0.13000000","price":"0.20000000","timestamp":1620418131,"volume":"0.02600000","buyTxId":"43f7f3f4cba88415de9adc1a7b0a70cf2a892e73","sellTxId":"0771f0a4b7039b8a1bcbee9e71ffda8555922ffd"}
{"index": {"_index":"beer","_id":"1033420"}}
	{"id":1033420,"type":"sell","buyer":"lxsxl","seller":"mafia.wallet","symbol":"BEER","quantity":"0.072","price":"0.20000000","timestamp":1620419010,"volume":"0.01440000","buyTxId":"43f7f3f4cba88415de9adc1a7b0a70cf2a892e73","sellTxId":"c8cc29dac95963261f6b8ffacc2b9451a38d9906-2"}
{"index": {"_index":"beer","_id":"1033428"}}
	{"id":1033428,"type":"sell","buyer":"lxsxl","seller":"dannychain","symbol":"BEER","quantity":"0.52085296","price":"0.20000000","timestamp":1620419145,"volume":"0.10417059","buyTxId":"43f7f3f4cba88415de9adc1a7b0a70cf2a892e73","sellTxId":"89be0f9e9a1ed6487cbd9714932606e6553c126e"}
{"index": {"_index":"beer","_id":"1033471"}}
	{"id":1033471,"type":"buy","buyer":"venan","seller":"lammbock","symbol":"BEER","quantity":"0.79637705","price":"0.28000000","timestamp":1620419844,"volume":"0.22298557","buyTxId":"d6dab5801e563c520dffa055cf6d9e11e5fbf717","sellTxId":"07993970c711eb032685c48939cc1976b2deb112"}
{"index": {"_index":"beer","_id":"1033476"}}
	{"id":1033476,"type":"buy","buyer":"venan","seller":"exator","symbol":"BEER","quantity":"0.84142000","price":"0.29000000","timestamp":1620419886,"volume":"0.24401180","buyTxId":"478d75c7a0da34de67f63e5cfb7ae5c3d61f11b9","sellTxId":"84d33a4db36a313ff3a8ac7a753bb0b11ecfcdf6"}
{"index": {"_index":"beer","_id":"1033490"}}
	{"id":1033490,"type":"sell","buyer":"lxsxl","seller":"manoldonchev","symbol":"BEER","quantity":"0.85300000","price":"0.20000000","timestamp":1620420186,"volume":"0.17060000","buyTxId":"43f7f3f4cba88415de9adc1a7b0a70cf2a892e73","sellTxId":"4058f354ebfacf889d21be592b88b30c9ace2d97"}
{"index": {"_index":"beer","_id":"1033528"}}
	{"id":1033528,"type":"sell","buyer":"lxsxl","seller":"deathwing","symbol":"BEER","quantity":"0.009","price":"0.20000000","timestamp":1620420906,"volume":"0.00180000","buyTxId":"43f7f3f4cba88415de9adc1a7b0a70cf2a892e73","sellTxId":"0caf2a083d4a526df5811e2c995c70cabc1b9dc5-4"}
{"index": {"_index":"beer","_id":"1033876"}}
	{"id":1033876,"type":"buy","buyer":"condeas","seller":"exator","symbol":"BEER","quantity":"2.65572605","price":"0.29000000","timestamp":1620429654,"volume":"0.77016055","buyTxId":"a73419690f477a96c47289544fe127038d818e61","sellTxId":"84d33a4db36a313ff3a8ac7a753bb0b11ecfcdf6"}
{"index": {"_index":"beer","_id":"1033892"}}
	{"id":1033892,"type":"sell","buyer":"condeas","seller":"jimre1","symbol":"BEER","quantity":"0.01000000","price":"0.29000000","timestamp":1620430251,"volume":"0.00290000","buyTxId":"a73419690f477a96c47289544fe127038d818e61","sellTxId":"e1591e7881aaeffc95a862643f225c36cc316328"}
{"index": {"_index":"beer","_id":"1034011"}}
	{"id":1034011,"type":"sell","buyer":"condeas","seller":"mima2606","symbol":"BEER","quantity":"1.65128880","price":"0.29000000","timestamp":1620433422,"volume":"0.47887375","buyTxId":"a73419690f477a96c47289544fe127038d818e61","sellTxId":"3cb1d6baf3509d7817fd9ad907354ee47c6fc558"}
{"index": {"_index":"beer","_id":"1033876"}}
	{"id":1033876,"type":"buy","buyer":"condeas","seller":"exator","symbol":"BEER","quantity":"2.65572605","price":"0.29000000","timestamp":1620429654,"volume":"0.77016055","buyTxId":"a73419690f477a96c47289544fe127038d818e61","sellTxId":"84d33a4db36a313ff3a8ac7a753bb0b11ecfcdf6"}
{"index": {"_index":"beer","_id":"1033892"}}
	{"id":1033892,"type":"sell","buyer":"condeas","seller":"jimre1","symbol":"BEER","quantity":"0.01000000","price":"0.29000000","timestamp":1620430251,"volume":"0.00290000","buyTxId":"a73419690f477a96c47289544fe127038d818e61","sellTxId":"e1591e7881aaeffc95a862643f225c36cc316328"}
{"index": {"_index":"beer","_id":"1034011"}}
	{"id":1034011,"type":"sell","buyer":"condeas","seller":"mima2606","symbol":"BEER","quantity":"1.65128880","price":"0.29000000","timestamp":1620433422,"volume":"0.47887375","buyTxId":"a73419690f477a96c47289544fe127038d818e61","sellTxId":"3cb1d6baf3509d7817fd9ad907354ee47c6fc558"}
{"index": {"_index":"beer","_id":"1034576"}}
	{"id":1034576,"type":"sell","buyer":"condeas","seller":"thatcryptodave","symbol":"BEER","quantity":"2.58511633","price":"0.29000000","timestamp":1620450000,"volume":"0.74968374","buyTxId":"a73419690f477a96c47289544fe127038d818e61","sellTxId":"86f063327f7c7da58c73e90605e9e70c295010d2"}
{"index": {"_index":"beer","_id":"1034778"}}
	{"id":1034778,"type":"sell","buyer":"condeas","seller":"soteyapanbot","symbol":"BEER","quantity":"2.38700000","price":"0.29000000","timestamp":1620455562,"volume":"0.69223000","buyTxId":"a73419690f477a96c47289544fe127038d818e61","sellTxId":"a63ee6c105c76b23a0b9611ccb9274ba4f84ef47"}
{"index": {"_index":"beer","_id":"1034839"}}
	{"id":1034839,"type":"sell","buyer":"condeas","seller":"dwcp","symbol":"BEER","quantity":"335.00000000","price":"0.29000000","timestamp":1620458964,"volume":"97.15000000","buyTxId":"a73419690f477a96c47289544fe127038d818e61","sellTxId":"9027e621f8335e4a158757c21ca77fb3a3d4a357"}
{"index": {"_index":"beer","_id":"1034864"}}
	{"id":1034864,"type":"sell","buyer":"condeas","seller":"itharagaian","symbol":"BEER","quantity":"0.00300000","price":"0.29000000","timestamp":1620460149,"volume":"0.00087000","buyTxId":"a73419690f477a96c47289544fe127038d818e61","sellTxId":"058a748e6533c13a5a736090feacb41146f0ded8"}
{"index": {"_index":"beer","_id":"1034952"}}
	{"id":1034952,"type":"sell","buyer":"condeas","seller":"vcelier","symbol":"BEER","quantity":"0.10900000","price":"0.29000000","timestamp":1620464127,"volume":"0.03161000","buyTxId":"a73419690f477a96c47289544fe127038d818e61","sellTxId":"735a8d57668ed537db2d2b75bd5ae8714f17c222"}
{"index": {"_index":"beer","_id":"1035339"}}
	{"id":1035339,"type":"sell","buyer":"condeas","seller":"lrekt01","symbol":"BEER","quantity":"0.00600000","price":"0.29000000","timestamp":1620480102,"volume":"0.00174000","buyTxId":"a73419690f477a96c47289544fe127038d818e61","sellTxId":"0fd9e87f3be855cd7b4f1f5674d1b09013ada1ff"}
{"index": {"_index":"beer","_id":"1035535"}}
	{"id":1035535,"type":"sell","buyer":"condeas","seller":"andy4475","symbol":"BEER","quantity":"0.55294164","price":"0.29000000","timestamp":1620486699,"volume":"0.16035308","buyTxId":"a73419690f477a96c47289544fe127038d818e61","sellTxId":"d7d2a8d88d0b86bd03446a4f679f04f3e74a98c8"}
{"index": {"_index":"beer","_id":"1035658"}}
	{"id":1035658,"type":"buy","buyer":"lxsxl","seller":"atomcollector","symbol":"BEER","quantity":"10.00000000","price":"0.29499000","timestamp":1620490131,"volume":"2.94990000","buyTxId":"96c9efd285ed64faaff522e2fdd09abd6c44d8e8","sellTxId":"9cdee032196eabc45b5993298a81e2cd2f4dcfcb"}
{"index": {"_index":"beer","_id":"1035671"}}
	{"id":1035671,"type":"sell","buyer":"lxsxl","seller":"elizabethbit","symbol":"BEER","quantity":"0.10000000","price":"0.29499000","timestamp":1620490584,"volume":"0.02949900","buyTxId":"96c9efd285ed64faaff522e2fdd09abd6c44d8e8","sellTxId":"b00ff0826164196c2d7cabe3e64c06d68a016008"}
{"index": {"_index":"beer","_id":"1035674"}}
	{"id":1035674,"type":"sell","buyer":"lxsxl","seller":"jywahaha","symbol":"BEER","quantity":"4.90000000","price":"0.29499000","timestamp":1620490737,"volume":"1.44545100","buyTxId":"96c9efd285ed64faaff522e2fdd09abd6c44d8e8","sellTxId":"1522fa082d647d23fae10d81fb03ea4106b00c6e"}
{"index": {"_index":"beer","_id":"1035675"}}
	{"id":1035675,"type":"sell","buyer":"condeas","seller":"jywahaha","symbol":"BEER","quantity":"0.03992718","price":"0.29000000","timestamp":1620490737,"volume":"0.01157888","buyTxId":"a73419690f477a96c47289544fe127038d818e61","sellTxId":"1522fa082d647d23fae10d81fb03ea4106b00c6e"}
{"index": {"_index":"beer","_id":"1035676"}}
	{"id":1035676,"type":"sell","buyer":"cloudblade","seller":"jywahaha","symbol":"BEER","quantity":"2.43407282","price":"0.18805500","timestamp":1620490737,"volume":"0.45773956","buyTxId":"4f6695713e42f6441b53d433d45bedb63adaa12d","sellTxId":"1522fa082d647d23fae10d81fb03ea4106b00c6e"}
{"index": {"_index":"beer","_id":"1035682"}}
	{"id":1035682,"type":"buy","buyer":"venan","seller":"dwcp","symbol":"BEER","quantity":"2.16610000","price":"0.29500000","timestamp":1620490788,"volume":"0.63899950","buyTxId":"a9aa088f2d38b25b502741a9220c9abd76d9d280","sellTxId":"450586b2faf9de7561af6b6b3c9f0b9fde946346"}
{"index": {"_index":"beer","_id":"1035717"}}
	{"id":1035717,"type":"sell","buyer":"cloudblade","seller":"weirdestwolf","symbol":"BEER","quantity":"6.6","price":"0.18805500","timestamp":1620491409,"volume":"1.24116300","buyTxId":"4f6695713e42f6441b53d433d45bedb63adaa12d","sellTxId":"76f38096eb299e75ce154492c41aacfe6228a1a9"}
{"index": {"_index":"beer","_id":"1035939"}}
	{"id":1035939,"type":"buy","buyer":"scottshots","seller":"dwcp","symbol":"BEER","quantity":"10.00000000","price":"0.29500000","timestamp":1620495510,"volume":"2.95000000","buyTxId":"cf479666fcd9837ece349c9ffd869c44cd4dcd6f","sellTxId":"450586b2faf9de7561af6b6b3c9f0b9fde946346"}
{"index": {"_index":"beer","_id":"1036008"}}
	{"id":1036008,"type":"sell","buyer":"exator","seller":"teenagecrypto","symbol":"BEER","quantity":"0.55932086","price":"0.18806000","timestamp":1620496848,"volume":"0.10518588","buyTxId":"1e9827d76243a12c883463ef5df1aba7060564c4","sellTxId":"9d86237514156134b422c3a71a2812a88c9f1e00"}
{"index": {"_index":"beer","_id":"1036175"}}
	{"id":1036175,"type":"sell","buyer":"exator","seller":"mafia.wallet","symbol":"BEER","quantity":"0.072","price":"0.18806000","timestamp":1620501435,"volume":"0.01354032","buyTxId":"1e9827d76243a12c883463ef5df1aba7060564c4","sellTxId":"d892c31bda944cb4ceb79968cc0c485806916e36-1"}
{"index": {"_index":"beer","_id":"1036264"}}
	{"id":1036264,"type":"sell","buyer":"exator","seller":"eythorphoto","symbol":"BEER","quantity":"0.20500000","price":"0.18806000","timestamp":1620503151,"volume":"0.03855230","buyTxId":"1e9827d76243a12c883463ef5df1aba7060564c4","sellTxId":"a2f61d123a8f697da3a9a785740aaeddacc6a638"}
{"index": {"_index":"beer","_id":"1036560"}}
	{"id":1036560,"type":"sell","buyer":"exator","seller":"deathwing","symbol":"BEER","quantity":"0.009","price":"0.18806000","timestamp":1620507306,"volume":"0.00169254","buyTxId":"1e9827d76243a12c883463ef5df1aba7060564c4","sellTxId":"d54286d0b12f93b260afe2ce050febeb6ea2186f-4"}
{"index": {"_index":"beer","_id":"1036680"}}
	{"id":1036680,"type":"buy","buyer":"venan","seller":"nftmart.fees","symbol":"BEER","quantity":"0.40000000","price":"0.29399999","timestamp":1620510051,"volume":"0.11760000","buyTxId":"4c970216b4213001a997f41a69eef977504a596b","sellTxId":"a2e0b6e607057dc285fb81587cba6e33d58fdbf6-3"}
{"index": {"_index":"beer","_id":"1036706"}}
	{"id":1036706,"type":"buy","buyer":"sirdemian","seller":"nftmart.fees","symbol":"BEER","quantity":"1.00000000","price":"0.29399999","timestamp":1620510612,"volume":"0.29399999","buyTxId":"42604b95eabbbdc2bbfe415580330cc868bc2a9b","sellTxId":"4d96c2a29bc5aff2a200dd915a480c917cd46ab1-3"}
{"index": {"_index":"beer","_id":"1036707"}}
	{"id":1036707,"type":"buy","buyer":"sirdemian","seller":"lammbock","symbol":"BEER","quantity":"3.13811824","price":"0.29400000","timestamp":1620510612,"volume":"0.92260676","buyTxId":"42604b95eabbbdc2bbfe415580330cc868bc2a9b","sellTxId":"fc250046b97e03c6a175888e4e67b32a6ec09c1e"}
{"index": {"_index":"beer","_id":"1036708"}}
	{"id":1036708,"type":"buy","buyer":"sirdemian","seller":"tcpaikano","symbol":"BEER","quantity":"0.86188176","price":"0.29400000","timestamp":1620510612,"volume":"0.25339324","buyTxId":"42604b95eabbbdc2bbfe415580330cc868bc2a9b","sellTxId":"9085563872e8c15d0815e9725e1d59c8b47d8f0b"}
{"index": {"_index":"beer","_id":"1037480"}}
	{"id":1037480,"type":"sell","buyer":"exator","seller":"oliverschmid","symbol":"BEER","quantity":"0.10600000","price":"0.18806000","timestamp":1620538365,"volume":"0.01993436","buyTxId":"1e9827d76243a12c883463ef5df1aba7060564c4","sellTxId":"643999c8f518a2a625b418bb7eb51f6726105dfd"}
{"index": {"_index":"beer","_id":"1037801"}}
	{"id":1037801,"type":"sell","buyer":"exator","seller":"sergey44","symbol":"BEER","quantity":"0.02500000","price":"0.18806000","timestamp":1620548409,"volume":"0.00470150","buyTxId":"1e9827d76243a12c883463ef5df1aba7060564c4","sellTxId":"f62c892b258bd379cb0cdefe0d777ef675c41658"}
{"index": {"_index":"beer","_id":"1037829"}}
	{"id":1037829,"type":"sell","buyer":"exator","seller":"frugal-fun","symbol":"BEER","quantity":"0.67394645","price":"0.18806000","timestamp":1620550014,"volume":"0.12674237","buyTxId":"1e9827d76243a12c883463ef5df1aba7060564c4","sellTxId":"df000ee737e3a9f220e2141d563a9075cdfac58c"}
{"index": {"_index":"beer","_id":"1037916"}}
	{"id":1037916,"type":"buy","buyer":"balte","seller":"nftmart.fees","symbol":"BEER","quantity":"4.00000000","price":"0.29189799","timestamp":1620551838,"volume":"1.16759196","buyTxId":"7f780f14830dc17d81e690e92c6f4228729318dd","sellTxId":"831d6b287c97f2b9a474c362c2d48bdafc118c02-3"}
{"index": {"_index":"beer","_id":"1037917"}}
	{"id":1037917,"type":"buy","buyer":"balte","seller":"bitandi","symbol":"BEER","quantity":"0.97083473","price":"0.29189800","timestamp":1620551838,"volume":"0.28338472","buyTxId":"7f780f14830dc17d81e690e92c6f4228729318dd","sellTxId":"23b5c5e9ac21d7859b876e0de34ea01c483771a4"}
{"index": {"_index":"beer","_id":"1037918"}}
	{"id":1037918,"type":"buy","buyer":"balte","seller":"cloudblade","symbol":"BEER","quantity":"7.02916527","price":"0.29190000","timestamp":1620551838,"volume":"2.05181334","buyTxId":"7f780f14830dc17d81e690e92c6f4228729318dd","sellTxId":"ca2a2b1fe02db16a9ccd7772468352d172025116"}
{"index": {"_index":"beer","_id":"1037933"}}
	{"id":1037933,"type":"sell","buyer":"exator","seller":"itharagaian","symbol":"BEER","quantity":"0.00300000","price":"0.18806000","timestamp":1620552369,"volume":"0.00056418","buyTxId":"1e9827d76243a12c883463ef5df1aba7060564c4","sellTxId":"96384efc615ae1749aa18bd7c672fa20c74441ba"}
{"index": {"_index":"beer","_id":"1037947"}}
	{"id":1037947,"type":"sell","buyer":"exator","seller":"flaxz","symbol":"BEER","quantity":"0.00000584","price":"0.18806000","timestamp":1620552606,"volume":"0.00000110","buyTxId":"1e9827d76243a12c883463ef5df1aba7060564c4","sellTxId":"b2a57c62fa164e589593ef577f5512ac0e4f83ad"}
{"index": {"_index":"beer","_id":"1038014"}}
	{"id":1038014,"type":"sell","buyer":"exator","seller":"wearealive","symbol":"BEER","quantity":"0.07500256","price":"0.18806000","timestamp":1620554013,"volume":"0.01410498","buyTxId":"1e9827d76243a12c883463ef5df1aba7060564c4","sellTxId":"d03068eb375cc16c5b96b99647a346f88e8300ff"}
{"index": {"_index":"beer","_id":"1038015"}}
	{"id":1038015,"type":"buy","buyer":"tsnaks","seller":"nftmart.fees","symbol":"BEER","quantity":"3.50000000","price":"0.29189999","timestamp":1620554022,"volume":"1.02164997","buyTxId":"0a0a97ff853d4820f20cf07eba7dc7d15974d2a9","sellTxId":"97666e39fb359a2d9de2009258a880111177db15-3"}
{"index": {"_index":"beer","_id":"1038138"}}
	{"id":1038138,"type":"sell","buyer":"exator","seller":"kcgm","symbol":"BEER","quantity":"1.25000000","price":"0.18806000","timestamp":1620558570,"volume":"0.23507500","buyTxId":"1e9827d76243a12c883463ef5df1aba7060564c4","sellTxId":"4264c73add4b58a18962abb3d8c7210ad5810663"}
{"index": {"_index":"beer","_id":"1038473"}}
	{"id":1038473,"type":"sell","buyer":"exator","seller":"themarkymark","symbol":"BEER","quantity":"0.23200000","price":"0.18806000","timestamp":1620568917,"volume":"0.04362992","buyTxId":"1e9827d76243a12c883463ef5df1aba7060564c4","sellTxId":"80bd1944441a715389593b0e5efe41dde377c877"}
{"index": {"_index":"beer","_id":"1038483"}}
	{"id":1038483,"type":"buy","buyer":"thejr","seller":"nftmart.fees","symbol":"BEER","quantity":"3.00000000","price":"0.29189999","timestamp":1620569274,"volume":"0.87569997","buyTxId":"ea9e459e9c9c2fd780180b79ed818b70ac49deac","sellTxId":"18406ddc1cf2c17c93ad91150fb46f72ee7a9e05-3"}
{"index": {"_index":"beer","_id":"1038484"}}
	{"id":1038484,"type":"buy","buyer":"thejr","seller":"cloudblade","symbol":"BEER","quantity":"1.97083473","price":"0.29190000","timestamp":1620569274,"volume":"0.57528666","buyTxId":"ea9e459e9c9c2fd780180b79ed818b70ac49deac","sellTxId":"ca2a2b1fe02db16a9ccd7772468352d172025116"}
{"index": {"_index":"beer","_id":"1038485"}}
	{"id":1038485,"type":"buy","buyer":"thejr","seller":"harveyword","symbol":"BEER","quantity":"0.02916527","price":"0.29200000","timestamp":1620569274,"volume":"0.00851626","buyTxId":"ea9e459e9c9c2fd780180b79ed818b70ac49deac","sellTxId":"1c8268b3407ec15ee84da4eaa502d28e3a1216bd"}
{"index": {"_index":"beer","_id":"1038613"}}
	{"id":1038613,"type":"sell","buyer":"cloudblade","seller":"khan.dayyanz","symbol":"BEER","quantity":"0.10244440","price":"0.18806500","timestamp":1620573075,"volume":"0.01926621","buyTxId":"23bf61e437c4ab64986f1d9f89d12eca0eb5a9f9","sellTxId":"a7d737dde9eb5a031cb046d90cd8bb9b7526c6c1"}
{"index": {"_index":"beer","_id":"1039092"}}
	{"id":1039092,"type":"sell","buyer":"cloudblade","seller":"vcelier","symbol":"BEER","quantity":"0.21900000","price":"0.18806500","timestamp":1620586071,"volume":"0.04118624","buyTxId":"23bf61e437c4ab64986f1d9f89d12eca0eb5a9f9","sellTxId":"2b50f57c0dd66f872ee2a1734cec157c5f99ca7e"}
{"index": {"_index":"beer","_id":"1039115"}}
	{"id":1039115,"type":"buy","buyer":"exator","seller":"nftmart.fees","symbol":"BEER","quantity":"3.00000000","price":"0.18806999","timestamp":1620586617,"volume":"0.56420997","buyTxId":"a253658a6b1a5792e47cc1edb9ad7e4ac7e14edc","sellTxId":"09ca4ccf305ac94e11c2701bae9198aa1feaee0f-3"}
{"index": {"_index":"beer","_id":"1039374"}}
