{"index": {"_index":"beer","_id":"997838"}}
	{"id":997838,"type":"sell","buyer":"lookplz","seller":"jensvoigt","symbol":"BEER","quantity":"0.10000000","price":"0.25100000","timestamp":1619432061,"volume":"0.02510000","buyTxId":"46c0083d81a683cd468852d13f52293603e58b44","sellTxId":"1fccf7f5fb2cbb245f55f200b917c23822dbb2e9"}
{"index": {"_index":"beer","_id":"998046"}}
	{"id":998046,"type":"sell","buyer":"lookplz","seller":"dotwin1981","symbol":"BEER","quantity":"0.61503554","price":"0.25100000","timestamp":1619437470,"volume":"0.15437392","buyTxId":"46c0083d81a683cd468852d13f52293603e58b44","sellTxId":"819bad4fdd2a0b680e42376a89df922fc6f582a7"}
{"index": {"_index":"beer","_id":"998047"}}
	{"id":998047,"type":"sell","buyer":"lookplz","seller":"ritxi","symbol":"BEER","quantity":"1.64650142","price":"0.25100000","timestamp":1619437491,"volume":"0.41327186","buyTxId":"46c0083d81a683cd468852d13f52293603e58b44","sellTxId":"e5bad09d363b00bcfa39614f06c5fde5cb190324"}
{"index": {"_index":"beer","_id":"998324"}}
	{"id":998324,"type":"buy","buyer":"deanlogic","seller":"vetrnik","symbol":"BEER","quantity":"0.20900000","price":"0.36970000","timestamp":1619448321,"volume":"0.07726730","buyTxId":"44bd463212be7146d7d8b8a55c496274d7146bca","sellTxId":"d7baa8b3d07a4858001ce3087b6f135a499903bd"}
{"index": {"_index":"beer","_id":"998325"}}
	{"id":998325,"type":"buy","buyer":"deanlogic","seller":"cranium","symbol":"BEER","quantity":"9.79100000","price":"0.36980000","timestamp":1619448321,"volume":"3.62071180","buyTxId":"44bd463212be7146d7d8b8a55c496274d7146bca","sellTxId":"d716c76881877f317b4c28a135126218b87be574"}
{"index": {"_index":"beer","_id":"998620"}}
	{"id":998620,"type":"buy","buyer":"foxon","seller":"accelerator","symbol":"BEER","quantity":"0.15080000","price":"0.34698000","timestamp":1619455191,"volume":"0.05232458","buyTxId":"3b85dfddcf48bbff1fb2241e86d642a1e0504fc8","sellTxId":"9ef8bf8b0991b06c9af74ed7fd1c94f6f7701d86"}
{"index": {"_index":"beer","_id":"998621"}}
	{"id":998621,"type":"buy","buyer":"foxon","seller":"cranium","symbol":"BEER","quantity":"0.84920000","price":"0.36980000","timestamp":1619455191,"volume":"0.31403416","buyTxId":"3b85dfddcf48bbff1fb2241e86d642a1e0504fc8","sellTxId":"d716c76881877f317b4c28a135126218b87be574"}
{"index": {"_index":"beer","_id":"998625"}}
	{"id":998625,"type":"buy","buyer":"cadawg","seller":"cranium","symbol":"BEER","quantity":"6.00000000","price":"0.36980000","timestamp":1619455260,"volume":"2.21880000","buyTxId":"7dc808d8fb0808adb0df79d814ce58ef79eebfbe","sellTxId":"d716c76881877f317b4c28a135126218b87be574"}
{"index": {"_index":"beer","_id":"998695"}}
	{"id":998695,"type":"sell","buyer":"lookplz","seller":"vcelier","symbol":"BEER","quantity":"0.30784942","price":"0.25100000","timestamp":1619457132,"volume":"0.07727020","buyTxId":"46c0083d81a683cd468852d13f52293603e58b44","sellTxId":"ad0e27e1554b38feb3dd816b72a680e50a79244f"}
{"index": {"_index":"beer","_id":"998857"}}
	{"id":998857,"type":"sell","buyer":"lookplz","seller":"fantasycrypto","symbol":"BEER","quantity":"0.88700000","price":"0.25100000","timestamp":1619462205,"volume":"0.22263700","buyTxId":"46c0083d81a683cd468852d13f52293603e58b44","sellTxId":"c597527263ce5c3e773aa80878032da03563473b"}
{"index": {"_index":"beer","_id":"998897"}}
	{"id":998897,"type":"sell","buyer":"lookplz","seller":"steem.services","symbol":"BEER","quantity":"0.57300000","price":"0.25100000","timestamp":1619463624,"volume":"0.14382300","buyTxId":"46c0083d81a683cd468852d13f52293603e58b44","sellTxId":"c596ead6a4cd8562a638fbcd7749facd9e254768"}
{"index": {"_index":"beer","_id":"999024"}}
	{"id":999024,"type":"sell","buyer":"lookplz","seller":"eythorphoto","symbol":"BEER","quantity":"0.19300000","price":"0.25100000","timestamp":1619466861,"volume":"0.04844300","buyTxId":"46c0083d81a683cd468852d13f52293603e58b44","sellTxId":"b0b94796a6aad620d41f6ab536bf38c218685457"}
{"index": {"_index":"beer","_id":"999043"}}
	{"id":999043,"type":"sell","buyer":"lookplz","seller":"elevator09","symbol":"BEER","quantity":"0.14300000","price":"0.25100000","timestamp":1619467413,"volume":"0.03589300","buyTxId":"46c0083d81a683cd468852d13f52293603e58b44","sellTxId":"d0edbceea9f7b6e18bf7a4c3dabec884594d550b"}
{"index": {"_index":"beer","_id":"999141"}}
	{"id":999141,"type":"sell","buyer":"lookplz","seller":"talesfrmthecrypt","symbol":"BEER","quantity":"9.16382566","price":"0.25100000","timestamp":1619469399,"volume":"2.30012024","buyTxId":"46c0083d81a683cd468852d13f52293603e58b44","sellTxId":"fa9bc18281be2f507feea9e0e94cd3379e2c9607"}
{"index": {"_index":"beer","_id":"999142"}}
	{"id":999142,"type":"sell","buyer":"stayoutoftherz","seller":"talesfrmthecrypt","symbol":"BEER","quantity":"4.70000000","price":"0.25100000","timestamp":1619469399,"volume":"1.17970000","buyTxId":"03d109f651e24d570c828ed30d27d560af66208b","sellTxId":"fa9bc18281be2f507feea9e0e94cd3379e2c9607"}
{"index": {"_index":"beer","_id":"999143"}}
	{"id":999143,"type":"sell","buyer":"detlev","seller":"talesfrmthecrypt","symbol":"BEER","quantity":"16.13617434","price":"0.25000000","timestamp":1619469399,"volume":"4.03404359","buyTxId":"3f02614a83131f3f63aacc738a8c29d15ef331c5","sellTxId":"fa9bc18281be2f507feea9e0e94cd3379e2c9607"}
{"index": {"_index":"beer","_id":"999186"}}
	{"id":999186,"type":"sell","buyer":"detlev","seller":"deathwing","symbol":"BEER","quantity":"0.008","price":"0.25000000","timestamp":1619470506,"volume":"0.00200000","buyTxId":"3f02614a83131f3f63aacc738a8c29d15ef331c5","sellTxId":"c5817fc594a5a98692a0c16fb3337716d5b6dd6f-2"}
{"index": {"_index":"beer","_id":"999274"}}
	{"id":999274,"type":"buy","buyer":"detlev","seller":"harveyword","symbol":"BEER","quantity":"0.70000000","price":"0.29950000","timestamp":1619473290,"volume":"0.20965000","buyTxId":"0d47f0d38da6bb5fc8146a55a018f11994acb071","sellTxId":"7323fd8184b195297290a022b6a2f4a64ad3bead"}
{"index": {"_index":"beer","_id":"999530"}}
	{"id":999530,"type":"sell","buyer":"detlev","seller":"benjaaa","symbol":"BEER","quantity":"0.02343750","price":"0.25000000","timestamp":1619480511,"volume":"0.00585938","buyTxId":"3f02614a83131f3f63aacc738a8c29d15ef331c5","sellTxId":"8de25cdc8b9c5a3406aa3f7628a203cee17b7626"}
{"index": {"_index":"beer","_id":"999860"}}
	{"id":999860,"type":"sell","buyer":"detlev","seller":"cadawg","symbol":"BEER","quantity":"6.33600000","price":"0.25000000","timestamp":1619485794,"volume":"1.58400000","buyTxId":"3f02614a83131f3f63aacc738a8c29d15ef331c5","sellTxId":"26ef45614a882d993ce1815fc28a07990b10be59"}
{"index": {"_index":"beer","_id":"999864"}}
	{"id":999864,"type":"sell","buyer":"detlev","seller":"vcelier","symbol":"BEER","quantity":"0.10800000","price":"0.25000000","timestamp":1619485839,"volume":"0.02700000","buyTxId":"3f02614a83131f3f63aacc738a8c29d15ef331c5","sellTxId":"828ecda7570787a5daeab1dd51f6c5f7948c828a"}
{"index": {"_index":"beer","_id":"999923"}}
	{"id":999923,"type":"sell","buyer":"detlev","seller":"bearbear613","symbol":"BEER","quantity":"1.05069564","price":"0.25000000","timestamp":1619486574,"volume":"0.26267391","buyTxId":"3f02614a83131f3f63aacc738a8c29d15ef331c5","sellTxId":"adc00ddce03e4867e9e55faff35314ace23e81a7"}
{"index": {"_index":"beer","_id":"1000178"}}
	{"id":1000178,"type":"sell","buyer":"detlev","seller":"dannychain","symbol":"BEER","quantity":"4.00485296","price":"0.25000000","timestamp":1619489850,"volume":"1.00121324","buyTxId":"3f02614a83131f3f63aacc738a8c29d15ef331c5","sellTxId":"c4570965f82c290651800bda0b2fabf6d48ec0a0"}
{"index": {"_index":"beer","_id":"1000421"}}
	{"id":1000421,"type":"buy","buyer":"scottshots","seller":"nftmart.fees","symbol":"BEER","quantity":"2.00000000","price":"0.29999993","timestamp":1619496009,"volume":"0.59999986","buyTxId":"07d7ebf9c11c16dc987b7b585c8f6808f062831d","sellTxId":"33d740556d64e5235901ed3b966e67d6c1092a48-3"}
{"index": {"_index":"beer","_id":"1000605"}}
	{"id":1000605,"type":"sell","buyer":"scottshots","seller":"thesimguru","symbol":"BEER","quantity":"0.22700000","price":"0.29999994","timestamp":1619498988,"volume":"0.06809999","buyTxId":"07d7ebf9c11c16dc987b7b585c8f6808f062831d","sellTxId":"183acf2daf6ddb90e1805fed51159ce135a5dbfe"}
{"index": {"_index":"beer","_id":"1000693"}}
	{"id":1000693,"type":"sell","buyer":"scottshots","seller":"dougalporteous","symbol":"BEER","quantity":"1.00000000","price":"0.29999994","timestamp":1619501361,"volume":"0.29999994","buyTxId":"07d7ebf9c11c16dc987b7b585c8f6808f062831d","sellTxId":"5e963cabf83665bf425638855d4680c1e2f8f59e"}
{"index": {"_index":"beer","_id":"1000837"}}
	{"id":1000837,"type":"sell","buyer":"scottshots","seller":"nftmart.fees","symbol":"BEER","quantity":"1.00000000","price":"0.29999994","timestamp":1619506782,"volume":"0.29999994","buyTxId":"07d7ebf9c11c16dc987b7b585c8f6808f062831d","sellTxId":"33cc423a8dbbabca5143e57c612ba3eaa3f77dab-3"}
{"index": {"_index":"beer","_id":"1000917"}}
	{"id":1000917,"type":"sell","buyer":"scottshots","seller":"itharagaian","symbol":"BEER","quantity":"0.00300000","price":"0.29999994","timestamp":1619508618,"volume":"0.00090000","buyTxId":"07d7ebf9c11c16dc987b7b585c8f6808f062831d","sellTxId":"e16f75d578fbeb26256d2aebad48f5704ea4a1eb"}
{"index": {"_index":"beer","_id":"1000974"}}
	{"id":1000974,"type":"sell","buyer":"scottshots","seller":"oks2crypto","symbol":"BEER","quantity":"0.87500000","price":"0.29999994","timestamp":1619509506,"volume":"0.26249995","buyTxId":"07d7ebf9c11c16dc987b7b585c8f6808f062831d","sellTxId":"afae41c5dd9f59cc6ea821ed8c9115f43cbeb35f"}
{"index": {"_index":"beer","_id":"1001111"}}
	{"id":1001111,"type":"sell","buyer":"scottshots","seller":"onealfa","symbol":"BEER","quantity":"0.129","price":"0.29999994","timestamp":1619514090,"volume":"0.03869999","buyTxId":"07d7ebf9c11c16dc987b7b585c8f6808f062831d","sellTxId":"7772b149958859a289d73d13fb94a8164a583e8d"}
{"index": {"_index":"beer","_id":"1001128"}}
	{"id":1001128,"type":"sell","buyer":"scottshots","seller":"lightcaptured","symbol":"BEER","quantity":"0.31578471","price":"0.29999994","timestamp":1619514210,"volume":"0.09473539","buyTxId":"07d7ebf9c11c16dc987b7b585c8f6808f062831d","sellTxId":"6767d96525b55bc22b99ba41e349522de8eea1bc"}
{"index": {"_index":"beer","_id":"1001189"}}
	{"id":1001189,"type":"sell","buyer":"scottshots","seller":"nftmart.fees","symbol":"BEER","quantity":"1.00000000","price":"0.29999994","timestamp":1619516382,"volume":"0.29999994","buyTxId":"07d7ebf9c11c16dc987b7b585c8f6808f062831d","sellTxId":"a2ee1a0e42cf62055403f665b4d507a74acd20d1-3"}
