{"index": {"_index":"beer","_id":"3889223"}}
	{"id":3889223,"type":"sell","buyer":"onlydoge","seller":"steem82868","symbol":"BEER","quantity":"0.01250000","price":"0.09020000","timestamp":1657585113,"volume":"0.00112750","buyTxId":"77874945534dcfb7b5ac35af35044341b0b9763c","sellTxId":"c7ae16cb308cd1c29eee104ce302465bc5e87a01"}
{"index": {"_index":"beer","_id":"3889851"}}
	{"id":3889851,"type":"sell","buyer":"fefe99","seller":"crypto-futurist","symbol":"BEER","quantity":"0.00100000","price":"0.09020001","timestamp":1657591680,"volume":"0.00009020","buyTxId":"ed18a6cc999fadeb7cc250f0862b9461051e4edb","sellTxId":"51849f74efba4002ca41fea89ac2ed3d175031de"}
{"index": {"_index":"beer","_id":"3890624"}}
	{"id":3890624,"type":"sell","buyer":"fefe99","seller":"poliwalt10","symbol":"BEER","quantity":"0.13400000","price":"0.09020001","timestamp":1657603449,"volume":"0.01208680","buyTxId":"ed18a6cc999fadeb7cc250f0862b9461051e4edb","sellTxId":"f4a70a7e69881eb94f68fc06f665f7c362e8afee"}
{"index": {"_index":"beer","_id":"3890891"}}
	{"id":3890891,"type":"sell","buyer":"fefe99","seller":"hive-143869","symbol":"BEER","quantity":"0.15074059","price":"0.09020001","timestamp":1657607310,"volume":"0.01359680","buyTxId":"ed18a6cc999fadeb7cc250f0862b9461051e4edb","sellTxId":"17b9ad6cccf3857ba801610c02e99b225fd965fe"}
{"index": {"_index":"beer","_id":"3891207"}}
	{"id":3891207,"type":"sell","buyer":"fefe99","seller":"whiteboy1234","symbol":"BEER","quantity":"0.10487444","price":"0.09020001","timestamp":1657611849,"volume":"0.00945968","buyTxId":"ed18a6cc999fadeb7cc250f0862b9461051e4edb","sellTxId":"261d36d20449ff3a2de4260fed73909e5f88501b"}
{"index": {"_index":"beer","_id":"3891415"}}
	{"id":3891415,"type":"buy","buyer":"xchng","seller":"onlydoge","symbol":"BEER","quantity":"1.33711507","price":"0.12340000","timestamp":1657615473,"volume":"0.16500000","buyTxId":"4892d5346090e4d4e16e36f4e436e32d4904eaeb","sellTxId":"ffd57889a9c36b84346659d3958c087e25f282ba"}
{"index": {"_index":"beer","_id":"3893181"}}
	{"id":3893181,"type":"sell","buyer":"cloudblade","seller":"lotto-de","symbol":"BEER","quantity":"5.97897955","price":"0.09020020","timestamp":1657635429,"volume":"0.53930515","buyTxId":"9f35b75c180700dd58958543ff915f1865fd0d18","sellTxId":"f9d74641ef9b2846ed3441cf0fc37143bf7c01dc"}
{"index": {"_index":"beer","_id":"3893345"}}
	{"id":3893345,"type":"sell","buyer":"cloudblade","seller":"phyowinkoko.blog","symbol":"BEER","quantity":"6.37579470","price":"0.09020020","timestamp":1657637340,"volume":"0.57509796","buyTxId":"9f35b75c180700dd58958543ff915f1865fd0d18","sellTxId":"7a2d22ee3c013f4ca51abf2896b8eb5b58808b4c"}
{"index": {"_index":"beer","_id":"3893806"}}
	{"id":3893806,"type":"sell","buyer":"cloudblade","seller":"fefe99","symbol":"BEER","quantity":"0.39061503","price":"0.09020020","timestamp":1657641444,"volume":"0.03523355","buyTxId":"9f35b75c180700dd58958543ff915f1865fd0d18","sellTxId":"7df1941ac6ba612d4becf1429d0c7e78fac90d41"}
{"index": {"_index":"beer","_id":"3894196"}}
	{"id":3894196,"type":"sell","buyer":"cloudblade","seller":"andy4475","symbol":"BEER","quantity":"0.24178423","price":"0.09020020","timestamp":1657646139,"volume":"0.02180899","buyTxId":"9f35b75c180700dd58958543ff915f1865fd0d18","sellTxId":"a70990ec4c04c4fc570c278fb054d52780d56c42"}
{"index": {"_index":"beer","_id":"3894557"}}
	{"id":3894557,"type":"sell","buyer":"cloudblade","seller":"coininstant","symbol":"BEER","quantity":"4.55803649","price":"0.09020020","timestamp":1657650291,"volume":"0.41113580","buyTxId":"9f35b75c180700dd58958543ff915f1865fd0d18","sellTxId":"bc2e3ea19ba4fe09a76d70f4b93403c53ead01c8"}
{"index": {"_index":"beer","_id":"3894625"}}
	{"id":3894625,"type":"sell","buyer":"cloudblade","seller":"steemstreems","symbol":"BEER","quantity":"0.00000215","price":"0.09020020","timestamp":1657651119,"volume":"0.00000019","buyTxId":"9f35b75c180700dd58958543ff915f1865fd0d18","sellTxId":"43c0f45bd983bb2b1ec2f7334d86e8d41bdd6360"}
{"index": {"_index":"beer","_id":"3894681"}}
	{"id":3894681,"type":"sell","buyer":"cloudblade","seller":"crypto-futurist","symbol":"BEER","quantity":"0.00100000","price":"0.09020020","timestamp":1657651578,"volume":"0.00009020","buyTxId":"9f35b75c180700dd58958543ff915f1865fd0d18","sellTxId":"999548661271ba936fc63d7328dae536e9bc199a"}
{"index": {"_index":"beer","_id":"3894947"}}
	{"id":3894947,"type":"sell","buyer":"cloudblade","seller":"mafia.wallet","symbol":"BEER","quantity":"0.028","price":"0.09020020","timestamp":1657654335,"volume":"0.00252561","buyTxId":"9f35b75c180700dd58958543ff915f1865fd0d18","sellTxId":"7626564d1584d6d925f85130237367535632571c-2"}
{"index": {"_index":"beer","_id":"3896180"}}
	{"id":3896180,"type":"buy","buyer":"maryjane.main","seller":"onlydoge","symbol":"BEER","quantity":"5.00000000","price":"0.12340000","timestamp":1657666650,"volume":"0.61700000","buyTxId":"1100591048fcf55cd54648179df187670bcf7502","sellTxId":"ffd57889a9c36b84346659d3958c087e25f282ba"}
{"index": {"_index":"beer","_id":"3896658"}}
	{"id":3896658,"type":"sell","buyer":"cloudblade","seller":"poliwalt10","symbol":"BEER","quantity":"0.13500000","price":"0.09020020","timestamp":1657670913,"volume":"0.01217703","buyTxId":"9f35b75c180700dd58958543ff915f1865fd0d18","sellTxId":"d48665057611922ac8a59a9704db000436a638ed"}
