{"index": {"_index":"beer","_id":"3260658"}}
	{"id":3260658,"type":"sell","buyer":"gaboamc2393","seller":"mafia.wallet","symbol":"BEER","quantity":"0.025","price":"0.14099999","timestamp":1650683556,"volume":"0.00352500","buyTxId":"33770d6f1f7b50e00ae79add3ead66735c5b5502","sellTxId":"4719eff57d390f69a99ee32973eed47785b42b8f-3"}
{"index": {"_index":"beer","_id":"3260846"}}
	{"id":3260846,"type":"sell","buyer":"gaboamc2393","seller":"steemstreems","symbol":"BEER","quantity":"0.00661611","price":"0.14099999","timestamp":1650686907,"volume":"0.00093287","buyTxId":"33770d6f1f7b50e00ae79add3ead66735c5b5502","sellTxId":"80aa480bea34a5c554997cf94a6366e72f6b836b"}
{"index": {"_index":"beer","_id":"3262770"}}
	{"id":3262770,"type":"buy","buyer":"onlydoge","seller":"itharagaian","symbol":"BEER","quantity":"0.00103437","price":"0.14100370","timestamp":1650715914,"volume":"0.00014585","buyTxId":"8e7854cac22ccc9172841568ab6e1c565320af09","sellTxId":"405a95e977fe010c82171aa10d0ad93859f1945b"}
{"index": {"_index":"beer","_id":"3262787"}}
	{"id":3262787,"type":"sell","buyer":"onlydoge","seller":"rynow","symbol":"BEER","quantity":"7.08606563","price":"0.14110000","timestamp":1650716106,"volume":"0.99984386","buyTxId":"8e7854cac22ccc9172841568ab6e1c565320af09","sellTxId":"b35aa46d27a2c80d439bd7b912248b20ad95eab1"}
{"index": {"_index":"beer","_id":"3263982"}}
	{"id":3263982,"type":"sell","buyer":"master-lamps","seller":"nicanor-mosquera","symbol":"BEER","quantity":"0.22500000","price":"0.14100000","timestamp":1650728208,"volume":"0.03172500","buyTxId":"01f8d28a9d77063633d2ea8a41d6c75c08316fe1","sellTxId":"5df8e0f0044e68d460b436fc4c43c1ad0e1b3e1c"}
{"index": {"_index":"beer","_id":"3264035"}}
	{"id":3264035,"type":"buy","buyer":"dswap","seller":"rynow","symbol":"BEER","quantity":"0.58681807","price":"0.14110000","timestamp":1650728808,"volume":"0.08280003","buyTxId":"9e66fbb676221e5d35897a59143c58b118de00d0","sellTxId":"b35aa46d27a2c80d439bd7b912248b20ad95eab1"}
{"index": {"_index":"beer","_id":"3264222"}}
	{"id":3264222,"type":"sell","buyer":"master-lamps","seller":"rynow","symbol":"BEER","quantity":"11.37359432","price":"0.14100000","timestamp":1650730836,"volume":"1.60367680","buyTxId":"01f8d28a9d77063633d2ea8a41d6c75c08316fe1","sellTxId":"720018e37c821bed9acc29051a4b472507814108"}
{"index": {"_index":"beer","_id":"3264223"}}
	{"id":3264223,"type":"sell","buyer":"gaboamc2393","seller":"rynow","symbol":"BEER","quantity":"9.96838389","price":"0.14099999","timestamp":1650730836,"volume":"1.40554203","buyTxId":"33770d6f1f7b50e00ae79add3ead66735c5b5502","sellTxId":"720018e37c821bed9acc29051a4b472507814108"}
{"index": {"_index":"beer","_id":"3264256"}}
	{"id":3264256,"type":"buy","buyer":"master-lamps","seller":"rynow","symbol":"BEER","quantity":"20.65802100","price":"0.14099999","timestamp":1650731010,"volume":"2.91278075","buyTxId":"9664a97072a0f82b6aa7d28e7602a0c5b7f4ba5f","sellTxId":"720018e37c821bed9acc29051a4b472507814108"}
{"index": {"_index":"beer","_id":"3264947"}}
	{"id":3264947,"type":"sell","buyer":"master-lamps","seller":"gestion.alive","symbol":"BEER","quantity":"0.35436678","price":"0.14005001","timestamp":1650736905,"volume":"0.04962907","buyTxId":"3ec2d0da6efd18a40ec696a05e779a3a8ac5aa3c","sellTxId":"4910cd3843bc3d0d5f5a70d7f162b20111010eac"}
{"index": {"_index":"beer","_id":"3265061"}}
	{"id":3265061,"type":"buy","buyer":"jacobtothe","seller":"rynow","symbol":"BEER","quantity":"0.00000079","price":"0.14099999","timestamp":1650738516,"volume":"0.00000011","buyTxId":"05878b62e3f94a82e0ff87d73cf10646a4b092fc","sellTxId":"720018e37c821bed9acc29051a4b472507814108"}
{"index": {"_index":"beer","_id":"3265062"}}
	{"id":3265062,"type":"buy","buyer":"jacobtothe","seller":"master-lamps","symbol":"BEER","quantity":"0.15013511","price":"0.17579999","timestamp":1650738516,"volume":"0.02639375","buyTxId":"05878b62e3f94a82e0ff87d73cf10646a4b092fc","sellTxId":"10a9d95462ecdb9efb164f26c9a623a5cc90b32a"}
{"index": {"_index":"beer","_id":"3265182"}}
	{"id":3265182,"type":"sell","buyer":"master-lamps","seller":"steemstreems","symbol":"BEER","quantity":"0.00500000","price":"0.14005001","timestamp":1650740172,"volume":"0.00070025","buyTxId":"3ec2d0da6efd18a40ec696a05e779a3a8ac5aa3c","sellTxId":"09be635df61da86987239d97f6037160845f3c0d"}
{"index": {"_index":"beer","_id":"3265542"}}
	{"id":3265542,"type":"sell","buyer":"onlydoge","seller":"steem.services","symbol":"BEER","quantity":"0.78700000","price":"0.14020000","timestamp":1650743790,"volume":"0.11033740","buyTxId":"8fac84869126c44f183a42eaffa0ce69718b20ee","sellTxId":"0a6876708623291666821cd783417f782656317c"}
{"index": {"_index":"beer","_id":"3265865"}}
	{"id":3265865,"type":"buy","buyer":"edgerik","seller":"master-lamps","symbol":"BEER","quantity":"1.00000000","price":"0.17579999","timestamp":1650748245,"volume":"0.17579999","buyTxId":"4ad03b4f87143e2507f5cbb7317627a630d2c85a","sellTxId":"10a9d95462ecdb9efb164f26c9a623a5cc90b32a"}
{"index": {"_index":"beer","_id":"3266101"}}
	{"id":3266101,"type":"sell","buyer":"master-lamps","seller":"roger.remix","symbol":"BEER","quantity":"1.25392281","price":"0.14020001","timestamp":1650751410,"volume":"0.17579999","buyTxId":"c242e6b96e91a16beaafef310de3c2e5331d1ec6","sellTxId":"0ecbd87757c51a5faa53674868befd22af4b580e"}
{"index": {"_index":"beer","_id":"3266102"}}
	{"id":3266102,"type":"sell","buyer":"onlydoge","seller":"roger.remix","symbol":"BEER","quantity":"6.34560000","price":"0.14020000","timestamp":1650751410,"volume":"0.88965312","buyTxId":"8fac84869126c44f183a42eaffa0ce69718b20ee","sellTxId":"0ecbd87757c51a5faa53674868befd22af4b580e"}
{"index": {"_index":"beer","_id":"3266103"}}
	{"id":3266103,"type":"sell","buyer":"idmr500","seller":"roger.remix","symbol":"BEER","quantity":"10.10182625","price":"0.14005200","timestamp":1650751410,"volume":"1.41478097","buyTxId":"ffed75bc22b38d2e09345bb68ac3961b590cc050","sellTxId":"0ecbd87757c51a5faa53674868befd22af4b580e"}
{"index": {"_index":"beer","_id":"3266104"}}
	{"id":3266104,"type":"sell","buyer":"master-lamps","seller":"roger.remix","symbol":"BEER","quantity":"1.82577994","price":"0.14005001","timestamp":1650751410,"volume":"0.25570050","buyTxId":"3ec2d0da6efd18a40ec696a05e779a3a8ac5aa3c","sellTxId":"0ecbd87757c51a5faa53674868befd22af4b580e"}
{"index": {"_index":"beer","_id":"3266105"}}
	{"id":3266105,"type":"sell","buyer":"master-lamps","seller":"roger.remix","symbol":"BEER","quantity":"0.19654236","price":"0.14005001","timestamp":1650751410,"volume":"0.02752576","buyTxId":"30852d8f2b26f07e89ad87808e1823629f39f287","sellTxId":"0ecbd87757c51a5faa53674868befd22af4b580e"}
{"index": {"_index":"beer","_id":"3266106"}}
	{"id":3266106,"type":"sell","buyer":"davidxxl","seller":"roger.remix","symbol":"BEER","quantity":"8.88321712","price":"0.14005000","timestamp":1650751410,"volume":"1.24409455","buyTxId":"5a80be45c5130e292dfe7bcbbf66761de487ca25","sellTxId":"0ecbd87757c51a5faa53674868befd22af4b580e"}
{"index": {"_index":"beer","_id":"3266107"}}
	{"id":3266107,"type":"sell","buyer":"hiq.magazine","seller":"roger.remix","symbol":"BEER","quantity":"6.40474098","price":"0.14000000","timestamp":1650751410,"volume":"0.89666374","buyTxId":"278ff38f01d5b9bd8300053a07fd343add976aaf","sellTxId":"0ecbd87757c51a5faa53674868befd22af4b580e"}
{"index": {"_index":"beer","_id":"3266110"}}
	{"id":3266110,"type":"sell","buyer":"hiq.magazine","seller":"roger.remix","symbol":"BEER","quantity":"10.00000000","price":"0.13000000","timestamp":1650751440,"volume":"1.30000000","buyTxId":"c972633680036e674912f2beb6569978aeaae9bb","sellTxId":"33631584a8b9a9505caa3bfbd943dd739dadcd12"}
{"index": {"_index":"beer","_id":"3266131"}}
	{"id":3266131,"type":"sell","buyer":"hiq.magazine","seller":"roger.remix","symbol":"BEER","quantity":"10.00000000","price":"0.12000000","timestamp":1650751719,"volume":"1.20000000","buyTxId":"4437b8810151b42fb575994754459055161f18f6","sellTxId":"37c57f94534a81fbca7df2ee6d9b6745ec768161"}
{"index": {"_index":"beer","_id":"3266145"}}
	{"id":3266145,"type":"sell","buyer":"hiq.magazine","seller":"roger.remix","symbol":"BEER","quantity":"14.61828816","price":"0.11000000","timestamp":1650751815,"volume":"1.60801170","buyTxId":"5dd673cd860dd48fc762c498e41adf23c89551b6","sellTxId":"315bbaf964bc0fdaba23c7b59abef884df9c2bf7"}
{"index": {"_index":"beer","_id":"3266240"}}
	{"id":3266240,"type":"sell","buyer":"onlydoge","seller":"resiliencia","symbol":"BEER","quantity":"0.19798438","price":"0.11010000","timestamp":1650752436,"volume":"0.02179808","buyTxId":"937f2cff3eb2d2d44fd746d611bf21f679c34108","sellTxId":"af07fe1339199b53dfdfbb6a1ed9a6603b2a7baa"}
{"index": {"_index":"beer","_id":"3266905"}}
	{"id":3266905,"type":"sell","buyer":"onlydoge","seller":"marketroll","symbol":"BEER","quantity":"8.88461562","price":"0.11010000","timestamp":1650759252,"volume":"0.97819618","buyTxId":"937f2cff3eb2d2d44fd746d611bf21f679c34108","sellTxId":"1acb2de5713b43574d612f4ca9e24299ef43f979"}
{"index": {"_index":"beer","_id":"3266906"}}
	{"id":3266906,"type":"sell","buyer":"hiq.magazine","seller":"marketroll","symbol":"BEER","quantity":"55.55245324","price":"0.11000000","timestamp":1650759252,"volume":"6.11076986","buyTxId":"5dd673cd860dd48fc762c498e41adf23c89551b6","sellTxId":"1acb2de5713b43574d612f4ca9e24299ef43f979"}
{"index": {"_index":"beer","_id":"3266947"}}
	{"id":3266947,"type":"buy","buyer":"davidxxl","seller":"roger.remix","symbol":"BEER","quantity":"2.00000000","price":"0.12000000","timestamp":1650759816,"volume":"0.24000000","buyTxId":"b3a8afa89573e242d450cfe61879eea8c07b406d","sellTxId":"37c57f94534a81fbca7df2ee6d9b6745ec768161"}
{"index": {"_index":"beer","_id":"3266954"}}
	{"id":3266954,"type":"buy","buyer":"davidxxl","seller":"roger.remix","symbol":"BEER","quantity":"3.00000000","price":"0.13000000","timestamp":1650759846,"volume":"0.39000000","buyTxId":"c6f6037f04496b7bc6dcfaa975ef7587582ba3df","sellTxId":"33631584a8b9a9505caa3bfbd943dd739dadcd12"}
{"index": {"_index":"beer","_id":"3267171"}}
	{"id":3267171,"type":"sell","buyer":"onlydoge","seller":"sonfecisinan","symbol":"BEER","quantity":"0.01250000","price":"0.11010000","timestamp":1650762600,"volume":"0.00137625","buyTxId":"c7bc53719241dba5eb06b96be8fa4a7753d5f755","sellTxId":"db0a99c0374bf6a3186b09214173643fb8906e90"}
{"index": {"_index":"beer","_id":"3267268"}}
	{"id":3267268,"type":"sell","buyer":"onlydoge","seller":"backinblackdevil","symbol":"BEER","quantity":"0.00000087","price":"0.11010000","timestamp":1650763662,"volume":"0.00000010","buyTxId":"c7bc53719241dba5eb06b96be8fa4a7753d5f755","sellTxId":"e2b98b24a2f8907a10df6198b5d2ca35b5f4e72c"}
{"index": {"_index":"beer","_id":"3267291"}}
	{"id":3267291,"type":"sell","buyer":"onlydoge","seller":"mafia.wallet","symbol":"BEER","quantity":"0.024","price":"0.11010000","timestamp":1650763815,"volume":"0.00264240","buyTxId":"c7bc53719241dba5eb06b96be8fa4a7753d5f755","sellTxId":"5a7ebd7457139552c9b779b63b3cde3c72d60dcc-3"}
