{"index": {"_index":"beer","_id":"1210363"}}
	{"id":1210363,"type":"sell","buyer":"photophile","seller":"fantasycrypto","symbol":"BEER","quantity":"0.24400000","price":"0.20191000","timestamp":1625978478,"volume":"0.04926604","buyTxId":"bb078c33c11592f5d48f3cc1f07b80965b5831d4","sellTxId":"c3b9fad7be1623605da741b8c347a4fd7820ba35"}
{"index": {"_index":"beer","_id":"1210429"}}
	{"id":1210429,"type":"sell","buyer":"photophile","seller":"mercurial9","symbol":"BEER","quantity":"0.02500000","price":"0.20191000","timestamp":1625981229,"volume":"0.00504775","buyTxId":"bb078c33c11592f5d48f3cc1f07b80965b5831d4","sellTxId":"7ed32c75da02a817cb29176076f87014fa878046"}
{"index": {"_index":"beer","_id":"1210467"}}
	{"id":1210467,"type":"sell","buyer":"photophile","seller":"mafia.wallet","symbol":"BEER","quantity":"0.054","price":"0.20191000","timestamp":1625981928,"volume":"0.01090314","buyTxId":"bb078c33c11592f5d48f3cc1f07b80965b5831d4","sellTxId":"c77e9f2d5955ea2d2bad2a04c7f3f56e30d0251b-2"}
{"index": {"_index":"beer","_id":"1210615"}}
	{"id":1210615,"type":"sell","buyer":"photophile","seller":"steemstreems","symbol":"BEER","quantity":"0.01000000","price":"0.20191000","timestamp":1625986707,"volume":"0.00201910","buyTxId":"bb078c33c11592f5d48f3cc1f07b80965b5831d4","sellTxId":"fca5cf385034bde7878c6897c4113c7e4a56ed1d"}
{"index": {"_index":"beer","_id":"1211405"}}
	{"id":1211405,"type":"sell","buyer":"photophile","seller":"eythorphoto","symbol":"BEER","quantity":"0.54600000","price":"0.20191000","timestamp":1626015438,"volume":"0.11024286","buyTxId":"bb078c33c11592f5d48f3cc1f07b80965b5831d4","sellTxId":"ec36b0f738a0a71a79011e2ade6652b22654bdf7"}
{"index": {"_index":"beer","_id":"1211468"}}
	{"id":1211468,"type":"buy","buyer":"detlev","seller":"d-zero","symbol":"BEER","quantity":"0.66596250","price":"0.23000000","timestamp":1626016743,"volume":"0.15317138","buyTxId":"9c30ebf71106a46bc789eb4cebe5f5b8424c6c4e","sellTxId":"f97719edbda5c83c6babe4874ba5833edc7e1273"}
{"index": {"_index":"beer","_id":"1211469"}}
	{"id":1211469,"type":"buy","buyer":"detlev","seller":"cloudblade","symbol":"BEER","quantity":"0.10000000","price":"0.24681000","timestamp":1626016773,"volume":"0.02468100","buyTxId":"687a4a4172b449a145f44278a090c364c1d16e4d","sellTxId":"3d80d366e9bc68da70c81fb4472799ebce1ed770"}
{"index": {"_index":"beer","_id":"1211655"}}
	{"id":1211655,"type":"sell","buyer":"photophile","seller":"monsterjamgold","symbol":"BEER","quantity":"0.15700000","price":"0.20191000","timestamp":1626020982,"volume":"0.03169987","buyTxId":"bb078c33c11592f5d48f3cc1f07b80965b5831d4","sellTxId":"916f4207dc8559fd67bb226d89e17ec4ba25bc14"}
{"index": {"_index":"beer","_id":"1211723"}}
	{"id":1211723,"type":"sell","buyer":"photophile","seller":"master-lamps","symbol":"BEER","quantity":"0.39825000","price":"0.20191000","timestamp":1626023382,"volume":"0.08041066","buyTxId":"bb078c33c11592f5d48f3cc1f07b80965b5831d4","sellTxId":"f6505bb07bfe0cc4d3afff466f45f68a92894381"}
{"index": {"_index":"beer","_id":"1211943"}}
	{"id":1211943,"type":"sell","buyer":"photophile","seller":"mafia.wallet","symbol":"BEER","quantity":"0.054","price":"0.20191000","timestamp":1626029175,"volume":"0.01090314","buyTxId":"bb078c33c11592f5d48f3cc1f07b80965b5831d4","sellTxId":"b6a4b29ae43a565634da716bd6bbf2981f176412-1"}
{"index": {"_index":"beer","_id":"1211994"}}
	{"id":1211994,"type":"sell","buyer":"photophile","seller":"anouk.nox","symbol":"BEER","quantity":"0.30000000","price":"0.20191000","timestamp":1626030075,"volume":"0.06057300","buyTxId":"bb078c33c11592f5d48f3cc1f07b80965b5831d4","sellTxId":"a46c31047d1640128d6007d67e36d1cf648efdcf"}
{"index": {"_index":"beer","_id":"1212025"}}
	{"id":1212025,"type":"sell","buyer":"photophile","seller":"justinparke","symbol":"BEER","quantity":"0.36","price":"0.20191000","timestamp":1626031374,"volume":"0.07268760","buyTxId":"bb078c33c11592f5d48f3cc1f07b80965b5831d4","sellTxId":"93596f8a0bee287c2ba0ab27e06379d539d9ce17"}
{"index": {"_index":"beer","_id":"1212164"}}
	{"id":1212164,"type":"sell","buyer":"photophile","seller":"egistar","symbol":"BEER","quantity":"0.064","price":"0.20191000","timestamp":1626035958,"volume":"0.01292224","buyTxId":"bb078c33c11592f5d48f3cc1f07b80965b5831d4","sellTxId":"db6b8b7969069a31a470d71c7e98be895598f1ac"}
{"index": {"_index":"beer","_id":"1212199"}}
	{"id":1212199,"type":"sell","buyer":"photophile","seller":"deathwing","symbol":"BEER","quantity":"0.006","price":"0.20191000","timestamp":1626036906,"volume":"0.00121146","buyTxId":"bb078c33c11592f5d48f3cc1f07b80965b5831d4","sellTxId":"7e6275d981050655f749122caebe771e1a164845-3"}
{"index": {"_index":"beer","_id":"1212259"}}
	{"id":1212259,"type":"buy","buyer":"detlev","seller":"harveyword","symbol":"BEER","quantity":"1.00000000","price":"0.24675000","timestamp":1626039021,"volume":"0.24675000","buyTxId":"2bf71b4f7f77b02acb9a0be67de8b9fc1d99679e","sellTxId":"c5cb1f42f66f511588090ba14590004d29225bc8"}
{"index": {"_index":"beer","_id":"1212260"}}
	{"id":1212260,"type":"buy","buyer":"detlev","seller":"bitandi","symbol":"BEER","quantity":"0.10000000","price":"0.24679000","timestamp":1626039126,"volume":"0.02467900","buyTxId":"981495528d7b48cd1d6df7aea87f19da1c3cccc8","sellTxId":"2f8fac91bf283395dff518d94f4453604ed8152f"}
{"index": {"_index":"beer","_id":"1212332"}}
	{"id":1212332,"type":"sell","buyer":"photophile","seller":"elevator09","symbol":"BEER","quantity":"0.14000000","price":"0.20191000","timestamp":1626041352,"volume":"0.02826740","buyTxId":"bb078c33c11592f5d48f3cc1f07b80965b5831d4","sellTxId":"695a01dfa59f7427b23a02e4370a6af2425542b9"}
{"index": {"_index":"beer","_id":"1212785"}}
	{"id":1212785,"type":"sell","buyer":"photophile","seller":"thesimguru","symbol":"BEER","quantity":"0.11500000","price":"0.20191000","timestamp":1626057495,"volume":"0.02321965","buyTxId":"bb078c33c11592f5d48f3cc1f07b80965b5831d4","sellTxId":"2cbc1ed4e5bfda62f3468debf851b156d177c796"}
