{"index": {"_index":"beer","_id":"3164258"}}
	{"id":3164258,"type":"sell","buyer":"gaboamc2393","seller":"forexbrokr","symbol":"BEER","quantity":"0.08750000","price":"0.14449999","timestamp":1649558067,"volume":"0.01264375","buyTxId":"ccd7ebc3d2c143efbb810d11064a389f26de651a","sellTxId":"a9a3320b4786068eb38b16ffcfd2195812d540a6"}
{"index": {"_index":"beer","_id":"3164339"}}
	{"id":3164339,"type":"sell","buyer":"gaboamc2393","seller":"powerpaul","symbol":"BEER","quantity":"7.53363159","price":"0.14449999","timestamp":1649559534,"volume":"1.08860969","buyTxId":"ccd7ebc3d2c143efbb810d11064a389f26de651a","sellTxId":"7551696e4c9f51a337ae3f8083c70e494221d322"}
{"index": {"_index":"beer","_id":"3164865"}}
	{"id":3164865,"type":"sell","buyer":"master-lamps","seller":"mafia.wallet","symbol":"BEER","quantity":"0.025","price":"0.14450000","timestamp":1649567787,"volume":"0.00361250","buyTxId":"5a5d0f8caeaa369b1aa507720a94c45e188bbc9b","sellTxId":"ab1da4a0263897f2a98edd69b10fd9566461d4ab-3"}
{"index": {"_index":"beer","_id":"3165472"}}
	{"id":3165472,"type":"sell","buyer":"master-lamps","seller":"elevator09","symbol":"BEER","quantity":"0.04400000","price":"0.14450000","timestamp":1649577771,"volume":"0.00635800","buyTxId":"5a5d0f8caeaa369b1aa507720a94c45e188bbc9b","sellTxId":"27cb192f09a2871dc362e8fb891173eb71d5b5c9"}
{"index": {"_index":"beer","_id":"3165547"}}
	{"id":3165547,"type":"sell","buyer":"master-lamps","seller":"itharagaian","symbol":"BEER","quantity":"0.00100000","price":"0.14450000","timestamp":1649579151,"volume":"0.00014450","buyTxId":"5a5d0f8caeaa369b1aa507720a94c45e188bbc9b","sellTxId":"51d9cb08b72cacdd65e27acaee45e6263bbce618"}
{"index": {"_index":"beer","_id":"3165859"}}
	{"id":3165859,"type":"buy","buyer":"taintedblood","seller":"master-lamps","symbol":"BEER","quantity":"0.14708116","price":"0.17799998","timestamp":1649583786,"volume":"0.02618044","buyTxId":"caebac208e6c2dbd1bd547656fa3f60288f28262","sellTxId":"26f60454c65decb16151c183f364092692e01ce0"}
{"index": {"_index":"beer","_id":"3165860"}}
	{"id":3165860,"type":"buy","buyer":"taintedblood","seller":"master-lamps","symbol":"BEER","quantity":"0.02500000","price":"0.17799998","timestamp":1649583786,"volume":"0.00445000","buyTxId":"caebac208e6c2dbd1bd547656fa3f60288f28262","sellTxId":"22ed18fbcf15cba78bdbd0d1d9ede9a553e3f25b"}
{"index": {"_index":"beer","_id":"3165861"}}
	{"id":3165861,"type":"buy","buyer":"taintedblood","seller":"master-lamps","symbol":"BEER","quantity":"0.17975151","price":"0.17799998","timestamp":1649583786,"volume":"0.03199577","buyTxId":"caebac208e6c2dbd1bd547656fa3f60288f28262","sellTxId":"dba8f4ec890152cceb7e01f2070d6e6490f7d521"}
{"index": {"_index":"beer","_id":"3165862"}}
	{"id":3165862,"type":"buy","buyer":"taintedblood","seller":"master-lamps","symbol":"BEER","quantity":"0.02500000","price":"0.17799998","timestamp":1649583786,"volume":"0.00445000","buyTxId":"caebac208e6c2dbd1bd547656fa3f60288f28262","sellTxId":"8563b95b033d1f39ee35e9b493ded32d4fbd6759"}
{"index": {"_index":"beer","_id":"3165863"}}
	{"id":3165863,"type":"buy","buyer":"taintedblood","seller":"master-lamps","symbol":"BEER","quantity":"3.12929967","price":"0.17799998","timestamp":1649583786,"volume":"0.55701528","buyTxId":"caebac208e6c2dbd1bd547656fa3f60288f28262","sellTxId":"587f07ab683e9a688ef2caab16bc9df3f6103c00"}
{"index": {"_index":"beer","_id":"3165864"}}
	{"id":3165864,"type":"buy","buyer":"taintedblood","seller":"master-lamps","symbol":"BEER","quantity":"0.02572616","price":"0.17799998","timestamp":1649583786,"volume":"0.00457926","buyTxId":"caebac208e6c2dbd1bd547656fa3f60288f28262","sellTxId":"66819127310c1d5ce6553ed3b2dd3b68cf8af303"}
{"index": {"_index":"beer","_id":"3165865"}}
	{"id":3165865,"type":"buy","buyer":"taintedblood","seller":"tonytrillions","symbol":"BEER","quantity":"19.88223834","price":"0.17799999","timestamp":1649583786,"volume":"3.53903823","buyTxId":"caebac208e6c2dbd1bd547656fa3f60288f28262","sellTxId":"8d6b78a05e143e26e47d51c99816ca05fff6630f"}
{"index": {"_index":"beer","_id":"3165866"}}
	{"id":3165866,"type":"buy","buyer":"taintedblood","seller":"kobusu","symbol":"BEER","quantity":"26.93219343","price":"0.17800000","timestamp":1649583786,"volume":"4.79393043","buyTxId":"caebac208e6c2dbd1bd547656fa3f60288f28262","sellTxId":"848902b6f9e592fc6b3afb2303ad61145d93f72d"}
{"index": {"_index":"beer","_id":"3165867"}}
	{"id":3165867,"type":"buy","buyer":"taintedblood","seller":"harveyword","symbol":"BEER","quantity":"10.00000000","price":"0.17980000","timestamp":1649583786,"volume":"1.79800000","buyTxId":"caebac208e6c2dbd1bd547656fa3f60288f28262","sellTxId":"2b1f07ef3dd44a71b493d1b26cc7186d8c266cdb"}
{"index": {"_index":"beer","_id":"3165868"}}
	{"id":3165868,"type":"buy","buyer":"taintedblood","seller":"harveyword","symbol":"BEER","quantity":"10.00000000","price":"0.17985000","timestamp":1649583786,"volume":"1.79850000","buyTxId":"caebac208e6c2dbd1bd547656fa3f60288f28262","sellTxId":"e8a9988efc4558d776709619fe7327eef1f75257"}
{"index": {"_index":"beer","_id":"3165869"}}
	{"id":3165869,"type":"buy","buyer":"taintedblood","seller":"senstless","symbol":"BEER","quantity":"8.20344011","price":"0.18000000","timestamp":1649583786,"volume":"1.47661922","buyTxId":"caebac208e6c2dbd1bd547656fa3f60288f28262","sellTxId":"a35bb7d2973d127489278a87993914d9e61e4b6c"}
{"index": {"_index":"beer","_id":"3166179"}}
	{"id":3166179,"type":"buy","buyer":"morzex","seller":"master-lamps","symbol":"BEER","quantity":"0.07000000","price":"0.17999999","timestamp":1649589102,"volume":"0.01260000","buyTxId":"cdfbd3a84759bfea52e45137256b817b15cc0058","sellTxId":"e8cbd3a13a6f5db476f5bc0f0f032b7d51b86ab0"}
{"index": {"_index":"beer","_id":"3166180"}}
	{"id":3166180,"type":"buy","buyer":"morzex","seller":"senstless","symbol":"BEER","quantity":"1.87339761","price":"0.18000000","timestamp":1649589102,"volume":"0.33721157","buyTxId":"cdfbd3a84759bfea52e45137256b817b15cc0058","sellTxId":"a35bb7d2973d127489278a87993914d9e61e4b6c"}
{"index": {"_index":"beer","_id":"3166181"}}
	{"id":3166181,"type":"buy","buyer":"morzex","seller":"marketroll","symbol":"BEER","quantity":"3.53363315","price":"0.18399998","timestamp":1649589102,"volume":"0.65018843","buyTxId":"cdfbd3a84759bfea52e45137256b817b15cc0058","sellTxId":"c4fdc29f175b1d7d07a3aa93d1f1964a933ba2ab"}
{"index": {"_index":"beer","_id":"3166266"}}
	{"id":3166266,"type":"sell","buyer":"master-lamps","seller":"resiliencia","symbol":"BEER","quantity":"0.39596876","price":"0.14450000","timestamp":1649590776,"volume":"0.05721749","buyTxId":"5a5d0f8caeaa369b1aa507720a94c45e188bbc9b","sellTxId":"e0ea034bf1be2f6232e086e9c2d418c231e9c4da"}
{"index": {"_index":"beer","_id":"3166475"}}
	{"id":3166475,"type":"sell","buyer":"master-lamps","seller":"assassyn","symbol":"BEER","quantity":"0.01250000","price":"0.14450000","timestamp":1649593842,"volume":"0.00180625","buyTxId":"5a5d0f8caeaa369b1aa507720a94c45e188bbc9b","sellTxId":"f22f3ed8af304f1867e8ba7b31bebe99c2f67241"}
{"index": {"_index":"beer","_id":"3166782"}}
	{"id":3166782,"type":"sell","buyer":"master-lamps","seller":"gadrian","symbol":"BEER","quantity":"0.03750000","price":"0.14450000","timestamp":1649598003,"volume":"0.00541875","buyTxId":"5a5d0f8caeaa369b1aa507720a94c45e188bbc9b","sellTxId":"4aac02309c7084911516737a55f40e99f88cb6db"}
{"index": {"_index":"beer","_id":"3167217"}}
	{"id":3167217,"type":"sell","buyer":"master-lamps","seller":"fnvdesigns","symbol":"BEER","quantity":"0.00990200","price":"0.14450000","timestamp":1649602374,"volume":"0.00143084","buyTxId":"5a5d0f8caeaa369b1aa507720a94c45e188bbc9b","sellTxId":"e0b17c150d09ec7a4483386263f597b2f085f6ee"}
{"index": {"_index":"beer","_id":"3167764"}}
	{"id":3167764,"type":"sell","buyer":"master-lamps","seller":"monsterjamgold","symbol":"BEER","quantity":"0.044","price":"0.14450000","timestamp":1649608830,"volume":"0.00635800","buyTxId":"5a5d0f8caeaa369b1aa507720a94c45e188bbc9b","sellTxId":"c35f654162eef3d53e6e8792cd989ac28a032808"}
{"index": {"_index":"beer","_id":"3168610"}}
	{"id":3168610,"type":"sell","buyer":"master-lamps","seller":"ugochill","symbol":"BEER","quantity":"0.05775667","price":"0.14450000","timestamp":1649615607,"volume":"0.00834584","buyTxId":"5a5d0f8caeaa369b1aa507720a94c45e188bbc9b","sellTxId":"a7a60a283c847df781af48dfacdf658be3f31ee6"}
{"index": {"_index":"beer","_id":"3169218"}}
	{"id":3169218,"type":"buy","buyer":"juggalizzle","seller":"master-lamps","symbol":"BEER","quantity":"0.39596876","price":"0.18399997","timestamp":1649621862,"volume":"0.07285824","buyTxId":"c2b771fb26f6368c3834a6f02e34e3c4aa1672a6","sellTxId":"1ec03d855b17124a7cfa61837d634b2e818ae8cf"}
{"index": {"_index":"beer","_id":"3169219"}}
	{"id":3169219,"type":"buy","buyer":"juggalizzle","seller":"master-lamps","symbol":"BEER","quantity":"0.01250000","price":"0.18399997","timestamp":1649621862,"volume":"0.00230000","buyTxId":"c2b771fb26f6368c3834a6f02e34e3c4aa1672a6","sellTxId":"468cbf6d33108cf63aa00eb594e71d2b968edf2c"}
{"index": {"_index":"beer","_id":"3169220"}}
	{"id":3169220,"type":"buy","buyer":"juggalizzle","seller":"master-lamps","symbol":"BEER","quantity":"0.03750000","price":"0.18399997","timestamp":1649621862,"volume":"0.00690000","buyTxId":"c2b771fb26f6368c3834a6f02e34e3c4aa1672a6","sellTxId":"c3c94fbf1afdf290cff5580e155ad64b95d0e95b"}
{"index": {"_index":"beer","_id":"3169244"}}
	{"id":3169244,"type":"buy","buyer":"juggalizzle","seller":"marketroll","symbol":"BEER","quantity":"5.65352500","price":"0.18399998","timestamp":1649622225,"volume":"1.04024849","buyTxId":"c6e0f3c8531e93a61aee41c86337ec0b58699617","sellTxId":"c4fdc29f175b1d7d07a3aa93d1f1964a933ba2ab"}
{"index": {"_index":"beer","_id":"3169354"}}
	{"id":3169354,"type":"sell","buyer":"master-lamps","seller":"awah","symbol":"BEER","quantity":"1.05567803","price":"0.14450000","timestamp":1649623290,"volume":"0.15254548","buyTxId":"5a5d0f8caeaa369b1aa507720a94c45e188bbc9b","sellTxId":"a6382f4df242010a1a3d4f79f91e80b4d5ec9e97"}
{"index": {"_index":"beer","_id":"3170030"}}
	{"id":3170030,"type":"sell","buyer":"master-lamps","seller":"laritheghost","symbol":"BEER","quantity":"1.38959595","price":"0.14450000","timestamp":1649629122,"volume":"0.20079661","buyTxId":"5a5d0f8caeaa369b1aa507720a94c45e188bbc9b","sellTxId":"82aea058cceacaad53d84a90ab45ad3ef74966b3"}
{"index": {"_index":"beer","_id":"3170084"}}
	{"id":3170084,"type":"sell","buyer":"master-lamps","seller":"fnvdesigns","symbol":"BEER","quantity":"0.00986515","price":"0.14450000","timestamp":1649629722,"volume":"0.00142551","buyTxId":"5a5d0f8caeaa369b1aa507720a94c45e188bbc9b","sellTxId":"0d8e2bc81385cd304ab1e51b50c9d1284f80a88d"}
{"index": {"_index":"beer","_id":"3170295"}}
	{"id":3170295,"type":"sell","buyer":"master-lamps","seller":"unlikelysurvivor","symbol":"BEER","quantity":"0.01916673","price":"0.14450000","timestamp":1649632383,"volume":"0.00276959","buyTxId":"5a5d0f8caeaa369b1aa507720a94c45e188bbc9b","sellTxId":"bbab9e180dc5ee822b17fdddfac4a4da33624299"}
{"index": {"_index":"beer","_id":"3170311"}}
	{"id":3170311,"type":"sell","buyer":"master-lamps","seller":"powerpaul","symbol":"BEER","quantity":"3.05723557","price":"0.14450000","timestamp":1649632614,"volume":"0.44177054","buyTxId":"5a5d0f8caeaa369b1aa507720a94c45e188bbc9b","sellTxId":"f559143e3e8712df216f1969edbf1e3a436e1948"}
{"index": {"_index":"beer","_id":"3170312"}}
	{"id":3170312,"type":"sell","buyer":"master-lamps","seller":"powerpaul","symbol":"BEER","quantity":"0.66058729","price":"0.14450000","timestamp":1649632614,"volume":"0.09545486","buyTxId":"1c3e1f867120fe231599088151932df7810f851f","sellTxId":"f559143e3e8712df216f1969edbf1e3a436e1948"}
{"index": {"_index":"beer","_id":"3170894"}}
	{"id":3170894,"type":"sell","buyer":"harveyword","seller":"dswap","symbol":"BEER","quantity":"2.45058037","price":"0.14460000","timestamp":1649639976,"volume":"0.35435392","buyTxId":"f292ffa03fb6abf283d7c60e290f88116d998203","sellTxId":"8d8f1d49e8d3abfdba65cc34440034faf2a14dd8"}
