{"index": {"_index":"beer","_id":"3806846"}}
	{"id":3806846,"type":"sell","buyer":"gaboamc2393","seller":"mafia.wallet","symbol":"BEER","quantity":"0.027","price":"0.10600000","timestamp":1656545568,"volume":"0.00286200","buyTxId":"54ea13d96d89a904c57dd2ea57a339763c7d797b","sellTxId":"b63299a3f6920360e86ca6d9730a555ff07bac48-2"}
{"index": {"_index":"beer","_id":"3809265"}}
	{"id":3809265,"type":"sell","buyer":"gaboamc2393","seller":"sidekickmatt","symbol":"BEER","quantity":"1.45427964","price":"0.10600000","timestamp":1656578409,"volume":"0.15415364","buyTxId":"54ea13d96d89a904c57dd2ea57a339763c7d797b","sellTxId":"ab4889a30ad021f3bff052393124fd80409e3baa"}
{"index": {"_index":"beer","_id":"3810072"}}
	{"id":3810072,"type":"sell","buyer":"gaboamc2393","seller":"wine-cellar","symbol":"BEER","quantity":"44.01774436","price":"0.10600000","timestamp":1656591123,"volume":"4.66588090","buyTxId":"54ea13d96d89a904c57dd2ea57a339763c7d797b","sellTxId":"ea3c8dd9e833c4d7d4235607d741be8b5b817506"}
{"index": {"_index":"beer","_id":"3810115"}}
	{"id":3810115,"type":"sell","buyer":"jmotip","seller":"phortun","symbol":"BEER","quantity":"0.15","price":"0.10500000","timestamp":1656591738,"volume":"0.01575000","buyTxId":"6d8b768565fc6141fb8df4d7f3e4cfc359777ada","sellTxId":"2209a0decb037936ef79070fa555c34e140c9bbe"}
{"index": {"_index":"beer","_id":"3810148"}}
	{"id":3810148,"type":"sell","buyer":"jmotip","seller":"roger.remix","symbol":"BEER","quantity":"70.06366615","price":"0.10500000","timestamp":1656592227,"volume":"7.35668495","buyTxId":"6d8b768565fc6141fb8df4d7f3e4cfc359777ada","sellTxId":"d205c523449a6e97679964503367c441e6efa333"}
{"index": {"_index":"beer","_id":"3810149"}}
	{"id":3810149,"type":"sell","buyer":"wine-cellar","seller":"roger.remix","symbol":"BEER","quantity":"83.37507535","price":"0.10101000","timestamp":1656592227,"volume":"8.42171636","buyTxId":"2e796e545e5c393687cbd893c3588c4c8ed2bedd","sellTxId":"d205c523449a6e97679964503367c441e6efa333"}
{"index": {"_index":"beer","_id":"3810710"}}
	{"id":3810710,"type":"sell","buyer":"wine-cellar","seller":"accelerator","symbol":"BEER","quantity":"0.14277345","price":"0.10101000","timestamp":1656599646,"volume":"0.01442155","buyTxId":"2e796e545e5c393687cbd893c3588c4c8ed2bedd","sellTxId":"117ef308f5c2fd0b03b2f17526d5de3167826c5c"}
{"index": {"_index":"beer","_id":"3813226"}}
	{"id":3813226,"type":"sell","buyer":"wine-cellar","seller":"misterc","symbol":"BEER","quantity":"2.79952803","price":"0.10101000","timestamp":1656621765,"volume":"0.28278032","buyTxId":"2e796e545e5c393687cbd893c3588c4c8ed2bedd","sellTxId":"3721089a874af5557384588d722f9c0999f568bb"}
{"index": {"_index":"beer","_id":"3813227"}}
	{"id":3813227,"type":"sell","buyer":"harveyword","seller":"misterc","symbol":"BEER","quantity":"2.56349781","price":"0.10050000","timestamp":1656621765,"volume":"0.25763153","buyTxId":"c7dd4207e4a829c5e3f76ad0052cd318d31a1255","sellTxId":"3721089a874af5557384588d722f9c0999f568bb"}
{"index": {"_index":"beer","_id":"3813228"}}
	{"id":3813228,"type":"sell","buyer":"maryjane.main","seller":"misterc","symbol":"BEER","quantity":"5.00000000","price":"0.10041303","timestamp":1656621765,"volume":"0.50206515","buyTxId":"007666b5a210e95063422dbc34c5958d31f94d26","sellTxId":"3721089a874af5557384588d722f9c0999f568bb"}
{"index": {"_index":"beer","_id":"3813229"}}
	{"id":3813229,"type":"sell","buyer":"zirochka","seller":"misterc","symbol":"BEER","quantity":"0.28575689","price":"0.10031303","timestamp":1656621765,"volume":"0.02866514","buyTxId":"abf7ff82e67323de22d1df6909810f672b7d0023","sellTxId":"3721089a874af5557384588d722f9c0999f568bb"}
{"index": {"_index":"beer","_id":"3813230"}}
	{"id":3813230,"type":"sell","buyer":"roger.remix","seller":"misterc","symbol":"BEER","quantity":"6.50255949","price":"0.08956700","timestamp":1656621798,"volume":"0.58241475","buyTxId":"16e56100ddbeffd9def03fa37df6bcead52834fc","sellTxId":"d3e561407e7f57f04ebdf01c56c814323ae3ea53"}
{"index": {"_index":"beer","_id":"3814125"}}
	{"id":3814125,"type":"buy","buyer":"bambukah","seller":"wine-cellar","symbol":"BEER","quantity":"0.07285472","price":"0.10600000","timestamp":1656628911,"volume":"0.00772260","buyTxId":"1b6fb5446d2d70964b7daf30e7df5e549037c42c","sellTxId":"ea3c8dd9e833c4d7d4235607d741be8b5b817506"}
{"index": {"_index":"beer","_id":"3814126"}}
	{"id":3814126,"type":"buy","buyer":"bambukah","seller":"fredkese","symbol":"BEER","quantity":"2.25595330","price":"0.12279900","timestamp":1656628911,"volume":"0.27702881","buyTxId":"1b6fb5446d2d70964b7daf30e7df5e549037c42c","sellTxId":"82077f929db191d3cd9dd8ebd66fe8a53dc9d0bf"}
{"index": {"_index":"beer","_id":"3814127"}}
	{"id":3814127,"type":"buy","buyer":"bambukah","seller":"onlydoge","symbol":"BEER","quantity":"22.11114486","price":"0.12280000","timestamp":1656628911,"volume":"2.71524859","buyTxId":"1b6fb5446d2d70964b7daf30e7df5e549037c42c","sellTxId":"e4799642c922972cb4dca2007a0a64d7e2669978"}
{"index": {"_index":"beer","_id":"3814134"}}
	{"id":3814134,"type":"sell","buyer":"roger.remix","seller":"poliwalt10","symbol":"BEER","quantity":"0.12900000","price":"0.08956700","timestamp":1656628998,"volume":"0.01155414","buyTxId":"16e56100ddbeffd9def03fa37df6bcead52834fc","sellTxId":"c6105eca93e0574abb7796ae4c3bb49e14a43dbb"}
{"index": {"_index":"beer","_id":"3814348"}}
	{"id":3814348,"type":"sell","buyer":"roger.remix","seller":"mafia.wallet","symbol":"BEER","quantity":"0.027","price":"0.08956700","timestamp":1656631794,"volume":"0.00241831","buyTxId":"16e56100ddbeffd9def03fa37df6bcead52834fc","sellTxId":"05680c45986de2e752b6e83a008369f94a17e80e-3"}
