{"index": {"_index":"beer","_id":"2957422"}}
	{"id":2957422,"type":"sell","buyer":"master-lamps","seller":"mafia.wallet","symbol":"BEER","quantity":"0.028","price":"0.13100001","timestamp":1647058095,"volume":"0.00366800","buyTxId":"720c5c75b1aace297411aed418e4afe68783d968","sellTxId":"c796153374e2b65c7814e689289c6e9f3336a8cf-3"}
{"index": {"_index":"beer","_id":"2958267"}}
	{"id":2958267,"type":"sell","buyer":"master-lamps","seller":"itharagaian","symbol":"BEER","quantity":"0.00100000","price":"0.13121101","timestamp":1647071550,"volume":"0.00013121","buyTxId":"2acc87e16245218357be0ff0ea48606a7c26b796","sellTxId":"a412a4d25b909409d8b915489e8211564d65ab8e"}
{"index": {"_index":"beer","_id":"2959026"}}
	{"id":2959026,"type":"sell","buyer":"master-lamps","seller":"ht14","symbol":"BEER","quantity":"0.015","price":"0.13121101","timestamp":1647082908,"volume":"0.00196817","buyTxId":"2acc87e16245218357be0ff0ea48606a7c26b796","sellTxId":"548486e49202f9b3070104103789609a27a574c7"}
{"index": {"_index":"beer","_id":"2959138"}}
	{"id":2959138,"type":"sell","buyer":"master-lamps","seller":"steemstreems","symbol":"BEER","quantity":"0.005","price":"0.13121101","timestamp":1647084852,"volume":"0.00065606","buyTxId":"2acc87e16245218357be0ff0ea48606a7c26b796","sellTxId":"d17e43945868f77c37ce69cfee9dc0ae82407e76"}
{"index": {"_index":"beer","_id":"2959941"}}
	{"id":2959941,"type":"sell","buyer":"master-lamps","seller":"discohedge","symbol":"BEER","quantity":"0.62449874","price":"0.13121101","timestamp":1647094131,"volume":"0.08194111","buyTxId":"2acc87e16245218357be0ff0ea48606a7c26b796","sellTxId":"ec136fb91d14b23ab675c5c773efa4c4f561cfa5"}
{"index": {"_index":"beer","_id":"2960453"}}
	{"id":2960453,"type":"sell","buyer":"master-lamps","seller":"lotto-de","symbol":"BEER","quantity":"2.32256041","price":"0.13121101","timestamp":1647099924,"volume":"0.30474549","buyTxId":"2acc87e16245218357be0ff0ea48606a7c26b796","sellTxId":"de06643eee42839c0502270403591eaf34afa666"}
{"index": {"_index":"beer","_id":"2960454"}}
	{"id":2960454,"type":"sell","buyer":"marketroll","seller":"lotto-de","symbol":"BEER","quantity":"7.67743959","price":"0.13121100","timestamp":1647099924,"volume":"1.00736453","buyTxId":"4ff4ede7b7ff5c557c254de819e6cb61d78c0620","sellTxId":"de06643eee42839c0502270403591eaf34afa666"}
{"index": {"_index":"beer","_id":"2961097"}}
	{"id":2961097,"type":"sell","buyer":"marketroll","seller":"michelmake","symbol":"BEER","quantity":"0.05000000","price":"0.13121100","timestamp":1647106623,"volume":"0.00656055","buyTxId":"4ff4ede7b7ff5c557c254de819e6cb61d78c0620","sellTxId":"100921a9b66c5d4e8202d343d1269fcf41cd19bd"}
{"index": {"_index":"beer","_id":"2961750"}}
	{"id":2961750,"type":"sell","buyer":"marketroll","seller":"abachon","symbol":"BEER","quantity":"2.81384075","price":"0.13121100","timestamp":1647114633,"volume":"0.36920686","buyTxId":"4ff4ede7b7ff5c557c254de819e6cb61d78c0620","sellTxId":"954a5d6a8bb0b47f7651df09fc1260be2960e707"}
{"index": {"_index":"beer","_id":"2962275"}}
	{"id":2962275,"type":"sell","buyer":"marketroll","seller":"egistar","symbol":"BEER","quantity":"0.03239553","price":"0.13121100","timestamp":1647121077,"volume":"0.00425065","buyTxId":"4ff4ede7b7ff5c557c254de819e6cb61d78c0620","sellTxId":"f2facd895ebd5761802994d6a16c642739d0dc2a"}
{"index": {"_index":"beer","_id":"2962315"}}
	{"id":2962315,"type":"sell","buyer":"marketroll","seller":"itharagaian","symbol":"BEER","quantity":"0.00100000","price":"0.13121100","timestamp":1647121458,"volume":"0.00013121","buyTxId":"4ff4ede7b7ff5c557c254de819e6cb61d78c0620","sellTxId":"e8b7a8f2466dd8c345b04475ba810ea2dca8feed"}
{"index": {"_index":"beer","_id":"2962364"}}
	{"id":2962364,"type":"sell","buyer":"marketroll","seller":"steem.services","symbol":"BEER","quantity":"2.62200000","price":"0.13121100","timestamp":1647121980,"volume":"0.34403524","buyTxId":"4ff4ede7b7ff5c557c254de819e6cb61d78c0620","sellTxId":"bdf895babd634fc974d80b6cced8e82cf68e78bb"}
{"index": {"_index":"beer","_id":"2962886"}}
	{"id":2962886,"type":"sell","buyer":"marketroll","seller":"mafia.wallet","symbol":"BEER","quantity":"0.028","price":"0.13121100","timestamp":1647128886,"volume":"0.00367391","buyTxId":"4ff4ede7b7ff5c557c254de819e6cb61d78c0620","sellTxId":"2921710cc03dd5b349c0d7091e500cd8624e3e32-2"}
{"index": {"_index":"beer","_id":"2963384"}}
	{"id":2963384,"type":"buy","buyer":"gsauce1989","seller":"master-lamps","symbol":"BEER","quantity":"10.00000000","price":"0.19709999","timestamp":1647133920,"volume":"1.97099990","buyTxId":"0caefe5ce960e638add83753626b8d7f5ce294db","sellTxId":"c137dafea48b2c01524f8f1841aee4da52086d15"}
{"index": {"_index":"beer","_id":"2963509"}}
	{"id":2963509,"type":"sell","buyer":"marketroll","seller":"steem82868","symbol":"BEER","quantity":"3.09245008","price":"0.13121100","timestamp":1647135561,"volume":"0.40576347","buyTxId":"4ff4ede7b7ff5c557c254de819e6cb61d78c0620","sellTxId":"6e0e2668c00d4d3904b0f2d92f88213c62a23bb5"}
