{"index": {"_index":"beer","_id":"1067377"}}
	{"id":1067377,"type":"sell","buyer":"detlev","seller":"justinparke","symbol":"BEER","quantity":"1.19941307","price":"0.20640000","timestamp":1621397658,"volume":"0.24755886","buyTxId":"0ed6ee0dfc83498a0ffbc6215aecb1f7eb005a1c","sellTxId":"ca3a5fc9e8902571cc21f3cf57eae7cd6f4b2f53"}
{"index": {"_index":"beer","_id":"1067463"}}
	{"id":1067463,"type":"sell","buyer":"detlev","seller":"mima2606","symbol":"BEER","quantity":"1.47564440","price":"0.20640000","timestamp":1621399869,"volume":"0.30457300","buyTxId":"0ed6ee0dfc83498a0ffbc6215aecb1f7eb005a1c","sellTxId":"2a5ecf30c4f3d5ff4d1f9132b7c4483f5dec950e"}
{"index": {"_index":"beer","_id":"1067940"}}
	{"id":1067940,"type":"sell","buyer":"detlev","seller":"itharagaian","symbol":"BEER","quantity":"0.00300000","price":"0.20640000","timestamp":1621414968,"volume":"0.00061920","buyTxId":"0ed6ee0dfc83498a0ffbc6215aecb1f7eb005a1c","sellTxId":"b127a9911c5fd40a539db0d6ebfa09a0e8e967cb"}
{"index": {"_index":"beer","_id":"1068350"}}
	{"id":1068350,"type":"sell","buyer":"detlev","seller":"lightcaptured","symbol":"BEER","quantity":"1.80143692","price":"0.20640000","timestamp":1621427388,"volume":"0.37181658","buyTxId":"0ed6ee0dfc83498a0ffbc6215aecb1f7eb005a1c","sellTxId":"88ccc311415f1379fc4a9c040c322f1d8158d939"}
{"index": {"_index":"beer","_id":"1068818"}}
	{"id":1068818,"type":"sell","buyer":"detlev","seller":"oks2crypto","symbol":"BEER","quantity":"0.87500000","price":"0.20640000","timestamp":1621433985,"volume":"0.18060000","buyTxId":"0ed6ee0dfc83498a0ffbc6215aecb1f7eb005a1c","sellTxId":"f729a0189e7b8cf020bbdbb77f618a079651a815"}
{"index": {"_index":"beer","_id":"1068893"}}
	{"id":1068893,"type":"sell","buyer":"detlev","seller":"jjprac","symbol":"BEER","quantity":"0.97817048","price":"0.20640000","timestamp":1621436046,"volume":"0.20189439","buyTxId":"0ed6ee0dfc83498a0ffbc6215aecb1f7eb005a1c","sellTxId":"b2491126816d05be74fb7941e12e8a627bf47b14"}
{"index": {"_index":"beer","_id":"1069521"}}
	{"id":1069521,"type":"sell","buyer":"edb","seller":"flaxz","symbol":"BEER","quantity":"0.08750006","price":"0.23000000","timestamp":1621442052,"volume":"0.02012501","buyTxId":"69dc57e23c5a57d01fbe342659154e743d17d916","sellTxId":"17560052060325b5078ab9b74a75605b1d1f654e"}
{"index": {"_index":"beer","_id":"1069534"}}
	{"id":1069534,"type":"sell","buyer":"edb","seller":"vcelier","symbol":"BEER","quantity":"0.18155031","price":"0.23000000","timestamp":1621442526,"volume":"0.04175657","buyTxId":"69dc57e23c5a57d01fbe342659154e743d17d916","sellTxId":"f3925347d3d8e3121def062624e58285bd59ae1b"}
{"index": {"_index":"beer","_id":"1069720"}}
	{"id":1069720,"type":"sell","buyer":"edb","seller":"aeneas.blog","symbol":"BEER","quantity":"2.03094963","price":"0.23000000","timestamp":1621447719,"volume":"0.46711841","buyTxId":"69dc57e23c5a57d01fbe342659154e743d17d916","sellTxId":"2071f4f906aeb07f74125406ae56512eccb3dc0e"}
{"index": {"_index":"beer","_id":"1069721"}}
	{"id":1069721,"type":"sell","buyer":"detlev","seller":"aeneas.blog","symbol":"BEER","quantity":"1.98459756","price":"0.20640000","timestamp":1621447719,"volume":"0.40962094","buyTxId":"0ed6ee0dfc83498a0ffbc6215aecb1f7eb005a1c","sellTxId":"2071f4f906aeb07f74125406ae56512eccb3dc0e"}
{"index": {"_index":"beer","_id":"1069983"}}
	{"id":1069983,"type":"sell","buyer":"detlev","seller":"elevator09","symbol":"BEER","quantity":"0.30200000","price":"0.20640000","timestamp":1621454196,"volume":"0.06233280","buyTxId":"0ed6ee0dfc83498a0ffbc6215aecb1f7eb005a1c","sellTxId":"95bdba00d46fa4c2d2355c28dc8326d360cf032d"}
{"index": {"_index":"beer","_id":"1070155"}}
	{"id":1070155,"type":"sell","buyer":"detlev","seller":"deathwing","symbol":"BEER","quantity":"0.008","price":"0.20640000","timestamp":1621457706,"volume":"0.00165120","buyTxId":"0ed6ee0dfc83498a0ffbc6215aecb1f7eb005a1c","sellTxId":"325732a9e589130ef22deaddbb9cc624a506cbd3-4"}
{"index": {"_index":"beer","_id":"1070391"}}
	{"id":1070391,"type":"sell","buyer":"detlev","seller":"eythorphoto","symbol":"BEER","quantity":"0.62000000","price":"0.20640000","timestamp":1621463031,"volume":"0.12796800","buyTxId":"0ed6ee0dfc83498a0ffbc6215aecb1f7eb005a1c","sellTxId":"c7233a1c0e1180768407a38e6e271ffd7afd6746"}
{"index": {"_index":"beer","_id":"1071056"}}
	{"id":1071056,"type":"buy","buyer":"mickowen","seller":"thatsweeneyguy","symbol":"BEER","quantity":"1.40254922","price":"0.25000000","timestamp":1621477632,"volume":"0.35063731","buyTxId":"8a1291d0655c369a8476dc2dced6a4ac8edd9e1d","sellTxId":"2914677210464d7c833dbb2e2031baf261175599"}
{"index": {"_index":"beer","_id":"1071057"}}
	{"id":1071057,"type":"buy","buyer":"mickowen","seller":"krakonos","symbol":"BEER","quantity":"2.75000000","price":"0.26000900","timestamp":1621477665,"volume":"0.71502475","buyTxId":"f5b6e02222372a1bb0cf1e749d3dc9d7dd1e3dde","sellTxId":"ff5c82d48b19e4ec502ec6a10e5efeb325476340"}
{"index": {"_index":"beer","_id":"1071059"}}
	{"id":1071059,"type":"buy","buyer":"mickowen","seller":"derangedvisions","symbol":"BEER","quantity":"0.77729921","price":"0.26010000","timestamp":1621477701,"volume":"0.20217552","buyTxId":"086a9f5ab30a3ad4ad64140893b61090ac638d18","sellTxId":"6c6c7822e302759414c4ef7a8c935cee9518c2be"}
{"index": {"_index":"beer","_id":"1071061"}}
	{"id":1071061,"type":"buy","buyer":"mickowen","seller":"cloudblade","symbol":"BEER","quantity":"18.77960058","price":"0.28800000","timestamp":1621477749,"volume":"5.40852497","buyTxId":"2ad355ce041c9e7c9827cb7daf7e425ba72ea869","sellTxId":"709c2228d3a73a9e6da9892feecab11b09d1fdba"}
{"index": {"_index":"beer","_id":"1071065"}}
	{"id":1071065,"type":"buy","buyer":"mickowen","seller":"atomcollector","symbol":"BEER","quantity":"10.00000000","price":"0.28804000","timestamp":1621477824,"volume":"2.88040000","buyTxId":"c1ce529120e4df6fbeef71cb804b47937c844249","sellTxId":"2093f238e9eef03c680f299a4e56e73bdc476046"}
{"index": {"_index":"beer","_id":"1071066"}}
	{"id":1071066,"type":"buy","buyer":"mickowen","seller":"exator","symbol":"BEER","quantity":"5.56806322","price":"0.28805000","timestamp":1621477857,"volume":"1.60388061","buyTxId":"d746ca293ef8a9ff04d43f703a6f3a57532345b8","sellTxId":"e856fa58de8bbbc0640e0008f255b642a7612096"}
{"index": {"_index":"beer","_id":"1071067"}}
	{"id":1071067,"type":"buy","buyer":"mickowen","seller":"oliverschmid","symbol":"BEER","quantity":"0.16083217","price":"0.28806000","timestamp":1621477887,"volume":"0.04632931","buyTxId":"158d7b3d80ea4accbc1de23c5cb3f030a476319e","sellTxId":"c914f00fce234cd4d074bc12a554f8880403ccbb"}
{"index": {"_index":"beer","_id":"1071068"}}
	{"id":1071068,"type":"buy","buyer":"mickowen","seller":"tanzofett","symbol":"BEER","quantity":"3.06090207","price":"0.30000000","timestamp":1621477920,"volume":"0.91827062","buyTxId":"9d2d783efe63fa3945fba0fb2e9775a8633780a5","sellTxId":"f7342aaed26f9d68718c440b9c24aae52a243b07"}
{"index": {"_index":"beer","_id":"1071069"}}
	{"id":1071069,"type":"buy","buyer":"mickowen","seller":"jelly13","symbol":"BEER","quantity":"5.51000000","price":"0.33912000","timestamp":1621477962,"volume":"1.86855120","buyTxId":"3c17e76add4c0751c9bd0d1da78083d71a906195","sellTxId":"f178df3dc41fe08e9700b516ea15c9a0f8924243"}
{"index": {"_index":"beer","_id":"1071105"}}
	{"id":1071105,"type":"sell","buyer":"d00k13","seller":"thesimguru","symbol":"BEER","quantity":"0.56500000","price":"0.20690000","timestamp":1621478103,"volume":"0.11689850","buyTxId":"8feb216ed9d2d73bde07e5f7c2e9c41421c7583d","sellTxId":"9149a214327aeb6511cf13b36d8f9439fde69e93"}
