{"index": {"_index":"beer","_id":"1018505"}}
	{"id":1018505,"type":"sell","buyer":"harveyword","seller":"ralph-rennoldson","symbol":"BEER","quantity":"0.12390290","price":"0.18802000","timestamp":1620015882,"volume":"0.02329622","buyTxId":"6c486e59281b232be2ad066ea9be8504ec424660","sellTxId":"c219adc5496ce50008a1e43b8407b4d6e55be555"}
{"index": {"_index":"beer","_id":"1018859"}}
	{"id":1018859,"type":"sell","buyer":"iliyan90","seller":"foodiess","symbol":"BEER","quantity":"13.48705429","price":"0.18801900","timestamp":1620025482,"volume":"2.53582246","buyTxId":"59278773a37c30426298fe71c4b6ef681d95adc5","sellTxId":"44f8216daa38bc48ff570c6709474fc69ac8dbec"}
{"index": {"_index":"beer","_id":"1018991"}}
	{"id":1018991,"type":"sell","buyer":"iliyan90","seller":"monopics","symbol":"BEER","quantity":"0.20000000","price":"0.18801900","timestamp":1620028968,"volume":"0.03760380","buyTxId":"59278773a37c30426298fe71c4b6ef681d95adc5","sellTxId":"307ae2cc0c5d69d8dbd0263fec569a57a3cda23b"}
{"index": {"_index":"beer","_id":"1019676"}}
	{"id":1019676,"type":"sell","buyer":"iliyan90","seller":"alucian","symbol":"BEER","quantity":"7.20000000","price":"0.18801900","timestamp":1620047001,"volume":"1.35373680","buyTxId":"59278773a37c30426298fe71c4b6ef681d95adc5","sellTxId":"d23087c3e70d15959821706d0695f2832f83f4f9"}
{"index": {"_index":"beer","_id":"1019760"}}
	{"id":1019760,"type":"buy","buyer":"roger.remix","seller":"ralph-rennoldson","symbol":"BEER","quantity":"0.18859710","price":"0.18802000","timestamp":1620049482,"volume":"0.03546003","buyTxId":"1831ad0bfde150f9b0e07bc3c419982d497b4861","sellTxId":"c219adc5496ce50008a1e43b8407b4d6e55be555"}
{"index": {"_index":"beer","_id":"1020077"}}
	{"id":1020077,"type":"sell","buyer":"roger.remix","seller":"trifenix","symbol":"BEER","quantity":"0.02800000","price":"0.18803000","timestamp":1620056052,"volume":"0.00526484","buyTxId":"1831ad0bfde150f9b0e07bc3c419982d497b4861","sellTxId":"2b54ac16792356ea5143cc5ec952246140a87ff7"}
{"index": {"_index":"beer","_id":"1020081"}}
	{"id":1020081,"type":"sell","buyer":"roger.remix","seller":"nicanor-mosquera","symbol":"BEER","quantity":"0.45000000","price":"0.18803000","timestamp":1620056265,"volume":"0.08461350","buyTxId":"1831ad0bfde150f9b0e07bc3c419982d497b4861","sellTxId":"bcfbb6083b67e8ac7c20fee3091eb9b072c422a6"}
{"index": {"_index":"beer","_id":"1020496"}}
	{"id":1020496,"type":"sell","buyer":"roger.remix","seller":"onealfa","symbol":"BEER","quantity":"0.131","price":"0.18803000","timestamp":1620065454,"volume":"0.02463193","buyTxId":"1831ad0bfde150f9b0e07bc3c419982d497b4861","sellTxId":"ae0a1bf9d464f7806aefb40b9b7faf8845e56a0c"}
{"index": {"_index":"beer","_id":"1020777"}}
	{"id":1020777,"type":"sell","buyer":"roger.remix","seller":"eythorphoto","symbol":"BEER","quantity":"0.20100000","price":"0.18803000","timestamp":1620069483,"volume":"0.03779403","buyTxId":"1831ad0bfde150f9b0e07bc3c419982d497b4861","sellTxId":"741eaef9a9ea48fd17bcbc2d7fb7f3b6a837d011"}
{"index": {"_index":"beer","_id":"1020928"}}
	{"id":1020928,"type":"sell","buyer":"roger.remix","seller":"manoldonchev","symbol":"BEER","quantity":"1.94900000","price":"0.18803000","timestamp":1620071874,"volume":"0.36647047","buyTxId":"1831ad0bfde150f9b0e07bc3c419982d497b4861","sellTxId":"47751cdbc5e6e41a0bfd917b0c985eab4ae09560"}
{"index": {"_index":"beer","_id":"1020929"}}
	{"id":1020929,"type":"sell","buyer":"roger.remix","seller":"aeneas.blog","symbol":"BEER","quantity":"3.97755587","price":"0.18803000","timestamp":1620071916,"volume":"0.74789983","buyTxId":"1831ad0bfde150f9b0e07bc3c419982d497b4861","sellTxId":"cc10f1c16282bb49dfee4745e6f29741c687a8c8"}
{"index": {"_index":"beer","_id":"1021030"}}
	{"id":1021030,"type":"sell","buyer":"roger.remix","seller":"kamrunnahar","symbol":"BEER","quantity":"0.01250000","price":"0.18803000","timestamp":1620074235,"volume":"0.00235038","buyTxId":"1831ad0bfde150f9b0e07bc3c419982d497b4861","sellTxId":"6b7e233106acf706c25e24361dfc6d942141622d"}
{"index": {"_index":"beer","_id":"1021099"}}
	{"id":1021099,"type":"sell","buyer":"roger.remix","seller":"deathwing","symbol":"BEER","quantity":"0.009","price":"0.18803000","timestamp":1620075306,"volume":"0.00169227","buyTxId":"1831ad0bfde150f9b0e07bc3c419982d497b4861","sellTxId":"35ae49a8da2bf5d9d634b617db821bd4f6a1e334-3"}
{"index": {"_index":"beer","_id":"1021114"}}
	{"id":1021114,"type":"sell","buyer":"roger.remix","seller":"elevator09","symbol":"BEER","quantity":"0.14500000","price":"0.18803000","timestamp":1620075750,"volume":"0.02726435","buyTxId":"1831ad0bfde150f9b0e07bc3c419982d497b4861","sellTxId":"61105b75f6611ee76a64f4c1bf9dc96eeb9ff59f"}
{"index": {"_index":"beer","_id":"1021246"}}
	{"id":1021246,"type":"sell","buyer":"roger.remix","seller":"mafia.wallet","symbol":"BEER","quantity":"0.29","price":"0.18803000","timestamp":1620079239,"volume":"0.05452870","buyTxId":"1831ad0bfde150f9b0e07bc3c419982d497b4861","sellTxId":"83b407cff03bb22ae39db0da8167cdb9d26f6a3a-2"}
{"index": {"_index":"beer","_id":"1021384"}}
	{"id":1021384,"type":"sell","buyer":"roger.remix","seller":"automaton","symbol":"BEER","quantity":"3.59000000","price":"0.18803000","timestamp":1620084099,"volume":"0.67502770","buyTxId":"1831ad0bfde150f9b0e07bc3c419982d497b4861","sellTxId":"9d971907fac0258c8b68ff1001934cab440c5d81"}
