{"index": {"_index":"beer","_id":"1037480"}}
	{"id":1037480,"type":"sell","buyer":"exator","seller":"oliverschmid","symbol":"BEER","quantity":"0.10600000","price":"0.18806000","timestamp":1620538365,"volume":"0.01993436","buyTxId":"1e9827d76243a12c883463ef5df1aba7060564c4","sellTxId":"643999c8f518a2a625b418bb7eb51f6726105dfd"}
{"index": {"_index":"beer","_id":"1037801"}}
	{"id":1037801,"type":"sell","buyer":"exator","seller":"sergey44","symbol":"BEER","quantity":"0.02500000","price":"0.18806000","timestamp":1620548409,"volume":"0.00470150","buyTxId":"1e9827d76243a12c883463ef5df1aba7060564c4","sellTxId":"f62c892b258bd379cb0cdefe0d777ef675c41658"}
{"index": {"_index":"beer","_id":"1037829"}}
	{"id":1037829,"type":"sell","buyer":"exator","seller":"frugal-fun","symbol":"BEER","quantity":"0.67394645","price":"0.18806000","timestamp":1620550014,"volume":"0.12674237","buyTxId":"1e9827d76243a12c883463ef5df1aba7060564c4","sellTxId":"df000ee737e3a9f220e2141d563a9075cdfac58c"}
{"index": {"_index":"beer","_id":"1037916"}}
	{"id":1037916,"type":"buy","buyer":"balte","seller":"nftmart.fees","symbol":"BEER","quantity":"4.00000000","price":"0.29189799","timestamp":1620551838,"volume":"1.16759196","buyTxId":"7f780f14830dc17d81e690e92c6f4228729318dd","sellTxId":"831d6b287c97f2b9a474c362c2d48bdafc118c02-3"}
{"index": {"_index":"beer","_id":"1037917"}}
	{"id":1037917,"type":"buy","buyer":"balte","seller":"bitandi","symbol":"BEER","quantity":"0.97083473","price":"0.29189800","timestamp":1620551838,"volume":"0.28338472","buyTxId":"7f780f14830dc17d81e690e92c6f4228729318dd","sellTxId":"23b5c5e9ac21d7859b876e0de34ea01c483771a4"}
{"index": {"_index":"beer","_id":"1037918"}}
	{"id":1037918,"type":"buy","buyer":"balte","seller":"cloudblade","symbol":"BEER","quantity":"7.02916527","price":"0.29190000","timestamp":1620551838,"volume":"2.05181334","buyTxId":"7f780f14830dc17d81e690e92c6f4228729318dd","sellTxId":"ca2a2b1fe02db16a9ccd7772468352d172025116"}
{"index": {"_index":"beer","_id":"1037933"}}
	{"id":1037933,"type":"sell","buyer":"exator","seller":"itharagaian","symbol":"BEER","quantity":"0.00300000","price":"0.18806000","timestamp":1620552369,"volume":"0.00056418","buyTxId":"1e9827d76243a12c883463ef5df1aba7060564c4","sellTxId":"96384efc615ae1749aa18bd7c672fa20c74441ba"}
{"index": {"_index":"beer","_id":"1037947"}}
	{"id":1037947,"type":"sell","buyer":"exator","seller":"flaxz","symbol":"BEER","quantity":"0.00000584","price":"0.18806000","timestamp":1620552606,"volume":"0.00000110","buyTxId":"1e9827d76243a12c883463ef5df1aba7060564c4","sellTxId":"b2a57c62fa164e589593ef577f5512ac0e4f83ad"}
{"index": {"_index":"beer","_id":"1038014"}}
	{"id":1038014,"type":"sell","buyer":"exator","seller":"wearealive","symbol":"BEER","quantity":"0.07500256","price":"0.18806000","timestamp":1620554013,"volume":"0.01410498","buyTxId":"1e9827d76243a12c883463ef5df1aba7060564c4","sellTxId":"d03068eb375cc16c5b96b99647a346f88e8300ff"}
{"index": {"_index":"beer","_id":"1038015"}}
	{"id":1038015,"type":"buy","buyer":"tsnaks","seller":"nftmart.fees","symbol":"BEER","quantity":"3.50000000","price":"0.29189999","timestamp":1620554022,"volume":"1.02164997","buyTxId":"0a0a97ff853d4820f20cf07eba7dc7d15974d2a9","sellTxId":"97666e39fb359a2d9de2009258a880111177db15-3"}
{"index": {"_index":"beer","_id":"1038138"}}
	{"id":1038138,"type":"sell","buyer":"exator","seller":"kcgm","symbol":"BEER","quantity":"1.25000000","price":"0.18806000","timestamp":1620558570,"volume":"0.23507500","buyTxId":"1e9827d76243a12c883463ef5df1aba7060564c4","sellTxId":"4264c73add4b58a18962abb3d8c7210ad5810663"}
{"index": {"_index":"beer","_id":"1038473"}}
	{"id":1038473,"type":"sell","buyer":"exator","seller":"themarkymark","symbol":"BEER","quantity":"0.23200000","price":"0.18806000","timestamp":1620568917,"volume":"0.04362992","buyTxId":"1e9827d76243a12c883463ef5df1aba7060564c4","sellTxId":"80bd1944441a715389593b0e5efe41dde377c877"}
{"index": {"_index":"beer","_id":"1038483"}}
	{"id":1038483,"type":"buy","buyer":"thejr","seller":"nftmart.fees","symbol":"BEER","quantity":"3.00000000","price":"0.29189999","timestamp":1620569274,"volume":"0.87569997","buyTxId":"ea9e459e9c9c2fd780180b79ed818b70ac49deac","sellTxId":"18406ddc1cf2c17c93ad91150fb46f72ee7a9e05-3"}
{"index": {"_index":"beer","_id":"1038484"}}
	{"id":1038484,"type":"buy","buyer":"thejr","seller":"cloudblade","symbol":"BEER","quantity":"1.97083473","price":"0.29190000","timestamp":1620569274,"volume":"0.57528666","buyTxId":"ea9e459e9c9c2fd780180b79ed818b70ac49deac","sellTxId":"ca2a2b1fe02db16a9ccd7772468352d172025116"}
{"index": {"_index":"beer","_id":"1038485"}}
	{"id":1038485,"type":"buy","buyer":"thejr","seller":"harveyword","symbol":"BEER","quantity":"0.02916527","price":"0.29200000","timestamp":1620569274,"volume":"0.00851626","buyTxId":"ea9e459e9c9c2fd780180b79ed818b70ac49deac","sellTxId":"1c8268b3407ec15ee84da4eaa502d28e3a1216bd"}
{"index": {"_index":"beer","_id":"1038613"}}
	{"id":1038613,"type":"sell","buyer":"cloudblade","seller":"khan.dayyanz","symbol":"BEER","quantity":"0.10244440","price":"0.18806500","timestamp":1620573075,"volume":"0.01926621","buyTxId":"23bf61e437c4ab64986f1d9f89d12eca0eb5a9f9","sellTxId":"a7d737dde9eb5a031cb046d90cd8bb9b7526c6c1"}
{"index": {"_index":"beer","_id":"1039092"}}
	{"id":1039092,"type":"sell","buyer":"cloudblade","seller":"vcelier","symbol":"BEER","quantity":"0.21900000","price":"0.18806500","timestamp":1620586071,"volume":"0.04118624","buyTxId":"23bf61e437c4ab64986f1d9f89d12eca0eb5a9f9","sellTxId":"2b50f57c0dd66f872ee2a1734cec157c5f99ca7e"}
{"index": {"_index":"beer","_id":"1039115"}}
	{"id":1039115,"type":"buy","buyer":"exator","seller":"nftmart.fees","symbol":"BEER","quantity":"3.00000000","price":"0.18806999","timestamp":1620586617,"volume":"0.56420997","buyTxId":"a253658a6b1a5792e47cc1edb9ad7e4ac7e14edc","sellTxId":"09ca4ccf305ac94e11c2701bae9198aa1feaee0f-3"}
{"index": {"_index":"beer","_id":"1039374"}}
	{"id":1039374,"type":"sell","buyer":"cloudblade","seller":"tcpaikano","symbol":"BEER","quantity":"3.05687830","price":"0.18806500","timestamp":1620591159,"volume":"0.57489182","buyTxId":"23bf61e437c4ab64986f1d9f89d12eca0eb5a9f9","sellTxId":"1a72480d42f66beb6827f9621f5cacdbcac31265"}
{"index": {"_index":"beer","_id":"1039464"}}
	{"id":1039464,"type":"sell","buyer":"cloudblade","seller":"deathwing","symbol":"BEER","quantity":"0.009","price":"0.18806500","timestamp":1620593706,"volume":"0.00169259","buyTxId":"23bf61e437c4ab64986f1d9f89d12eca0eb5a9f9","sellTxId":"3a3bfff4b82d0d51e7a8e3f85a0502cc6189c127-4"}
{"index": {"_index":"beer","_id":"1039545"}}
	{"id":1039545,"type":"sell","buyer":"cloudblade","seller":"mafia.wallet","symbol":"BEER","quantity":"0.072","price":"0.18806500","timestamp":1620596352,"volume":"0.01354068","buyTxId":"23bf61e437c4ab64986f1d9f89d12eca0eb5a9f9","sellTxId":"9ab2c25717a58a4071d12e66b60e3b551166ddfd-2"}
{"index": {"_index":"beer","_id":"1039621"}}
	{"id":1039621,"type":"sell","buyer":"cloudblade","seller":"eythorphoto","symbol":"BEER","quantity":"0.20600000","price":"0.18806500","timestamp":1620598290,"volume":"0.03874139","buyTxId":"23bf61e437c4ab64986f1d9f89d12eca0eb5a9f9","sellTxId":"89176e4b3794a26309ed6d4831b09399b1e44236"}
{"index": {"_index":"beer","_id":"1039809"}}
	{"id":1039809,"type":"sell","buyer":"cloudblade","seller":"justinparke","symbol":"BEER","quantity":"64.40572910","price":"0.18806500","timestamp":1620602775,"volume":"12.11246344","buyTxId":"23bf61e437c4ab64986f1d9f89d12eca0eb5a9f9","sellTxId":"d26d22cb503d9960146419c1afc2651dab9943a0"}
{"index": {"_index":"beer","_id":"1039900"}}
	{"id":1039900,"type":"sell","buyer":"cloudblade","seller":"jimre1","symbol":"BEER","quantity":"0.02000000","price":"0.18806500","timestamp":1620606711,"volume":"0.00376130","buyTxId":"23bf61e437c4ab64986f1d9f89d12eca0eb5a9f9","sellTxId":"e967abc34004c3ea26871685b78aca0084cae2f9"}
