{"index": {"_index":"beer","_id":"2178787"}}
	{"id":2178787,"type":"sell","buyer":"homeless-city","seller":"globetrottergcc","symbol":"BEER","quantity":"53.87294556","price":"0.14199000","timestamp":1638685839,"volume":"7.64941954","buyTxId":"965728cbc062d3982adf3936691787ae71d0b19c","sellTxId":"9824b6628e97e8fcc87ba64f0b699bf1a5347792"}
{"index": {"_index":"beer","_id":"2179214"}}
	{"id":2179214,"type":"sell","buyer":"homeless-city","seller":"oks2crypto","symbol":"BEER","quantity":"0.62500000","price":"0.14199000","timestamp":1638692838,"volume":"0.08874375","buyTxId":"965728cbc062d3982adf3936691787ae71d0b19c","sellTxId":"9bf402272f9b3aabcd007c9e1db9d3d3e640d902"}
{"index": {"_index":"beer","_id":"2179221"}}
	{"id":2179221,"type":"sell","buyer":"homeless-city","seller":"alexanderfluke","symbol":"BEER","quantity":"0.05000000","price":"0.14199000","timestamp":1638692985,"volume":"0.00709950","buyTxId":"965728cbc062d3982adf3936691787ae71d0b19c","sellTxId":"34626ef90373f2855bf0b327fe3c391f5db4dcda"}
{"index": {"_index":"beer","_id":"2179606"}}
	{"id":2179606,"type":"buy","buyer":"sinjinn","seller":"harveyword","symbol":"BEER","quantity":"5.00000000","price":"0.17800000","timestamp":1638699897,"volume":"0.89000000","buyTxId":"b640cc87c8e2ebd39811162da61da15b03b52c13","sellTxId":"1a7a56a038bed97612b781020894521e6237f573"}
{"index": {"_index":"beer","_id":"2179837"}}
	{"id":2179837,"type":"sell","buyer":"homeless-city","seller":"krenden","symbol":"BEER","quantity":"0.00900000","price":"0.14199000","timestamp":1638702891,"volume":"0.00127791","buyTxId":"965728cbc062d3982adf3936691787ae71d0b19c","sellTxId":"6a81fd1774c43dbf9b37bd8a88d2b7775ce81ea7"}
{"index": {"_index":"beer","_id":"2180281"}}
	{"id":2180281,"type":"sell","buyer":"homeless-city","seller":"lotto-de","symbol":"BEER","quantity":"10.00000000","price":"0.14199000","timestamp":1638708591,"volume":"1.41990000","buyTxId":"965728cbc062d3982adf3936691787ae71d0b19c","sellTxId":"63c729a388dcb0d4681a98979005b567e6d6b362"}
{"index": {"_index":"beer","_id":"2180405"}}
	{"id":2180405,"type":"buy","buyer":"summertooth","seller":"harveyword","symbol":"BEER","quantity":"0.25000000","price":"0.17800000","timestamp":1638709992,"volume":"0.04450000","buyTxId":"b0f20925fbb027ba9b4a34eb4ac177015ca7afe0","sellTxId":"1a7a56a038bed97612b781020894521e6237f573"}
{"index": {"_index":"beer","_id":"2180406"}}
	{"id":2180406,"type":"buy","buyer":"summertooth","seller":"augustbrown","symbol":"BEER","quantity":"0.26300000","price":"0.17999970","timestamp":1638709992,"volume":"0.04733992","buyTxId":"b0f20925fbb027ba9b4a34eb4ac177015ca7afe0","sellTxId":"2ccb2969f71c388e4e2285c03700807820941f08"}
{"index": {"_index":"beer","_id":"2180407"}}
	{"id":2180407,"type":"buy","buyer":"summertooth","seller":"krusty81","symbol":"BEER","quantity":"9.48700000","price":"0.17999990","timestamp":1638709992,"volume":"1.70765905","buyTxId":"b0f20925fbb027ba9b4a34eb4ac177015ca7afe0","sellTxId":"38c0c64cd2567df02a7031c6b41684b736fc9561"}
{"index": {"_index":"beer","_id":"2181351"}}
	{"id":2181351,"type":"sell","buyer":"homeless-city","seller":"nrg","symbol":"BEER","quantity":"0.50900000","price":"0.14199000","timestamp":1638720612,"volume":"0.07227291","buyTxId":"965728cbc062d3982adf3936691787ae71d0b19c","sellTxId":"c20b788ce23fcd25770258551c8be36299ab1bd8-7"}
{"index": {"_index":"beer","_id":"2181878"}}
	{"id":2181878,"type":"sell","buyer":"homeless-city","seller":"delrosario","symbol":"BEER","quantity":"0.02500000","price":"0.14199000","timestamp":1638725478,"volume":"0.00354975","buyTxId":"965728cbc062d3982adf3936691787ae71d0b19c","sellTxId":"04f9b0cd98279f7beae20446e4f0bdd7e232bfa2"}
{"index": {"_index":"beer","_id":"2182296"}}
	{"id":2182296,"type":"sell","buyer":"homeless-city","seller":"dhedge-drips","symbol":"BEER","quantity":"0.01600000","price":"0.14199000","timestamp":1638729975,"volume":"0.00227184","buyTxId":"965728cbc062d3982adf3936691787ae71d0b19c","sellTxId":"d2e5519e3fa113ce676cc215342e85cca7bb9a7b"}
{"index": {"_index":"beer","_id":"2182316"}}
	{"id":2182316,"type":"sell","buyer":"homeless-city","seller":"felipejoys","symbol":"BEER","quantity":"11.65058186","price":"0.14199000","timestamp":1638730071,"volume":"1.65426612","buyTxId":"965728cbc062d3982adf3936691787ae71d0b19c","sellTxId":"1088c2f0d3ca67254a3a0a5e22d3f7de600dd0f7"}
{"index": {"_index":"beer","_id":"2182317"}}
	{"id":2182317,"type":"sell","buyer":"harveyword","seller":"felipejoys","symbol":"BEER","quantity":"2.09730248","price":"0.09000000","timestamp":1638730071,"volume":"0.18875722","buyTxId":"feeb12081fd7ff08cd2a0c8306949a59939a66ce","sellTxId":"1088c2f0d3ca67254a3a0a5e22d3f7de600dd0f7"}
{"index": {"_index":"beer","_id":"2182410"}}
	{"id":2182410,"type":"buy","buyer":"coolsurfer","seller":"krusty81","symbol":"BEER","quantity":"1.00000000","price":"0.17000000","timestamp":1638731226,"volume":"0.17000000","buyTxId":"babd4d37edd7ba6eb2755779a3575a86fe7ec348","sellTxId":"a0b30d5e76f1b6d195ec9d9c8dd2c1401a2710e1"}
{"index": {"_index":"beer","_id":"2182611"}}
	{"id":2182611,"type":"buy","buyer":"fredfettmeister","seller":"krusty81","symbol":"BEER","quantity":"1.00000000","price":"0.17000000","timestamp":1638733917,"volume":"0.17000000","buyTxId":"4dc4742a485c373f694edf7486ee55746f06289f","sellTxId":"a0b30d5e76f1b6d195ec9d9c8dd2c1401a2710e1"}
{"index": {"_index":"beer","_id":"2182774"}}
	{"id":2182774,"type":"buy","buyer":"leosoph","seller":"krusty81","symbol":"BEER","quantity":"6.47058823","price":"0.17000000","timestamp":1638735735,"volume":"1.1","buyTxId":"8a168c3561acea2ad9308a13b6d8f4508d01b883","sellTxId":"a0b30d5e76f1b6d195ec9d9c8dd2c1401a2710e1"}
{"index": {"_index":"beer","_id":"2182896"}}
	{"id":2182896,"type":"sell","buyer":"coolsurfer","seller":"deathwing","symbol":"BEER","quantity":"0.05","price":"0.15000000","timestamp":1638737706,"volume":"0.00750000","buyTxId":"6f1c1222a2ec49833ef73811d2d55d8a10cb2df8","sellTxId":"22b60b06099e20fd88398f4d193d96195aeb7861-0"}
{"index": {"_index":"beer","_id":"2182904"}}
	{"id":2182904,"type":"buy","buyer":"coolsurfer","seller":"krusty81","symbol":"BEER","quantity":"0.10000000","price":"0.17000000","timestamp":1638737751,"volume":"0.01700000","buyTxId":"7b1356d674d316b316092e3bd50e283d3715da27","sellTxId":"a0b30d5e76f1b6d195ec9d9c8dd2c1401a2710e1"}
{"index": {"_index":"beer","_id":"2182942"}}
	{"id":2182942,"type":"buy","buyer":"fredfettmeister","seller":"krusty81","symbol":"BEER","quantity":"1.00000000","price":"0.17000000","timestamp":1638738081,"volume":"0.17000000","buyTxId":"fbd9758e685c2566a40a5bfedc045899b7f77a8b","sellTxId":"a0b30d5e76f1b6d195ec9d9c8dd2c1401a2710e1"}
{"index": {"_index":"beer","_id":"2182956"}}
	{"id":2182956,"type":"buy","buyer":"blue.rabbit","seller":"krusty81","symbol":"BEER","quantity":"2.00000000","price":"0.17000000","timestamp":1638738447,"volume":"0.34000000","buyTxId":"1546fcf52d390648458ffecd17db0f42e70432bc","sellTxId":"a0b30d5e76f1b6d195ec9d9c8dd2c1401a2710e1"}
{"index": {"_index":"beer","_id":"2183030"}}
	{"id":2183030,"type":"sell","buyer":"coolsurfer","seller":"lrekt01","symbol":"BEER","quantity":"0.00300000","price":"0.15000000","timestamp":1638739485,"volume":"0.00045000","buyTxId":"6f1c1222a2ec49833ef73811d2d55d8a10cb2df8","sellTxId":"5d7579d44c36f366a368105719e9bff290d6bc42"}
{"index": {"_index":"beer","_id":"2183072"}}
	{"id":2183072,"type":"buy","buyer":"detlev","seller":"krusty81","symbol":"BEER","quantity":"0.10000000","price":"0.17000000","timestamp":1638739881,"volume":"0.01700000","buyTxId":"8d789c54d537fc58a3087efa6a902c1ebf49498e","sellTxId":"a0b30d5e76f1b6d195ec9d9c8dd2c1401a2710e1"}
{"index": {"_index":"beer","_id":"2183110"}}
	{"id":2183110,"type":"buy","buyer":"primersion","seller":"krusty81","symbol":"BEER","quantity":"4.78810508","price":"0.17000000","timestamp":1638740304,"volume":"0.81397786","buyTxId":"21bca4aebbade520cda52fe2d2e8b9d37cf36bfd","sellTxId":"a0b30d5e76f1b6d195ec9d9c8dd2c1401a2710e1"}
{"index": {"_index":"beer","_id":"2183111"}}
	{"id":2183111,"type":"buy","buyer":"primersion","seller":"dhedge-drips","symbol":"BEER","quantity":"0.01600000","price":"0.17000000","timestamp":1638740304,"volume":"0.00272000","buyTxId":"21bca4aebbade520cda52fe2d2e8b9d37cf36bfd","sellTxId":"e4b456703148d748b48f5c40b3a72db302e544da"}
{"index": {"_index":"beer","_id":"2183112"}}
	{"id":2183112,"type":"buy","buyer":"primersion","seller":"krusty81","symbol":"BEER","quantity":"5.19589492","price":"0.17999990","timestamp":1638740304,"volume":"0.93526057","buyTxId":"21bca4aebbade520cda52fe2d2e8b9d37cf36bfd","sellTxId":"38c0c64cd2567df02a7031c6b41684b736fc9561"}
{"index": {"_index":"beer","_id":"2183407"}}
	{"id":2183407,"type":"sell","buyer":"coolsurfer","seller":"steem.services","symbol":"BEER","quantity":"0.94700000","price":"0.15000000","timestamp":1638744117,"volume":"0.14205000","buyTxId":"6f1c1222a2ec49833ef73811d2d55d8a10cb2df8","sellTxId":"478aa8f7081faf10e09a2608f1f004a1a55f5b27"}
{"index": {"_index":"beer","_id":"2183408"}}
	{"id":2183408,"type":"sell","buyer":"coolsurfer","seller":"steem.services","symbol":"BEER","quantity":"0.66100000","price":"0.14500000","timestamp":1638744117,"volume":"0.09584500","buyTxId":"dff6b0a212b6376d04de0f2175f5fd098cb1a588","sellTxId":"478aa8f7081faf10e09a2608f1f004a1a55f5b27"}
{"index": {"_index":"beer","_id":"2183628"}}
	{"id":2183628,"type":"sell","buyer":"coolsurfer","seller":"runridefly","symbol":"BEER","quantity":"1.00000000","price":"0.14500000","timestamp":1638746715,"volume":"0.14500000","buyTxId":"dff6b0a212b6376d04de0f2175f5fd098cb1a588","sellTxId":"f7e41132433994622768cdc81cba1cb644e7cfa3"}
{"index": {"_index":"beer","_id":"2183680"}}
	{"id":2183680,"type":"buy","buyer":"zonadigital21","seller":"cloudblade","symbol":"BEER","quantity":"3.00000000","price":"0.17900000","timestamp":1638747498,"volume":"0.53700000","buyTxId":"97f9bf6ed71bd9bf31bed01a6942a09172691997","sellTxId":"a30576bb2d50de9e43c2472a98899ac5d8e6b0b7"}
{"index": {"_index":"beer","_id":"2184005"}}
	{"id":2184005,"type":"sell","buyer":"coolsurfer","seller":"dhedge-drips","symbol":"BEER","quantity":"0.00800002","price":"0.14500000","timestamp":1638751584,"volume":"0.00116000","buyTxId":"dff6b0a212b6376d04de0f2175f5fd098cb1a588","sellTxId":"359fbf86c4c53c0b74bb9d7c002aa5eb3dfe3c6a"}
