{"index": {"_index":"beer","_id":"1101350"}}
	{"id":1101350,"type":"sell","buyer":"detlev","seller":"mafia.wallet","symbol":"BEER","quantity":"0.065","price":"0.21890000","timestamp":1622421933,"volume":"0.01422850","buyTxId":"5cac48f9763b99ee836b75d82cb49ceeb13e75c3","sellTxId":"a913e08ea97860a0ba4351aae53890340958b767-2"}
{"index": {"_index":"beer","_id":"1101524"}}
	{"id":1101524,"type":"sell","buyer":"detlev","seller":"ahmetay","symbol":"BEER","quantity":"0.01250000","price":"0.21890000","timestamp":1622429016,"volume":"0.00273625","buyTxId":"5cac48f9763b99ee836b75d82cb49ceeb13e75c3","sellTxId":"ef7bbf77351b98d597e23b6d0cb9e2aeaea649cc"}
{"index": {"_index":"beer","_id":"1101565"}}
	{"id":1101565,"type":"sell","buyer":"detlev","seller":"justinparke","symbol":"BEER","quantity":"0.56923276","price":"0.21890000","timestamp":1622430174,"volume":"0.12460505","buyTxId":"5cac48f9763b99ee836b75d82cb49ceeb13e75c3","sellTxId":"272256999c33b07be1259244945fc2d8363e9c31"}
{"index": {"_index":"beer","_id":"1101572"}}
	{"id":1101572,"type":"sell","buyer":"heyantomei","seller":"justinparke","symbol":"BEER","quantity":"0.07866058","price":"0.18900000","timestamp":1622430411,"volume":"0.01486685","buyTxId":"9e59291f7e46b610c167fd3149eb9ada9bd4de78","sellTxId":"e60d4a34be792740022a5b49f8abbcd863274e46"}
{"index": {"_index":"beer","_id":"1101705"}}
	{"id":1101705,"type":"buy","buyer":"eythorphoto","seller":"nftmart.fees","symbol":"BEER","quantity":"1.00000000","price":"0.27849998","timestamp":1622435982,"volume":"0.27849998","buyTxId":"0d3dfce2e831d022ef65d445fd22a9e2ad46a3b8","sellTxId":"2fb3b9449e5dee9620926c17fd1c5567192a330d-3"}
{"index": {"_index":"beer","_id":"1101706"}}
	{"id":1101706,"type":"buy","buyer":"eythorphoto","seller":"harveyword","symbol":"BEER","quantity":"0.50000000","price":"0.27850000","timestamp":1622435982,"volume":"0.13925000","buyTxId":"0d3dfce2e831d022ef65d445fd22a9e2ad46a3b8","sellTxId":"bbbafc81bcecd2dc2a634e58cd8b29252eb843d6"}
{"index": {"_index":"beer","_id":"1101707"}}
	{"id":1101707,"type":"buy","buyer":"eythorphoto","seller":"cloudblade","symbol":"BEER","quantity":"6.58706872","price":"0.27900000","timestamp":1622435982,"volume":"1.83779217","buyTxId":"0d3dfce2e831d022ef65d445fd22a9e2ad46a3b8","sellTxId":"80b1fb2f17f97bcd11650e98f17e315977d170b2"}
{"index": {"_index":"beer","_id":"1101708"}}
	{"id":1101708,"type":"buy","buyer":"eythorphoto","seller":"schlees","symbol":"BEER","quantity":"1.34865640","price":"0.28000000","timestamp":1622435982,"volume":"0.37762379","buyTxId":"0d3dfce2e831d022ef65d445fd22a9e2ad46a3b8","sellTxId":"0077ae7dff90ceda5f3d3b585a1729c3b36dbac8"}
{"index": {"_index":"beer","_id":"1101709"}}
	{"id":1101709,"type":"buy","buyer":"eythorphoto","seller":"lammbock","symbol":"BEER","quantity":"3.15511134","price":"0.29990000","timestamp":1622435982,"volume":"0.94621789","buyTxId":"0d3dfce2e831d022ef65d445fd22a9e2ad46a3b8","sellTxId":"bd17d455d05217634d005248515e603c97efaa34"}
{"index": {"_index":"beer","_id":"1101710"}}
	{"id":1101710,"type":"buy","buyer":"eythorphoto","seller":"lrekt01","symbol":"BEER","quantity":"0.03000000","price":"0.31790000","timestamp":1622435982,"volume":"0.00953700","buyTxId":"0d3dfce2e831d022ef65d445fd22a9e2ad46a3b8","sellTxId":"10de806d14a2d53139b7566d51bfab78c20ca83a"}
{"index": {"_index":"beer","_id":"1101711"}}
	{"id":1101711,"type":"buy","buyer":"eythorphoto","seller":"ecoinstant","symbol":"BEER","quantity":"11.37916354","price":"0.31800000","timestamp":1622435982,"volume":"3.61857401","buyTxId":"0d3dfce2e831d022ef65d445fd22a9e2ad46a3b8","sellTxId":"2f34c9e68391f25325fdf7d4cb456fe091c062ab"}
{"index": {"_index":"beer","_id":"1101740"}}
	{"id":1101740,"type":"sell","buyer":"heyantomei","seller":"thatcryptodave","symbol":"BEER","quantity":"2.03591205","price":"0.18900000","timestamp":1622437230,"volume":"0.38478738","buyTxId":"9e59291f7e46b610c167fd3149eb9ada9bd4de78","sellTxId":"531f55a68de70ab7a603e611c8488c2c1b78d76f"}
{"index": {"_index":"beer","_id":"1101753"}}
	{"id":1101753,"type":"buy","buyer":"scottshots","seller":"nftmart.fees","symbol":"BEER","quantity":"1.00000000","price":"0.31799998","timestamp":1622438631,"volume":"0.31799998","buyTxId":"aaf3f839a6c9cd1cab2798fb18f07c33a4a454eb","sellTxId":"742260764a2fb63290ee7be7d67172cca8ec8676-3"}
{"index": {"_index":"beer","_id":"1101754"}}
	{"id":1101754,"type":"buy","buyer":"scottshots","seller":"ecoinstant","symbol":"BEER","quantity":"49.00000000","price":"0.31800000","timestamp":1622438631,"volume":"15.58200000","buyTxId":"aaf3f839a6c9cd1cab2798fb18f07c33a4a454eb","sellTxId":"2f34c9e68391f25325fdf7d4cb456fe091c062ab"}
{"index": {"_index":"beer","_id":"1101767"}}
	{"id":1101767,"type":"sell","buyer":"heyantomei","seller":"onealfa","symbol":"BEER","quantity":"0.118","price":"0.18900000","timestamp":1622438784,"volume":"0.02230200","buyTxId":"9e59291f7e46b610c167fd3149eb9ada9bd4de78","sellTxId":"b044f37622c10606c684993ac433d265e21986f8"}
{"index": {"_index":"beer","_id":"1101780"}}
	{"id":1101780,"type":"buy","buyer":"scottshots","seller":"nftmart.fees","symbol":"BEER","quantity":"1.00000000","price":"0.31799999","timestamp":1622439279,"volume":"0.31799999","buyTxId":"ca564f9944af6943b33c63dce6d36bfff303b687","sellTxId":"d646983f8a05842be6f37b73f007f3e0de378359-3"}
{"index": {"_index":"beer","_id":"1101781"}}
	{"id":1101781,"type":"buy","buyer":"scottshots","seller":"ecoinstant","symbol":"BEER","quantity":"19.00000000","price":"0.31800000","timestamp":1622439279,"volume":"6.04200000","buyTxId":"ca564f9944af6943b33c63dce6d36bfff303b687","sellTxId":"2f34c9e68391f25325fdf7d4cb456fe091c062ab"}
{"index": {"_index":"beer","_id":"1102036"}}
	{"id":1102036,"type":"sell","buyer":"heyantomei","seller":"itharagaian","symbol":"BEER","quantity":"0.00300000","price":"0.18900000","timestamp":1622448024,"volume":"0.00056700","buyTxId":"9e59291f7e46b610c167fd3149eb9ada9bd4de78","sellTxId":"fb978cd4d0f6a8180eb4784cbaea1ae85eb47fd1"}
{"index": {"_index":"beer","_id":"1102289"}}
	{"id":1102289,"type":"sell","buyer":"heyantomei","seller":"andy4475","symbol":"BEER","quantity":"0.25000000","price":"0.18900000","timestamp":1622459232,"volume":"0.04725000","buyTxId":"9e59291f7e46b610c167fd3149eb9ada9bd4de78","sellTxId":"f6afef41dc58504861b3fe43529c116987f0899e"}
{"index": {"_index":"beer","_id":"1102719"}}
	{"id":1102719,"type":"sell","buyer":"heyantomei","seller":"lightcaptured","symbol":"BEER","quantity":"1.81235129","price":"0.18900000","timestamp":1622470578,"volume":"0.34253439","buyTxId":"9e59291f7e46b610c167fd3149eb9ada9bd4de78","sellTxId":"aca8f1cc1f0489ace4f0eb6ba93034e9886ce11d"}
{"index": {"_index":"beer","_id":"1103604"}}
	{"id":1103604,"type":"sell","buyer":"heyantomei","seller":"phoenixwren","symbol":"BEER","quantity":"3.26230369","price":"0.18900000","timestamp":1622488524,"volume":"0.61657540","buyTxId":"9e59291f7e46b610c167fd3149eb9ada9bd4de78","sellTxId":"394910d083d1c0840d73c3f8f99958a26ce05322"}
{"index": {"_index":"beer","_id":"1104025"}}
	{"id":1104025,"type":"sell","buyer":"heyantomei","seller":"deathwing","symbol":"BEER","quantity":"0.016","price":"0.18900000","timestamp":1622494506,"volume":"0.00302400","buyTxId":"9e59291f7e46b610c167fd3149eb9ada9bd4de78","sellTxId":"876037a9ac27fbe8ba64a32b37a74cc01bdf0b66-3"}
{"index": {"_index":"beer","_id":"1104087"}}
	{"id":1104087,"type":"sell","buyer":"heyantomei","seller":"musicuniversity","symbol":"BEER","quantity":"0.46298298","price":"0.18900000","timestamp":1622496747,"volume":"0.08750378","buyTxId":"9e59291f7e46b610c167fd3149eb9ada9bd4de78","sellTxId":"28ff6f42f9861d4c0c96072a4c641e20dca363a2"}
{"index": {"_index":"beer","_id":"1104469"}}
	{"id":1104469,"type":"sell","buyer":"heyantomei","seller":"mafia.wallet","symbol":"BEER","quantity":"0.065","price":"0.18900000","timestamp":1622506851,"volume":"0.01228500","buyTxId":"9e59291f7e46b610c167fd3149eb9ada9bd4de78","sellTxId":"20d72bd7ddfacd49abf374aec357181b53875ff3-1"}
