{"index": {"_index":"beer","_id":"1031133"}}
	{"id":1031133,"type":"buy","buyer":"fiberfrau","seller":"harveyword","symbol":"BEER","quantity":"0.13000000","price":"0.29750000","timestamp":1620351402,"volume":"0.03867500","buyTxId":"5ac0a990da6e5b3fcf91b3fe63ff8491d1bdceb1","sellTxId":"dede737df829fbe4710a89793456810e6c48ba8a"}
{"index": {"_index":"beer","_id":"1031259"}}
	{"id":1031259,"type":"sell","buyer":"engrave","seller":"thatcryptodave","symbol":"BEER","quantity":"1.43880042","price":"0.18804000","timestamp":1620354417,"volume":"0.27055203","buyTxId":"54389021435cdf07dd942d6ce2d1a7845135b204","sellTxId":"32383213e05e5fd4a1e1d16405ce4fced01b3ed5"}
{"index": {"_index":"beer","_id":"1031283"}}
	{"id":1031283,"type":"sell","buyer":"engrave","seller":"jimre1","symbol":"BEER","quantity":"0.02800000","price":"0.18804000","timestamp":1620354738,"volume":"0.00526512","buyTxId":"54389021435cdf07dd942d6ce2d1a7845135b204","sellTxId":"5cb937c5d218e7ad438881c31532def8572b449d"}
{"index": {"_index":"beer","_id":"1031425"}}
	{"id":1031425,"type":"sell","buyer":"engrave","seller":"ralph-rennoldson","symbol":"BEER","quantity":"0.16571120","price":"0.18804000","timestamp":1620359427,"volume":"0.03116033","buyTxId":"54389021435cdf07dd942d6ce2d1a7845135b204","sellTxId":"8c407923cccaa89997bdde867ee1461b6f72f0b5"}
{"index": {"_index":"beer","_id":"1031439"}}
	{"id":1031439,"type":"sell","buyer":"engrave","seller":"tanzofett","symbol":"BEER","quantity":"3.06102480","price":"0.18804000","timestamp":1620360474,"volume":"0.57559510","buyTxId":"54389021435cdf07dd942d6ce2d1a7845135b204","sellTxId":"63cbb9121c96025679b7bed702836ccad495346f"}
{"index": {"_index":"beer","_id":"1031471"}}
	{"id":1031471,"type":"buy","buyer":"petertag","seller":"harveyword","symbol":"BEER","quantity":"1.87000000","price":"0.29750000","timestamp":1620361740,"volume":"0.55632500","buyTxId":"874c897fbde4445d9bd9c81dc32ff7dd52a3b616","sellTxId":"dede737df829fbe4710a89793456810e6c48ba8a"}
{"index": {"_index":"beer","_id":"1031473"}}
	{"id":1031473,"type":"buy","buyer":"petertag","seller":"fycee","symbol":"BEER","quantity":"3.12736240","price":"0.30000000","timestamp":1620361779,"volume":"0.93820872","buyTxId":"379712a59ce486e8a71a37f57bdbf0aa74291229","sellTxId":"f3b07003c3a9c5adb58f265953c7ed46653371f3"}
{"index": {"_index":"beer","_id":"1031474"}}
	{"id":1031474,"type":"buy","buyer":"petertag","seller":"fycee","symbol":"BEER","quantity":"0.00000180","price":"0.30000000","timestamp":1620361779,"volume":"0.00000054","buyTxId":"379712a59ce486e8a71a37f57bdbf0aa74291229","sellTxId":"d9e4982bfeb89ea9024bdc6a1f7d8a8aa1d482d7"}
{"index": {"_index":"beer","_id":"1031476"}}
	{"id":1031476,"type":"buy","buyer":"petertag","seller":"fycee","symbol":"BEER","quantity":"0.00263580","price":"0.30000000","timestamp":1620361824,"volume":"0.00079074","buyTxId":"a9010a47d840318af12af8e7a84b04ced3e8c138","sellTxId":"d9e4982bfeb89ea9024bdc6a1f7d8a8aa1d482d7"}
{"index": {"_index":"beer","_id":"1031654"}}
	{"id":1031654,"type":"sell","buyer":"engrave","seller":"oliverschmid","symbol":"BEER","quantity":"0.22500000","price":"0.18804000","timestamp":1620366750,"volume":"0.04230900","buyTxId":"54389021435cdf07dd942d6ce2d1a7845135b204","sellTxId":"a7a47f3185189e49da0ae0cc32665c7cbdcbe5bb"}
{"index": {"_index":"beer","_id":"1031672"}}
	{"id":1031672,"type":"sell","buyer":"engrave","seller":"jk6276","symbol":"BEER","quantity":"0.01250000","price":"0.18804000","timestamp":1620367086,"volume":"0.00235050","buyTxId":"54389021435cdf07dd942d6ce2d1a7845135b204","sellTxId":"2c9e36e2bb434eb8031805dd4ad5966832be53aa"}
{"index": {"_index":"beer","_id":"1031762"}}
	{"id":1031762,"type":"sell","buyer":"engrave","seller":"vcelier","symbol":"BEER","quantity":"0.12300000","price":"0.18804000","timestamp":1620370593,"volume":"0.02312892","buyTxId":"54389021435cdf07dd942d6ce2d1a7845135b204","sellTxId":"653bdeb4093763aa81edc5e964ff4a67b97d3c70"}
{"index": {"_index":"beer","_id":"1031782"}}
	{"id":1031782,"type":"sell","buyer":"engrave","seller":"itharagaian","symbol":"BEER","quantity":"0.00400000","price":"0.18804000","timestamp":1620371265,"volume":"0.00075216","buyTxId":"54389021435cdf07dd942d6ce2d1a7845135b204","sellTxId":"ad8d086d39e57d856a3e7a1ca90732fe2796e07a"}
{"index": {"_index":"beer","_id":"1031794"}}
	{"id":1031794,"type":"sell","buyer":"engrave","seller":"sk1920","symbol":"BEER","quantity":"1.25000000","price":"0.18804000","timestamp":1620372453,"volume":"0.23505000","buyTxId":"54389021435cdf07dd942d6ce2d1a7845135b204","sellTxId":"9c9cf55cb1f6e67ee5f14ee627f2a1424ef91014"}
{"index": {"_index":"beer","_id":"1031802"}}
	{"id":1031802,"type":"sell","buyer":"engrave","seller":"benjaaa","symbol":"BEER","quantity":"0.02343750","price":"0.18804000","timestamp":1620372849,"volume":"0.00440719","buyTxId":"54389021435cdf07dd942d6ce2d1a7845135b204","sellTxId":"d3e7d3eaa286baca2988b1daa8c870b1f7ba4e1d"}
{"index": {"_index":"beer","_id":"1031983"}}
	{"id":1031983,"type":"sell","buyer":"exator","seller":"flaxz","symbol":"BEER","quantity":"0.00000382","price":"0.18805000","timestamp":1620379551,"volume":"0.00000072","buyTxId":"9ceefde090b9da134d63676392c6cb5b452389ca","sellTxId":"e7be582a50845bedfed68884726bc7bb01869e65"}
{"index": {"_index":"beer","_id":"1031991"}}
	{"id":1031991,"type":"buy","buyer":"venan","seller":"exator","symbol":"BEER","quantity":"1.61389655","price":"0.29000000","timestamp":1620379782,"volume":"0.46803000","buyTxId":"f9b0c10fbe9713808caaa89ac500aefe4dc952cb","sellTxId":"84d33a4db36a313ff3a8ac7a753bb0b11ecfcdf6"}
{"index": {"_index":"beer","_id":"1032001"}}
	{"id":1032001,"type":"sell","buyer":"exator","seller":"wearealive","symbol":"BEER","quantity":"0.00000253","price":"0.18805000","timestamp":1620380328,"volume":"0.00000048","buyTxId":"9ceefde090b9da134d63676392c6cb5b452389ca","sellTxId":"9307c469220e203ff57b3da653214f8227181656"}
{"index": {"_index":"beer","_id":"1032197"}}
	{"id":1032197,"type":"sell","buyer":"lxsxl","seller":"holoferncro","symbol":"BEER","quantity":"2.24200000","price":"0.19000000","timestamp":1620387504,"volume":"0.42598000","buyTxId":"7358df695c1efc951c8f47a1c9e4343bc2ffceb7","sellTxId":"e39224ef2a7c0cdeb712f16fe47753f6c5d1e549"}
{"index": {"_index":"beer","_id":"1032355"}}
	{"id":1032355,"type":"sell","buyer":"lxsxl","seller":"elevator09","symbol":"BEER","quantity":"0.15700000","price":"0.19000000","timestamp":1620394017,"volume":"0.02983000","buyTxId":"7358df695c1efc951c8f47a1c9e4343bc2ffceb7","sellTxId":"0a1459844a3f50371a547b53fdbd9d951af9b595"}
{"index": {"_index":"beer","_id":"1032685"}}
	{"id":1032685,"type":"sell","buyer":"lxsxl","seller":"thranax","symbol":"BEER","quantity":"0.05034191","price":"0.19000000","timestamp":1620404106,"volume":"0.00956496","buyTxId":"7358df695c1efc951c8f47a1c9e4343bc2ffceb7","sellTxId":"7bb7809743ce5785f1090239c8b0bb219668813f"}
{"index": {"_index":"beer","_id":"1033162"}}
	{"id":1033162,"type":"sell","buyer":"lxsxl","seller":"oliverschmid","symbol":"BEER","quantity":"0.10600000","price":"0.20000000","timestamp":1620414954,"volume":"0.02120000","buyTxId":"43f7f3f4cba88415de9adc1a7b0a70cf2a892e73","sellTxId":"8e88fd7a275cdcbe899591c6e9941b25be86b139"}
{"index": {"_index":"beer","_id":"1033189"}}
	{"id":1033189,"type":"sell","buyer":"lxsxl","seller":"eythorphoto","symbol":"BEER","quantity":"0.20500000","price":"0.20000000","timestamp":1620415635,"volume":"0.04100000","buyTxId":"43f7f3f4cba88415de9adc1a7b0a70cf2a892e73","sellTxId":"6f56a29936c79f19623bbac9d9ebe9caaedb4e42"}
{"index": {"_index":"beer","_id":"1033207"}}
	{"id":1033207,"type":"sell","buyer":"lxsxl","seller":"tonytrillions","symbol":"BEER","quantity":"0.00006064","price":"0.20000000","timestamp":1620416073,"volume":"0.00001213","buyTxId":"43f7f3f4cba88415de9adc1a7b0a70cf2a892e73","sellTxId":"c9250eb3da05b1daba59d858a2a2189b7f640f8d"}
{"index": {"_index":"beer","_id":"1033220"}}
	{"id":1033220,"type":"sell","buyer":"lxsxl","seller":"ronnie10","symbol":"BEER","quantity":"0.06200000","price":"0.20000000","timestamp":1620416394,"volume":"0.01240000","buyTxId":"43f7f3f4cba88415de9adc1a7b0a70cf2a892e73","sellTxId":"ba7ed0d1cc95036a55c2de93d42941548c8169bd"}
{"index": {"_index":"beer","_id":"1033313"}}
	{"id":1033313,"type":"sell","buyer":"lxsxl","seller":"globalcontent","symbol":"BEER","quantity":"0.13000000","price":"0.20000000","timestamp":1620418131,"volume":"0.02600000","buyTxId":"43f7f3f4cba88415de9adc1a7b0a70cf2a892e73","sellTxId":"0771f0a4b7039b8a1bcbee9e71ffda8555922ffd"}
{"index": {"_index":"beer","_id":"1033420"}}
	{"id":1033420,"type":"sell","buyer":"lxsxl","seller":"mafia.wallet","symbol":"BEER","quantity":"0.072","price":"0.20000000","timestamp":1620419010,"volume":"0.01440000","buyTxId":"43f7f3f4cba88415de9adc1a7b0a70cf2a892e73","sellTxId":"c8cc29dac95963261f6b8ffacc2b9451a38d9906-2"}
{"index": {"_index":"beer","_id":"1033428"}}
	{"id":1033428,"type":"sell","buyer":"lxsxl","seller":"dannychain","symbol":"BEER","quantity":"0.52085296","price":"0.20000000","timestamp":1620419145,"volume":"0.10417059","buyTxId":"43f7f3f4cba88415de9adc1a7b0a70cf2a892e73","sellTxId":"89be0f9e9a1ed6487cbd9714932606e6553c126e"}
{"index": {"_index":"beer","_id":"1033471"}}
	{"id":1033471,"type":"buy","buyer":"venan","seller":"lammbock","symbol":"BEER","quantity":"0.79637705","price":"0.28000000","timestamp":1620419844,"volume":"0.22298557","buyTxId":"d6dab5801e563c520dffa055cf6d9e11e5fbf717","sellTxId":"07993970c711eb032685c48939cc1976b2deb112"}
{"index": {"_index":"beer","_id":"1033476"}}
	{"id":1033476,"type":"buy","buyer":"venan","seller":"exator","symbol":"BEER","quantity":"0.84142000","price":"0.29000000","timestamp":1620419886,"volume":"0.24401180","buyTxId":"478d75c7a0da34de67f63e5cfb7ae5c3d61f11b9","sellTxId":"84d33a4db36a313ff3a8ac7a753bb0b11ecfcdf6"}
{"index": {"_index":"beer","_id":"1033490"}}
	{"id":1033490,"type":"sell","buyer":"lxsxl","seller":"manoldonchev","symbol":"BEER","quantity":"0.85300000","price":"0.20000000","timestamp":1620420186,"volume":"0.17060000","buyTxId":"43f7f3f4cba88415de9adc1a7b0a70cf2a892e73","sellTxId":"4058f354ebfacf889d21be592b88b30c9ace2d97"}
{"index": {"_index":"beer","_id":"1033528"}}
	{"id":1033528,"type":"sell","buyer":"lxsxl","seller":"deathwing","symbol":"BEER","quantity":"0.009","price":"0.20000000","timestamp":1620420906,"volume":"0.00180000","buyTxId":"43f7f3f4cba88415de9adc1a7b0a70cf2a892e73","sellTxId":"0caf2a083d4a526df5811e2c995c70cabc1b9dc5-4"}
{"index": {"_index":"beer","_id":"1033876"}}
	{"id":1033876,"type":"buy","buyer":"condeas","seller":"exator","symbol":"BEER","quantity":"2.65572605","price":"0.29000000","timestamp":1620429654,"volume":"0.77016055","buyTxId":"a73419690f477a96c47289544fe127038d818e61","sellTxId":"84d33a4db36a313ff3a8ac7a753bb0b11ecfcdf6"}
{"index": {"_index":"beer","_id":"1033892"}}
	{"id":1033892,"type":"sell","buyer":"condeas","seller":"jimre1","symbol":"BEER","quantity":"0.01000000","price":"0.29000000","timestamp":1620430251,"volume":"0.00290000","buyTxId":"a73419690f477a96c47289544fe127038d818e61","sellTxId":"e1591e7881aaeffc95a862643f225c36cc316328"}
{"index": {"_index":"beer","_id":"1034011"}}
	{"id":1034011,"type":"sell","buyer":"condeas","seller":"mima2606","symbol":"BEER","quantity":"1.65128880","price":"0.29000000","timestamp":1620433422,"volume":"0.47887375","buyTxId":"a73419690f477a96c47289544fe127038d818e61","sellTxId":"3cb1d6baf3509d7817fd9ad907354ee47c6fc558"}
