{"index": {"_index":"beer","_id":"1381254"}}
	{"id":1381254,"type":"sell","buyer":"mihaylov","seller":"ahmetay","symbol":"BEER","quantity":"0.01250000","price":"0.21997999","timestamp":1629348750,"volume":"0.00274975","buyTxId":"5379148576879b5a6c10deaa74f70350b1d28ca9","sellTxId":"469e859cafbd9404c70d310c523e3a8b8341dcc0"}
{"index": {"_index":"beer","_id":"1381450"}}
	{"id":1381450,"type":"sell","buyer":"mihaylov","seller":"vcelier","symbol":"BEER","quantity":"0.21300000","price":"0.21997999","timestamp":1629351471,"volume":"0.04685574","buyTxId":"5379148576879b5a6c10deaa74f70350b1d28ca9","sellTxId":"651530f9aeda8d7bae3c9cad3439a2d5aaf7e8d8"}
{"index": {"_index":"beer","_id":"1382559"}}
	{"id":1382559,"type":"sell","buyer":"mihaylov","seller":"altonos","symbol":"BEER","quantity":"3.69987500","price":"0.21997999","timestamp":1629370773,"volume":"0.81389846","buyTxId":"5379148576879b5a6c10deaa74f70350b1d28ca9","sellTxId":"ff866b2fa932bc0071c968b969d30523e5cece65"}
{"index": {"_index":"beer","_id":"1382989"}}
	{"id":1382989,"type":"buy","buyer":"adexbafo","seller":"wine-token","symbol":"BEER","quantity":"31.10353000","price":"0.21997998","timestamp":1629375813,"volume":"6.84215391","buyTxId":"877a0a1120352b76d4d86bd7726284fa8609777f","sellTxId":"3372ce1d408cfcc6cbda7666129382d8be186dbd"}
{"index": {"_index":"beer","_id":"1383080"}}
	{"id":1383080,"type":"sell","buyer":"master-lamps","seller":"mafia.wallet","symbol":"BEER","quantity":"0.094","price":"0.19710001","timestamp":1629377103,"volume":"0.01852740","buyTxId":"712b670643214ad8c9b24cdda24dff0f48fde89c","sellTxId":"e83318f55e305857441376b036e80567e618b1ac-2"}
{"index": {"_index":"beer","_id":"1383098"}}
	{"id":1383098,"type":"buy","buyer":"jeyf123","seller":"wine-token","symbol":"BEER","quantity":"127.00000000","price":"0.21997998","timestamp":1629377220,"volume":"27.93745746","buyTxId":"55fcb4d8ac3ffec830a04b824d5545da68da0275","sellTxId":"3372ce1d408cfcc6cbda7666129382d8be186dbd"}
{"index": {"_index":"beer","_id":"1383738"}}
	{"id":1383738,"type":"sell","buyer":"master-lamps","seller":"wearealive","symbol":"BEER","quantity":"0.025","price":"0.19710003","timestamp":1629384987,"volume":"0.00492750","buyTxId":"884b06119d4bb43c69842991f2d48b407098a424","sellTxId":"290671a86e3a7a4d9ded5926e4bf57fffd86a6ad"}
{"index": {"_index":"beer","_id":"1384387"}}
	{"id":1384387,"type":"buy","buyer":"myanmarkoko","seller":"master-lamps","symbol":"BEER","quantity":"0.09400000","price":"0.21997997","timestamp":1629391083,"volume":"0.02067812","buyTxId":"629c2ffe77e73c03ed97159c51595be4d0cd7aac","sellTxId":"b25bb5aec2fb07e1c7d71d331461853d7e241685"}
{"index": {"_index":"beer","_id":"1384388"}}
	{"id":1384388,"type":"buy","buyer":"myanmarkoko","seller":"master-lamps","symbol":"BEER","quantity":"0.02500000","price":"0.21997997","timestamp":1629391083,"volume":"0.00549950","buyTxId":"629c2ffe77e73c03ed97159c51595be4d0cd7aac","sellTxId":"484895540bf266181b4d13be9876ce9f91842a54"}
{"index": {"_index":"beer","_id":"1384389"}}
	{"id":1384389,"type":"buy","buyer":"myanmarkoko","seller":"wine-token","symbol":"BEER","quantity":"27.15620930","price":"0.21997998","timestamp":1629391083,"volume":"5.97382238","buyTxId":"629c2ffe77e73c03ed97159c51595be4d0cd7aac","sellTxId":"3372ce1d408cfcc6cbda7666129382d8be186dbd"}
{"index": {"_index":"beer","_id":"1385228"}}
	{"id":1385228,"type":"sell","buyer":"master-lamps","seller":"lestrange","symbol":"BEER","quantity":"3.85477000","price":"0.19710003","timestamp":1629400410,"volume":"0.75977528","buyTxId":"884b06119d4bb43c69842991f2d48b407098a424","sellTxId":"3a083cdcaa1a64114bde0e0d1087ac6bfb558d85"}
{"index": {"_index":"beer","_id":"1385361"}}
	{"id":1385361,"type":"sell","buyer":"master-lamps","seller":"automaton","symbol":"BEER","quantity":"4.85644302","price":"0.19710003","timestamp":1629402378,"volume":"0.95720506","buyTxId":"884b06119d4bb43c69842991f2d48b407098a424","sellTxId":"955643ccad84182c5b167d9a7bc3f9b32538df0a"}
{"index": {"_index":"beer","_id":"1385771"}}
	{"id":1385771,"type":"sell","buyer":"master-lamps","seller":"deathwing","symbol":"BEER","quantity":"0.005","price":"0.19710004","timestamp":1629406506,"volume":"0.00098550","buyTxId":"5e9ab93f914c70716315dd72f71dfa3c6422b894","sellTxId":"15533a94546ad4f41d2ea870fdcc005890f15cb6-3"}
{"index": {"_index":"beer","_id":"1385855"}}
	{"id":1385855,"type":"sell","buyer":"master-lamps","seller":"eythorphoto","symbol":"BEER","quantity":"0.03700000","price":"0.19710004","timestamp":1629407703,"volume":"0.00729270","buyTxId":"5e9ab93f914c70716315dd72f71dfa3c6422b894","sellTxId":"1de1b2580935f5055566e4c7b22945bbf80f2ea1"}
{"index": {"_index":"beer","_id":"1386876"}}
	{"id":1386876,"type":"sell","buyer":"master-lamps","seller":"alexander1506","symbol":"BEER","quantity":"0.06291180","price":"0.19710004","timestamp":1629423747,"volume":"0.01239992","buyTxId":"5e9ab93f914c70716315dd72f71dfa3c6422b894","sellTxId":"7649da5df40b53eb52b8cd4e8fd21bc29a5214e4"}
{"index": {"_index":"beer","_id":"1386877"}}
	{"id":1386877,"type":"sell","buyer":"master-lamps","seller":"alexander1506","symbol":"BEER","quantity":"0.00557678","price":"0.19710003","timestamp":1629423747,"volume":"0.00109918","buyTxId":"884b06119d4bb43c69842991f2d48b407098a424","sellTxId":"7649da5df40b53eb52b8cd4e8fd21bc29a5214e4"}
