{"index": {"_index":"beer","_id":"3252515"}}
	{"id":3252515,"type":"sell","buyer":"hiq.magazine","seller":"steemstreems","symbol":"BEER","quantity":"0.04198059","price":"0.14000000","timestamp":1650581538,"volume":"0.00587728","buyTxId":"278ff38f01d5b9bd8300053a07fd343add976aaf","sellTxId":"6b79fa4cb5d415a47c69262e83ea79fadade343a"}
{"index": {"_index":"beer","_id":"3253935"}}
	{"id":3253935,"type":"buy","buyer":"edgerik","seller":"master-lamps","symbol":"BEER","quantity":"3.00000000","price":"0.17779999","timestamp":1650596580,"volume":"0.53339997","buyTxId":"befdc76dd869de76f94a82f480e523af4ad5ea22","sellTxId":"0625d767ce262e5a105ed668153bba587780688f"}
{"index": {"_index":"beer","_id":"3254372"}}
	{"id":3254372,"type":"sell","buyer":"davidxxl","seller":"eythorphoto","symbol":"BEER","quantity":"1.33000001","price":"0.14005000","timestamp":1650603933,"volume":"0.18626650","buyTxId":"5a80be45c5130e292dfe7bcbbf66761de487ca25","sellTxId":"55537122098aeff48a091374741e8ee8951ecb09"}
{"index": {"_index":"beer","_id":"3255178"}}
	{"id":3255178,"type":"buy","buyer":"untzuntzuntz","seller":"lammbock","symbol":"BEER","quantity":"0.17838486","price":"0.17770000","timestamp":1650615294,"volume":"0.03169899","buyTxId":"0f6b3727ebef9c6540b8442fb62962f2811be7f0","sellTxId":"7c456bbb20e787ac2c1b56fcf553dc958e7c7089"}
{"index": {"_index":"beer","_id":"3255179"}}
	{"id":3255179,"type":"buy","buyer":"untzuntzuntz","seller":"master-lamps","symbol":"BEER","quantity":"5.44601273","price":"0.17779999","timestamp":1650615294,"volume":"0.96830101","buyTxId":"0f6b3727ebef9c6540b8442fb62962f2811be7f0","sellTxId":"0625d767ce262e5a105ed668153bba587780688f"}
{"index": {"_index":"beer","_id":"3255827"}}
	{"id":3255827,"type":"sell","buyer":"hiq.magazine","seller":"fnvdesigns","symbol":"BEER","quantity":"0.56387378","price":"0.15000000","timestamp":1650626190,"volume":"0.08458107","buyTxId":"191996e06a37594872a8e8056111d57ff863e23a","sellTxId":"eb0463311ff085607b69232f8f131b5b8edf06c7"}
{"index": {"_index":"beer","_id":"3255871"}}
	{"id":3255871,"type":"sell","buyer":"hiq.magazine","seller":"lotto-de","symbol":"BEER","quantity":"2.00000000","price":"0.15000000","timestamp":1650626712,"volume":"0.30000000","buyTxId":"191996e06a37594872a8e8056111d57ff863e23a","sellTxId":"478d5189d1654c1ef2b428abe073cb5bcf0337a6"}
{"index": {"_index":"beer","_id":"3256507"}}
	{"id":3256507,"type":"sell","buyer":"hiq.magazine","seller":"investinthefutur","symbol":"BEER","quantity":"7.43612600","price":"0.15000000","timestamp":1650634284,"volume":"1.11541890","buyTxId":"191996e06a37594872a8e8056111d57ff863e23a","sellTxId":"af060db6702878076e343472c174b88cb745026e"}
{"index": {"_index":"beer","_id":"3257637"}}
	{"id":3257637,"type":"sell","buyer":"davidxxl","seller":"michelmake","symbol":"BEER","quantity":"0.05000000","price":"0.14005000","timestamp":1650646182,"volume":"0.00700250","buyTxId":"5a80be45c5130e292dfe7bcbbf66761de487ca25","sellTxId":"6588700bdd1502d02290ff4f98528c8fb6e19d55"}
{"index": {"_index":"beer","_id":"3258199"}}
	{"id":3258199,"type":"sell","buyer":"davidxxl","seller":"monsterjamgold","symbol":"BEER","quantity":"0.173","price":"0.14005000","timestamp":1650650736,"volume":"0.02422865","buyTxId":"5a80be45c5130e292dfe7bcbbf66761de487ca25","sellTxId":"ea9060f877550ae47241b275115e87fdd1d23ec8"}
{"index": {"_index":"beer","_id":"3258205"}}
	{"id":3258205,"type":"buy","buyer":"davidxxl","seller":"itharagaian","symbol":"BEER","quantity":"0.04570000","price":"0.14005003","timestamp":1650650817,"volume":"0.00640029","buyTxId":"83fcf8185c96ce49b2e151d86fcb78d5a484d231","sellTxId":"7f8324b678fc55b9564790be45e7a6e20e7449cc"}
{"index": {"_index":"beer","_id":"3258306"}}
	{"id":3258306,"type":"buy","buyer":"edgerik","seller":"kobusu","symbol":"BEER","quantity":"2.00000000","price":"0.17700000","timestamp":1650651795,"volume":"0.35400000","buyTxId":"e7733dcaac0b2aad1fc41904f40c4371106b6513","sellTxId":"8e8fb9f13c0c0e8d809d70162b69ee988c1eb65f"}
{"index": {"_index":"beer","_id":"3259234"}}
	{"id":3259234,"type":"sell","buyer":"davidxxl","seller":"unlikelysurvivor","symbol":"BEER","quantity":"0.02628287","price":"0.14005000","timestamp":1650663642,"volume":"0.00368092","buyTxId":"5a80be45c5130e292dfe7bcbbf66761de487ca25","sellTxId":"c2981f49e74d4d1b946451ba0a7b32024ee5156a"}
{"index": {"_index":"beer","_id":"3259358"}}
	{"id":3259358,"type":"sell","buyer":"davidxxl","seller":"gadrian","symbol":"BEER","quantity":"0.03750000","price":"0.14005000","timestamp":1650665031,"volume":"0.00525188","buyTxId":"5a80be45c5130e292dfe7bcbbf66761de487ca25","sellTxId":"525064d978d71ec0daf2857e44c8d57210e77d59"}
{"index": {"_index":"beer","_id":"3259592"}}
	{"id":3259592,"type":"buy","buyer":"detlev","seller":"kobusu","symbol":"BEER","quantity":"0.10000000","price":"0.17700000","timestamp":1650667779,"volume":"0.01770000","buyTxId":"f6990a66cf059537f001d2a364fe69c5e8e93631","sellTxId":"8e8fb9f13c0c0e8d809d70162b69ee988c1eb65f"}
