{"index": {"_index":"beer","_id":"1146548"}}
	{"id":1146548,"type":"sell","buyer":"zoe24","seller":"steem.services","symbol":"BEER","quantity":"0.98300000","price":"0.18101000","timestamp":1623805071,"volume":"0.17793283","buyTxId":"e0fe537e0abe3211ec3bbb77c3b1f6a4921f76d5","sellTxId":"d59a7799cfe363901516d59febdfb2ac3d566d38"}
{"index": {"_index":"beer","_id":"1146709"}}
	{"id":1146709,"type":"sell","buyer":"zoe24","seller":"eythorphoto","symbol":"BEER","quantity":"0.21900000","price":"0.18101000","timestamp":1623809349,"volume":"0.03964119","buyTxId":"e0fe537e0abe3211ec3bbb77c3b1f6a4921f76d5","sellTxId":"56730999652359ae2a5572d875049d7aeabdd94a"}
{"index": {"_index":"beer","_id":"1146727"}}
	{"id":1146727,"type":"sell","buyer":"zoe24","seller":"mafia.wallet","symbol":"BEER","quantity":"0.061","price":"0.18101000","timestamp":1623810492,"volume":"0.01104161","buyTxId":"e0fe537e0abe3211ec3bbb77c3b1f6a4921f76d5","sellTxId":"0b0c21ba29fd6076f06e8305b19d7983573d4582-0"}
{"index": {"_index":"beer","_id":"1146828"}}
	{"id":1146828,"type":"sell","buyer":"zoe24","seller":"forexbrokr","symbol":"BEER","quantity":"0.02500000","price":"0.18101000","timestamp":1623814218,"volume":"0.00452525","buyTxId":"e0fe537e0abe3211ec3bbb77c3b1f6a4921f76d5","sellTxId":"e5442691624881a44056dd46f40f04e3d480400c"}
{"index": {"_index":"beer","_id":"1147254"}}
	{"id":1147254,"type":"sell","buyer":"zoe24","seller":"itharagaian","symbol":"BEER","quantity":"0.00300000","price":"0.18101000","timestamp":1623827841,"volume":"0.00054303","buyTxId":"e0fe537e0abe3211ec3bbb77c3b1f6a4921f76d5","sellTxId":"e100c00bd812bb157d614ee0fdce7c303f3078dd"}
{"index": {"_index":"beer","_id":"1147313"}}
	{"id":1147313,"type":"sell","buyer":"zoe24","seller":"steempower-001","symbol":"BEER","quantity":"0.01250000","price":"0.18101000","timestamp":1623829389,"volume":"0.00226263","buyTxId":"e0fe537e0abe3211ec3bbb77c3b1f6a4921f76d5","sellTxId":"bd800b5818ac665a64ea8f13808c92e42242f97a"}
{"index": {"_index":"beer","_id":"1147503"}}
	{"id":1147503,"type":"sell","buyer":"zoe24","seller":"alucian","symbol":"BEER","quantity":"6.23439250","price":"0.18101000","timestamp":1623836661,"volume":"1.12848739","buyTxId":"e0fe537e0abe3211ec3bbb77c3b1f6a4921f76d5","sellTxId":"814788180e996602f6dfb14dd79b484f8dbaa286"}
{"index": {"_index":"beer","_id":"1147783"}}
	{"id":1147783,"type":"sell","buyer":"forykw","seller":"phoenixwren","symbol":"BEER","quantity":"3.26230369","price":"0.18200000","timestamp":1623849027,"volume":"0.59373927","buyTxId":"0197feba830340d4bfbc1f390c97ef180a25396f","sellTxId":"2281efb94405f9189785d162d36f016993b9b610"}
{"index": {"_index":"beer","_id":"1147933"}}
	{"id":1147933,"type":"sell","buyer":"forykw","seller":"elevator09","symbol":"BEER","quantity":"0.21000000","price":"0.18200000","timestamp":1623853728,"volume":"0.03822000","buyTxId":"0197feba830340d4bfbc1f390c97ef180a25396f","sellTxId":"b10618013a1837058e2811eea1556459271203d9"}
{"index": {"_index":"beer","_id":"1147968"}}
	{"id":1147968,"type":"sell","buyer":"forykw","seller":"phortun","symbol":"BEER","quantity":"0.21329806","price":"0.18200000","timestamp":1623854889,"volume":"0.03882025","buyTxId":"0197feba830340d4bfbc1f390c97ef180a25396f","sellTxId":"aee33626217d460cb35f667b11707c0249ef9e7e"}
{"index": {"_index":"beer","_id":"1148300"}}
	{"id":1148300,"type":"sell","buyer":"forykw","seller":"musicuniversity","symbol":"BEER","quantity":"0.46298298","price":"0.18200000","timestamp":1623862758,"volume":"0.08426290","buyTxId":"0197feba830340d4bfbc1f390c97ef180a25396f","sellTxId":"a0532bf3b61128556c342a617f94c0210cb0e15e"}
{"index": {"_index":"beer","_id":"1148360"}}
	{"id":1148360,"type":"sell","buyer":"forykw","seller":"lrekt01","symbol":"BEER","quantity":"0.02700000","price":"0.18200000","timestamp":1623864741,"volume":"0.00491400","buyTxId":"0197feba830340d4bfbc1f390c97ef180a25396f","sellTxId":"11b07c11037699f5db248dba071c4a56b9581ba2"}
{"index": {"_index":"beer","_id":"1148381"}}
	{"id":1148381,"type":"sell","buyer":"forykw","seller":"jjprac","symbol":"BEER","quantity":"0.54098722","price":"0.18200000","timestamp":1623865707,"volume":"0.09845967","buyTxId":"0197feba830340d4bfbc1f390c97ef180a25396f","sellTxId":"728e5e49089350e2e8bf26837254a91fab71184b"}
{"index": {"_index":"beer","_id":"1148658"}}
	{"id":1148658,"type":"sell","buyer":"forykw","seller":"deathwing","symbol":"BEER","quantity":"0.007","price":"0.18200000","timestamp":1623876906,"volume":"0.00127400","buyTxId":"0197feba830340d4bfbc1f390c97ef180a25396f","sellTxId":"0456b73e2de25201486bedb9ea1352f58d841c43-4"}
{"index": {"_index":"beer","_id":"1148825"}}
	{"id":1148825,"type":"sell","buyer":"forykw","seller":"mafia.wallet","symbol":"BEER","quantity":"0.06","price":"0.18200000","timestamp":1623879285,"volume":"0.01092000","buyTxId":"0197feba830340d4bfbc1f390c97ef180a25396f","sellTxId":"375fffb69017c4d9c536220d26aae3ec05575777-2"}
{"index": {"_index":"beer","_id":"1148960"}}
	{"id":1148960,"type":"sell","buyer":"forykw","seller":"themarkymark","symbol":"BEER","quantity":"0.18850000","price":"0.18200000","timestamp":1623886032,"volume":"0.03430700","buyTxId":"0197feba830340d4bfbc1f390c97ef180a25396f","sellTxId":"66cbdf1c1c8c853a8ae2a4a63d8aba2219b31e04"}
{"index": {"_index":"beer","_id":"1148976"}}
	{"id":1148976,"type":"sell","buyer":"forykw","seller":"steemstreems","symbol":"BEER","quantity":"0.01100000","price":"0.18200000","timestamp":1623886281,"volume":"0.00200200","buyTxId":"0197feba830340d4bfbc1f390c97ef180a25396f","sellTxId":"98a82a028b691628b81abc03b2f307be7a36dcc0"}
