{"index": {"_index":"beer","_id":"3320767"}}
	{"id":3320767,"type":"sell","buyer":"maryjane.main","seller":"itharagaian","symbol":"BEER","quantity":"0.00100000","price":"0.12000000","timestamp":1651388127,"volume":"0.00012000","buyTxId":"d080a59dfdcf59304055b921fb4035fc4e9e540e","sellTxId":"3b340f34a10f7b7559041c9f113ae5bf99c8f73d"}
{"index": {"_index":"beer","_id":"3321089"}}
	{"id":3321089,"type":"sell","buyer":"maryjane.main","seller":"frawdielp2","symbol":"BEER","quantity":"0.00109838","price":"0.12000000","timestamp":1651392723,"volume":"0.00013181","buyTxId":"d080a59dfdcf59304055b921fb4035fc4e9e540e","sellTxId":"b2980f6378c408b015863b0813f17cff04062f57"}
{"index": {"_index":"beer","_id":"3321100"}}
	{"id":3321100,"type":"buy","buyer":"dswap","seller":"laritheghost","symbol":"BEER","quantity":"0.29975713","price":"0.12000001","timestamp":1651392771,"volume":"0.03597086","buyTxId":"90522b6e8ae1ea8ba7e52c592159bb8ed908cda2","sellTxId":"084f77402470805425c22df4db67b568990efb8b"}
{"index": {"_index":"beer","_id":"3321101"}}
	{"id":3321101,"type":"buy","buyer":"dswap","seller":"fredkese","symbol":"BEER","quantity":"1.00000000","price":"0.15990000","timestamp":1651392771,"volume":"0.15990000","buyTxId":"90522b6e8ae1ea8ba7e52c592159bb8ed908cda2","sellTxId":"16a5727abe43c0f127026e10e9b54bb4578d37d9"}
{"index": {"_index":"beer","_id":"3321102"}}
	{"id":3321102,"type":"buy","buyer":"dswap","seller":"schlees","symbol":"BEER","quantity":"0.02580712","price":"0.16000000","timestamp":1651392771,"volume":"0.00412914","buyTxId":"90522b6e8ae1ea8ba7e52c592159bb8ed908cda2","sellTxId":"7db41e07c233771d67c8ccfee9bbdbeac0fb759b"}
{"index": {"_index":"beer","_id":"3322363"}}
	{"id":3322363,"type":"sell","buyer":"maryjane.main","seller":"lotto-de","symbol":"BEER","quantity":"3.00000000","price":"0.12000000","timestamp":1651408005,"volume":"0.36000000","buyTxId":"d080a59dfdcf59304055b921fb4035fc4e9e540e","sellTxId":"ae37e0598134da93b300b1b4a4a5f5c8def31c23"}
{"index": {"_index":"beer","_id":"3324209"}}
	{"id":3324209,"type":"buy","buyer":"detlev","seller":"schlees","symbol":"BEER","quantity":"0.10000000","price":"0.16000000","timestamp":1651426881,"volume":"0.01600000","buyTxId":"5fe49f689addb16a2d35c4f6d22c787921e4571e","sellTxId":"7db41e07c233771d67c8ccfee9bbdbeac0fb759b"}
{"index": {"_index":"beer","_id":"3324613"}}
	{"id":3324613,"type":"buy","buyer":"dswap","seller":"schlees","symbol":"BEER","quantity":"13.59808263","price":"0.16000000","timestamp":1651431624,"volume":"2.17569322","buyTxId":"c07676411c0701fbc59c9b77c633c1e2b92028ce","sellTxId":"7db41e07c233771d67c8ccfee9bbdbeac0fb759b"}
{"index": {"_index":"beer","_id":"3324614"}}
	{"id":3324614,"type":"buy","buyer":"dswap","seller":"harveyword","symbol":"BEER","quantity":"10.00000000","price":"0.16800000","timestamp":1651431624,"volume":"1.68000000","buyTxId":"c07676411c0701fbc59c9b77c633c1e2b92028ce","sellTxId":"3f5afb313f704b717e87db43b2286d979ac16361"}
{"index": {"_index":"beer","_id":"3324615"}}
	{"id":3324615,"type":"buy","buyer":"dswap","seller":"lookplz","symbol":"BEER","quantity":"0.00000025","price":"0.16900000","timestamp":1651431624,"volume":"0.00000004","buyTxId":"c07676411c0701fbc59c9b77c633c1e2b92028ce","sellTxId":"db36471004981e01aa7faa152abfa888a32a7345"}
{"index": {"_index":"beer","_id":"3324616"}}
	{"id":3324616,"type":"buy","buyer":"dswap","seller":"harveyword","symbol":"BEER","quantity":"1.82277570","price":"0.16950000","timestamp":1651431624,"volume":"0.30896048","buyTxId":"c07676411c0701fbc59c9b77c633c1e2b92028ce","sellTxId":"882cd5f0f3be9edf5350189c4ca010a26f64ef25"}
{"index": {"_index":"beer","_id":"3324617"}}
	{"id":3324617,"type":"buy","buyer":"dswap","seller":"gaboamc2393","symbol":"BEER","quantity":"10.70944167","price":"0.16990000","timestamp":1651431624,"volume":"1.81953414","buyTxId":"c07676411c0701fbc59c9b77c633c1e2b92028ce","sellTxId":"9da1b74b94bffc8573ccc6c4447039ea47679578"}
{"index": {"_index":"beer","_id":"3326048"}}
	{"id":3326048,"type":"buy","buyer":"maryjane.main","seller":"master-lamps","symbol":"BEER","quantity":"0.30000000","price":"0.16989999","timestamp":1651443267,"volume":"0.05097000","buyTxId":"9d133a9b48ccc2644a2a0c18a35d660e27ef0caa","sellTxId":"e6d680a1e63ba1d333662818b489f11e9e4459d6"}
{"index": {"_index":"beer","_id":"3327216"}}
	{"id":3327216,"type":"sell","buyer":"maryjane.main","seller":"mafia.wallet","symbol":"BEER","quantity":"0.025","price":"0.14399999","timestamp":1651455525,"volume":"0.00360000","buyTxId":"97bcec708c40d6c47c3a6d9b0b0889ea28125eec","sellTxId":"49002fb3b4b331743d7188e5d79c7f465f9fe24a-2"}
