{"index": {"_index":"beer","_id":"3684574"}}
	{"id":3684574,"type":"sell","buyer":"detlev","seller":"master-lamps","symbol":"BEER","quantity":"0.08200000","price":"0.12725410","timestamp":1655179038,"volume":"0.01043484","buyTxId":"a59d67ed4f7e8b46204b88670b344b994448d028","sellTxId":"f6785d18fb1ed80e051a96cb052a8c2735c8f43d"}
{"index": {"_index":"beer","_id":"3685581"}}
	{"id":3685581,"type":"sell","buyer":"detlev","seller":"itharagaian","symbol":"BEER","quantity":"0.04273441","price":"0.12725410","timestamp":1655190804,"volume":"0.00543813","buyTxId":"a59d67ed4f7e8b46204b88670b344b994448d028","sellTxId":"f3f9eb31b8f44f5345d943acaa2f025d894fbbc7"}
{"index": {"_index":"beer","_id":"3685856"}}
	{"id":3685856,"type":"sell","buyer":"detlev","seller":"spiritsurge","symbol":"BEER","quantity":"0.02500000","price":"0.12725410","timestamp":1655194446,"volume":"0.00318135","buyTxId":"a59d67ed4f7e8b46204b88670b344b994448d028","sellTxId":"93d8584128db3ac411d477b50d041b9e3ec8552e"}
{"index": {"_index":"beer","_id":"3686663"}}
	{"id":3686663,"type":"sell","buyer":"detlev","seller":"entraide.rewards","symbol":"BEER","quantity":"0.02500000","price":"0.12725410","timestamp":1655205273,"volume":"0.00318135","buyTxId":"a59d67ed4f7e8b46204b88670b344b994448d028","sellTxId":"84eb14609ef98d78256c15d9f07969d058926247"}
{"index": {"_index":"beer","_id":"3686702"}}
	{"id":3686702,"type":"buy","buyer":"maryjane.main","seller":"laritheghost","symbol":"BEER","quantity":"0.11870257","price":"0.12725411","timestamp":1655205804,"volume":"0.01510539","buyTxId":"ef9e67f26efba8476954f8f58059b512e91c162d","sellTxId":"8d283d156890de26eb8ddd447b080e2933e61e7f"}
{"index": {"_index":"beer","_id":"3686703"}}
	{"id":3686703,"type":"buy","buyer":"maryjane.main","seller":"davidgermano","symbol":"BEER","quantity":"0.01250000","price":"0.12725439","timestamp":1655205804,"volume":"0.00159068","buyTxId":"ef9e67f26efba8476954f8f58059b512e91c162d","sellTxId":"7b0628dcaaeb66af5c282b9811d01f24197b82ef"}
{"index": {"_index":"beer","_id":"3686704"}}
	{"id":3686704,"type":"buy","buyer":"maryjane.main","seller":"baconface","symbol":"BEER","quantity":"0.00000042","price":"0.13972541","timestamp":1655205804,"volume":"0.00000006","buyTxId":"ef9e67f26efba8476954f8f58059b512e91c162d","sellTxId":"c47b39fff52d2a13e5887aed54e7c3fa5afd88f3"}
{"index": {"_index":"beer","_id":"3686705"}}
	{"id":3686705,"type":"buy","buyer":"maryjane.main","seller":"master-lamps","symbol":"BEER","quantity":"0.03138935","price":"0.14389999","timestamp":1655205804,"volume":"0.00451693","buyTxId":"ef9e67f26efba8476954f8f58059b512e91c162d","sellTxId":"89c5be4ae0e91aa089d7305c708fe54b25f8fcab"}
{"index": {"_index":"beer","_id":"3686706"}}
	{"id":3686706,"type":"buy","buyer":"maryjane.main","seller":"onlydoge","symbol":"BEER","quantity":"9.83740766","price":"0.14890000","timestamp":1655205804,"volume":"1.46479000","buyTxId":"ef9e67f26efba8476954f8f58059b512e91c162d","sellTxId":"48b588ec138162a6add058a615e5b5750253bde3"}
{"index": {"_index":"beer","_id":"3687381"}}
	{"id":3687381,"type":"sell","buyer":"detlev","seller":"investyourvote","symbol":"BEER","quantity":"1.00000000","price":"0.12725410","timestamp":1655213238,"volume":"0.12725410","buyTxId":"a59d67ed4f7e8b46204b88670b344b994448d028","sellTxId":"74cd258fb94a85b202c36fbb3bf964606cbc99e5"}
{"index": {"_index":"beer","_id":"3687470"}}
	{"id":3687470,"type":"sell","buyer":"detlev","seller":"lotto-de","symbol":"BEER","quantity":"1.00940161","price":"0.12725410","timestamp":1655213733,"volume":"0.12845049","buyTxId":"a59d67ed4f7e8b46204b88670b344b994448d028","sellTxId":"e4d9953a7a6450538b3fca0f7171f4ebee0fdf8d"}
{"index": {"_index":"beer","_id":"3687560"}}
	{"id":3687560,"type":"sell","buyer":"detlev","seller":"investinthefutur","symbol":"BEER","quantity":"1.56139676","price":"0.12725410","timestamp":1655214582,"volume":"0.19869414","buyTxId":"a59d67ed4f7e8b46204b88670b344b994448d028","sellTxId":"bdb5ae637bd086f00ea3998b1c4858c5f8370df4"}
{"index": {"_index":"beer","_id":"3687769"}}
	{"id":3687769,"type":"sell","buyer":"gaboamc2393","seller":"poliwalt10","symbol":"BEER","quantity":"0.12100000","price":"0.12000000","timestamp":1655216595,"volume":"0.01452000","buyTxId":"e8a033246cf250562d98bcf8ef790fd527755454","sellTxId":"ef56ac4188be7c429bac7f01ce2f4fb43651f39f"}
{"index": {"_index":"beer","_id":"3688226"}}
	{"id":3688226,"type":"sell","buyer":"gaboamc2393","seller":"cloudblade","symbol":"BEER","quantity":"28.21592043","price":"0.12000000","timestamp":1655219142,"volume":"3.38591045","buyTxId":"e8a033246cf250562d98bcf8ef790fd527755454","sellTxId":"0f315b79aeac25f7218c1a1b92ec74083f41d10c"}
{"index": {"_index":"beer","_id":"3688416"}}
	{"id":3688416,"type":"sell","buyer":"gaboamc2393","seller":"michelmake","symbol":"BEER","quantity":"0.02812500","price":"0.12000000","timestamp":1655221410,"volume":"0.00337500","buyTxId":"e8a033246cf250562d98bcf8ef790fd527755454","sellTxId":"bb217f1f3865470e64676ac35edfbe6add307170"}
{"index": {"_index":"beer","_id":"3689234"}}
	{"id":3689234,"type":"sell","buyer":"gaboamc2393","seller":"mafia.wallet","symbol":"BEER","quantity":"0.1","price":"0.12000000","timestamp":1655227395,"volume":"0.01200000","buyTxId":"e8a033246cf250562d98bcf8ef790fd527755454","sellTxId":"73f90ed54b838d78958a346c11e38a53007dfd4a-3"}
{"index": {"_index":"beer","_id":"3689506"}}
	{"id":3689506,"type":"sell","buyer":"gaboamc2393","seller":"the.rocket.panda","symbol":"BEER","quantity":"1.40428488","price":"0.12000000","timestamp":1655229213,"volume":"0.16851419","buyTxId":"e8a033246cf250562d98bcf8ef790fd527755454","sellTxId":"27236a1be5ed34f6432a5953c7755c4733a43720"}
{"index": {"_index":"beer","_id":"3689603"}}
	{"id":3689603,"type":"buy","buyer":"automaton","seller":"onlydoge","symbol":"BEER","quantity":"4.00000000","price":"0.14890000","timestamp":1655229945,"volume":"0.59560000","buyTxId":"bba61e6e05394c507270ffb769c6dd3b886262ef","sellTxId":"48b588ec138162a6add058a615e5b5750253bde3"}
{"index": {"_index":"beer","_id":"3690105"}}
	{"id":3690105,"type":"sell","buyer":"gaboamc2393","seller":"silvertop","symbol":"BEER","quantity":"0.46250000","price":"0.12000000","timestamp":1655233752,"volume":"0.05550000","buyTxId":"e8a033246cf250562d98bcf8ef790fd527755454","sellTxId":"e8b642c3dd3287c62ef01f0b0b06791b4310da90"}
{"index": {"_index":"beer","_id":"3690206"}}
	{"id":3690206,"type":"sell","buyer":"gaboamc2393","seller":"crypto-futurist","symbol":"BEER","quantity":"0.00100000","price":"0.12000000","timestamp":1655234694,"volume":"0.00012000","buyTxId":"e8a033246cf250562d98bcf8ef790fd527755454","sellTxId":"744133b5c55043aac6f6f2547d9e43b3a485b60f"}
{"index": {"_index":"beer","_id":"3692672"}}
	{"id":3692672,"type":"sell","buyer":"maryjane.main","seller":"mafia.wallet","symbol":"BEER","quantity":"0.026","price":"0.12100000","timestamp":1655259618,"volume":"0.00314600","buyTxId":"b0fd219d010944fd2db3e641468272a3a95a300d","sellTxId":"57eede30e3556e55e73e175128e729b26369046f-3"}
