{"index": {"_index":"beer","_id":"3570575"}}
	{"id":3570575,"type":"sell","buyer":"sunsea","seller":"cloudblade","symbol":"BEER","quantity":"55.19068535","price":"0.10479000","timestamp":1653960819,"volume":"5.78343192","buyTxId":"4c60d7d1eba408fb321845ab0fd2329cc333cc16","sellTxId":"a24112fe8b9d74da60085b6e53061c0f4ead6971"}
{"index": {"_index":"beer","_id":"3570875"}}
	{"id":3570875,"type":"sell","buyer":"detlev","seller":"pousinha","symbol":"BEER","quantity":"0.25","price":"0.09520000","timestamp":1653964518,"volume":"0.02380000","buyTxId":"13ea037a448aa03a8fe216943405b6912f49ab96","sellTxId":"822560409fa40ebbf32b35a1d986898014b3c961"}
{"index": {"_index":"beer","_id":"3571690"}}
	{"id":3571690,"type":"buy","buyer":"xenotype","seller":"onlydoge","symbol":"BEER","quantity":"15.00000000","price":"0.11479000","timestamp":1653976905,"volume":"1.72185000","buyTxId":"b8a725407cba2e5f265778c7325a693abd62bd4d","sellTxId":"2ff4d9dfddb6726723ae7712cecaf327e61aa51c"}
{"index": {"_index":"beer","_id":"3571783"}}
	{"id":3571783,"type":"buy","buyer":"xenotype","seller":"onlydoge","symbol":"BEER","quantity":"10.97089541","price":"0.11479000","timestamp":1653978384,"volume":"1.25934908","buyTxId":"db60dcc340cfb0ef69f6ad8a6c03cd9691d68caa","sellTxId":"2ff4d9dfddb6726723ae7712cecaf327e61aa51c"}
{"index": {"_index":"beer","_id":"3571784"}}
	{"id":3571784,"type":"buy","buyer":"xenotype","seller":"master-lamps","symbol":"BEER","quantity":"0.01700000","price":"0.11479958","timestamp":1653978384,"volume":"0.00195159","buyTxId":"db60dcc340cfb0ef69f6ad8a6c03cd9691d68caa","sellTxId":"b9c7c20a93027a2b45f64ba5ab8f08b58671ab56"}
{"index": {"_index":"beer","_id":"3571785"}}
	{"id":3571785,"type":"buy","buyer":"xenotype","seller":"roger.remix","symbol":"BEER","quantity":"9.01210459","price":"0.11480000","timestamp":1653978384,"volume":"1.03458961","buyTxId":"db60dcc340cfb0ef69f6ad8a6c03cd9691d68caa","sellTxId":"d53fbf61b7496e132a614032fbf09090647160ef"}
{"index": {"_index":"beer","_id":"3572912"}}
	{"id":3572912,"type":"buy","buyer":"acgalarza","seller":"roger.remix","symbol":"BEER","quantity":"25.98789500","price":"0.11480000","timestamp":1653992211,"volume":"2.98341035","buyTxId":"23c251a1ecf8ca29e0e181f621d75db8c887264c","sellTxId":"d53fbf61b7496e132a614032fbf09090647160ef"}
{"index": {"_index":"beer","_id":"3573239"}}
	{"id":3573239,"type":"sell","buyer":"chetanpadliya","seller":"vcelier","symbol":"BEER","quantity":"3.93800000","price":"0.09521000","timestamp":1653997041,"volume":"0.37493698","buyTxId":"e96d1fbd4462833948d6ed70b827514773d83584","sellTxId":"a7d5f59577ebf8549baf113f0c9d7eb2d501d3c0"}
{"index": {"_index":"beer","_id":"3573560"}}
	{"id":3573560,"type":"sell","buyer":"chetanpadliya","seller":"poliwalt10","symbol":"BEER","quantity":"0.14050000","price":"0.09521000","timestamp":1654000710,"volume":"0.01337701","buyTxId":"e96d1fbd4462833948d6ed70b827514773d83584","sellTxId":"3b3a826a79870b56a24019fa07063fc4440f2c98"}
{"index": {"_index":"beer","_id":"3573976"}}
	{"id":3573976,"type":"buy","buyer":"chetanpadliya","seller":"roger.remix","symbol":"BEER","quantity":"0.80000000","price":"0.11480000","timestamp":1654005819,"volume":"0.09184000","buyTxId":"9415cafb0d3e61c2fc652c5430b2ecb0ca9c8c74","sellTxId":"d53fbf61b7496e132a614032fbf09090647160ef"}
{"index": {"_index":"beer","_id":"3574606"}}
	{"id":3574606,"type":"sell","buyer":"master-lamps","seller":"the.rocket.panda","symbol":"BEER","quantity":"0.02049756","price":"0.09521100","timestamp":1654011942,"volume":"0.00195159","buyTxId":"d1d18629e1e9aa85fdc5280361000bed409e0a99","sellTxId":"df0e7fd0f2197997bb6639bc0a39516e91fe07ec"}
{"index": {"_index":"beer","_id":"3575019"}}
	{"id":3575019,"type":"sell","buyer":"chetanpadliya","seller":"laritheghost","symbol":"BEER","quantity":"0.08863655","price":"0.09521000","timestamp":1654015284,"volume":"0.00843909","buyTxId":"e96d1fbd4462833948d6ed70b827514773d83584","sellTxId":"bc365549f930fe57333e8694a49f53aa69eb13fd"}
{"index": {"_index":"beer","_id":"3576428"}}
	{"id":3576428,"type":"sell","buyer":"chetanpadliya","seller":"crypto-futurist","symbol":"BEER","quantity":"0.00100000","price":"0.09521000","timestamp":1654025850,"volume":"0.00009521","buyTxId":"e96d1fbd4462833948d6ed70b827514773d83584","sellTxId":"a238dd1fabea4911eae2d09fcaca17c23d7fda73"}
{"index": {"_index":"beer","_id":"3576769"}}
	{"id":3576769,"type":"buy","buyer":"mizuosemla","seller":"the.rocket.panda","symbol":"BEER","quantity":"0.66914489","price":"0.09521003","timestamp":1654027854,"volume":"0.06370931","buyTxId":"428333d0f01ac125631abf4be031eb1c3c41d5c7","sellTxId":"df0e7fd0f2197997bb6639bc0a39516e91fe07ec"}
{"index": {"_index":"beer","_id":"3576770"}}
	{"id":3576770,"type":"buy","buyer":"mizuosemla","seller":"joslud","symbol":"BEER","quantity":"0.10000000","price":"0.09521003","timestamp":1654027854,"volume":"0.00952100","buyTxId":"428333d0f01ac125631abf4be031eb1c3c41d5c7","sellTxId":"b27bf22269084dffa764a3be6d143ba843a6857c"}
{"index": {"_index":"beer","_id":"3576771"}}
	{"id":3576771,"type":"buy","buyer":"mizuosemla","seller":"master-lamps","symbol":"BEER","quantity":"0.02049756","price":"0.11479977","timestamp":1654027854,"volume":"0.00235312","buyTxId":"428333d0f01ac125631abf4be031eb1c3c41d5c7","sellTxId":"6eeca5c595cdf288cb4a7424b9642962b1490c3e"}
{"index": {"_index":"beer","_id":"3576772"}}
	{"id":3576772,"type":"buy","buyer":"mizuosemla","seller":"roger.remix","symbol":"BEER","quantity":"24.20000041","price":"0.11480000","timestamp":1654027854,"volume":"2.77816005","buyTxId":"428333d0f01ac125631abf4be031eb1c3c41d5c7","sellTxId":"d53fbf61b7496e132a614032fbf09090647160ef"}
{"index": {"_index":"beer","_id":"3576773"}}
	{"id":3576773,"type":"buy","buyer":"mizuosemla","seller":"imagenius.dac","symbol":"BEER","quantity":"25.00000000","price":"0.11490000","timestamp":1654027854,"volume":"2.87250000","buyTxId":"428333d0f01ac125631abf4be031eb1c3c41d5c7","sellTxId":"206f85625b2597431bdf1e9445ce543694427661"}
{"index": {"_index":"beer","_id":"3576774"}}
	{"id":3576774,"type":"buy","buyer":"mizuosemla","seller":"harveyword","symbol":"BEER","quantity":"9.90000053","price":"0.11510000","timestamp":1654027854,"volume":"1.13949006","buyTxId":"428333d0f01ac125631abf4be031eb1c3c41d5c7","sellTxId":"578db18a01b0052466ec41a0acf9ca7d3938352f"}
{"index": {"_index":"beer","_id":"3576775"}}
	{"id":3576775,"type":"buy","buyer":"mizuosemla","seller":"camiloferrua","symbol":"BEER","quantity":"13.87996833","price":"0.11527000","timestamp":1654027854,"volume":"1.59994395","buyTxId":"428333d0f01ac125631abf4be031eb1c3c41d5c7","sellTxId":"ac2323a73229467027c45fa30d8e8e80f8d02b44"}
{"index": {"_index":"beer","_id":"3577012"}}
	{"id":3577012,"type":"sell","buyer":"chetanpadliya","seller":"awah","symbol":"BEER","quantity":"0.35440935","price":"0.09521000","timestamp":1654030452,"volume":"0.03374331","buyTxId":"e96d1fbd4462833948d6ed70b827514773d83584","sellTxId":"acec8be49e7f404d4068ac50db5493ea322e9028"}
{"index": {"_index":"beer","_id":"3577398"}}
	{"id":3577398,"type":"buy","buyer":"choof","seller":"camiloferrua","symbol":"BEER","quantity":"10.82196900","price":"0.11527000","timestamp":1654034856,"volume":"1.24744837","buyTxId":"c2ae420482617e136213867563bd648b4ce8d33b","sellTxId":"ac2323a73229467027c45fa30d8e8e80f8d02b44"}
{"index": {"_index":"beer","_id":"3577745"}}
	{"id":3577745,"type":"sell","buyer":"chetanpadliya","seller":"blockchainleo","symbol":"BEER","quantity":"0.47745410","price":"0.09521000","timestamp":1654037526,"volume":"0.04545840","buyTxId":"e96d1fbd4462833948d6ed70b827514773d83584","sellTxId":"8983bd2dc12550d947689bd18c5c27b7d6e2ecb6"}
{"index": {"_index":"beer","_id":"3577746"}}
	{"id":3577746,"type":"sell","buyer":"detlev","seller":"blockchainleo","symbol":"BEER","quantity":"4.84431018","price":"0.09520000","timestamp":1654037526,"volume":"0.46117832","buyTxId":"13ea037a448aa03a8fe216943405b6912f49ab96","sellTxId":"8983bd2dc12550d947689bd18c5c27b7d6e2ecb6"}
{"index": {"_index":"beer","_id":"3577890"}}
	{"id":3577890,"type":"sell","buyer":"onlydoge","seller":"mafia.wallet","symbol":"BEER","quantity":"0.025","price":"0.05405000","timestamp":1654038903,"volume":"0.00135125","buyTxId":"3cc437f8aab814bb992437738bf75bbdb8fd134f","sellTxId":"212544d2644eb8f87109a5d1e9258734e05c7c54-3"}
