{"index": {"_index":"beer","_id":"3419207"}}
	{"id":3419207,"type":"sell","buyer":"gaboamc2393","seller":"mafia.wallet","symbol":"BEER","quantity":"0.024","price":"0.12500000","timestamp":1652417190,"volume":"0.00300000","buyTxId":"3157b61471122d5973fd462fc940e5d9e998c3a2","sellTxId":"d147b4cb61a70617ff6248bc1f5a1a98f9b7cfd0-3"}
{"index": {"_index":"beer","_id":"3420041"}}
	{"id":3420041,"type":"sell","buyer":"gaboamc2393","seller":"thatcryptodave","symbol":"BEER","quantity":"0.41260993","price":"0.12500000","timestamp":1652426250,"volume":"0.05157624","buyTxId":"3157b61471122d5973fd462fc940e5d9e998c3a2","sellTxId":"1d2efc30c0b373411c1c363d48d2b136692f1e4c"}
{"index": {"_index":"beer","_id":"3421346"}}
	{"id":3421346,"type":"sell","buyer":"gaboamc2393","seller":"andy4475","symbol":"BEER","quantity":"0.32500000","price":"0.12500000","timestamp":1652441319,"volume":"0.04062500","buyTxId":"3157b61471122d5973fd462fc940e5d9e998c3a2","sellTxId":"dd5b9d3c445b646dd1d3bc266e1f13395d740382"}
{"index": {"_index":"beer","_id":"3421459"}}
	{"id":3421459,"type":"sell","buyer":"gaboamc2393","seller":"networkallstar","symbol":"BEER","quantity":"0.06250000","price":"0.12500000","timestamp":1652442336,"volume":"0.00781250","buyTxId":"3157b61471122d5973fd462fc940e5d9e998c3a2","sellTxId":"1ad18a16b2ce496e5ec516128ee12633e4e84031"}
{"index": {"_index":"beer","_id":"3421898"}}
	{"id":3421898,"type":"sell","buyer":"gaboamc2393","seller":"babschnae","symbol":"BEER","quantity":"0.82676740","price":"0.12500000","timestamp":1652447421,"volume":"0.10334593","buyTxId":"3157b61471122d5973fd462fc940e5d9e998c3a2","sellTxId":"083f5ddd6274c4d23e00e12577a3c0bd54fd5945"}
{"index": {"_index":"beer","_id":"3422035"}}
	{"id":3422035,"type":"sell","buyer":"gaboamc2393","seller":"babporn","symbol":"BEER","quantity":"0.05000000","price":"0.12500000","timestamp":1652448822,"volume":"0.00625000","buyTxId":"3157b61471122d5973fd462fc940e5d9e998c3a2","sellTxId":"7da8086718099b4f819bfe7efc087e7a278eda0e"}
{"index": {"_index":"beer","_id":"3422212"}}
	{"id":3422212,"type":"sell","buyer":"gaboamc2393","seller":"jdike","symbol":"BEER","quantity":"1.83123162","price":"0.12500000","timestamp":1652450478,"volume":"0.22890395","buyTxId":"3157b61471122d5973fd462fc940e5d9e998c3a2","sellTxId":"6d3a35c0fc4cb89c8616ca79ac9df00c8ccc172d"}
{"index": {"_index":"beer","_id":"3422478"}}
	{"id":3422478,"type":"sell","buyer":"gaboamc2393","seller":"emergingabove","symbol":"BEER","quantity":"0.00861328","price":"0.12500000","timestamp":1652453646,"volume":"0.00107666","buyTxId":"3157b61471122d5973fd462fc940e5d9e998c3a2","sellTxId":"e66e1d8e3567db28b75c7dde641fbb717d778ea7"}
{"index": {"_index":"beer","_id":"3423061"}}
	{"id":3423061,"type":"buy","buyer":"captainquack22","seller":"gaboamc2393","symbol":"BEER","quantity":"0.00396528","price":"0.15500000","timestamp":1652459634,"volume":"0.00061462","buyTxId":"448c9ecc018e4c5ec6cb8b9ed065224fd6521f27","sellTxId":"1d5d4e2f26f0b98d8d1294b04ade6e8f9720dd63"}
{"index": {"_index":"beer","_id":"3423062"}}
	{"id":3423062,"type":"buy","buyer":"captainquack22","seller":"onlydoge","symbol":"BEER","quantity":"5.90046848","price":"0.16090000","timestamp":1652459634,"volume":"0.94938538","buyTxId":"448c9ecc018e4c5ec6cb8b9ed065224fd6521f27","sellTxId":"0514f22facad4c8b4b6996e3845ed2ded60d7b0c"}
{"index": {"_index":"beer","_id":"3423417"}}
	{"id":3423417,"type":"sell","buyer":"master-lamps","seller":"itharagaian","symbol":"BEER","quantity":"0.00100000","price":"0.12500001","timestamp":1652463522,"volume":"0.00012500","buyTxId":"1378d5967d0c94b232e9bf45ee69f396de96ee1f","sellTxId":"cead3599c876f0833679647f3a4b67d6807565cb"}
{"index": {"_index":"beer","_id":"3424433"}}
	{"id":3424433,"type":"sell","buyer":"master-lamps","seller":"crypto-futurist","symbol":"BEER","quantity":"0.00100000","price":"0.12500001","timestamp":1652473764,"volume":"0.00012500","buyTxId":"1378d5967d0c94b232e9bf45ee69f396de96ee1f","sellTxId":"5697ff51728c571dabde61c53e65c33be2ba8076"}
{"index": {"_index":"beer","_id":"3425261"}}
	{"id":3425261,"type":"sell","buyer":"roger.remix","seller":"eythorphoto","symbol":"BEER","quantity":"0.33400000","price":"0.12600000","timestamp":1652483118,"volume":"0.04208400","buyTxId":"bc70587a6e446cbfdfd769458f538da47ceaa405","sellTxId":"2c663de3fd72635afdb525dbd13443066d001aaf"}
{"index": {"_index":"beer","_id":"3426213"}}
	{"id":3426213,"type":"sell","buyer":"roger.remix","seller":"mafia.wallet","symbol":"BEER","quantity":"0.024","price":"0.12600000","timestamp":1652493093,"volume":"0.00302400","buyTxId":"bc70587a6e446cbfdfd769458f538da47ceaa405","sellTxId":"1fa4004394123dd4b37f27e75fd29503aa646f82-2"}
