{"index": {"_index":"beer","_id":"1215876"}}
	{"id":1215876,"type":"sell","buyer":"photophile","seller":"steemstreems","symbol":"BEER","quantity":"0.02000000","price":"0.20191000","timestamp":1626140835,"volume":"0.00403820","buyTxId":"bb078c33c11592f5d48f3cc1f07b80965b5831d4","sellTxId":"d9a14b77ba899d4aea4febe0e3500ebcc9114640"}
{"index": {"_index":"beer","_id":"1216070"}}
	{"id":1216070,"type":"sell","buyer":"photophile","seller":"rilo","symbol":"BEER","quantity":"1.76800000","price":"0.20191000","timestamp":1626144774,"volume":"0.35697688","buyTxId":"bb078c33c11592f5d48f3cc1f07b80965b5831d4","sellTxId":"6f62abdc835bf67229d16af1fc9d5dfaf76eea21"}
{"index": {"_index":"beer","_id":"1216191"}}
	{"id":1216191,"type":"buy","buyer":"eythorphoto","seller":"harveyword","symbol":"BEER","quantity":"0.40000000","price":"0.24660000","timestamp":1626149436,"volume":"0.09864000","buyTxId":"fa777e5e5ce6a458fc432a737e25fa81cebc5a39","sellTxId":"a7bf7622cfec5cda7ff19f7756a1826b034095d1"}
{"index": {"_index":"beer","_id":"1216249"}}
	{"id":1216249,"type":"buy","buyer":"eythorphoto","seller":"ecoinstant","symbol":"BEER","quantity":"16.83784580","price":"0.24670000","timestamp":1626150522,"volume":"4.15389656","buyTxId":"0022c8038a034f60f144d3ef3624e5b14a796088","sellTxId":"a0fb1cbbcba76cde6c1b07f0ae47a5df9d68cf28"}
{"index": {"_index":"beer","_id":"1216260"}}
	{"id":1216260,"type":"sell","buyer":"photophile","seller":"vcelier","symbol":"BEER","quantity":"0.24600000","price":"0.20191000","timestamp":1626150867,"volume":"0.04966986","buyTxId":"bb078c33c11592f5d48f3cc1f07b80965b5831d4","sellTxId":"b9265bea0dc83bd8fb4e66f62ffc75303aa6b891"}
{"index": {"_index":"beer","_id":"1216894"}}
	{"id":1216894,"type":"sell","buyer":"photophile","seller":"heyantomei","symbol":"BEER","quantity":"0.32435096","price":"0.20191000","timestamp":1626175740,"volume":"0.06548970","buyTxId":"bb078c33c11592f5d48f3cc1f07b80965b5831d4","sellTxId":"54f8e5e485ab85dfae37048d0049c3cadbb0bc26"}
{"index": {"_index":"beer","_id":"1216921"}}
	{"id":1216921,"type":"buy","buyer":"detlev","seller":"louis88","symbol":"BEER","quantity":"0.10000000","price":"0.24660000","timestamp":1626177027,"volume":"0.02466000","buyTxId":"0df6216e5b74ef9d1277c33ef982f1f8bb0f92ef","sellTxId":"5f10b00c32bdffed11097cd46820917be9c63b2f"}
{"index": {"_index":"beer","_id":"1216988"}}
	{"id":1216988,"type":"sell","buyer":"photophile","seller":"onealfa.pob","symbol":"BEER","quantity":"0.05000000","price":"0.20191000","timestamp":1626179274,"volume":"0.01009550","buyTxId":"bb078c33c11592f5d48f3cc1f07b80965b5831d4","sellTxId":"dae4641f0d4c587bf00eb3ea01d4eb28cbfc5d15"}
{"index": {"_index":"beer","_id":"1217175"}}
	{"id":1217175,"type":"sell","buyer":"photophile","seller":"investyourvote","symbol":"BEER","quantity":"2.00000000","price":"0.20191000","timestamp":1626186771,"volume":"0.40382000","buyTxId":"bb078c33c11592f5d48f3cc1f07b80965b5831d4","sellTxId":"5c0aa9d4a2e297e8010c49a00a843e17814dea69"}
{"index": {"_index":"beer","_id":"1217212"}}
	{"id":1217212,"type":"sell","buyer":"photophile","seller":"beerlotto","symbol":"BEER","quantity":"7.00000000","price":"0.20191000","timestamp":1626188343,"volume":"1.41337000","buyTxId":"bb078c33c11592f5d48f3cc1f07b80965b5831d4","sellTxId":"1a3ac4632f9b4dfe1b972c63cd6b7dbb25c92491"}
{"index": {"_index":"beer","_id":"1217467"}}
	{"id":1217467,"type":"sell","buyer":"photophile","seller":"foodiess","symbol":"BEER","quantity":"0.21687812","price":"0.20191000","timestamp":1626197301,"volume":"0.04378986","buyTxId":"bb078c33c11592f5d48f3cc1f07b80965b5831d4","sellTxId":"1a1b3e64a346c429d96ea44e83680f0e19b43d9b"}
{"index": {"_index":"beer","_id":"1217468"}}
	{"id":1217468,"type":"sell","buyer":"detlev","seller":"foodiess","symbol":"BEER","quantity":"3.01330241","price":"0.20000000","timestamp":1626197301,"volume":"0.60266048","buyTxId":"148fe6eb30b33ec783ad1a6c303d8514cb7a5601","sellTxId":"1a1b3e64a346c429d96ea44e83680f0e19b43d9b"}
{"index": {"_index":"beer","_id":"1217469"}}
	{"id":1217469,"type":"sell","buyer":"rivalzzz","seller":"foodiess","symbol":"BEER","quantity":"8.49984091","price":"0.19700000","timestamp":1626197301,"volume":"1.67446866","buyTxId":"cf4f3418ad2cc9f48aabed3a2b8d70b80af11171","sellTxId":"1a1b3e64a346c429d96ea44e83680f0e19b43d9b"}
{"index": {"_index":"beer","_id":"1217579"}}
	{"id":1217579,"type":"sell","buyer":"rivalzzz","seller":"rilo","symbol":"BEER","quantity":"0.21500000","price":"0.19700000","timestamp":1626201255,"volume":"0.04235500","buyTxId":"cf4f3418ad2cc9f48aabed3a2b8d70b80af11171","sellTxId":"3e79d690863c4f13ad30c3500ceec0643dcd0ad5"}
{"index": {"_index":"beer","_id":"1217670"}}
	{"id":1217670,"type":"sell","buyer":"rivalzzz","seller":"eythorphoto","symbol":"BEER","quantity":"0.17700000","price":"0.19700000","timestamp":1626204561,"volume":"0.03486900","buyTxId":"cf4f3418ad2cc9f48aabed3a2b8d70b80af11171","sellTxId":"4fd7348b8ed448a50d94ff8c4533302373db6c23"}
{"index": {"_index":"beer","_id":"1217776"}}
	{"id":1217776,"type":"sell","buyer":"rivalzzz","seller":"fantasycrypto","symbol":"BEER","quantity":"0.35900000","price":"0.19700000","timestamp":1626207300,"volume":"0.07072300","buyTxId":"cf4f3418ad2cc9f48aabed3a2b8d70b80af11171","sellTxId":"37968fc3811b9b4e3b4ce1ae779a4d8eb7dd1745"}
{"index": {"_index":"beer","_id":"1217841"}}
	{"id":1217841,"type":"sell","buyer":"rivalzzz","seller":"deathwing","symbol":"BEER","quantity":"0.006","price":"0.19700000","timestamp":1626209706,"volume":"0.00118200","buyTxId":"cf4f3418ad2cc9f48aabed3a2b8d70b80af11171","sellTxId":"d9e3e69be192d33bade6229f4425204eef80308c-3"}
{"index": {"_index":"beer","_id":"1218035"}}
	{"id":1218035,"type":"sell","buyer":"rivalzzz","seller":"poshbot","symbol":"BEER","quantity":"0.22500001","price":"0.19700000","timestamp":1626217488,"volume":"0.04432500","buyTxId":"cf4f3418ad2cc9f48aabed3a2b8d70b80af11171","sellTxId":"8e1ea8e19e10523ab4f2c1508a8f3d3f10de70e0"}
