{"index": {"_index":"beer","_id":"3296757"}}
	{"id":3296757,"type":"sell","buyer":"harveyword","seller":"laritheghost","symbol":"BEER","quantity":"0.30489175","price":"0.11100000","timestamp":1651101780,"volume":"0.03384298","buyTxId":"d5215241311db327e2f91e826fe1facd49ea4625","sellTxId":"1014755b258565e1c22f5ffeccab1781b2dae81d"}
{"index": {"_index":"beer","_id":"3297357"}}
	{"id":3297357,"type":"sell","buyer":"harveyword","seller":"dsc-r2cornell","symbol":"BEER","quantity":"0.20000000","price":"0.11100000","timestamp":1651108041,"volume":"0.02220000","buyTxId":"d5215241311db327e2f91e826fe1facd49ea4625","sellTxId":"4c5a6f631318a853527f7e50550747e74f3c05a3"}
{"index": {"_index":"beer","_id":"3297392"}}
	{"id":3297392,"type":"sell","buyer":"harveyword","seller":"alucian","symbol":"BEER","quantity":"4.44510825","price":"0.11100000","timestamp":1651108656,"volume":"0.49340702","buyTxId":"d5215241311db327e2f91e826fe1facd49ea4625","sellTxId":"01439eaa3680ca780f9a0a8866b11c88d2c8cda8"}
{"index": {"_index":"beer","_id":"3297393"}}
	{"id":3297393,"type":"sell","buyer":"yintercept","seller":"alucian","symbol":"BEER","quantity":"2.57462824","price":"0.11100000","timestamp":1651108656,"volume":"0.28578373","buyTxId":"d7cff32e9a86365a3d67063c65b2d2559f0facfb","sellTxId":"01439eaa3680ca780f9a0a8866b11c88d2c8cda8"}
{"index": {"_index":"beer","_id":"3297398"}}
	{"id":3297398,"type":"sell","buyer":"yintercept","seller":"boycharlieplays","symbol":"BEER","quantity":"1.42537176","price":"0.11100000","timestamp":1651108677,"volume":"0.15821627","buyTxId":"d7cff32e9a86365a3d67063c65b2d2559f0facfb","sellTxId":"4e5e058e70fdc0b3914cc8662810f96279956139"}
{"index": {"_index":"beer","_id":"3297559"}}
	{"id":3297559,"type":"sell","buyer":"hiq.magazine","seller":"mafia.wallet","symbol":"BEER","quantity":"0.024","price":"0.11000000","timestamp":1651110609,"volume":"0.00264000","buyTxId":"5dd673cd860dd48fc762c498e41adf23c89551b6","sellTxId":"27b3e3b1a1ffa18a1e1833e5b82b2dcb31818c67-3"}
{"index": {"_index":"beer","_id":"3297675"}}
	{"id":3297675,"type":"sell","buyer":"hiq.magazine","seller":"steem82868","symbol":"BEER","quantity":"0.11713422","price":"0.11000000","timestamp":1651112187,"volume":"0.01288476","buyTxId":"5dd673cd860dd48fc762c498e41adf23c89551b6","sellTxId":"95511d460ada2c331d16e16c0ecc1f7668c1b45b"}
{"index": {"_index":"beer","_id":"3298808"}}
	{"id":3298808,"type":"sell","buyer":"hiq.magazine","seller":"itharagaian","symbol":"BEER","quantity":"0.00100000","price":"0.11000000","timestamp":1651129785,"volume":"0.00011000","buyTxId":"5dd673cd860dd48fc762c498e41adf23c89551b6","sellTxId":"6b9e9aaa56784e686a36c757f1f7b0fe5e7f47e5"}
{"index": {"_index":"beer","_id":"3298967"}}
	{"id":3298967,"type":"buy","buyer":"edgerik","seller":"boycharlieplays","symbol":"BEER","quantity":"1.00000000","price":"0.11100000","timestamp":1651131768,"volume":"0.11100000","buyTxId":"65bdd51d7821e06f383fd699d7c8d0884ee6d7f4","sellTxId":"4e5e058e70fdc0b3914cc8662810f96279956139"}
{"index": {"_index":"beer","_id":"3299056"}}
	{"id":3299056,"type":"sell","buyer":"hiq.magazine","seller":"networkallstar","symbol":"BEER","quantity":"0.06250000","price":"0.11000000","timestamp":1651133577,"volume":"0.00687500","buyTxId":"5dd673cd860dd48fc762c498e41adf23c89551b6","sellTxId":"56b7de4a79ea3b8a85a9d1488ef2867563e2a254"}
{"index": {"_index":"beer","_id":"3299241"}}
	{"id":3299241,"type":"buy","buyer":"dswap","seller":"boycharlieplays","symbol":"BEER","quantity":"0.39962824","price":"0.11100000","timestamp":1651136076,"volume":"0.04435873","buyTxId":"9dda915071015dff68f4942b8b71a0bb82e12b38","sellTxId":"4e5e058e70fdc0b3914cc8662810f96279956139"}
{"index": {"_index":"beer","_id":"3299242"}}
	{"id":3299242,"type":"buy","buyer":"dswap","seller":"harveyword","symbol":"BEER","quantity":"4.00000000","price":"0.16950000","timestamp":1651136076,"volume":"0.67800000","buyTxId":"9dda915071015dff68f4942b8b71a0bb82e12b38","sellTxId":"8223921771510ea033f3917b1e6cb09097ea6f8f"}
{"index": {"_index":"beer","_id":"3299243"}}
	{"id":3299243,"type":"buy","buyer":"dswap","seller":"bearmol","symbol":"BEER","quantity":"0.08750000","price":"0.16950000","timestamp":1651136076,"volume":"0.01483125","buyTxId":"9dda915071015dff68f4942b8b71a0bb82e12b38","sellTxId":"4c9463a669eb2fefdead0a8e962a66d11c94510e"}
{"index": {"_index":"beer","_id":"3299244"}}
	{"id":3299244,"type":"buy","buyer":"dswap","seller":"master-lamps","symbol":"BEER","quantity":"0.03000000","price":"0.16969999","timestamp":1651136076,"volume":"0.00509100","buyTxId":"9dda915071015dff68f4942b8b71a0bb82e12b38","sellTxId":"3e52517e48a6d6a49d64159a2802d2d5a1b422d0"}
{"index": {"_index":"beer","_id":"3299245"}}
	{"id":3299245,"type":"buy","buyer":"dswap","seller":"cloudblade","symbol":"BEER","quantity":"4.20556512","price":"0.16970000","timestamp":1651136076,"volume":"0.71368440","buyTxId":"9dda915071015dff68f4942b8b71a0bb82e12b38","sellTxId":"9445cc0be1b58aca983090abc8c1aa6ee5f0889c"}
{"index": {"_index":"beer","_id":"3299246"}}
	{"id":3299246,"type":"buy","buyer":"dswap","seller":"onlydoge","symbol":"BEER","quantity":"6.77064676","price":"0.16980000","timestamp":1651136076,"volume":"1.14965582","buyTxId":"9dda915071015dff68f4942b8b71a0bb82e12b38","sellTxId":"9e56664103754f63c32dec151909e87126bdacdc"}
{"index": {"_index":"beer","_id":"3299726"}}
	{"id":3299726,"type":"sell","buyer":"hiq.magazine","seller":"nathanpieters","symbol":"BEER","quantity":"1.53719151","price":"0.11000000","timestamp":1651144053,"volume":"0.16909107","buyTxId":"5dd673cd860dd48fc762c498e41adf23c89551b6","sellTxId":"add579eb472f502eb19134246b02bf3d237586c3"}
{"index": {"_index":"beer","_id":"3299772"}}
	{"id":3299772,"type":"sell","buyer":"hiq.magazine","seller":"fnvdesigns","symbol":"BEER","quantity":"0.00421356","price":"0.11000000","timestamp":1651144659,"volume":"0.00046349","buyTxId":"5dd673cd860dd48fc762c498e41adf23c89551b6","sellTxId":"2fdfb637e0f726104e9d563231187ce3ccadb407"}
{"index": {"_index":"beer","_id":"3299911"}}
	{"id":3299911,"type":"sell","buyer":"hiq.magazine","seller":"mima2606","symbol":"BEER","quantity":"1.92500000","price":"0.11000000","timestamp":1651146576,"volume":"0.21175000","buyTxId":"5dd673cd860dd48fc762c498e41adf23c89551b6","sellTxId":"f3e56e2e566c71bb8f29452896b6652f0982ec92"}
{"index": {"_index":"beer","_id":"3300160"}}
	{"id":3300160,"type":"sell","buyer":"hiq.magazine","seller":"jdike","symbol":"BEER","quantity":"1.83123162","price":"0.11000000","timestamp":1651149975,"volume":"0.20143548","buyTxId":"5dd673cd860dd48fc762c498e41adf23c89551b6","sellTxId":"31ce3b9fcca504347824a50f25a8fecabdffdd60"}
{"index": {"_index":"beer","_id":"3300188"}}
	{"id":3300188,"type":"sell","buyer":"hiq.magazine","seller":"eythorphoto","symbol":"BEER","quantity":"0.22700000","price":"0.11000000","timestamp":1651150557,"volume":"0.02497000","buyTxId":"5dd673cd860dd48fc762c498e41adf23c89551b6","sellTxId":"a21c904c6b5c56739fbdf7efef7204d2b6c6ca4a"}
{"index": {"_index":"beer","_id":"3302167"}}
	{"id":3302167,"type":"buy","buyer":"dswap","seller":"harveyword","symbol":"BEER","quantity":"3.17722430","price":"0.16950000","timestamp":1651170552,"volume":"0.53853952","buyTxId":"aacb7d98fd6f99602a7786f1cfb859576921be06","sellTxId":"882cd5f0f3be9edf5350189c4ca010a26f64ef25"}
{"index": {"_index":"beer","_id":"3302712"}}
	{"id":3302712,"type":"sell","buyer":"cardface","seller":"mafia.wallet","symbol":"BEER","quantity":"0.024","price":"0.12000000","timestamp":1651175736,"volume":"0.00288000","buyTxId":"6648524f4abcea41d75b210c7f29ff540c58d5f4","sellTxId":"be2cf119377feb0b230d805af7e80df20bd6fdeb-3"}
{"index": {"_index":"beer","_id":"3303220"}}
	{"id":3303220,"type":"sell","buyer":"cardface","seller":"awah","symbol":"BEER","quantity":"1.05567803","price":"0.12000000","timestamp":1651179489,"volume":"0.12668136","buyTxId":"6648524f4abcea41d75b210c7f29ff540c58d5f4","sellTxId":"ab41cd435374a333a255f845a8c8671470c178d3"}
{"index": {"_index":"beer","_id":"3303334"}}
	{"id":3303334,"type":"sell","buyer":"cardface","seller":"andy4475","symbol":"BEER","quantity":"0.32500000","price":"0.12000000","timestamp":1651180323,"volume":"0.03900000","buyTxId":"6648524f4abcea41d75b210c7f29ff540c58d5f4","sellTxId":"9cc41407bab9320f4d3bd3e5eebc87adbdd96f8d"}
{"index": {"_index":"beer","_id":"3304136"}}
	{"id":3304136,"type":"sell","buyer":"cardface","seller":"drutter","symbol":"BEER","quantity":"0.02500000","price":"0.12000000","timestamp":1651187745,"volume":"0.00300000","buyTxId":"6648524f4abcea41d75b210c7f29ff540c58d5f4","sellTxId":"6097dfe4dec497ea9e1e294a0e76c6b4e4170886"}
