{"index": {"_index":"beer","_id":"3499719"}}
	{"id":3499719,"type":"buy","buyer":"master-lamps","seller":"laritheghost","symbol":"BEER","quantity":"0.09430699","price":"0.11223303","timestamp":1653276846,"volume":"0.01058436","buyTxId":"6e79b5a4092f92fbe5a1f75078ebfe7415494687","sellTxId":"6d4dcbfd12c501a49630cfe08499de76e7ac9bbb"}
{"index": {"_index":"beer","_id":"3500393"}}
	{"id":3500393,"type":"sell","buyer":"roger.remix","seller":"itharagaian","symbol":"BEER","quantity":"0.00100000","price":"0.11223300","timestamp":1653284613,"volume":"0.00011223","buyTxId":"bee77c7d8447e64afb22d3eca165b81fca0b1256","sellTxId":"416111918abb8457be587b183c5ae9a13213cd85"}
{"index": {"_index":"beer","_id":"3500461"}}
	{"id":3500461,"type":"sell","buyer":"roger.remix","seller":"entraide.rewards","symbol":"BEER","quantity":"0.02500000","price":"0.11223300","timestamp":1653285219,"volume":"0.00280583","buyTxId":"bee77c7d8447e64afb22d3eca165b81fca0b1256","sellTxId":"c11c8dbd36c4d657732b80456dcdb90d62d5eee4"}
{"index": {"_index":"beer","_id":"3502213"}}
	{"id":3502213,"type":"sell","buyer":"roger.remix","seller":"poliwalt10","symbol":"BEER","quantity":"0.12300000","price":"0.11223300","timestamp":1653301365,"volume":"0.01380466","buyTxId":"bee77c7d8447e64afb22d3eca165b81fca0b1256","sellTxId":"ffeac88b33e3bbe282f716f98015cfed4f122888"}
{"index": {"_index":"beer","_id":"3502915"}}
	{"id":3502915,"type":"sell","buyer":"roger.remix","seller":"michelmake","symbol":"BEER","quantity":"0.02812500","price":"0.11223300","timestamp":1653310032,"volume":"0.00315655","buyTxId":"bee77c7d8447e64afb22d3eca165b81fca0b1256","sellTxId":"7ec735bd4cb13eb3c558fa9626fe2c879dd94da2"}
{"index": {"_index":"beer","_id":"3503695"}}
	{"id":3503695,"type":"buy","buyer":"marketroll","seller":"master-lamps","symbol":"BEER","quantity":"0.11030699","price":"0.13590000","timestamp":1653318126,"volume":"0.01499072","buyTxId":"06268d1d3fbde191b88e20eb96020ef20cd29684","sellTxId":"38f331f0d6b4fd9273fa7dac65749f7025e0a9d1"}
{"index": {"_index":"beer","_id":"3503730"}}
	{"id":3503730,"type":"sell","buyer":"marketroll","seller":"roger.remix","symbol":"BEER","quantity":"4.88969301","price":"0.13590000","timestamp":1653318432,"volume":"0.66450928","buyTxId":"06268d1d3fbde191b88e20eb96020ef20cd29684","sellTxId":"8d3b2f7371af00e34e4964f653e4f7ec5587b422"}
{"index": {"_index":"beer","_id":"3503731"}}
	{"id":3503731,"type":"sell","buyer":"marketroll","seller":"roger.remix","symbol":"BEER","quantity":"3.00000000","price":"0.13590000","timestamp":1653318432,"volume":"0.40770000","buyTxId":"0ce1dbf18389b50eb3d90ef844a63473a577c955","sellTxId":"8d3b2f7371af00e34e4964f653e4f7ec5587b422"}
{"index": {"_index":"beer","_id":"3504212"}}
	{"id":3504212,"type":"sell","buyer":"master-lamps","seller":"nineclaws","symbol":"BEER","quantity":"0.12978977","price":"0.11550001","timestamp":1653322185,"volume":"0.01499072","buyTxId":"1abe95857a9d930897397232d725869b85073cd3","sellTxId":"63e4eeced4034467afbd2671da32c010681c89d2"}
{"index": {"_index":"beer","_id":"3504213"}}
	{"id":3504213,"type":"sell","buyer":"marketroll","seller":"nineclaws","symbol":"BEER","quantity":"1.63095289","price":"0.11550000","timestamp":1653322185,"volume":"0.18837506","buyTxId":"2ee42da907ddda2d8799f5d85e50cab82b9405ad","sellTxId":"63e4eeced4034467afbd2671da32c010681c89d2"}
{"index": {"_index":"beer","_id":"3504317"}}
	{"id":3504317,"type":"sell","buyer":"marketroll","seller":"bitandi","symbol":"BEER","quantity":"0.48113696","price":"0.11550000","timestamp":1653323271,"volume":"0.05557132","buyTxId":"2ee42da907ddda2d8799f5d85e50cab82b9405ad","sellTxId":"451dedc432ba02acbb0543957ec1fc96f61a271f"}
{"index": {"_index":"beer","_id":"3504361"}}
	{"id":3504361,"type":"sell","buyer":"marketroll","seller":"elevator09","symbol":"BEER","quantity":"0.20800000","price":"0.11550000","timestamp":1653323472,"volume":"0.02402400","buyTxId":"2ee42da907ddda2d8799f5d85e50cab82b9405ad","sellTxId":"6e6d11c8d08845077cd1b0c8dacc8a41ae82e4ed"}
{"index": {"_index":"beer","_id":"3506219"}}
	{"id":3506219,"type":"sell","buyer":"marketroll","seller":"marianomariano","symbol":"BEER","quantity":"0.10000000","price":"0.11550000","timestamp":1653338286,"volume":"0.01155000","buyTxId":"2ee42da907ddda2d8799f5d85e50cab82b9405ad","sellTxId":"08f367a83c24c0a2112fae8ec9f28ce1e2b7ef88"}
{"index": {"_index":"beer","_id":"3506233"}}
	{"id":3506233,"type":"sell","buyer":"marketroll","seller":"crypto-futurist","symbol":"BEER","quantity":"0.00100000","price":"0.11550000","timestamp":1653338511,"volume":"0.00011550","buyTxId":"2ee42da907ddda2d8799f5d85e50cab82b9405ad","sellTxId":"045237779dc7a4f53db604b05f25ab663f593574"}
{"index": {"_index":"beer","_id":"3507578"}}
	{"id":3507578,"type":"sell","buyer":"marketroll","seller":"laritheghost","symbol":"BEER","quantity":"0.09954349","price":"0.11550000","timestamp":1653348987,"volume":"0.01149727","buyTxId":"2ee42da907ddda2d8799f5d85e50cab82b9405ad","sellTxId":"bb7bec058e08bd6ef4fed880429b74081def3f7b"}
{"index": {"_index":"beer","_id":"3507769"}}
	{"id":3507769,"type":"sell","buyer":"marketroll","seller":"poliwalt10","symbol":"BEER","quantity":"0.14000000","price":"0.11550000","timestamp":1653350577,"volume":"0.01617000","buyTxId":"2ee42da907ddda2d8799f5d85e50cab82b9405ad","sellTxId":"d19437577c77d50aa9ea0febbc7fe7b87d1fe1c6"}
{"index": {"_index":"beer","_id":"3508831"}}
	{"id":3508831,"type":"sell","buyer":"roger.remix","seller":"mafia.wallet","symbol":"BEER","quantity":"0.024","price":"0.11559900","timestamp":1653359673,"volume":"0.00277438","buyTxId":"6d160be061acbbeaeb6da99e3e1528362ab0bf5c","sellTxId":"a3cca51be725c65deb1a6f10d5cf5e56a836a90b-3"}
