{"index": {"_index":"beer","_id":"3782934"}}
	{"id":3782934,"type":"sell","buyer":"onlydoge","seller":"mondoshawan","symbol":"BEER","quantity":"0.03750000","price":"0.10810000","timestamp":1656318279,"volume":"0.00405375","buyTxId":"0d441df184a5b77897006bd1a9818af6e8cd6a6d","sellTxId":"555e28abec138b7617e3464bf137fdaf9fdda819"}
{"index": {"_index":"beer","_id":"3784326"}}
	{"id":3784326,"type":"sell","buyer":"onlydoge","seller":"poliwalt10","symbol":"BEER","quantity":"0.12800000","price":"0.10810000","timestamp":1656335286,"volume":"0.01383680","buyTxId":"0d441df184a5b77897006bd1a9818af6e8cd6a6d","sellTxId":"fcbd4f45ca0032a379f7ebb1a1e21b24e42f0bc8"}
{"index": {"_index":"beer","_id":"3787768"}}
	{"id":3787768,"type":"buy","buyer":"dswap","seller":"onlydoge","symbol":"BEER","quantity":"0.10485129","price":"0.13470000","timestamp":1656349164,"volume":"0.01412347","buyTxId":"e0071a5b9e7d91ecffd27024bdb0bb2d1f3bf101","sellTxId":"a782b6ce08847d5d6b30b9ea7937b600608a55b7"}
{"index": {"_index":"beer","_id":"3787850"}}
	{"id":3787850,"type":"buy","buyer":"dswap","seller":"onlydoge","symbol":"BEER","quantity":"1.00692650","price":"0.13470000","timestamp":1656349905,"volume":"0.13563300","buyTxId":"60d15a4a20a59da6a247fea6c726b93bdd256561","sellTxId":"a782b6ce08847d5d6b30b9ea7937b600608a55b7"}
{"index": {"_index":"beer","_id":"3787967"}}
	{"id":3787967,"type":"buy","buyer":"dswap","seller":"onlydoge","symbol":"BEER","quantity":"1.26607854","price":"0.13470000","timestamp":1656350766,"volume":"0.17054078","buyTxId":"ad5a281851d0f954e27b8c59c2572c51ae48a4ee","sellTxId":"a782b6ce08847d5d6b30b9ea7937b600608a55b7"}
{"index": {"_index":"beer","_id":"3788069"}}
	{"id":3788069,"type":"buy","buyer":"morzex","seller":"onlydoge","symbol":"BEER","quantity":"4.45434298","price":"0.13470000","timestamp":1656351561,"volume":"0.6","buyTxId":"21770c3df95c7f4d10a2e1aeb92eee2ce02ad429","sellTxId":"a782b6ce08847d5d6b30b9ea7937b600608a55b7"}
{"index": {"_index":"beer","_id":"3788180"}}
	{"id":3788180,"type":"buy","buyer":"dswap","seller":"onlydoge","symbol":"BEER","quantity":"0.11566443","price":"0.13470000","timestamp":1656352647,"volume":"0.01558000","buyTxId":"5898b43b804177a7a7142a27a64053ca6abbf035","sellTxId":"a782b6ce08847d5d6b30b9ea7937b600608a55b7"}
{"index": {"_index":"beer","_id":"3788749"}}
	{"id":3788749,"type":"sell","buyer":"onlydoge","seller":"thinkrdotexe","symbol":"BEER","quantity":"4.19350849","price":"0.10810000","timestamp":1656357753,"volume":"0.45331827","buyTxId":"0d441df184a5b77897006bd1a9818af6e8cd6a6d","sellTxId":"2622c6ede9d1542d9c9b39d3b3774dbce3e4fd04"}
{"index": {"_index":"beer","_id":"3788750"}}
	{"id":3788750,"type":"sell","buyer":"imagenius.dac","seller":"thinkrdotexe","symbol":"BEER","quantity":"6.08433975","price":"0.10800000","timestamp":1656357753,"volume":"0.65710869","buyTxId":"fdfa0aec6b12ccaf615a8912a6d908437b0b12d8","sellTxId":"2622c6ede9d1542d9c9b39d3b3774dbce3e4fd04"}
{"index": {"_index":"beer","_id":"3790074"}}
	{"id":3790074,"type":"sell","buyer":"imagenius.dac","seller":"poliwalt10","symbol":"BEER","quantity":"0.12900000","price":"0.10800000","timestamp":1656370857,"volume":"0.01393200","buyTxId":"fdfa0aec6b12ccaf615a8912a6d908437b0b12d8","sellTxId":"cc0124ed8df61d26a475c9029a6a997af642395b"}
{"index": {"_index":"beer","_id":"3790078"}}
	{"id":3790078,"type":"buy","buyer":"cjlk","seller":"levi-miron","symbol":"BEER","quantity":"5.00000000","price":"0.12480000","timestamp":1656370917,"volume":"0.62400000","buyTxId":"cc4e11f861320164911c8fc7df4fa4c4b6998a2d","sellTxId":"72287dba03f51db8116700fc28268ee47058f61c"}
{"index": {"_index":"beer","_id":"3790150"}}
	{"id":3790150,"type":"sell","buyer":"imagenius.dac","seller":"onestrong","symbol":"BEER","quantity":"1.25099999","price":"0.10800000","timestamp":1656371598,"volume":"0.13510800","buyTxId":"fdfa0aec6b12ccaf615a8912a6d908437b0b12d8","sellTxId":"837cef788fa194f5338f7cb3bbb9481b058d4c46"}
{"index": {"_index":"beer","_id":"3790641"}}
	{"id":3790641,"type":"sell","buyer":"imagenius.dac","seller":"crypto-futurist","symbol":"BEER","quantity":"0.00100000","price":"0.10800000","timestamp":1656378126,"volume":"0.00010800","buyTxId":"fdfa0aec6b12ccaf615a8912a6d908437b0b12d8","sellTxId":"f16bb8db75074a71f00bedc694fdca84b76ded69"}
{"index": {"_index":"beer","_id":"3791875"}}
	{"id":3791875,"type":"buy","buyer":"nahueldare3627","seller":"onlydoge","symbol":"BEER","quantity":"0.65319286","price":"0.12470000","timestamp":1656384561,"volume":"0.08145315","buyTxId":"2311a1d0760e06169f3c3796886cee4fa60dfb14","sellTxId":"9ab5f0c40f4077aa5395ea31c35821658e2f2bc6"}
