{"index": {"_index":"beer","_id":"1368903"}}
	{"id":1368903,"type":"buy","buyer":"eythorphoto","seller":"master-lamps","symbol":"BEER","quantity":"0.01250000","price":"0.21996999","timestamp":1629172158,"volume":"0.00274962","buyTxId":"36758f278494f09bf56acfcc8cba541556ff7734","sellTxId":"a264e2f2b043a97a8f427a298da69b2dcb0a32ad"}
{"index": {"_index":"beer","_id":"1368909"}}
	{"id":1368909,"type":"buy","buyer":"eythorphoto","seller":"harveyword","symbol":"BEER","quantity":"0.50000000","price":"0.21997000","timestamp":1629172239,"volume":"0.10998500","buyTxId":"da8cdf1abf8ff7466e26120fd66693c2e044c1e1","sellTxId":"34deb53e1977ffd9f91564190bed13742ab42b09"}
{"index": {"_index":"beer","_id":"1369481"}}
	{"id":1369481,"type":"sell","buyer":"eythorphoto","seller":"pizzaconnection","symbol":"BEER","quantity":"0.01250000","price":"0.21997000","timestamp":1629182205,"volume":"0.00274963","buyTxId":"da8cdf1abf8ff7466e26120fd66693c2e044c1e1","sellTxId":"c75c272942e08c093a92a03cfbcdf1db1afc0eab"}
{"index": {"_index":"beer","_id":"1369680"}}
	{"id":1369680,"type":"sell","buyer":"eythorphoto","seller":"eythorphoto","symbol":"BEER","quantity":"0.63900000","price":"0.21997000","timestamp":1629185319,"volume":"0.14056083","buyTxId":"da8cdf1abf8ff7466e26120fd66693c2e044c1e1","sellTxId":"acaf26c6bc9bc2351a8fb78886aa9094435805d5"}
{"index": {"_index":"beer","_id":"1369922"}}
	{"id":1369922,"type":"sell","buyer":"eythorphoto","seller":"eythorphoto","symbol":"BEER","quantity":"0.63900000","price":"0.21997000","timestamp":1629189405,"volume":"0.14056083","buyTxId":"da8cdf1abf8ff7466e26120fd66693c2e044c1e1","sellTxId":"cbb8efefe4cdd63e1b16f3e2b7bf98ddf25c5ff7"}
{"index": {"_index":"beer","_id":"1370101"}}
	{"id":1370101,"type":"buy","buyer":"eythorphoto","seller":"master-lamps","symbol":"BEER","quantity":"0.08811935","price":"0.21997999","timestamp":1629192750,"volume":"0.01938449","buyTxId":"372da4bc345c1f0181f0c37f1da85dfe8c193340","sellTxId":"3f85652e7bef7eb6ca0262ae36c12faa6cfb687e"}
{"index": {"_index":"beer","_id":"1370102"}}
	{"id":1370102,"type":"buy","buyer":"eythorphoto","seller":"master-lamps","symbol":"BEER","quantity":"0.03600000","price":"0.21997999","timestamp":1629192750,"volume":"0.00791928","buyTxId":"372da4bc345c1f0181f0c37f1da85dfe8c193340","sellTxId":"3b2435c229fc5d5f96df35337bdb9d447dd279f9"}
{"index": {"_index":"beer","_id":"1370103"}}
	{"id":1370103,"type":"buy","buyer":"eythorphoto","seller":"master-lamps","symbol":"BEER","quantity":"0.61793330","price":"0.21997999","timestamp":1629192750,"volume":"0.13593296","buyTxId":"372da4bc345c1f0181f0c37f1da85dfe8c193340","sellTxId":"bc035bf812a4246dbeb688090f36d4bdc28a355b"}
{"index": {"_index":"beer","_id":"1370104"}}
	{"id":1370104,"type":"buy","buyer":"eythorphoto","seller":"master-lamps","symbol":"BEER","quantity":"0.14100000","price":"0.21997999","timestamp":1629192750,"volume":"0.03101718","buyTxId":"372da4bc345c1f0181f0c37f1da85dfe8c193340","sellTxId":"da857042691cd0dc3dddc74b7b893be3c5ff709b"}
{"index": {"_index":"beer","_id":"1370105"}}
	{"id":1370105,"type":"buy","buyer":"eythorphoto","seller":"master-lamps","symbol":"BEER","quantity":"0.00600000","price":"0.21997999","timestamp":1629192750,"volume":"0.00131988","buyTxId":"372da4bc345c1f0181f0c37f1da85dfe8c193340","sellTxId":"ee9fe9be39b337f264d90587604d0cd8698c84a9"}
{"index": {"_index":"beer","_id":"1370114"}}
	{"id":1370114,"type":"buy","buyer":"eythorphoto","seller":"rollie1212","symbol":"BEER","quantity":"3.50000000","price":"0.21998000","timestamp":1629192921,"volume":"0.76993000","buyTxId":"7571dc1de50bdc6b4e81829aebd225f71ebc3b88","sellTxId":"220b727f949a913e9b37e5188d01f9418c4ce4a9"}
{"index": {"_index":"beer","_id":"1370744"}}
	{"id":1370744,"type":"sell","buyer":"master-lamps","seller":"jywahaha","symbol":"BEER","quantity":"2.03650730","price":"0.19706101","timestamp":1629202296,"volume":"0.40131619","buyTxId":"38b3fc1bf0a0f5fe32b6f58028a09d30b4a3ac6a","sellTxId":"c99c996242fcb07be272eb59aec7fd977c0a61fd"}
{"index": {"_index":"beer","_id":"1370745"}}
	{"id":1370745,"type":"sell","buyer":"master-lamps","seller":"jywahaha","symbol":"BEER","quantity":"9.35849270","price":"0.19706101","timestamp":1629202296,"volume":"1.84419402","buyTxId":"d5243dabff309830455d7eab13281c7ffdf3cb9a","sellTxId":"c99c996242fcb07be272eb59aec7fd977c0a61fd"}
{"index": {"_index":"beer","_id":"1370966"}}
	{"id":1370966,"type":"sell","buyer":"master-lamps","seller":"itharagaian","symbol":"BEER","quantity":"0.00200000","price":"0.19706101","timestamp":1629206118,"volume":"0.00039412","buyTxId":"d5243dabff309830455d7eab13281c7ffdf3cb9a","sellTxId":"67eb535acb6b70597a09df94ec5b2d37d9021823"}
{"index": {"_index":"beer","_id":"1371041"}}
	{"id":1371041,"type":"sell","buyer":"master-lamps","seller":"oks2crypto","symbol":"BEER","quantity":"0.17500000","price":"0.19706101","timestamp":1629207654,"volume":"0.03448568","buyTxId":"d5243dabff309830455d7eab13281c7ffdf3cb9a","sellTxId":"71332d2eb851b33b9214d3e814318bfc73f6e122"}
{"index": {"_index":"beer","_id":"1371231"}}
	{"id":1371231,"type":"sell","buyer":"master-lamps","seller":"alucian","symbol":"BEER","quantity":"0.19990730","price":"0.19706101","timestamp":1629210729,"volume":"0.03939393","buyTxId":"d5243dabff309830455d7eab13281c7ffdf3cb9a","sellTxId":"a37dbe6fb12061d32f40b9f6c8c30b297abc76dc"}
{"index": {"_index":"beer","_id":"1371232"}}
	{"id":1371232,"type":"sell","buyer":"master-lamps","seller":"alucian","symbol":"BEER","quantity":"2.00000000","price":"0.19706101","timestamp":1629210729,"volume":"0.39412202","buyTxId":"f8dd1cb744507272cba2f96f341f318f403d90e3","sellTxId":"a37dbe6fb12061d32f40b9f6c8c30b297abc76dc"}
{"index": {"_index":"beer","_id":"1371233"}}
	{"id":1371233,"type":"sell","buyer":"master-lamps","seller":"alucian","symbol":"BEER","quantity":"0.50009270","price":"0.19706101","timestamp":1629210729,"volume":"0.09854877","buyTxId":"096ac491ad6dd7acfaa46d6a768799db0f20ff55","sellTxId":"a37dbe6fb12061d32f40b9f6c8c30b297abc76dc"}
{"index": {"_index":"beer","_id":"1372551"}}
	{"id":1372551,"type":"sell","buyer":"master-lamps","seller":"nastyforce","symbol":"BEER","quantity":"0.00800000","price":"0.19706101","timestamp":1629224280,"volume":"0.00157649","buyTxId":"096ac491ad6dd7acfaa46d6a768799db0f20ff55","sellTxId":"f65bb9a581a16402105e683e54138c4f8dfaa583"}
{"index": {"_index":"beer","_id":"1372608"}}
	{"id":1372608,"type":"sell","buyer":"master-lamps","seller":"steem.services","symbol":"BEER","quantity":"0.48440952","price":"0.19706101","timestamp":1629224859,"volume":"0.09545823","buyTxId":"096ac491ad6dd7acfaa46d6a768799db0f20ff55","sellTxId":"46275aa28ef0d517ab9f67aeee5dadd871dbeba5"}
{"index": {"_index":"beer","_id":"1372609"}}
	{"id":1372609,"type":"sell","buyer":"methus","seller":"steem.services","symbol":"BEER","quantity":"0.64459048","price":"0.19706100","timestamp":1629224859,"volume":"0.12702364","buyTxId":"1ca60adbabe3d84b589b31f75105dc3e25eafe04","sellTxId":"46275aa28ef0d517ab9f67aeee5dadd871dbeba5"}
{"index": {"_index":"beer","_id":"1372841"}}
	{"id":1372841,"type":"sell","buyer":"methus","seller":"onealfa","symbol":"BEER","quantity":"0.2465","price":"0.19706100","timestamp":1629226959,"volume":"0.04857554","buyTxId":"1ca60adbabe3d84b589b31f75105dc3e25eafe04","sellTxId":"33564fc2bf296c165ee88f32e770d8a0628657be"}
{"index": {"_index":"beer","_id":"1372991"}}
	{"id":1372991,"type":"sell","buyer":"methus","seller":"eythorphoto","symbol":"BEER","quantity":"0.06605265","price":"0.19706100","timestamp":1629228819,"volume":"0.01301640","buyTxId":"1ca60adbabe3d84b589b31f75105dc3e25eafe04","sellTxId":"e0af9069f5d4ab82f7b99de53e5628fb1b695b2a"}
{"index": {"_index":"beer","_id":"1373056"}}
	{"id":1373056,"type":"sell","buyer":"methus","seller":"fantasycrypto","symbol":"BEER","quantity":"0.42000000","price":"0.19706100","timestamp":1629229578,"volume":"0.08276562","buyTxId":"1ca60adbabe3d84b589b31f75105dc3e25eafe04","sellTxId":"09d76ea7d413adb3b78aa30d5b858c353f71416e"}
{"index": {"_index":"beer","_id":"1373467"}}
	{"id":1373467,"type":"sell","buyer":"chunkysoupsvc","seller":"deathwing","symbol":"BEER","quantity":"0.006","price":"0.19710000","timestamp":1629233706,"volume":"0.00118260","buyTxId":"080d40becfcf7906957df5c9651048974e72235f","sellTxId":"51ef313882a42e5a515bc2b6e4f08b9c1c1a72ba-4"}
{"index": {"_index":"beer","_id":"1373767"}}
	{"id":1373767,"type":"sell","buyer":"chunkysoupsvc","seller":"mangowambo","symbol":"BEER","quantity":"0.515","price":"0.19710000","timestamp":1629237600,"volume":"0.10150650","buyTxId":"080d40becfcf7906957df5c9651048974e72235f","sellTxId":"fc58668b7bc1cdffa6d33ca471eccb175bf86c84"}
{"index": {"_index":"beer","_id":"1373957"}}
	{"id":1373957,"type":"sell","buyer":"chunkysoupsvc","seller":"simplegame","symbol":"BEER","quantity":"6.88510079","price":"0.19710000","timestamp":1629239742,"volume":"1.35705337","buyTxId":"080d40becfcf7906957df5c9651048974e72235f","sellTxId":"b46ef4fed4fd14f83bb0a0c2ea456c45316cccf8"}
