{"index": {"_index":"beer","_id":"3200240"}}
	{"id":3200240,"type":"sell","buyer":"roger.remix","seller":"sonfecisinan","symbol":"BEER","quantity":"0.01250000","price":"0.14490000","timestamp":1649977737,"volume":"0.00181125","buyTxId":"26dd505920006b579000bc0863f92b43b4480f41","sellTxId":"0ac21dee0ee0745cfd934da998b807a589f7dbd0"}
{"index": {"_index":"beer","_id":"3201153"}}
	{"id":3201153,"type":"sell","buyer":"roger.remix","seller":"powerpaul","symbol":"BEER","quantity":"3.64631447","price":"0.14490000","timestamp":1649986659,"volume":"0.52835097","buyTxId":"26dd505920006b579000bc0863f92b43b4480f41","sellTxId":"96899eea6e6f279513aeeb64880960d963d67cc5"}
{"index": {"_index":"beer","_id":"3201595"}}
	{"id":3201595,"type":"sell","buyer":"roger.remix","seller":"fnvdesigns","symbol":"BEER","quantity":"0.01017565","price":"0.14490000","timestamp":1649991267,"volume":"0.00147445","buyTxId":"26dd505920006b579000bc0863f92b43b4480f41","sellTxId":"d323e8224ac1a1b6620cbcff6e40d1e90e240a29"}
{"index": {"_index":"beer","_id":"3201862"}}
	{"id":3201862,"type":"sell","buyer":"roger.remix","seller":"dswap","symbol":"BEER","quantity":"0.11748512","price":"0.14490000","timestamp":1649993883,"volume":"0.01702359","buyTxId":"26dd505920006b579000bc0863f92b43b4480f41","sellTxId":"5c44fc85ca4764d1bbca129682b76143642f922b"}
{"index": {"_index":"beer","_id":"3202458"}}
	{"id":3202458,"type":"sell","buyer":"roger.remix","seller":"laritheghost","symbol":"BEER","quantity":"1.36264596","price":"0.14490000","timestamp":1650002850,"volume":"0.19744740","buyTxId":"26dd505920006b579000bc0863f92b43b4480f41","sellTxId":"422df8501f6f0171abcbac316b4ea88e2acdf7c7"}
{"index": {"_index":"beer","_id":"3203000"}}
	{"id":3203000,"type":"sell","buyer":"roger.remix","seller":"marfonso","symbol":"BEER","quantity":"0.09900000","price":"0.14490000","timestamp":1650009582,"volume":"0.01434510","buyTxId":"26dd505920006b579000bc0863f92b43b4480f41","sellTxId":"e80e1eb47717b646779c5644a98cb40a5daa056d"}
{"index": {"_index":"beer","_id":"3204447"}}
	{"id":3204447,"type":"buy","buyer":"morzex","seller":"master-lamps","symbol":"BEER","quantity":"3.28875264","price":"0.18243999","timestamp":1650029109,"volume":"0.6","buyTxId":"3e5cfbb00a42eebc9bdeea5c901fdb3194d55fe9","sellTxId":"acea3dd76bb26998eba3b1aa36512fa18f5b1058"}
{"index": {"_index":"beer","_id":"3204541"}}
	{"id":3204541,"type":"sell","buyer":"roger.remix","seller":"morzex","symbol":"BEER","quantity":"0.33193421","price":"0.14490000","timestamp":1650029997,"volume":"0.04809727","buyTxId":"26dd505920006b579000bc0863f92b43b4480f41","sellTxId":"99f7c19ed333e7a2702bd1a0ea1d37b208ec7e54"}
{"index": {"_index":"beer","_id":"3204573"}}
	{"id":3204573,"type":"sell","buyer":"roger.remix","seller":"riansilva","symbol":"BEER","quantity":"4.41994387","price":"0.14490000","timestamp":1650030333,"volume":"0.64044987","buyTxId":"26dd505920006b579000bc0863f92b43b4480f41","sellTxId":"736fd834b123f97f1e51968d10eebd317663c226"}
{"index": {"_index":"beer","_id":"3204574"}}
	{"id":3204574,"type":"sell","buyer":"master-lamps","seller":"riansilva","symbol":"BEER","quantity":"8.58005613","price":"0.14420001","timestamp":1650030333,"volume":"1.23724418","buyTxId":"c68a06d7d022416ad27f15fc33c764b707c3a01b","sellTxId":"736fd834b123f97f1e51968d10eebd317663c226"}
{"index": {"_index":"beer","_id":"3205603"}}
	{"id":3205603,"type":"sell","buyer":"master-lamps","seller":"unlikelysurvivor","symbol":"BEER","quantity":"0.00939794","price":"0.14420001","timestamp":1650041523,"volume":"0.00135518","buyTxId":"c68a06d7d022416ad27f15fc33c764b707c3a01b","sellTxId":"795cbb331c676c349c8e0ed670a2957b5f55ea5b"}
{"index": {"_index":"beer","_id":"3206750"}}
	{"id":3206750,"type":"sell","buyer":"roger.remix","seller":"mafia.wallet","symbol":"BEER","quantity":"0.025","price":"0.14421000","timestamp":1650050559,"volume":"0.00360525","buyTxId":"70d882df68df8a9a945b69d1b56f8424a205d177","sellTxId":"9cc6461e01fde3724a6b982ee9ec083b3591cd8b-3"}
{"index": {"_index":"beer","_id":"3206831"}}
	{"id":3206831,"type":"sell","buyer":"master-lamps","seller":"smooms","symbol":"BEER","quantity":"8.24349840","price":"0.14421001","timestamp":1650051642,"volume":"1.18879499","buyTxId":"541aa3e22d5a16b7d41f4c631c8a25efc37465d6","sellTxId":"a06cd8a883e2ccbfbf214c4f67e2e4b6f69238c5"}
{"index": {"_index":"beer","_id":"3207350"}}
	{"id":3207350,"type":"sell","buyer":"master-lamps","seller":"lotto-de","symbol":"BEER","quantity":"4.19410400","price":"0.14421001","timestamp":1650057216,"volume":"0.60483178","buyTxId":"541aa3e22d5a16b7d41f4c631c8a25efc37465d6","sellTxId":"2d4f10c5b1abae17c967f300e9a8bb3fd9598923"}
{"index": {"_index":"beer","_id":"3207541"}}
	{"id":3207541,"type":"buy","buyer":"edgerik","seller":"master-lamps","symbol":"BEER","quantity":"2.00000000","price":"0.18243997","timestamp":1650059382,"volume":"0.36487994","buyTxId":"7f17b04ce30ccb0262bd30314ec1778999fde87c","sellTxId":"be551c6e1cda32aae8377e3f391c77ab3b1c6fda"}
{"index": {"_index":"beer","_id":"3208144"}}
	{"id":3208144,"type":"sell","buyer":"harveyword","seller":"powerpaul","symbol":"BEER","quantity":"3.54396281","price":"0.14421002","timestamp":1650063699,"volume":"0.51107495","buyTxId":"87292e77bbf1509f8f13e352f2894578f5d5e813","sellTxId":"d0f7730c93a077039ded8b3d79a82f6d4be921e3"}
