{"index": {"_index":"beer","_id":"2426790"}}
	{"id":2426790,"type":"buy","buyer":"princekham","seller":"barmbo","symbol":"BEER","quantity":"10.00000000","price":"0.17500000","timestamp":1640922324,"volume":"1.75000000","buyTxId":"d20608ff2ac8bd2ff3db4620b0032b1ffb3d0e6d","sellTxId":"61d4a5ce2a3c20c3b916d99a8069455bfe6eeb0b"}
{"index": {"_index":"beer","_id":"2427339"}}
	{"id":2427339,"type":"sell","buyer":"detlev","seller":"huzzah","symbol":"BEER","quantity":"1.2","price":"0.15400000","timestamp":1640929629,"volume":"0.18480000","buyTxId":"1194734f630e635d28fdead415b0652e2552e30d","sellTxId":"079668109605cc0bf5e97a41400232c09403d8c2"}
{"index": {"_index":"beer","_id":"2427665"}}
	{"id":2427665,"type":"sell","buyer":"detlev","seller":"fantasycrypto","symbol":"BEER","quantity":"0.26700000","price":"0.15400000","timestamp":1640932128,"volume":"0.04111800","buyTxId":"1194734f630e635d28fdead415b0652e2552e30d","sellTxId":"946230640f528d83699c064ca45fb875bf141066"}
{"index": {"_index":"beer","_id":"2427710"}}
	{"id":2427710,"type":"sell","buyer":"detlev","seller":"lookplz","symbol":"BEER","quantity":"4.88300000","price":"0.15400000","timestamp":1640932530,"volume":"0.75198200","buyTxId":"1194734f630e635d28fdead415b0652e2552e30d","sellTxId":"f09f21f3634f981fee9d61ccb7b85dbc0bc8800f"}
{"index": {"_index":"beer","_id":"2427847"}}
	{"id":2427847,"type":"buy","buyer":"alphamz","seller":"barmbo","symbol":"BEER","quantity":"5.00000000","price":"0.17500000","timestamp":1640933955,"volume":"0.87500000","buyTxId":"d6c5e2ea23c8015c93866f3562c91a36bc0f8828","sellTxId":"61d4a5ce2a3c20c3b916d99a8069455bfe6eeb0b"}
{"index": {"_index":"beer","_id":"2427969"}}
	{"id":2427969,"type":"sell","buyer":"detlev","seller":"ryanth17","symbol":"BEER","quantity":"3.14168268","price":"0.15400000","timestamp":1640935491,"volume":"0.48381913","buyTxId":"1194734f630e635d28fdead415b0652e2552e30d","sellTxId":"86dfe0763808de53d5308cdf2848fe0eeab966e0"}
{"index": {"_index":"beer","_id":"2428485"}}
	{"id":2428485,"type":"sell","buyer":"marketroll","seller":"steemstreems","symbol":"BEER","quantity":"0.012","price":"0.15402000","timestamp":1640940873,"volume":"0.00184824","buyTxId":"cfffee4ec9c25c01227007c69a89d3a73310fb13","sellTxId":"d95ead617fb0083ada3f24f535c396d18ba91c42"}
{"index": {"_index":"beer","_id":"2429151"}}
	{"id":2429151,"type":"sell","buyer":"marketroll","seller":"lotto-de","symbol":"BEER","quantity":"6.00000000","price":"0.15402000","timestamp":1640947821,"volume":"0.92412000","buyTxId":"cfffee4ec9c25c01227007c69a89d3a73310fb13","sellTxId":"affd02217e777fb13c63998aea59d8d8785ca997"}
{"index": {"_index":"beer","_id":"2429594"}}
	{"id":2429594,"type":"sell","buyer":"marketroll","seller":"lloyddavis","symbol":"BEER","quantity":"1.48310000","price":"0.15402000","timestamp":1640952798,"volume":"0.22842706","buyTxId":"cfffee4ec9c25c01227007c69a89d3a73310fb13","sellTxId":"29aaf4d9ac85f074e617edda09d7de684d47f264"}
{"index": {"_index":"beer","_id":"2430076"}}
	{"id":2430076,"type":"buy","buyer":"summertooth","seller":"marketroll","symbol":"BEER","quantity":"50.00000000","price":"0.17499900","timestamp":1640957874,"volume":"8.74995000","buyTxId":"c80ea9e0ac2c402c13b574ebaef75c44c1a092c6","sellTxId":"c0b63fc735b1b28b97f63983ead0d94f3d837d94"}
{"index": {"_index":"beer","_id":"2430655"}}
	{"id":2430655,"type":"buy","buyer":"dswap","seller":"master-lamps","symbol":"BEER","quantity":"0.01618236","price":"0.17499975","timestamp":1640962800,"volume":"0.00283191","buyTxId":"29820e14b1fd1a380e937a38904df69d246c0e03","sellTxId":"0026d8c87fbf5a224f4f8fe5195c4caf4b9db45e"}
{"index": {"_index":"beer","_id":"2430764"}}
	{"id":2430764,"type":"sell","buyer":"marketroll","seller":"abimbola753","symbol":"BEER","quantity":"0.45344691","price":"0.15402000","timestamp":1640963613,"volume":"0.06983989","buyTxId":"cfffee4ec9c25c01227007c69a89d3a73310fb13","sellTxId":"73f4949b70740ddc7a80a3cd4ce3077a72cdee70"}
{"index": {"_index":"beer","_id":"2430868"}}
	{"id":2430868,"type":"sell","buyer":"marketroll","seller":"hivelander","symbol":"BEER","quantity":"0.52558083","price":"0.15402000","timestamp":1640964693,"volume":"0.08094996","buyTxId":"cfffee4ec9c25c01227007c69a89d3a73310fb13","sellTxId":"56117df0e45a3034c6dc16dd14a999c195191159"}
{"index": {"_index":"beer","_id":"2430877"}}
	{"id":2430877,"type":"sell","buyer":"marketroll","seller":"steemitri","symbol":"BEER","quantity":"0.59808686","price":"0.15402000","timestamp":1640964756,"volume":"0.09211734","buyTxId":"cfffee4ec9c25c01227007c69a89d3a73310fb13","sellTxId":"47cb4d9e274a27b6347dbfdbd01924aa051ad318"}
{"index": {"_index":"beer","_id":"2431465"}}
	{"id":2431465,"type":"sell","buyer":"marketroll","seller":"makeitreal95","symbol":"BEER","quantity":"0.42","price":"0.15402000","timestamp":1640968188,"volume":"0.06468840","buyTxId":"cfffee4ec9c25c01227007c69a89d3a73310fb13","sellTxId":"b2551f35bc92fd3d0cb049837b2844bf87801b7c"}
{"index": {"_index":"beer","_id":"2431661"}}
	{"id":2431661,"type":"sell","buyer":"marketroll","seller":"hivediver","symbol":"BEER","quantity":"10.88266502","price":"0.15402000","timestamp":1640969493,"volume":"1.67614807","buyTxId":"cfffee4ec9c25c01227007c69a89d3a73310fb13","sellTxId":"3a825147af658d042ebb7300cc458904f24dd8b3"}
{"index": {"_index":"beer","_id":"2432163"}}
	{"id":2432163,"type":"sell","buyer":"marketroll","seller":"nastyforce","symbol":"BEER","quantity":"0.29200000","price":"0.15402000","timestamp":1640973117,"volume":"0.04497384","buyTxId":"cfffee4ec9c25c01227007c69a89d3a73310fb13","sellTxId":"10ec29ed28190dc83fef40d02f2d272281f53ecc"}
{"index": {"_index":"beer","_id":"2433247"}}
	{"id":2433247,"type":"sell","buyer":"marketroll","seller":"mafia.wallet","symbol":"BEER","quantity":"0.031","price":"0.15402000","timestamp":1640984355,"volume":"0.00477462","buyTxId":"cfffee4ec9c25c01227007c69a89d3a73310fb13","sellTxId":"3ab64cd7450494fb7e205f68d995a1b324256482-1"}
{"index": {"_index":"beer","_id":"2433930"}}
	{"id":2433930,"type":"sell","buyer":"harveyword","seller":"elevator09","symbol":"BEER","quantity":"0.78600000","price":"0.15403000","timestamp":1640994693,"volume":"0.12106758","buyTxId":"8fce38a3513f6cdd3c9082c228c2ac9dfdb78a6b","sellTxId":"676f88b79bed7c69ddd6770be17e546094476a45"}
{"index": {"_index":"beer","_id":"2434772"}}
	{"id":2434772,"type":"sell","buyer":"harveyword","seller":"justinparke","symbol":"BEER","quantity":"0.21400000","price":"0.15403000","timestamp":1641007176,"volume":"0.03296242","buyTxId":"8fce38a3513f6cdd3c9082c228c2ac9dfdb78a6b","sellTxId":"6fa59fe7b7ae05be469f351a4ea4a2b88f3e1a9c"}
{"index": {"_index":"beer","_id":"2434773"}}
	{"id":2434773,"type":"sell","buyer":"anandkj611","seller":"justinparke","symbol":"BEER","quantity":"0.01300000","price":"0.15403000","timestamp":1641007176,"volume":"0.00200239","buyTxId":"e633166c0227c5a7080b093dc7834eb4f2dc212e","sellTxId":"6fa59fe7b7ae05be469f351a4ea4a2b88f3e1a9c"}
