{"index": {"_index":"beer","_id":"3458383"}}
	{"id":3458383,"type":"sell","buyer":"master-lamps","seller":"eythorphoto","symbol":"BEER","quantity":"0.22600000","price":"0.12960001","timestamp":1652844825,"volume":"0.02928960","buyTxId":"05b8898cab4a17009c330b80c1d154053ceeb2d6","sellTxId":"b3ad1a98fc979ea5aa2561f0fe68a04c7ed89224"}
{"index": {"_index":"beer","_id":"3459230"}}
	{"id":3459230,"type":"sell","buyer":"gaboamc2393","seller":"thatcryptodave","symbol":"BEER","quantity":"0.40005458","price":"0.13200000","timestamp":1652855775,"volume":"0.05280720","buyTxId":"a0f9e6225877bdda9fef3b737ced98b2a9ba125f","sellTxId":"8ead10e3c5ae0296b3512a1f146a535e0a80dd8b"}
{"index": {"_index":"beer","_id":"3459427"}}
	{"id":3459427,"type":"sell","buyer":"gaboamc2393","seller":"itharagaian","symbol":"BEER","quantity":"0.00200000","price":"0.13200000","timestamp":1652858322,"volume":"0.00026400","buyTxId":"a0f9e6225877bdda9fef3b737ced98b2a9ba125f","sellTxId":"3045c3ee6239237cd0a09fefdfa4779d0ba8e15d"}
{"index": {"_index":"beer","_id":"3459730"}}
	{"id":3459730,"type":"sell","buyer":"gaboamc2393","seller":"chekohler","symbol":"BEER","quantity":"0.01250067","price":"0.13200000","timestamp":1652861289,"volume":"0.00165009","buyTxId":"a0f9e6225877bdda9fef3b737ced98b2a9ba125f","sellTxId":"83d265512a44a55fad669670e2b3abe8d17588a5"}
{"index": {"_index":"beer","_id":"3460536"}}
	{"id":3460536,"type":"sell","buyer":"gaboamc2393","seller":"ugochill","symbol":"BEER","quantity":"0.05775667","price":"0.13200000","timestamp":1652870301,"volume":"0.00762388","buyTxId":"a0f9e6225877bdda9fef3b737ced98b2a9ba125f","sellTxId":"6dd99b6e76db9de9e5072c1bcfad399703c2c53c"}
{"index": {"_index":"beer","_id":"3461612"}}
	{"id":3461612,"type":"sell","buyer":"gaboamc2393","seller":"poliwalt10","symbol":"BEER","quantity":"0.37000000","price":"0.13200000","timestamp":1652881164,"volume":"0.04884000","buyTxId":"a0f9e6225877bdda9fef3b737ced98b2a9ba125f","sellTxId":"677fd4d7f1c8329f58f8908c2dd1900714ed7c3a"}
{"index": {"_index":"beer","_id":"3461992"}}
	{"id":3461992,"type":"sell","buyer":"gaboamc2393","seller":"investyourvote","symbol":"BEER","quantity":"1.00000000","price":"0.13200000","timestamp":1652884299,"volume":"0.13200000","buyTxId":"a0f9e6225877bdda9fef3b737ced98b2a9ba125f","sellTxId":"937b03258a0b8b4ba982c1da2a158a3d729e1d8d"}
{"index": {"_index":"beer","_id":"3463436"}}
	{"id":3463436,"type":"sell","buyer":"gaboamc2393","seller":"clixmoney","symbol":"BEER","quantity":"0.49995237","price":"0.13200000","timestamp":1652895456,"volume":"0.06599371","buyTxId":"a0f9e6225877bdda9fef3b737ced98b2a9ba125f","sellTxId":"1ced6ecf686eec901386b86d2411986aa4fec4cd"}
{"index": {"_index":"beer","_id":"3463646"}}
	{"id":3463646,"type":"sell","buyer":"gaboamc2393","seller":"brianhuang","symbol":"BEER","quantity":"0.46486468","price":"0.13200000","timestamp":1652896923,"volume":"0.06136214","buyTxId":"a0f9e6225877bdda9fef3b737ced98b2a9ba125f","sellTxId":"e607ab0212591d4e84b556c196d56bc08a94dd93"}
{"index": {"_index":"beer","_id":"3464163"}}
	{"id":3464163,"type":"sell","buyer":"gaboamc2393","seller":"crypto-futurist","symbol":"BEER","quantity":"0.00100000","price":"0.13200000","timestamp":1652902626,"volume":"0.00013200","buyTxId":"a0f9e6225877bdda9fef3b737ced98b2a9ba125f","sellTxId":"4a6b73fc757e5eff0c9119971b2d05e195920914"}
{"index": {"_index":"beer","_id":"3464472"}}
	{"id":3464472,"type":"sell","buyer":"gaboamc2393","seller":"onealfa","symbol":"BEER","quantity":"0.424","price":"0.13200000","timestamp":1652905635,"volume":"0.05596800","buyTxId":"a0f9e6225877bdda9fef3b737ced98b2a9ba125f","sellTxId":"010068751510aa071d489bd20c31ac32d8a9be87"}
{"index": {"_index":"beer","_id":"3464599"}}
	{"id":3464599,"type":"sell","buyer":"gaboamc2393","seller":"harveyword","symbol":"BEER","quantity":"0.27940935","price":"0.13200000","timestamp":1652907135,"volume":"0.03688203","buyTxId":"a0f9e6225877bdda9fef3b737ced98b2a9ba125f","sellTxId":"0fba4551df3b7b2f9c86fd359facde990eaa0eeb"}
{"index": {"_index":"beer","_id":"3464951"}}
	{"id":3464951,"type":"sell","buyer":"gaboamc2393","seller":"steem.services","symbol":"BEER","quantity":"3.30900000","price":"0.13200000","timestamp":1652912277,"volume":"0.43678800","buyTxId":"a0f9e6225877bdda9fef3b737ced98b2a9ba125f","sellTxId":"cc42db99fd495dc1da1b8a63649f512fde80d159"}
{"index": {"_index":"beer","_id":"3465834"}}
	{"id":3465834,"type":"buy","buyer":"latino.romano","seller":"onestrong","symbol":"BEER","quantity":"4.53800000","price":"0.15120000","timestamp":1652922873,"volume":"0.68614560","buyTxId":"66d8a27a6bfc81c1b351b907428f6d6514d8ff65","sellTxId":"e37b9f5d7dfbe0dbbda8f46c1685cd5821d9dd1f"}
{"index": {"_index":"beer","_id":"3465835"}}
	{"id":3465835,"type":"buy","buyer":"latino.romano","seller":"onlydoge","symbol":"BEER","quantity":"9.60287649","price":"0.15150000","timestamp":1652922873,"volume":"1.45483579","buyTxId":"66d8a27a6bfc81c1b351b907428f6d6514d8ff65","sellTxId":"88d28556a9cfd315807fbf17dba080106f0f2801"}
{"index": {"_index":"beer","_id":"3465836"}}
	{"id":3465836,"type":"buy","buyer":"latino.romano","seller":"cranium","symbol":"BEER","quantity":"15.85912351","price":"0.15160000","timestamp":1652922873,"volume":"2.40424312","buyTxId":"66d8a27a6bfc81c1b351b907428f6d6514d8ff65","sellTxId":"6ff5d12a4719f4f22207fa86770dbf3e96136bdb"}
{"index": {"_index":"beer","_id":"3466256"}}
	{"id":3466256,"type":"buy","buyer":"chetanpadliya","seller":"cranium","symbol":"BEER","quantity":"3.88391826","price":"0.15160000","timestamp":1652927970,"volume":"0.58880201","buyTxId":"25185e2f7437559f3fb8991382502550a131faf8","sellTxId":"6ff5d12a4719f4f22207fa86770dbf3e96136bdb"}
{"index": {"_index":"beer","_id":"3466257"}}
	{"id":3466257,"type":"buy","buyer":"chetanpadliya","seller":"roger.remix","symbol":"BEER","quantity":"1.11461126","price":"0.15180000","timestamp":1652927970,"volume":"0.16919799","buyTxId":"25185e2f7437559f3fb8991382502550a131faf8","sellTxId":"86eaccc2bb6b578efe670fee1cb6a1b3d3b441a4"}
{"index": {"_index":"beer","_id":"3466296"}}
	{"id":3466296,"type":"buy","buyer":"chetanpadliya","seller":"roger.remix","symbol":"BEER","quantity":"1.05401844","price":"0.15180000","timestamp":1652928357,"volume":"0.16","buyTxId":"f061a019478c7506c29eda168d630882b86a6c3d","sellTxId":"86eaccc2bb6b578efe670fee1cb6a1b3d3b441a4"}
