{"index": {"_index":"beer","_id":"2571898"}}
	{"id":2571898,"type":"sell","buyer":"detlev","seller":"steem.services","symbol":"BEER","quantity":"1.11900000","price":"0.15900000","timestamp":1642456791,"volume":"0.17792100","buyTxId":"439bbc31dd8c7f66180cccab86d278d6aed34421","sellTxId":"ede1a05f1c0ba9b2e75336158346d1a5cdb4359c"}
{"index": {"_index":"beer","_id":"2571916"}}
	{"id":2571916,"type":"sell","buyer":"detlev","seller":"brumest","symbol":"BEER","quantity":"58.11800000","price":"0.15900000","timestamp":1642456932,"volume":"9.24076200","buyTxId":"439bbc31dd8c7f66180cccab86d278d6aed34421","sellTxId":"0305175bb058a0e48263f41ee0007cfa865c059e"}
{"index": {"_index":"beer","_id":"2573333"}}
	{"id":2573333,"type":"sell","buyer":"detlev","seller":"thedrizz","symbol":"BEER","quantity":"0.01250001","price":"0.15900000","timestamp":1642465464,"volume":"0.00198750","buyTxId":"439bbc31dd8c7f66180cccab86d278d6aed34421","sellTxId":"9721e35293a35328eff4ca306ad459eee5a0a3d8"}
{"index": {"_index":"beer","_id":"2576840"}}
	{"id":2576840,"type":"sell","buyer":"detlev","seller":"itharagaian","symbol":"BEER","quantity":"0.00100000","price":"0.15900000","timestamp":1642492515,"volume":"0.00015900","buyTxId":"439bbc31dd8c7f66180cccab86d278d6aed34421","sellTxId":"433df9e4f542ad1459bc7c52ba2f7a4f2d0f74d1"}
{"index": {"_index":"beer","_id":"2577299"}}
	{"id":2577299,"type":"buy","buyer":"florenceboens","seller":"master-lamps","symbol":"BEER","quantity":"0.21000000","price":"0.16099740","timestamp":1642496859,"volume":"0.03380945","buyTxId":"0ad9b50adc98d301e840a077c0631ff02e1d865b","sellTxId":"ff5e3df23fed5ed6e26977bfb85cea385f46579b"}
{"index": {"_index":"beer","_id":"2577300"}}
	{"id":2577300,"type":"buy","buyer":"florenceboens","seller":"sarguy43","symbol":"BEER","quantity":"7.93147730","price":"0.16100000","timestamp":1642496859,"volume":"1.27696785","buyTxId":"0ad9b50adc98d301e840a077c0631ff02e1d865b","sellTxId":"43050917c7b50f9077e817f6735cd278ac38903f"}
{"index": {"_index":"beer","_id":"2577301"}}
	{"id":2577301,"type":"buy","buyer":"florenceboens","seller":"sbi-tokens","symbol":"BEER","quantity":"0.85852270","price":"0.17800000","timestamp":1642496859,"volume":"0.15281704","buyTxId":"0ad9b50adc98d301e840a077c0631ff02e1d865b","sellTxId":"3e6417096ba190bcbc15d1efc59ff511b2280868"}
{"index": {"_index":"beer","_id":"2577366"}}
	{"id":2577366,"type":"sell","buyer":"detlev","seller":"wulff-media","symbol":"BEER","quantity":"0.17500000","price":"0.15900000","timestamp":1642497453,"volume":"0.02782500","buyTxId":"439bbc31dd8c7f66180cccab86d278d6aed34421","sellTxId":"18c04e93715c4c9b4e7795cd81068afddce0e289"}
{"index": {"_index":"beer","_id":"2577910"}}
	{"id":2577910,"type":"buy","buyer":"dswap","seller":"sbi-tokens","symbol":"BEER","quantity":"0.02742696","price":"0.17800000","timestamp":1642501311,"volume":"0.00488200","buyTxId":"893b6623404a082fd540f8fa9fabdf8cc0bb7730","sellTxId":"3e6417096ba190bcbc15d1efc59ff511b2280868"}
{"index": {"_index":"beer","_id":"2577951"}}
	{"id":2577951,"type":"sell","buyer":"detlev","seller":"networkallstar","symbol":"BEER","quantity":"0.10000000","price":"0.15900000","timestamp":1642501779,"volume":"0.01590000","buyTxId":"439bbc31dd8c7f66180cccab86d278d6aed34421","sellTxId":"a4092262013219f95276f1ef48e3b17311df1e19"}
{"index": {"_index":"beer","_id":"2578212"}}
	{"id":2578212,"type":"sell","buyer":"detlev","seller":"ru-trail","symbol":"BEER","quantity":"0.02500000","price":"0.15900000","timestamp":1642504194,"volume":"0.00397500","buyTxId":"439bbc31dd8c7f66180cccab86d278d6aed34421","sellTxId":"21c8a8a378ce984b69147f1f3dd9cc5e5a602db4"}
{"index": {"_index":"beer","_id":"2579143"}}
	{"id":2579143,"type":"sell","buyer":"detlev","seller":"drakienrising","symbol":"BEER","quantity":"1.38600000","price":"0.15900000","timestamp":1642511073,"volume":"0.22037400","buyTxId":"439bbc31dd8c7f66180cccab86d278d6aed34421","sellTxId":"8d9b1919a2aee1e609a36a1e854d7244e36d0e04"}
{"index": {"_index":"beer","_id":"2580312"}}
	{"id":2580312,"type":"sell","buyer":"detlev","seller":"miketr","symbol":"BEER","quantity":"3.00000000","price":"0.15900000","timestamp":1642520193,"volume":"0.47700000","buyTxId":"439bbc31dd8c7f66180cccab86d278d6aed34421","sellTxId":"768410d61077a65bd79536ea5f661051419435e8"}
{"index": {"_index":"beer","_id":"2582254"}}
	{"id":2582254,"type":"buy","buyer":"tex73110","seller":"libertycrypto27","symbol":"BEER","quantity":"3.11422990","price":"0.17799000","timestamp":1642533486,"volume":"0.55430178","buyTxId":"700d37a17a79cfde0fb9ff4751e04a96d9658911","sellTxId":"b2d3dce4c634712d21595dfc208a2e26f03c04d9"}
{"index": {"_index":"beer","_id":"2583448"}}
	{"id":2583448,"type":"sell","buyer":"tex73110","seller":"harveyword","symbol":"BEER","quantity":"1.88577010","price":"0.17799000","timestamp":1642542684,"volume":"0.33564822","buyTxId":"700d37a17a79cfde0fb9ff4751e04a96d9658911","sellTxId":"908bdeda771a20ead0dd433950dca2efe7d4c55d"}
{"index": {"_index":"beer","_id":"2583469"}}
	{"id":2583469,"type":"sell","buyer":"detlev","seller":"thahodler","symbol":"BEER","quantity":"2.11000000","price":"0.15900000","timestamp":1642542915,"volume":"0.33549000","buyTxId":"439bbc31dd8c7f66180cccab86d278d6aed34421","sellTxId":"4991e1d6856a16304698256ae07da29704d425e3"}
