{"index": {"_index":"beer","_id":"1867581"}}
	{"id":1867581,"type":"sell","buyer":"detlev","seller":"steem.services","symbol":"BEER","quantity":"2.68600000","price":"0.14505000","timestamp":1635903333,"volume":"0.38960430","buyTxId":"776945685bbe16024e1967d883590dce8346749f","sellTxId":"9d5fcfeb2b47b138cec97d1ef5f87f396966ff06"}
{"index": {"_index":"beer","_id":"1867955"}}
	{"id":1867955,"type":"buy","buyer":"dswap","seller":"exator","symbol":"BEER","quantity":"5.36374459","price":"0.15959000","timestamp":1635907566,"volume":"0.85600000","buyTxId":"88d7df7698ccb1059fe665db2848b68288f13806","sellTxId":"7bbdeffba6226dbfa7712549f51aeba26b010640"}
{"index": {"_index":"beer","_id":"1868457"}}
	{"id":1868457,"type":"buy","buyer":"chubb149","seller":"cloudblade","symbol":"BEER","quantity":"5.30000000","price":"0.15957000","timestamp":1635913761,"volume":"0.84572100","buyTxId":"4af8c8a89224355c829d74bd1459f2b0cc4fc31e","sellTxId":"3bd456a9bf6ab026eaacb10fd9e3bf2f006a62d9"}
{"index": {"_index":"beer","_id":"1868657"}}
	{"id":1868657,"type":"sell","buyer":"detlev","seller":"homesteadlt","symbol":"BEER","quantity":"1.43750000","price":"0.14505000","timestamp":1635916689,"volume":"0.20850938","buyTxId":"776945685bbe16024e1967d883590dce8346749f","sellTxId":"293d75806b7769e259ba307da60ab6bdd826183d"}
{"index": {"_index":"beer","_id":"1869492"}}
	{"id":1869492,"type":"sell","buyer":"detlev","seller":"itharagaian","symbol":"BEER","quantity":"0.00200000","price":"0.14505000","timestamp":1635926925,"volume":"0.00029010","buyTxId":"776945685bbe16024e1967d883590dce8346749f","sellTxId":"1cef7681f792b47d21cc4a816e6cebcc5b37ac57"}
{"index": {"_index":"beer","_id":"1869563"}}
	{"id":1869563,"type":"sell","buyer":"detlev","seller":"hive-143869","symbol":"BEER","quantity":"3.02590000","price":"0.14505000","timestamp":1635927432,"volume":"0.43890680","buyTxId":"776945685bbe16024e1967d883590dce8346749f","sellTxId":"0644e596a737e1d6e4830e8ff8aa255518a15afb"}
{"index": {"_index":"beer","_id":"1870111"}}
	{"id":1870111,"type":"sell","buyer":"detlev","seller":"networkallstar","symbol":"BEER","quantity":"0.10327468","price":"0.14505000","timestamp":1635931923,"volume":"0.01497999","buyTxId":"776945685bbe16024e1967d883590dce8346749f","sellTxId":"42c336d14a8b516e1199d76ffb4f183895b2fa7d"}
{"index": {"_index":"beer","_id":"1871867"}}
	{"id":1871867,"type":"sell","buyer":"detlev","seller":"magnacarta.buzz","symbol":"BEER","quantity":"0.05340188","price":"0.14505000","timestamp":1635949824,"volume":"0.00774594","buyTxId":"776945685bbe16024e1967d883590dce8346749f","sellTxId":"002f17b4fe524c126407ac616c162831a9a6fffe"}
{"index": {"_index":"beer","_id":"1872366"}}
	{"id":1872366,"type":"buy","buyer":"detlev","seller":"cloudblade","symbol":"BEER","quantity":"0.10000000","price":"0.15957000","timestamp":1635953859,"volume":"0.01595700","buyTxId":"e95be3a1978228a909f1cf2e445147e719039cce","sellTxId":"3bd456a9bf6ab026eaacb10fd9e3bf2f006a62d9"}
{"index": {"_index":"beer","_id":"1872682"}}
	{"id":1872682,"type":"sell","buyer":"detlev","seller":"mobi72","symbol":"BEER","quantity":"0.93200000","price":"0.14505000","timestamp":1635956625,"volume":"0.13518660","buyTxId":"776945685bbe16024e1967d883590dce8346749f","sellTxId":"144d29b3db64fa3397422451dac2a8dcd3c92ea7"}
{"index": {"_index":"beer","_id":"1872965"}}
	{"id":1872965,"type":"sell","buyer":"detlev","seller":"miketr","symbol":"BEER","quantity":"10.00000000","price":"0.14505000","timestamp":1635958200,"volume":"1.45050000","buyTxId":"776945685bbe16024e1967d883590dce8346749f","sellTxId":"37fe1073b07ba2748399ec809f26fdaa49ae607a"}
{"index": {"_index":"beer","_id":"1873378"}}
	{"id":1873378,"type":"buy","buyer":"stevieboyes","seller":"cloudblade","symbol":"BEER","quantity":"0.07240000","price":"0.15957000","timestamp":1635961071,"volume":"0.01155287","buyTxId":"b01477401476d11598b7d5c243fac0426c59e6c3","sellTxId":"3bd456a9bf6ab026eaacb10fd9e3bf2f006a62d9"}
{"index": {"_index":"beer","_id":"1873409"}}
	{"id":1873409,"type":"sell","buyer":"detlev","seller":"phortun","symbol":"BEER","quantity":"0.52500000","price":"0.14505000","timestamp":1635961476,"volume":"0.07615125","buyTxId":"776945685bbe16024e1967d883590dce8346749f","sellTxId":"d2f02d8a8af17336681a52f5309fb819778d423d"}
{"index": {"_index":"beer","_id":"1873898"}}
	{"id":1873898,"type":"sell","buyer":"detlev","seller":"mafia.wallet","symbol":"BEER","quantity":"0.039","price":"0.14505000","timestamp":1635965211,"volume":"0.00565695","buyTxId":"776945685bbe16024e1967d883590dce8346749f","sellTxId":"8e70e52702c7cca805076dabe4b1cb037525988c-3"}
{"index": {"_index":"beer","_id":"1873924"}}
	{"id":1873924,"type":"sell","buyer":"detlev","seller":"steemstreems","symbol":"BEER","quantity":"0.007","price":"0.14505000","timestamp":1635965385,"volume":"0.00101535","buyTxId":"776945685bbe16024e1967d883590dce8346749f","sellTxId":"7978cce97e04e2f437478419e026e42f9c5b71e3"}
{"index": {"_index":"beer","_id":"1874905"}}
	{"id":1874905,"type":"buy","buyer":"detlev","seller":"cloudblade","symbol":"BEER","quantity":"0.10000000","price":"0.15957000","timestamp":1635974946,"volume":"0.01595700","buyTxId":"e0ca661bdfec98c135913d967c3def72d61d1699","sellTxId":"3bd456a9bf6ab026eaacb10fd9e3bf2f006a62d9"}
{"index": {"_index":"beer","_id":"1877201"}}
	{"id":1877201,"type":"sell","buyer":"detlev","seller":"epilatero","symbol":"BEER","quantity":"0.464","price":"0.14505000","timestamp":1635986544,"volume":"0.06730320","buyTxId":"776945685bbe16024e1967d883590dce8346749f","sellTxId":"efa66c448b6bb8811a373f1edd026dcdce15c1bc"}
