{"index": {"_index":"beer","_id":"1320415"}}
	{"id":1320415,"type":"sell","buyer":"nastyforce","seller":"egistar","symbol":"BEER","quantity":"1.00000000","price":"0.19707000","timestamp":1628387961,"volume":"0.19707000","buyTxId":"41c7fe1abeb9b0b61b23458c6c77c5008fafc023","sellTxId":"59edbd6da6314f947d3501415ce844386510bdf9"}
{"index": {"_index":"beer","_id":"1320416"}}
	{"id":1320416,"type":"sell","buyer":"methus","seller":"egistar","symbol":"BEER","quantity":"3.38000000","price":"0.19706100","timestamp":1628387961,"volume":"0.66606618","buyTxId":"1ca60adbabe3d84b589b31f75105dc3e25eafe04","sellTxId":"59edbd6da6314f947d3501415ce844386510bdf9"}
{"index": {"_index":"beer","_id":"1320600"}}
	{"id":1320600,"type":"sell","buyer":"methus","seller":"barrenwolfsbane","symbol":"BEER","quantity":"0.00700000","price":"0.19706100","timestamp":1628391327,"volume":"0.00137943","buyTxId":"1ca60adbabe3d84b589b31f75105dc3e25eafe04","sellTxId":"cc3eb91e46b5b098b76ffa35c654d9de0bd708c5"}
{"index": {"_index":"beer","_id":"1321484"}}
	{"id":1321484,"type":"sell","buyer":"methus","seller":"itharagaian","symbol":"BEER","quantity":"0.00200000","price":"0.19706100","timestamp":1628412780,"volume":"0.00039412","buyTxId":"1ca60adbabe3d84b589b31f75105dc3e25eafe04","sellTxId":"da4d0f2ef3b09f6656626ac9a01a2192b3848b90"}
{"index": {"_index":"beer","_id":"1321561"}}
	{"id":1321561,"type":"buy","buyer":"detlev","seller":"nastyforce","symbol":"BEER","quantity":"0.10000000","price":"0.20890000","timestamp":1628415204,"volume":"0.02089000","buyTxId":"0dd81e836898bef00664df57454f00f1f5c259c8","sellTxId":"bdbb00befcc0b3267bf670e85905d60ea7ae6958"}
{"index": {"_index":"beer","_id":"1321765"}}
	{"id":1321765,"type":"sell","buyer":"methus","seller":"oks2crypto","symbol":"BEER","quantity":"0.37500000","price":"0.19706100","timestamp":1628419485,"volume":"0.07389788","buyTxId":"1ca60adbabe3d84b589b31f75105dc3e25eafe04","sellTxId":"2f39742bfc6ef555f88c49fd85f3ebadfe383dae"}
{"index": {"_index":"beer","_id":"1321968"}}
	{"id":1321968,"type":"buy","buyer":"eythorphoto","seller":"nastyforce","symbol":"BEER","quantity":"2.90000000","price":"0.20890000","timestamp":1628424519,"volume":"0.60581000","buyTxId":"554588f11cf4b7e9fe214cb6c1f1dc90a822690d","sellTxId":"bdbb00befcc0b3267bf670e85905d60ea7ae6958"}
{"index": {"_index":"beer","_id":"1321969"}}
	{"id":1321969,"type":"buy","buyer":"eythorphoto","seller":"jimre1","symbol":"BEER","quantity":"2.10000000","price":"0.20890000","timestamp":1628424519,"volume":"0.43869000","buyTxId":"554588f11cf4b7e9fe214cb6c1f1dc90a822690d","sellTxId":"14c6a61917730accafc9112ad49380e1a02c7a27"}
{"index": {"_index":"beer","_id":"1322217"}}
	{"id":1322217,"type":"sell","buyer":"nastyforce","seller":"sk1920","symbol":"BEER","quantity":"1.00000000","price":"0.19707000","timestamp":1628429895,"volume":"0.19707000","buyTxId":"33403422d98213cd3896ef82aff946aeb20484d0","sellTxId":"d5686472a0ee68d2089066813f9c2e55f10d4b27"}
{"index": {"_index":"beer","_id":"1322364"}}
	{"id":1322364,"type":"sell","buyer":"nastyforce","seller":"tomhall","symbol":"BEER","quantity":"0.14300000","price":"0.19707000","timestamp":1628432427,"volume":"0.02818101","buyTxId":"33403422d98213cd3896ef82aff946aeb20484d0","sellTxId":"074e654ece4f726712499f49a2f8e8d0a70b5884"}
{"index": {"_index":"beer","_id":"1323197"}}
	{"id":1323197,"type":"sell","buyer":"nastyforce","seller":"ressonlelong","symbol":"BEER","quantity":"0.07500000","price":"0.19707000","timestamp":1628442759,"volume":"0.01478025","buyTxId":"33403422d98213cd3896ef82aff946aeb20484d0","sellTxId":"11d5b820eaedfc2dc440847a5d4805132e1c4aa2"}
{"index": {"_index":"beer","_id":"1323264"}}
	{"id":1323264,"type":"sell","buyer":"nastyforce","seller":"pieternijmeijer","symbol":"BEER","quantity":"0.14000000","price":"0.19707000","timestamp":1628443605,"volume":"0.02758980","buyTxId":"33403422d98213cd3896ef82aff946aeb20484d0","sellTxId":"bdbf9a847004a573770d41cc0760bef5fe9b65d4"}
{"index": {"_index":"beer","_id":"1323288"}}
	{"id":1323288,"type":"sell","buyer":"nastyforce","seller":"lxsxl","symbol":"BEER","quantity":"1.45642111","price":"0.19707000","timestamp":1628443962,"volume":"0.28701691","buyTxId":"33403422d98213cd3896ef82aff946aeb20484d0","sellTxId":"3be6f88b15bdd0d094855c8ab1304b8fca980d19"}
{"index": {"_index":"beer","_id":"1323765"}}
	{"id":1323765,"type":"sell","buyer":"nastyforce","seller":"barrenwolfsbane","symbol":"BEER","quantity":"0.00700000","price":"0.19707000","timestamp":1628449602,"volume":"0.00137949","buyTxId":"33403422d98213cd3896ef82aff946aeb20484d0","sellTxId":"71f21dec137b76c9087f5f8791a59615587148ae"}
{"index": {"_index":"beer","_id":"1323897"}}
	{"id":1323897,"type":"sell","buyer":"nastyforce","seller":"jjprac","symbol":"BEER","quantity":"0.17857889","price":"0.19707000","timestamp":1628450991,"volume":"0.03519254","buyTxId":"33403422d98213cd3896ef82aff946aeb20484d0","sellTxId":"4f08e238a63ee81b5cbe7e1f7f1984f49c6f0773"}
{"index": {"_index":"beer","_id":"1324022"}}
	{"id":1324022,"type":"sell","buyer":"methus","seller":"monsterjamgold","symbol":"BEER","quantity":"0.13500000","price":"0.19706100","timestamp":1628452215,"volume":"0.02660324","buyTxId":"1ca60adbabe3d84b589b31f75105dc3e25eafe04","sellTxId":"858cb43081fd93e83aa9a5f38538cb9d3297ee94"}
{"index": {"_index":"beer","_id":"1324215"}}
	{"id":1324215,"type":"sell","buyer":"methus","seller":"itharagaian","symbol":"BEER","quantity":"0.00200000","price":"0.19706100","timestamp":1628454624,"volume":"0.00039412","buyTxId":"1ca60adbabe3d84b589b31f75105dc3e25eafe04","sellTxId":"ed230997ed8e89d1b9ec3a1b5e05923a2d6a09d1"}
{"index": {"_index":"beer","_id":"1324288"}}
	{"id":1324288,"type":"buy","buyer":"robvector","seller":"jjprac","symbol":"BEER","quantity":"0.30063043","price":"0.19707000","timestamp":1628455695,"volume":"0.05924524","buyTxId":"da2e059499565a90ecbb62acedebf7668c775300","sellTxId":"4f08e238a63ee81b5cbe7e1f7f1984f49c6f0773"}
{"index": {"_index":"beer","_id":"1324289"}}
	{"id":1324289,"type":"buy","buyer":"robvector","seller":"nastyforce","symbol":"BEER","quantity":"0.99936957","price":"0.20889000","timestamp":1628455695,"volume":"0.20875831","buyTxId":"da2e059499565a90ecbb62acedebf7668c775300","sellTxId":"f90eab7611181f5cf415c53a4e93a14ca16b1985"}
{"index": {"_index":"beer","_id":"1324323"}}
	{"id":1324323,"type":"sell","buyer":"methus","seller":"deathwing","symbol":"BEER","quantity":"0.006","price":"0.19706100","timestamp":1628456106,"volume":"0.00118237","buyTxId":"1ca60adbabe3d84b589b31f75105dc3e25eafe04","sellTxId":"deb307cdf5ba6ead49cc41e639082ddf963bafca-3"}
{"index": {"_index":"beer","_id":"1324778"}}
	{"id":1324778,"type":"sell","buyer":"nastyforce","seller":"elevator09","symbol":"BEER","quantity":"0.29000000","price":"0.19707000","timestamp":1628462829,"volume":"0.05715030","buyTxId":"f525460463e4c51af25c9d729c1cccae9a371dee","sellTxId":"675c3105b576d02841bf9adcf7a9223222f52a29"}
