{"index": {"_index":"beer","_id":"3666407"}}
	{"id":3666407,"type":"sell","buyer":"detlev","seller":"lammbock","symbol":"BEER","quantity":"1.37069672","price":"0.11080000","timestamp":1655021367,"volume":"0.15187320","buyTxId":"60d67c3d5e216ec91a959d6cdb7b440131615963","sellTxId":"b9b7c0348455dd5b78887f54bbc7fb5d58d8a947"}
{"index": {"_index":"beer","_id":"3666618"}}
	{"id":3666618,"type":"sell","buyer":"detlev","seller":"investyourvote","symbol":"BEER","quantity":"3.25000000","price":"0.11080000","timestamp":1655024031,"volume":"0.36010000","buyTxId":"60d67c3d5e216ec91a959d6cdb7b440131615963","sellTxId":"85543b0ebc0db33da31c0f4a0e4c4f1d138c1ff2"}
{"index": {"_index":"beer","_id":"3666658"}}
	{"id":3666658,"type":"sell","buyer":"detlev","seller":"miketr","symbol":"BEER","quantity":"2.00000000","price":"0.11080000","timestamp":1655024751,"volume":"0.22160000","buyTxId":"60d67c3d5e216ec91a959d6cdb7b440131615963","sellTxId":"a552276f15bede7ae9623d936b4deacc6b39f9bd"}
{"index": {"_index":"beer","_id":"3666679"}}
	{"id":3666679,"type":"sell","buyer":"detlev","seller":"lotto-de","symbol":"BEER","quantity":"5.02220853","price":"0.11080000","timestamp":1655024997,"volume":"0.55646071","buyTxId":"60d67c3d5e216ec91a959d6cdb7b440131615963","sellTxId":"d1503ce9f1bd955504308a54d0ca8e3c4ab3c9d4"}
{"index": {"_index":"beer","_id":"3666700"}}
	{"id":3666700,"type":"sell","buyer":"detlev","seller":"investinthefutur","symbol":"BEER","quantity":"28.62727717","price":"0.11080000","timestamp":1655025291,"volume":"3.17190231","buyTxId":"60d67c3d5e216ec91a959d6cdb7b440131615963","sellTxId":"d6350e90aa0a81a316223e272efd9feb90611588"}
{"index": {"_index":"beer","_id":"3666800"}}
	{"id":3666800,"type":"sell","buyer":"detlev","seller":"lotto-de","symbol":"BEER","quantity":"3.00000000","price":"0.11080000","timestamp":1655026830,"volume":"0.33240000","buyTxId":"60d67c3d5e216ec91a959d6cdb7b440131615963","sellTxId":"b3e2c82774ec44813d23a16d537fd03c05420d7e"}
{"index": {"_index":"beer","_id":"3666829"}}
	{"id":3666829,"type":"buy","buyer":"detlev","seller":"damla","symbol":"BEER","quantity":"0.11250000","price":"0.12599996","timestamp":1655027208,"volume":"0.01417500","buyTxId":"bfc7c8c228c1b9f4020d86f5a84567a594d647d0","sellTxId":"2e55fdb3a78a649a7fb2c76748151418f4b0f720"}
{"index": {"_index":"beer","_id":"3666888"}}
	{"id":3666888,"type":"sell","buyer":"detlev","seller":"cloudblade","symbol":"BEER","quantity":"163.39619733","price":"0.11080000","timestamp":1655028312,"volume":"18.10429866","buyTxId":"60d67c3d5e216ec91a959d6cdb7b440131615963","sellTxId":"8d1d9704f6c1dbf074225b749b7f6d218ac9eb6b"}
{"index": {"_index":"beer","_id":"3666956"}}
	{"id":3666956,"type":"buy","buyer":"dswap","seller":"wine-cellar","symbol":"BEER","quantity":"0.00000171","price":"0.12599997","timestamp":1655029377,"volume":"0.00000022","buyTxId":"71213cf6a27f8d7fd3907de7a81d2da6fcbec58c","sellTxId":"4ecc011a8f691a7976a852ea6a83cfb22b49668f"}
{"index": {"_index":"beer","_id":"3666957"}}
	{"id":3666957,"type":"buy","buyer":"dswap","seller":"master-lamps","symbol":"BEER","quantity":"0.19020271","price":"0.12599999","timestamp":1655029377,"volume":"0.02396554","buyTxId":"71213cf6a27f8d7fd3907de7a81d2da6fcbec58c","sellTxId":"7cb77ad810e3f5ee0be7243b3d2a382603667444"}
{"index": {"_index":"beer","_id":"3667034"}}
	{"id":3667034,"type":"sell","buyer":"master-lamps","seller":"worldfinances","symbol":"BEER","quantity":"0.22190294","price":"0.10800010","timestamp":1655030340,"volume":"0.02396554","buyTxId":"a7f4d289b4e327b42cee6dcc79f8c1c2a03b1418","sellTxId":"823085ba11a4a6c04b1448f4abf702145ebbdbb0"}
{"index": {"_index":"beer","_id":"3667035"}}
	{"id":3667035,"type":"sell","buyer":"detlev","seller":"worldfinances","symbol":"BEER","quantity":"0.49250280","price":"0.10800000","timestamp":1655030340,"volume":"0.05319030","buyTxId":"64fddf1ab5e3e648355ca3e771722a51b722acd2","sellTxId":"823085ba11a4a6c04b1448f4abf702145ebbdbb0"}
{"index": {"_index":"beer","_id":"3668008"}}
	{"id":3668008,"type":"sell","buyer":"detlev","seller":"poliwalt10","symbol":"BEER","quantity":"0.12100000","price":"0.10800000","timestamp":1655041851,"volume":"0.01306800","buyTxId":"64fddf1ab5e3e648355ca3e771722a51b722acd2","sellTxId":"fc171cf37d647635e0e3bb7eb961f12d231e1963"}
{"index": {"_index":"beer","_id":"3669493"}}
	{"id":3669493,"type":"sell","buyer":"detlev","seller":"frawdielp2","symbol":"BEER","quantity":"0.00966241","price":"0.10800000","timestamp":1655052381,"volume":"0.00104354","buyTxId":"64fddf1ab5e3e648355ca3e771722a51b722acd2","sellTxId":"97b56ae973f2d614f07dad2b4bae517e36313d27"}
{"index": {"_index":"beer","_id":"3670114"}}
	{"id":3670114,"type":"buy","buyer":"dswap","seller":"onlydoge","symbol":"BEER","quantity":"2.69081789","price":"0.12570000","timestamp":1655056554,"volume":"0.33823581","buyTxId":"0996b1ad1e507fcb06803e76f46e1f3a8a08d57c","sellTxId":"8ccf2937a0d114c9069646c13d7192013d94eed7"}
{"index": {"_index":"beer","_id":"3670619"}}
	{"id":3670619,"type":"buy","buyer":"ianmcg","seller":"onlydoge","symbol":"BEER","quantity":"3.86046007","price":"0.12570000","timestamp":1655061741,"volume":"0.48525983","buyTxId":"c7229f9026e78a438f6ace8e1700b03125a3d746","sellTxId":"8ccf2937a0d114c9069646c13d7192013d94eed7"}
{"index": {"_index":"beer","_id":"3670620"}}
	{"id":3670620,"type":"buy","buyer":"ianmcg","seller":"mers","symbol":"BEER","quantity":"1.10153993","price":"0.12580000","timestamp":1655061741,"volume":"0.13857372","buyTxId":"c7229f9026e78a438f6ace8e1700b03125a3d746","sellTxId":"2629859283d2769b470943e19e98fc2e9e12c951"}
{"index": {"_index":"beer","_id":"3670689"}}
	{"id":3670689,"type":"sell","buyer":"detlev","seller":"crypto-futurist","symbol":"BEER","quantity":"0.00100000","price":"0.10800000","timestamp":1655062455,"volume":"0.00010800","buyTxId":"64fddf1ab5e3e648355ca3e771722a51b722acd2","sellTxId":"61a5e91986ba1f32b197504bac389d39defe79ec"}
{"index": {"_index":"beer","_id":"3671263"}}
	{"id":3671263,"type":"sell","buyer":"onlydoge","seller":"jdike","symbol":"BEER","quantity":"4.06246323","price":"0.10810000","timestamp":1655067861,"volume":"0.43915228","buyTxId":"d70e760c233d49a3efed7ce6c9305112281715c6","sellTxId":"76839a61a2629ec00be67ef17ae0b4c98d9476ee"}
{"index": {"_index":"beer","_id":"3671633"}}
	{"id":3671633,"type":"sell","buyer":"onlydoge","seller":"andy4475","symbol":"BEER","quantity":"0.32500000","price":"0.10810000","timestamp":1655071440,"volume":"0.03513250","buyTxId":"d70e760c233d49a3efed7ce6c9305112281715c6","sellTxId":"0d12c61f4bfb90ab99e026a5156a068297d8029d"}
{"index": {"_index":"beer","_id":"3671900"}}
	{"id":3671900,"type":"sell","buyer":"onlydoge","seller":"saulos","symbol":"BEER","quantity":"55.58225434","price":"0.10810000","timestamp":1655074131,"volume":"6.00844169","buyTxId":"d70e760c233d49a3efed7ce6c9305112281715c6","sellTxId":"ed7d4b30898d2c7dcf163c9f6c72c8e8a617569d"}
{"index": {"_index":"beer","_id":"3672348"}}
	{"id":3672348,"type":"sell","buyer":"onlydoge","seller":"laritheghost","symbol":"BEER","quantity":"0.70785281","price":"0.10810000","timestamp":1655079027,"volume":"0.07651889","buyTxId":"d70e760c233d49a3efed7ce6c9305112281715c6","sellTxId":"ded401a8ddb6371a0a29237f9c15bd3c6ea9c7f0"}
{"index": {"_index":"beer","_id":"3673142"}}
	{"id":3673142,"type":"sell","buyer":"onlydoge","seller":"bashadow","symbol":"BEER","quantity":"1.25000000","price":"0.10810000","timestamp":1655082627,"volume":"0.13512500","buyTxId":"d70e760c233d49a3efed7ce6c9305112281715c6","sellTxId":"f229318e8b1858da95b62109fb26c04377ef088e"}
