{"index": {"_index":"beer","_id":"1082922"}}
	{"id":1082922,"type":"sell","buyer":"heyantomei","seller":"itharagaian","symbol":"BEER","quantity":"0.00300000","price":"0.18810000","timestamp":1621835364,"volume":"0.00056430","buyTxId":"c7e9c22f023c32455fa8e2b3175a03720946b3c2","sellTxId":"5e0b17acf1643f43d0612575a11dc09376663709"}
{"index": {"_index":"beer","_id":"1083146"}}
	{"id":1083146,"type":"sell","buyer":"heyantomei","seller":"cwow2","symbol":"BEER","quantity":"0.00073798","price":"0.18810000","timestamp":1621842966,"volume":"0.00013881","buyTxId":"c7e9c22f023c32455fa8e2b3175a03720946b3c2","sellTxId":"d1b54c22bd4834d716ededb5db72b9918c4ea9ad"}
{"index": {"_index":"beer","_id":"1083320"}}
	{"id":1083320,"type":"sell","buyer":"heyantomei","seller":"kcgm","symbol":"BEER","quantity":"1.25000000","price":"0.18810000","timestamp":1621849392,"volume":"0.23512500","buyTxId":"c7e9c22f023c32455fa8e2b3175a03720946b3c2","sellTxId":"564203a87d108396ec96f36a9500b6943dfbc989"}
{"index": {"_index":"beer","_id":"1083527"}}
	{"id":1083527,"type":"sell","buyer":"heyantomei","seller":"onealfa","symbol":"BEER","quantity":"0.2735","price":"0.18810000","timestamp":1621856004,"volume":"0.05144535","buyTxId":"c7e9c22f023c32455fa8e2b3175a03720946b3c2","sellTxId":"e66bc8552de0125074478a5caf8b0351db446b46"}
{"index": {"_index":"beer","_id":"1083564"}}
	{"id":1083564,"type":"buy","buyer":"detlev","seller":"stevieboyes","symbol":"BEER","quantity":"0.27588117","price":"0.25000000","timestamp":1621858008,"volume":"0.06897029","buyTxId":"5a49db528ea79af31787c27df5c8b92789334239","sellTxId":"86e55cd701b6229585e560497dd1c712eae8e657"}
{"index": {"_index":"beer","_id":"1083569"}}
	{"id":1083569,"type":"buy","buyer":"detlev","seller":"eythorphoto","symbol":"BEER","quantity":"0.05100000","price":"0.33200000","timestamp":1621858059,"volume":"0.01693200","buyTxId":"52f7bbb814a0e3da2ddb41d8270f9ab5f8eba9ac","sellTxId":"4403030f49b65b3cc1531f7b36e4322b100f8551"}
{"index": {"_index":"beer","_id":"1083576"}}
	{"id":1083576,"type":"sell","buyer":"fon","seller":"jorgebgt","symbol":"BEER","quantity":"0.20000000","price":"0.29200000","timestamp":1621858179,"volume":"0.05840000","buyTxId":"4b11687d6bd4c6a7ec155866cf6c510df0d13da0","sellTxId":"73d5ba4b77b1228cc0d09986336a27aa6cfd75b3"}
{"index": {"_index":"beer","_id":"1083696"}}
	{"id":1083696,"type":"sell","buyer":"fon","seller":"kushtia2","symbol":"BEER","quantity":"0.80000000","price":"0.29200000","timestamp":1621862115,"volume":"0.23360000","buyTxId":"4b11687d6bd4c6a7ec155866cf6c510df0d13da0","sellTxId":"2d654e966fd84440fd95426c4b92c953ae9cee2f"}
{"index": {"_index":"beer","_id":"1083697"}}
	{"id":1083697,"type":"sell","buyer":"fon","seller":"kushtia2","symbol":"BEER","quantity":"1.70000000","price":"0.28810000","timestamp":1621862115,"volume":"0.48977000","buyTxId":"cd6bd24fae32a76032ef3ff6a9c8bd575dff597f","sellTxId":"2d654e966fd84440fd95426c4b92c953ae9cee2f"}
{"index": {"_index":"beer","_id":"1083923"}}
	{"id":1083923,"type":"sell","buyer":"fon","seller":"vcelier","symbol":"BEER","quantity":"0.10300000","price":"0.28810000","timestamp":1621869408,"volume":"0.02967430","buyTxId":"cd6bd24fae32a76032ef3ff6a9c8bd575dff597f","sellTxId":"28a4185c5b08d783db2eec51a3b47cc96b50e812"}
{"index": {"_index":"beer","_id":"1083951"}}
	{"id":1083951,"type":"sell","buyer":"fon","seller":"lyann","symbol":"BEER","quantity":"0.08563674","price":"0.28810000","timestamp":1621870530,"volume":"0.02467194","buyTxId":"cd6bd24fae32a76032ef3ff6a9c8bd575dff597f","sellTxId":"56e141559902a950e69d9f930638f6a4c9b5ddaa"}
{"index": {"_index":"beer","_id":"1084239"}}
	{"id":1084239,"type":"sell","buyer":"fon","seller":"manoldonchev","symbol":"BEER","quantity":"1.52800000","price":"0.28810000","timestamp":1621882125,"volume":"0.44021680","buyTxId":"cd6bd24fae32a76032ef3ff6a9c8bd575dff597f","sellTxId":"ecaa0a4d201b4644adf036a5295dfd3c59097d40"}
{"index": {"_index":"beer","_id":"1084262"}}
	{"id":1084262,"type":"sell","buyer":"fon","seller":"trifenix","symbol":"BEER","quantity":"0.01400000","price":"0.28810000","timestamp":1621882803,"volume":"0.00403340","buyTxId":"cd6bd24fae32a76032ef3ff6a9c8bd575dff597f","sellTxId":"123a53b443be7813924799cb0fdeafe45ceb9087"}
{"index": {"_index":"beer","_id":"1084281"}}
	{"id":1084281,"type":"sell","buyer":"fon","seller":"bragurr","symbol":"BEER","quantity":"0.56936326","price":"0.28810000","timestamp":1621883583,"volume":"0.16403356","buyTxId":"cd6bd24fae32a76032ef3ff6a9c8bd575dff597f","sellTxId":"85b5800f5be3ab5e74079bfab10ef32e1dfb08f0"}
{"index": {"_index":"beer","_id":"1084283"}}
	{"id":1084283,"type":"sell","buyer":"fon","seller":"bragurr","symbol":"BEER","quantity":"3.00000000","price":"0.23100000","timestamp":1621883622,"volume":"0.69300000","buyTxId":"e2de3d0bc2830ef78f1ce52ec5efdae3914ceffe","sellTxId":"65913512215e2a418c6b84168e43e821339a05a4"}
{"index": {"_index":"beer","_id":"1084285"}}
	{"id":1084285,"type":"sell","buyer":"heyantomei","seller":"bragurr","symbol":"BEER","quantity":"4.08576202","price":"0.18810000","timestamp":1621883679,"volume":"0.76853184","buyTxId":"c7e9c22f023c32455fa8e2b3175a03720946b3c2","sellTxId":"33475a507ec7ad464b55f9380b1121ba388c0e6c"}
{"index": {"_index":"beer","_id":"1084287"}}
	{"id":1084287,"type":"sell","buyer":"exator","seller":"bragurr","symbol":"BEER","quantity":"7.51987472","price":"0.18805000","timestamp":1621883748,"volume":"1.41411244","buyTxId":"2f46cd1d7a257a842908172545be6cadf89b8618","sellTxId":"53e4d13aceaf832103b01e1f94dd58b64458f971"}
{"index": {"_index":"beer","_id":"1084374"}}
	{"id":1084374,"type":"sell","buyer":"exator","seller":"aeneas.blog","symbol":"BEER","quantity":"12.11876363","price":"0.18805000","timestamp":1621885638,"volume":"2.27893350","buyTxId":"2f46cd1d7a257a842908172545be6cadf89b8618","sellTxId":"c3eb6e8027deff6fccce66286baa4073bc34f12e"}
{"index": {"_index":"beer","_id":"1084375"}}
	{"id":1084375,"type":"sell","buyer":"engrave","seller":"aeneas.blog","symbol":"BEER","quantity":"42.20976070","price":"0.18804000","timestamp":1621885638,"volume":"7.93712340","buyTxId":"54389021435cdf07dd942d6ce2d1a7845135b204","sellTxId":"c3eb6e8027deff6fccce66286baa4073bc34f12e"}
{"index": {"_index":"beer","_id":"1084627"}}
	{"id":1084627,"type":"sell","buyer":"engrave","seller":"deathwing","symbol":"BEER","quantity":"0.008","price":"0.18804000","timestamp":1621889706,"volume":"0.00150432","buyTxId":"54389021435cdf07dd942d6ce2d1a7845135b204","sellTxId":"8fd9ebe1829ee3bb9f56c809cc8b44dd97acda56-3"}
{"index": {"_index":"beer","_id":"1085057"}}
	{"id":1085057,"type":"sell","buyer":"engrave","seller":"steem.services","symbol":"BEER","quantity":"2.73600000","price":"0.18804000","timestamp":1621896831,"volume":"0.51447744","buyTxId":"54389021435cdf07dd942d6ce2d1a7845135b204","sellTxId":"4cca3b2ad37f3fb5e624353ee4503308348b06c0"}
{"index": {"_index":"beer","_id":"1085378"}}
	{"id":1085378,"type":"sell","buyer":"engrave","seller":"thatcryptodave","symbol":"BEER","quantity":"2.52771241","price":"0.18804000","timestamp":1621910763,"volume":"0.47531104","buyTxId":"54389021435cdf07dd942d6ce2d1a7845135b204","sellTxId":"540a7dfbf38d240826c69fb688410dd2bddd0084"}
