{"index": {"_index":"beer","_id":"3767785"}}
	{"id":3767785,"type":"sell","buyer":"onlydoge","seller":"crypto-futurist","symbol":"BEER","quantity":"0.00100000","price":"0.10110000","timestamp":1656132876,"volume":"0.00010110","buyTxId":"93798da4b4722494f0a815ba6e4b31e56ec47db7","sellTxId":"dd9c39cd48e2bae1bdcd3986272fc1471553a105"}
{"index": {"_index":"beer","_id":"3769089"}}
	{"id":3769089,"type":"sell","buyer":"onlydoge","seller":"laritheghost","symbol":"BEER","quantity":"0.35359294","price":"0.10110000","timestamp":1656153369,"volume":"0.03574825","buyTxId":"93798da4b4722494f0a815ba6e4b31e56ec47db7","sellTxId":"1e2439667802e6419a32e842fac3b84f8c3a2d2b"}
{"index": {"_index":"beer","_id":"3769632"}}
	{"id":3769632,"type":"buy","buyer":"black095","seller":"jsynnthagr8","symbol":"BEER","quantity":"0.00410065","price":"0.13989957","timestamp":1656160620,"volume":"0.00057368","buyTxId":"501fe9be4daf67c33385561880d38c2961b0f779","sellTxId":"ead49be8c8d0d55e9280284c8dd180c6e356cbb0"}
{"index": {"_index":"beer","_id":"3769633"}}
	{"id":3769633,"type":"buy","buyer":"black095","seller":"lauwarm","symbol":"BEER","quantity":"4.42324124","price":"0.13989958","timestamp":1656160620,"volume":"0.61880959","buyTxId":"501fe9be4daf67c33385561880d38c2961b0f779","sellTxId":"1975843e1c52d031fa1d554f38bd31dad558b1c9"}
{"index": {"_index":"beer","_id":"3769634"}}
	{"id":3769634,"type":"buy","buyer":"black095","seller":"master-lamps","symbol":"BEER","quantity":"0.01700000","price":"0.13989959","timestamp":1656160620,"volume":"0.00237829","buyTxId":"501fe9be4daf67c33385561880d38c2961b0f779","sellTxId":"369be250a0ecf632e6d5c6cd84c52abce6170d77"}
{"index": {"_index":"beer","_id":"3769635"}}
	{"id":3769635,"type":"buy","buyer":"black095","seller":"wine-cellar","symbol":"BEER","quantity":"0.55565811","price":"0.13989990","timestamp":1656160620,"volume":"0.07773651","buyTxId":"501fe9be4daf67c33385561880d38c2961b0f779","sellTxId":"d64ec2c2d73c13488b6505baec4fd4d1af8445f7"}
{"index": {"_index":"beer","_id":"3769658"}}
	{"id":3769658,"type":"sell","buyer":"maryjane.main","seller":"anarcist69","symbol":"BEER","quantity":"2.51600000","price":"0.10610000","timestamp":1656160905,"volume":"0.26694760","buyTxId":"02956e73aae2e30db603c54ce00ab0afa638137c","sellTxId":"8f6a11eb72cffb5f4dfc56c30d7c384de03ae00c"}
{"index": {"_index":"beer","_id":"3770170"}}
	{"id":3770170,"type":"sell","buyer":"maryjane.main","seller":"investinthefutur","symbol":"BEER","quantity":"7.48400000","price":"0.10610000","timestamp":1656166401,"volume":"0.79405240","buyTxId":"02956e73aae2e30db603c54ce00ab0afa638137c","sellTxId":"744560080337b6dabbcc3584d46f072a571ceb56"}
{"index": {"_index":"beer","_id":"3770289"}}
	{"id":3770289,"type":"sell","buyer":"maryjane.main","seller":"lotto-de","symbol":"BEER","quantity":"1.89967908","price":"0.10530000","timestamp":1656167712,"volume":"0.20003621","buyTxId":"5708777ec91b4c7b1f35fc1795ca93556f32b93f","sellTxId":"d4a41ef6daa95876ed50b5f2f75071764cb50eae"}
{"index": {"_index":"beer","_id":"3770857"}}
	{"id":3770857,"type":"sell","buyer":"maryjane.main","seller":"poliwalt10","symbol":"BEER","quantity":"0.12800000","price":"0.10530000","timestamp":1656173532,"volume":"0.01347840","buyTxId":"5708777ec91b4c7b1f35fc1795ca93556f32b93f","sellTxId":"fbccec15d40364f779f355b9e10d09504734cd74"}
{"index": {"_index":"beer","_id":"3772370"}}
	{"id":3772370,"type":"sell","buyer":"maryjane.main","seller":"crypto-futurist","symbol":"BEER","quantity":"0.00100000","price":"0.10530000","timestamp":1656188355,"volume":"0.00010530","buyTxId":"5708777ec91b4c7b1f35fc1795ca93556f32b93f","sellTxId":"323976e8c3aaeddc9a7336958b68749d78bc80d6"}
{"index": {"_index":"beer","_id":"3773062"}}
	{"id":3773062,"type":"sell","buyer":"maryjane.main","seller":"poliwalt10","symbol":"BEER","quantity":"0.12800000","price":"0.10530000","timestamp":1656196770,"volume":"0.01347840","buyTxId":"5708777ec91b4c7b1f35fc1795ca93556f32b93f","sellTxId":"1509fc259197bc46b1712efc00ffa90f9577ac47"}
{"index": {"_index":"beer","_id":"3773369"}}
	{"id":3773369,"type":"sell","buyer":"maryjane.main","seller":"forexbrokr","symbol":"BEER","quantity":"0.22500000","price":"0.10530000","timestamp":1656201111,"volume":"0.02369250","buyTxId":"5708777ec91b4c7b1f35fc1795ca93556f32b93f","sellTxId":"d895c985ae4767e2e454d3c1585efcba2b8267bf"}
{"index": {"_index":"beer","_id":"3773917"}}
	{"id":3773917,"type":"sell","buyer":"maryjane.main","seller":"justinparke","symbol":"BEER","quantity":"1.42900000","price":"0.10530000","timestamp":1656208533,"volume":"0.15047370","buyTxId":"5708777ec91b4c7b1f35fc1795ca93556f32b93f","sellTxId":"9ba5197468958fdaa52e6a8dfb2f770a1d037be7"}
