{"_id":5492242,"type":"sell","buyer":"methus","seller":"crypto-futurist","symbol":"BEER","quantity":"0.00200000","price":"0.05100000","timestamp":1676467347,"volume":"0.00010200","buyTxId":"32d43c8831a70f23087fedbcec9f89df93c56bd9","sellTxId":"43868d8c74aa4837ea8dcb4bbfc37d22bcfb46d1"},{"_id":5492698,"type":"buy","buyer":"detlev","seller":"onlydoge","symbol":"BEER","quantity":"0.10000000","price":"0.64719000","timestamp":1676473737,"volume":"0.06471900","buyTxId":"0bb85b4293b6cd53870b7bfbf645a6fe6bc20dfe","sellTxId":"b19d897059591446da45398bfd95b344b7130a8b"},{"_id":5492721,"type":"sell","buyer":"detlev","seller":"bearbear613","symbol":"BEER","quantity":"0.17500000","price":"0.15100000","timestamp":1676473965,"volume":"0.02642500","buyTxId":"99a9573b1446ac5aef60841c48a726a27ad73d3b","sellTxId":"87e0667513c2e7671075f0eb9aa202fd2f09ff6a"},{"_id":5492996,"type":"buy","buyer":"fon","seller":"exator","symbol":"BEER","quantity":"0.00100000","price":"0.64000000","timestamp":1676476830,"volume":"0.00064000","buyTxId":"740b57e4ce1c0186ba313f95ec4df6806ce32a29","sellTxId":"dd6bb93292f7bb9341b8845b24823507bf6ca1a7"},{"_id":5493017,"type":"sell","buyer":"detlev","seller":"tokutaro22","symbol":"BEER","quantity":"0.10000998","price":"0.15100000","timestamp":1676477157,"volume":"0.01510151","buyTxId":"99a9573b1446ac5aef60841c48a726a27ad73d3b","sellTxId":"3910ffc41b68c5393aba19a4d961bc51ef52c644"},{"_id":5493573,"type":"sell","buyer":"detlev","seller":"dswap","symbol":"BEER","quantity":"6.6982768","price":"0.15100000","timestamp":1676481915,"volume":"1.01143980","buyTxId":"99a9573b1446ac5aef60841c48a726a27ad73d3b","sellTxId":"969526ffaed40da73e2ea14f08c408c64e1dc94c"},{"_id":5493592,"type":"sell","buyer":"detlev","seller":"steven-patrick","symbol":"BEER","quantity":"0.18750000","price":"0.15100000","timestamp":1676482176,"volume":"0.02831250","buyTxId":"99a9573b1446ac5aef60841c48a726a27ad73d3b","sellTxId":"ebe675b59f2af38c6ca7f03352784b071026f5b8"},{"_id":5494172,"type":"sell","buyer":"detlev","seller":"damla","symbol":"BEER","quantity":"0.07500000","price":"0.15100000","timestamp":1676487759,"volume":"0.01132500","buyTxId":"99a9573b1446ac5aef60841c48a726a27ad73d3b","sellTxId":"41b9c3abf426ea20c36533d7c1801451555bfd19"},{"_id":5494548,"type":"sell","buyer":"detlev","seller":"invest-time","symbol":"BEER","quantity":"0.07500000","price":"0.15100000","timestamp":1676491950,"volume":"0.01132500","buyTxId":"99a9573b1446ac5aef60841c48a726a27ad73d3b","sellTxId":"8e772fb0ffd8051814d4da31c76ce650b7250b29"},{"_id":5494557,"type":"sell","buyer":"detlev","seller":"simplegame","symbol":"BEER","quantity":"0.69239249","price":"0.15100000","timestamp":1676492079,"volume":"0.10455127","buyTxId":"99a9573b1446ac5aef60841c48a726a27ad73d3b","sellTxId":"4f2517fc943ae838d87335b09ed696d74db94d62"},{"_id":5494876,"type":"sell","buyer":"maryjane.main","seller":"steemstreems","symbol":"BEER","quantity":"0.00600001","price":"0.15300000","timestamp":1676495805,"volume":"0.00091800","buyTxId":"f9e7ac80642bf5fbe27b9d35b90e623882754ce1","sellTxId":"943650949ade53a5093f8b1ffeb0de9aa18001c4"},{"_id":5494936,"type":"sell","buyer":"maryjane.main","seller":"mafia.wallet","symbol":"BEER","quantity":"0.031","price":"0.15300000","timestamp":1676496753,"volume":"0.00474300","buyTxId":"f9e7ac80642bf5fbe27b9d35b90e623882754ce1","sellTxId":"d4fdc01b064c89edb3f0c07bdbaf00f8105c04c8-3"},{"_id":5495676,"type":"sell","buyer":"maryjane.main","seller":"vasupi","symbol":"BEER","quantity":"9.81330521","price":"0.15300000","timestamp":1676503089,"volume":"1.50143570","buyTxId":"f9e7ac80642bf5fbe27b9d35b90e623882754ce1","sellTxId":"0a41568f7e2f9bad6308ac9e464261c129f80ba7"},{"_id":5495720,"type":"sell","buyer":"maryjane.main","seller":"jensvoigt","symbol":"BEER","quantity":"0.30000000","price":"0.15300000","timestamp":1676503425,"volume":"0.04590000","buyTxId":"f9e7ac80642bf5fbe27b9d35b90e623882754ce1","sellTxId":"00d293b4de3e733b26b849e9de23a1dd06a9e143"},{"_id":5496463,"type":"sell","buyer":"jemmarti","seller":"thatcryptodave","symbol":"BEER","quantity":"0.68500000","price":"0.15509999","timestamp":1676515254,"volume":"0.10624349","buyTxId":"3607f1fb4eeab4b6a847099dde9f752aed1fda46","sellTxId":"98b76818930f96eefae6e1ad69b48d96b22e8cc0"