{"index": {"_index":"beer","_id":"1301490"}}
	{"id":1301490,"type":"sell","buyer":"detlev","seller":"eythorphoto","symbol":"BEER","quantity":"0.77000000","price":"0.19706600","timestamp":1628036058,"volume":"0.15174082","buyTxId":"0caaaed38129f07c74bb3236bc9e01fc0adf4e8d","sellTxId":"c2a0e576d0f7930a8749c113059ff57a620b4542"}
{"index": {"_index":"beer","_id":"1301494"}}
	{"id":1301494,"type":"sell","buyer":"detlev","seller":"justinparke","symbol":"BEER","quantity":"0.15100000","price":"0.19706600","timestamp":1628036121,"volume":"0.02975697","buyTxId":"0caaaed38129f07c74bb3236bc9e01fc0adf4e8d","sellTxId":"5d04250e48cc82412c29318f4247c1416a853db3"}
{"index": {"_index":"beer","_id":"1302180"}}
	{"id":1302180,"type":"sell","buyer":"detlev","seller":"ahmetay","symbol":"BEER","quantity":"0.01250000","price":"0.19706600","timestamp":1628051100,"volume":"0.00246333","buyTxId":"0caaaed38129f07c74bb3236bc9e01fc0adf4e8d","sellTxId":"f39d4feb8b41711350e39b091d62f3c6469b25a4"}
{"index": {"_index":"beer","_id":"1302444"}}
	{"id":1302444,"type":"sell","buyer":"master-lamps","seller":"mercurial9","symbol":"BEER","quantity":"0.02812500","price":"0.19706601","timestamp":1628059101,"volume":"0.00554248","buyTxId":"28c71ead115f5a61367d4c9fe5929617761f2223","sellTxId":"8e3191224d335b2018799ae9cbf4ea1f3df0af94"}
{"index": {"_index":"beer","_id":"1302545"}}
	{"id":1302545,"type":"sell","buyer":"master-lamps","seller":"itharagaian","symbol":"BEER","quantity":"0.00200000","price":"0.19706601","timestamp":1628061597,"volume":"0.00039413","buyTxId":"28c71ead115f5a61367d4c9fe5929617761f2223","sellTxId":"01e0fe67cce887f5146deaa0d31085168c45d445"}
{"index": {"_index":"beer","_id":"1302579"}}
	{"id":1302579,"type":"sell","buyer":"master-lamps","seller":"monsterjamgold","symbol":"BEER","quantity":"0.11200000","price":"0.19706601","timestamp":1628062602,"volume":"0.02207139","buyTxId":"28c71ead115f5a61367d4c9fe5929617761f2223","sellTxId":"688cc97928d9e355b3481115796b01e7c9281b7f"}
{"index": {"_index":"beer","_id":"1302937"}}
	{"id":1302937,"type":"buy","buyer":"heikki1337","seller":"master-lamps","symbol":"BEER","quantity":"0.03012500","price":"0.21854999","timestamp":1628070993,"volume":"0.00658382","buyTxId":"8ec46644c646b72436b14b7f68b2825c49d24425","sellTxId":"7fecb5a81b89a4c59d84d584056e1674672a8ec6"}
{"index": {"_index":"beer","_id":"1302938"}}
	{"id":1302938,"type":"buy","buyer":"heikki1337","seller":"master-lamps","symbol":"BEER","quantity":"0.11200000","price":"0.21854999","timestamp":1628070993,"volume":"0.02447760","buyTxId":"8ec46644c646b72436b14b7f68b2825c49d24425","sellTxId":"564e106ac89c8abf719041b7a2dc8eed82275f8a"}
{"index": {"_index":"beer","_id":"1302940"}}
	{"id":1302940,"type":"buy","buyer":"heikki1337","seller":"zoe24","symbol":"BEER","quantity":"35.90267222","price":"0.21855000","timestamp":1628071053,"volume":"7.84652901","buyTxId":"cfb2b49936e11a881bfbe2fb8f1300b6471d8f36","sellTxId":"9c57c5ff54f125e85df18ba1fd268f717be7991f"}
{"index": {"_index":"beer","_id":"1302941"}}
	{"id":1302941,"type":"buy","buyer":"heikki1337","seller":"master-lamps","symbol":"BEER","quantity":"0.02875000","price":"0.21855999","timestamp":1628071053,"volume":"0.00628360","buyTxId":"cfb2b49936e11a881bfbe2fb8f1300b6471d8f36","sellTxId":"e776b0f7915eed0f2b3eee8229004b23941cfa20"}
{"index": {"_index":"beer","_id":"1302942"}}
	{"id":1302942,"type":"buy","buyer":"heikki1337","seller":"master-lamps","symbol":"BEER","quantity":"0.09950000","price":"0.21856000","timestamp":1628071053,"volume":"0.02174672","buyTxId":"cfb2b49936e11a881bfbe2fb8f1300b6471d8f36","sellTxId":"cfb355a8f06ce567437903069d2f4295ae70c824"}
{"index": {"_index":"beer","_id":"1302943"}}
	{"id":1302943,"type":"buy","buyer":"heikki1337","seller":"master-lamps","symbol":"BEER","quantity":"3.74303000","price":"0.21856000","timestamp":1628071053,"volume":"0.81807664","buyTxId":"cfb2b49936e11a881bfbe2fb8f1300b6471d8f36","sellTxId":"6e566a45e6fc4a9bc6fe0505f2219c3a3763f960"}
{"index": {"_index":"beer","_id":"1302944"}}
	{"id":1302944,"type":"buy","buyer":"heikki1337","seller":"master-lamps","symbol":"BEER","quantity":"0.01250000","price":"0.21856000","timestamp":1628071053,"volume":"0.00273200","buyTxId":"cfb2b49936e11a881bfbe2fb8f1300b6471d8f36","sellTxId":"7fd24f94fe09a224feed458f3042d998e8c76d22"}
{"index": {"_index":"beer","_id":"1302945"}}
	{"id":1302945,"type":"buy","buyer":"heikki1337","seller":"master-lamps","symbol":"BEER","quantity":"0.05900000","price":"0.21856000","timestamp":1628071053,"volume":"0.01289504","buyTxId":"cfb2b49936e11a881bfbe2fb8f1300b6471d8f36","sellTxId":"dfe4b53333ea49b7bdffcf5e4f866e58f849c217"}
{"index": {"_index":"beer","_id":"1302946"}}
	{"id":1302946,"type":"buy","buyer":"heikki1337","seller":"master-lamps","symbol":"BEER","quantity":"0.08750000","price":"0.21857000","timestamp":1628071053,"volume":"0.01912488","buyTxId":"cfb2b49936e11a881bfbe2fb8f1300b6471d8f36","sellTxId":"5af86799a03686c9937aa30732045dacbb5c9ebd"}
{"index": {"_index":"beer","_id":"1302947"}}
	{"id":1302947,"type":"buy","buyer":"heikki1337","seller":"master-lamps","symbol":"BEER","quantity":"0.33053000","price":"0.21900000","timestamp":1628071053,"volume":"0.07238607","buyTxId":"cfb2b49936e11a881bfbe2fb8f1300b6471d8f36","sellTxId":"9c224937ae81ccb5f40d763f6f445c62c13da6bf"}
{"index": {"_index":"beer","_id":"1302948"}}
	{"id":1302948,"type":"buy","buyer":"heikki1337","seller":"master-lamps","symbol":"BEER","quantity":"0.10000000","price":"0.21900000","timestamp":1628071053,"volume":"0.02190000","buyTxId":"cfb2b49936e11a881bfbe2fb8f1300b6471d8f36","sellTxId":"f3a66dde031feb9f6d99342ccd30f84d99d7375c"}
{"index": {"_index":"beer","_id":"1302949"}}
	{"id":1302949,"type":"buy","buyer":"heikki1337","seller":"master-lamps","symbol":"BEER","quantity":"0.03800000","price":"0.21900000","timestamp":1628071053,"volume":"0.00832200","buyTxId":"cfb2b49936e11a881bfbe2fb8f1300b6471d8f36","sellTxId":"5c52cc4bde98c4b1f1833ec55a52179d02ce7e25"}
{"index": {"_index":"beer","_id":"1302950"}}
	{"id":1302950,"type":"buy","buyer":"heikki1337","seller":"master-lamps","symbol":"BEER","quantity":"0.02500000","price":"0.21900000","timestamp":1628071053,"volume":"0.00547500","buyTxId":"cfb2b49936e11a881bfbe2fb8f1300b6471d8f36","sellTxId":"63a2e9d694bd71dac444e66d6d593285285c9062"}
{"index": {"_index":"beer","_id":"1302951"}}
	{"id":1302951,"type":"buy","buyer":"heikki1337","seller":"master-lamps","symbol":"BEER","quantity":"0.06250000","price":"0.21997000","timestamp":1628071053,"volume":"0.01374813","buyTxId":"cfb2b49936e11a881bfbe2fb8f1300b6471d8f36","sellTxId":"34e2896eefd9d3d7e257ac73d828a801a965a5e6"}
{"index": {"_index":"beer","_id":"1302952"}}
	{"id":1302952,"type":"buy","buyer":"heikki1337","seller":"miketr","symbol":"BEER","quantity":"0.13966442","price":"0.21998000","timestamp":1628071053,"volume":"0.03072338","buyTxId":"cfb2b49936e11a881bfbe2fb8f1300b6471d8f36","sellTxId":"b7dc1b5fb85dadfdd8c711e2e620b119707175fa"}
{"index": {"_index":"beer","_id":"1303256"}}
	{"id":1303256,"type":"sell","buyer":"heyantomei","seller":"miketr","symbol":"BEER","quantity":"5.00000000","price":"0.21990000","timestamp":1628077767,"volume":"1.09950000","buyTxId":"1d721339491d3411275e2fabd0f950632e0a2bae","sellTxId":"2ce4187c4d448b3d88b28e71a9b1f5b03be97c72"}
{"index": {"_index":"beer","_id":"1304170"}}
	{"id":1304170,"type":"sell","buyer":"master-lamps","seller":"lrekt01","symbol":"BEER","quantity":"0.00400000","price":"0.19707001","timestamp":1628091264,"volume":"0.00078828","buyTxId":"7af8f43fe678c3ef6c4160b6df3713e35eefe5a4","sellTxId":"e6729441ee070b42c0781978b31a1b49f7cafbe9"}
{"index": {"_index":"beer","_id":"1305489"}}
	{"id":1305489,"type":"sell","buyer":"master-lamps","seller":"mafia.wallet","symbol":"BEER","quantity":"0.296","price":"0.19707001","timestamp":1628110281,"volume":"0.05833272","buyTxId":"7af8f43fe678c3ef6c4160b6df3713e35eefe5a4","sellTxId":"e1b8d198aa838709450047c72cc1326f406f5e2c-2"}
{"index": {"_index":"beer","_id":"1305518"}}
	{"id":1305518,"type":"sell","buyer":"master-lamps","seller":"deathwing","symbol":"BEER","quantity":"0.006","price":"0.19707001","timestamp":1628110506,"volume":"0.00118242","buyTxId":"7af8f43fe678c3ef6c4160b6df3713e35eefe5a4","sellTxId":"06a02a054574382e29a2f466d205d0646e07776e-3"}
{"index": {"_index":"beer","_id":"1306080"}}
	{"id":1306080,"type":"sell","buyer":"master-lamps","seller":"eythorphoto","symbol":"BEER","quantity":"0.06400000","price":"0.19707001","timestamp":1628118738,"volume":"0.01261248","buyTxId":"7af8f43fe678c3ef6c4160b6df3713e35eefe5a4","sellTxId":"1953a32139516cd7380e54a2d5b5b033b4ceb0a9"}
{"index": {"_index":"beer","_id":"1306140"}}
	{"id":1306140,"type":"sell","buyer":"master-lamps","seller":"barrenwolfsbane","symbol":"BEER","quantity":"0.00700000","price":"0.19707001","timestamp":1628120247,"volume":"0.00137949","buyTxId":"7af8f43fe678c3ef6c4160b6df3713e35eefe5a4","sellTxId":"f136f06abd4dff30b2e33132b4577444c7435dad"}
