{"jsonrpc":"2.0","id":1,"result":[{"_id":1085057,"type":"sell","buyer":"engrave","seller":"steem.services","symbol":"BEER","quantity":"2.73600000","price":"0.18804000","timestamp":1621896831,"volume":"0.51447744","buyTxId":"54389021435cdf07dd942d6ce2d1a7845135b204","sellTxId":"4cca3b2ad37f3fb5e624353ee4503308348b06c0"},{"_id":1085378,"type":"sell","buyer":"engrave","seller":"thatcryptodave","symbol":"BEER","quantity":"2.52771241","price":"0.18804000","timestamp":1621910763,"volume":"0.47531104","buyTxId":"54389021435cdf07dd942d6ce2d1a7845135b204","sellTxId":"540a7dfbf38d240826c69fb688410dd2bddd0084"},{"_id":1085423,"type":"sell","buyer":"engrave","seller":"mafia.wallet","symbol":"BEER","quantity":"0.067","price":"0.18804000","timestamp":1621912260,"volume":"0.01259868","buyTxId":"54389021435cdf07dd942d6ce2d1a7845135b204","sellTxId":"ccad8d20991d7a516c35cae37e4a57505fc4fdd4-2"},{"_id":1085683,"type":"sell","buyer":"engrave","seller":"justinparke","symbol":"BEER","quantity":"0.60950000","price":"0.18804000","timestamp":1621922256,"volume":"0.11461038","buyTxId":"54389021435cdf07dd942d6ce2d1a7845135b204","sellTxId":"92b92035f2ad82812e24d6fe0934299d88b7a0a3"},{"_id":1085923,"type":"sell","buyer":"engrave","seller":"itharagaian","symbol":"BEER","quantity":"0.00300000","price":"0.18804000","timestamp":1621928304,"volume":"0.00056412","buyTxId":"54389021435cdf07dd942d6ce2d1a7845135b204","sellTxId":"9e7eeed91419ddfb0b400532c203b08f6686a280"},{"_id":1086074,"type":"sell","buyer":"engrave","seller":"muenchen","symbol":"BEER","quantity":"0.50200000","price":"0.18804000","timestamp":1621935384,"volume":"0.09439608","buyTxId":"54389021435cdf07dd942d6ce2d1a7845135b204","sellTxId":"29eb4cbc835d7e30cdf4421398ac910c1fcac809"},{"_id":1086096,"type":"sell","buyer":"engrave","seller":"dotwin1981","symbol":"BEER","quantity":"1.23007115","price":"0.18804000","timestamp":1621936518,"volume":"0.23130258","buyTxId":"54389021435cdf07dd942d6ce2d1a7845135b204","sellTxId":"f14c284e37c5c9c8c0b98b10135353933402b7d1"},{"_id":1086712,"type":"sell","buyer":"engrave","seller":"foodiess","symbol":"BEER","quantity":"13.48705429","price":"0.18804000","timestamp":1621959489,"volume":"2.53610569","buyTxId":"54389021435cdf07dd942d6ce2d1a7845135b204","sellTxId":"390fc267d7fcafe5e1d2248d37b80e22ea4fe7d0"},{"_id":1087015,"type":"sell","buyer":"engrave","seller":"justinparke","symbol":"BEER","quantity":"0.28700000","price":"0.18804000","timestamp":1621968168,"volume":"0.05396748","buyTxId":"54389021435cdf07dd942d6ce2d1a7845135b204","sellTxId":"88603acb1d0e1623d543f6e1abc041f13ae68a46"},{"_id":1087241,"type":"buy","buyer":"deanlogic","seller":"fredfettmeister","symbol":"BEER","quantity":"1.30700000","price":"0.25000000","timestamp":1621973958,"volume":"0.32675000","buyTxId":"3e56ba2ef4f25c4b1a55a98485635396e98cac43","sellTxId":"9185f4221ba33c8ec6124e9513aa52cf4d5ccf96"},{"_id":1087242,"type":"buy","buyer":"deanlogic","seller":"exator","symbol":"BEER","quantity":"3.69300000","price":"0.29900000","timestamp":1621973958,"volume":"1.10420700","buyTxId":"3e56ba2ef4f25c4b1a55a98485635396e98cac43","sellTxId":"b8634cdbba0e6465ea10e5aeac28ed8a5ff36957"},{"_id":1087305,"type":"sell","buyer":"engrave","seller":"dejan.vuckovic","symbol":"BEER","quantity":"0.48747996","price":"0.18804000","timestamp":1621974735,"volume":"0.09166573","buyTxId":"54389021435cdf07dd942d6ce2d1a7845135b204","sellTxId":"d715627a4e5a3ec954b63d24c85b895276d9b6d4"},{"_id":1087339,"type":"sell","buyer":"engrave","seller":"vcelier","symbol":"BEER","quantity":"0.27955031","price":"0.18804000","timestamp":1621975422,"volume":"0.05256664","buyTxId":"54389021435cdf07dd942d6ce2d1a7845135b204","sellTxId":"001430e9efd2a780548628288b9937f95bcb4131"},{"_id":1087385,"type":"sell","buyer":"engrave","seller":"deathwing","symbol":"BEER","quantity":"0.008","price":"0.18804000","timestamp":1621976106,"volume":"0.00150432","buyTxId":"54389021435cdf07dd942d6ce2d1a7845135b204","sellTxId":"83011d2da84036759da100340c882fa7a3eeb92c-5"},{"_id":1087516,"type":"sell","buyer":"engrave","seller":"itharagaian","symbol":"BEER","quantity":"0.00300000","price":"0.18804000","timestamp":1621977519,"volume":"0.00056412","buyTxId":"54389021435cdf07dd942d6ce2d1a7845135b204","sellTxId":"115e045413ab565f8f47b51b4a431d671c2298c6"},{"_id":1087532,"type":"sell","buyer":"engrave","seller":"mafia.wallet","symbol":"BEER","quantity":"0.067","price":"0.18804000","timestamp":1621978083,"volume":"0.01259868","buyTxId":"54389021435cdf07dd942d6ce2d1a7845135b204","sellTxId":"7d8958818369cbfd66d4c2f7480caf190de75543-1"},{"_id":1087548,"type":"sell","buyer":"engrave","seller":"jk6276","symbol":"BEER","quantity":"0.01250000","price":"0.18804000","timestamp":1621979148,"volume":"0.00235050","buyTxId":"54389021435cdf07dd942d6ce2d1a7845135b204","sellTxId":"aa79a39633626d2d8ac657990c15f4ef93a726c9"},{"_id":1087587,"type":"sell","buyer":"engrave","seller":"vikisecrets","symbol":"BEER","quantity":"6.00000000","price":"0.18804000","timestamp":1621980606,"volume":"1.12824000","buyTxId":"54389021435cdf07dd942d6ce2d1a7845135b204","sellTxId":"884a073b41eb1b2319e254327f1bf44e477f19db"}]}