{"index": {"_index":"beer","_id":"2128500"}}
	{"id":2128500,"type":"sell","buyer":"blue.rabbit","seller":"canna-collective","symbol":"BEER","quantity":"1.06869371","price":"0.12100000","timestamp":1638068901,"volume":"0.12931194","buyTxId":"242989de37de04acbf469b59475cc8b8b6486f91","sellTxId":"a93d0dcc340f4f0459ec541d8839dd9e3d524e10"}
{"index": {"_index":"beer","_id":"2128732"}}
	{"id":2128732,"type":"sell","buyer":"blue.rabbit","seller":"barrenwolfsbane","symbol":"BEER","quantity":"0.30570233","price":"0.12100000","timestamp":1638072447,"volume":"0.03698998","buyTxId":"242989de37de04acbf469b59475cc8b8b6486f91","sellTxId":"d8efdcfd02bf2a0c65c61d0a428277c1da8ef6c7"}
{"index": {"_index":"beer","_id":"2128847"}}
	{"id":2128847,"type":"sell","buyer":"blue.rabbit","seller":"maylenasland","symbol":"BEER","quantity":"0.40000000","price":"0.12100000","timestamp":1638073728,"volume":"0.04840000","buyTxId":"242989de37de04acbf469b59475cc8b8b6486f91","sellTxId":"b3bcf3e70fe4d43fdae68fd9f750b24deafbb73c"}
{"index": {"_index":"beer","_id":"2128963"}}
	{"id":2128963,"type":"sell","buyer":"blue.rabbit","seller":"rishi556","symbol":"BEER","quantity":"0.42175311","price":"0.12100000","timestamp":1638075189,"volume":"0.05103213","buyTxId":"242989de37de04acbf469b59475cc8b8b6486f91","sellTxId":"948c6eee8a5af089dd3e617d859c8a963d40d0d7-3"}
{"index": {"_index":"beer","_id":"2128972"}}
	{"id":2128972,"type":"sell","buyer":"blue.rabbit","seller":"mafia.wallet","symbol":"BEER","quantity":"0.071","price":"0.12100000","timestamp":1638075189,"volume":"0.00859100","buyTxId":"242989de37de04acbf469b59475cc8b8b6486f91","sellTxId":"ffc9d4094deef3a67b310a8b7dfa724b8a38da3b-3"}
{"index": {"_index":"beer","_id":"2129494"}}
	{"id":2129494,"type":"sell","buyer":"blue.rabbit","seller":"alexanderfluke","symbol":"BEER","quantity":"0.05000000","price":"0.12100000","timestamp":1638081570,"volume":"0.00605000","buyTxId":"242989de37de04acbf469b59475cc8b8b6486f91","sellTxId":"0eaf3dae451754845a23f02a8dd14c44dc7fe6f1"}
{"index": {"_index":"beer","_id":"2129739"}}
	{"id":2129739,"type":"sell","buyer":"blue.rabbit","seller":"itharagaian","symbol":"BEER","quantity":"0.00200000","price":"0.12100000","timestamp":1638084282,"volume":"0.00024200","buyTxId":"242989de37de04acbf469b59475cc8b8b6486f91","sellTxId":"657031a335ac262dd832b7f7d1e7d57eee6866fe"}
{"index": {"_index":"beer","_id":"2129836"}}
	{"id":2129836,"type":"buy","buyer":"blockchainleo","seller":"cloudblade","symbol":"BEER","quantity":"25.00000000","price":"0.15538000","timestamp":1638085686,"volume":"3.88450000","buyTxId":"f4cef0de86c1b3a024c627a1714301ded5b91080","sellTxId":"a0b8664907eecb271cff0c1879b21875f7cc4072"}
{"index": {"_index":"beer","_id":"2129929"}}
	{"id":2129929,"type":"sell","buyer":"blue.rabbit","seller":"krakonos","symbol":"BEER","quantity":"2.66085085","price":"0.12100000","timestamp":1638087345,"volume":"0.32196295","buyTxId":"242989de37de04acbf469b59475cc8b8b6486f91","sellTxId":"126b74205a28a9c9b33083382e9db379f9b50874"}
{"index": {"_index":"beer","_id":"2129934"}}
	{"id":2129934,"type":"sell","buyer":"blue.rabbit","seller":"krakonos","symbol":"BEER","quantity":"4.51568709","price":"0.12000000","timestamp":1638087396,"volume":"0.54188245","buyTxId":"2a85a0cd7d1c26b71b98d6200f23eb9fbbec3594","sellTxId":"fd1bef0986649b4881199b5540241ce0089258d3"}
{"index": {"_index":"beer","_id":"2130078"}}
	{"id":2130078,"type":"sell","buyer":"nupulse","seller":"themarkymark","symbol":"BEER","quantity":"1.10650000","price":"0.12000100","timestamp":1638088860,"volume":"0.13278111","buyTxId":"1ccf04131b1764e588ab72730c1be1d024d9e4fc","sellTxId":"7d23038f7deb5836fdff4b61b71118a481e93857"}
{"index": {"_index":"beer","_id":"2130268"}}
	{"id":2130268,"type":"sell","buyer":"nupulse","seller":"monsterjamgold","symbol":"BEER","quantity":"0.06400000","price":"0.12000100","timestamp":1638092016,"volume":"0.00768006","buyTxId":"1ccf04131b1764e588ab72730c1be1d024d9e4fc","sellTxId":"72b3b8b6598402a9d82a753f118df1cdfcee12ca"}
{"index": {"_index":"beer","_id":"2130413"}}
	{"id":2130413,"type":"sell","buyer":"nupulse","seller":"stayoutoftherz","symbol":"BEER","quantity":"2.90000000","price":"0.12000100","timestamp":1638094107,"volume":"0.34800290","buyTxId":"1ccf04131b1764e588ab72730c1be1d024d9e4fc","sellTxId":"4f2390cee6c6f2b10b93f4153b1574cc47bbd214"}
{"index": {"_index":"beer","_id":"2130432"}}
	{"id":2130432,"type":"sell","buyer":"nupulse","seller":"heyantomei","symbol":"BEER","quantity":"0.02800000","price":"0.12000100","timestamp":1638094608,"volume":"0.00336003","buyTxId":"1ccf04131b1764e588ab72730c1be1d024d9e4fc","sellTxId":"6b21cee7c1d0855a1cbc969b59eb1c7bd1767cf3"}
{"index": {"_index":"beer","_id":"2130804"}}
	{"id":2130804,"type":"sell","buyer":"nupulse","seller":"kraki","symbol":"BEER","quantity":"0.06250000","price":"0.12000100","timestamp":1638100323,"volume":"0.00750006","buyTxId":"1ccf04131b1764e588ab72730c1be1d024d9e4fc","sellTxId":"429905025770d4c1912d3526c63795bb81ff4336"}
{"index": {"_index":"beer","_id":"2131340"}}
	{"id":2131340,"type":"sell","buyer":"nupulse","seller":"cryptogeekje","symbol":"BEER","quantity":"1.07146574","price":"0.12000100","timestamp":1638107019,"volume":"0.12857696","buyTxId":"1ccf04131b1764e588ab72730c1be1d024d9e4fc","sellTxId":"a01c2bb1c73494705f5a241e193232163c26d770"}
{"index": {"_index":"beer","_id":"2131537"}}
	{"id":2131537,"type":"sell","buyer":"nupulse","seller":"iptrucs","symbol":"BEER","quantity":"0.02500000","price":"0.12000100","timestamp":1638109785,"volume":"0.00300003","buyTxId":"1ccf04131b1764e588ab72730c1be1d024d9e4fc","sellTxId":"c1e9947bacf203b64db00bff4f8675f96e068c02"}
{"index": {"_index":"beer","_id":"2131549"}}
	{"id":2131549,"type":"buy","buyer":"alfarero","seller":"condeas","symbol":"BEER","quantity":"0.01000000","price":"0.13900000","timestamp":1638110058,"volume":"0.00139000","buyTxId":"b362dfa26296d337df3dc4c8d4d42f93391cab86","sellTxId":"c45d2776c3a35dce68baabce246bef99b5ef30f3"}
{"index": {"_index":"beer","_id":"2131635"}}
	{"id":2131635,"type":"sell","buyer":"olympicdragon","seller":"pimpstudio","symbol":"BEER","quantity":"12.10900000","price":"0.12500000","timestamp":1638111336,"volume":"1.51362500","buyTxId":"e17baf85beb9b801d3ed76b0c2f1c8b1007725ef","sellTxId":"eda7147771aed9d653abdb8a8795f648d6042a9f"}
{"index": {"_index":"beer","_id":"2131886"}}
	{"id":2131886,"type":"sell","buyer":"olympicdragon","seller":"elevator09","symbol":"BEER","quantity":"0.06100000","price":"0.12500000","timestamp":1638114279,"volume":"0.00762500","buyTxId":"e17baf85beb9b801d3ed76b0c2f1c8b1007725ef","sellTxId":"367b58e76850d74550c7eafe4d1ab9fb2922543e"}
{"index": {"_index":"beer","_id":"2131930"}}
	{"id":2131930,"type":"sell","buyer":"olympicdragon","seller":"lrekt01","symbol":"BEER","quantity":"0.00100000","price":"0.12500000","timestamp":1638114753,"volume":"0.00012500","buyTxId":"e17baf85beb9b801d3ed76b0c2f1c8b1007725ef","sellTxId":"9fc1895aa0c858b28beb452d644768f157b60049"}
{"index": {"_index":"beer","_id":"2132017"}}
	{"id":2132017,"type":"sell","buyer":"olympicdragon","seller":"khan.dayyanz","symbol":"BEER","quantity":"1.36422529","price":"0.12500000","timestamp":1638115920,"volume":"0.17052816","buyTxId":"e17baf85beb9b801d3ed76b0c2f1c8b1007725ef","sellTxId":"45fe0211610b8723df32a64de1b722b2a85d20ec"}
{"index": {"_index":"beer","_id":"2132075"}}
	{"id":2132075,"type":"sell","buyer":"olympicdragon","seller":"jimre1","symbol":"BEER","quantity":"0.05087036","price":"0.12500000","timestamp":1638116349,"volume":"0.00635880","buyTxId":"e17baf85beb9b801d3ed76b0c2f1c8b1007725ef","sellTxId":"fbad1036dd2345edca05512a4c9cfc3032da64fe"}
{"index": {"_index":"beer","_id":"2133347"}}
	{"id":2133347,"type":"sell","buyer":"olympicdragon","seller":"nyxlabs","symbol":"BEER","quantity":"4.00200000","price":"0.12500000","timestamp":1638126081,"volume":"0.50025000","buyTxId":"e17baf85beb9b801d3ed76b0c2f1c8b1007725ef","sellTxId":"d349a1a7c9d57e8762e9b8d58a0d2c42f32ad244"}
{"index": {"_index":"beer","_id":"2133398"}}
	{"id":2133398,"type":"sell","buyer":"olympicdragon","seller":"rixxnix","symbol":"BEER","quantity":"2.41190435","price":"0.12500000","timestamp":1638126585,"volume":"0.30148804","buyTxId":"e17baf85beb9b801d3ed76b0c2f1c8b1007725ef","sellTxId":"f493755434c6d0a4d1c2ae3170d88ad8f3d348a5"}
{"index": {"_index":"beer","_id":"2133703"}}
	{"id":2133703,"type":"sell","buyer":"nupulse","seller":"augustbrown","symbol":"BEER","quantity":"0.00200000","price":"0.12000100","timestamp":1638128943,"volume":"0.00024000","buyTxId":"1ccf04131b1764e588ab72730c1be1d024d9e4fc","sellTxId":"6aac964b34383d9fdb48372413f241342a31c58b"}
{"index": {"_index":"beer","_id":"2133709"}}
	{"id":2133709,"type":"sell","buyer":"nupulse","seller":"hivelander","symbol":"BEER","quantity":"0.84092932","price":"0.12000100","timestamp":1638128991,"volume":"0.10091236","buyTxId":"1ccf04131b1764e588ab72730c1be1d024d9e4fc","sellTxId":"ced1ee0aff1f94802874cf7f3c83325cec54ca22"}
{"index": {"_index":"beer","_id":"2133742"}}
	{"id":2133742,"type":"sell","buyer":"nupulse","seller":"monsterjamgold","symbol":"BEER","quantity":"0.02100000","price":"0.12000100","timestamp":1638129183,"volume":"0.00252002","buyTxId":"1ccf04131b1764e588ab72730c1be1d024d9e4fc","sellTxId":"8e9384cafadf7c9ca8a97a730bc43ad54ad778e8"}
{"index": {"_index":"beer","_id":"2133857"}}
	{"id":2133857,"type":"sell","buyer":"nupulse","seller":"kamrunnahar","symbol":"BEER","quantity":"0.55126392","price":"0.12000100","timestamp":1638130305,"volume":"0.06615222","buyTxId":"1ccf04131b1764e588ab72730c1be1d024d9e4fc","sellTxId":"8204393f3fef88836704fc035439d75a962803a9"}
{"index": {"_index":"beer","_id":"2133866"}}
	{"id":2133866,"type":"sell","buyer":"nupulse","seller":"cardi0","symbol":"BEER","quantity":"15.61159170","price":"0.12000100","timestamp":1638130380,"volume":"1.87340662","buyTxId":"1ccf04131b1764e588ab72730c1be1d024d9e4fc","sellTxId":"177f5de9e119ea677576c1ee7e9de2b4db4c96df"}
{"index": {"_index":"beer","_id":"2133908"}}
	{"id":2133908,"type":"sell","buyer":"nupulse","seller":"vipservice","symbol":"BEER","quantity":"2.71574932","price":"0.12000100","timestamp":1638130761,"volume":"0.32589263","buyTxId":"1ccf04131b1764e588ab72730c1be1d024d9e4fc","sellTxId":"4187f2d0810228b92a139e48335b1a4bd6d7c541"}
{"index": {"_index":"beer","_id":"2133909"}}
	{"id":2133909,"type":"sell","buyer":"blue.rabbit","seller":"vipservice","symbol":"BEER","quantity":"3.40654986","price":"0.12000000","timestamp":1638130761,"volume":"0.40878598","buyTxId":"2a85a0cd7d1c26b71b98d6200f23eb9fbbec3594","sellTxId":"4187f2d0810228b92a139e48335b1a4bd6d7c541"}
{"index": {"_index":"beer","_id":"2134377"}}
	{"id":2134377,"type":"sell","buyer":"blue.rabbit","seller":"itharagaian","symbol":"BEER","quantity":"0.00200000","price":"0.12000000","timestamp":1638135906,"volume":"0.00024000","buyTxId":"2a85a0cd7d1c26b71b98d6200f23eb9fbbec3594","sellTxId":"dc007a241285eac7a08e949d195877e366c99694"}
{"index": {"_index":"beer","_id":"2134472"}}
	{"id":2134472,"type":"sell","buyer":"blue.rabbit","seller":"sidekickmatt","symbol":"BEER","quantity":"1.00049061","price":"0.12000000","timestamp":1638137097,"volume":"0.12005887","buyTxId":"2a85a0cd7d1c26b71b98d6200f23eb9fbbec3594","sellTxId":"cec0f813627fb9daf343dc200b66cd9292f62c51"}
{"index": {"_index":"beer","_id":"2134934"}}
	{"id":2134934,"type":"sell","buyer":"blue.rabbit","seller":"justinparke","symbol":"BEER","quantity":"0.481","price":"0.12000000","timestamp":1638141741,"volume":"0.05772000","buyTxId":"2a85a0cd7d1c26b71b98d6200f23eb9fbbec3594","sellTxId":"9bc792508609d3305d4758ad603b273a0fd0cc4e"}
{"index": {"_index":"beer","_id":"2135038"}}
	{"id":2135038,"type":"buy","buyer":"zacherybinx","seller":"rixxnix","symbol":"BEER","quantity":"2.24609565","price":"0.12500000","timestamp":1638142974,"volume":"0.28076196","buyTxId":"b683fd8f8b9612e6441c2b70eca1dae7c867a796","sellTxId":"f493755434c6d0a4d1c2ae3170d88ad8f3d348a5"}
{"index": {"_index":"beer","_id":"2135043"}}
	{"id":2135043,"type":"buy","buyer":"zacherybinx","seller":"nervi","symbol":"BEER","quantity":"0.76225000","price":"0.13899000","timestamp":1638143070,"volume":"0.10594513","buyTxId":"0cf820f2c2b885c710f72bb92232d51f94636fd4","sellTxId":"0a2f1313bc84ff32e7a7357cbf723ca2c514fecb"}
{"index": {"_index":"beer","_id":"2135044"}}
	{"id":2135044,"type":"buy","buyer":"zacherybinx","seller":"magicbeans","symbol":"BEER","quantity":"5.00000000","price":"0.13899900","timestamp":1638143070,"volume":"0.69499500","buyTxId":"0cf820f2c2b885c710f72bb92232d51f94636fd4","sellTxId":"e55fa4036394a91f5446f9d023f05db086139ae1"}
{"index": {"_index":"beer","_id":"2135045"}}
	{"id":2135045,"type":"buy","buyer":"zacherybinx","seller":"condeas","symbol":"BEER","quantity":"16.23775000","price":"0.13900000","timestamp":1638143070,"volume":"2.25704725","buyTxId":"0cf820f2c2b885c710f72bb92232d51f94636fd4","sellTxId":"c45d2776c3a35dce68baabce246bef99b5ef30f3"}
{"index": {"_index":"beer","_id":"2135074"}}
	{"id":2135074,"type":"sell","buyer":"blue.rabbit","seller":"fernandosoder","symbol":"BEER","quantity":"0.17500000","price":"0.12000000","timestamp":1638143517,"volume":"0.02100000","buyTxId":"2a85a0cd7d1c26b71b98d6200f23eb9fbbec3594","sellTxId":"5771dd4675a80c7dc5fb1f2b4be23e557efa776c"}
{"index": {"_index":"beer","_id":"2135219"}}
	{"id":2135219,"type":"sell","buyer":"blue.rabbit","seller":"automaton","symbol":"BEER","quantity":"0.99700000","price":"0.12000000","timestamp":1638144252,"volume":"0.11964000","buyTxId":"2a85a0cd7d1c26b71b98d6200f23eb9fbbec3594","sellTxId":"47def1bf63623e9b24df701b62de1f2af8294d40"}
{"index": {"_index":"beer","_id":"2135421"}}
	{"id":2135421,"type":"sell","buyer":"blue.rabbit","seller":"thatcryptodave","symbol":"BEER","quantity":"3.05000000","price":"0.12000000","timestamp":1638145653,"volume":"0.36600000","buyTxId":"2a85a0cd7d1c26b71b98d6200f23eb9fbbec3594","sellTxId":"eab9f19f8f126290fa3807776e57cbd8940bdd55"}
{"index": {"_index":"beer","_id":"2135950"}}
	{"id":2135950,"type":"sell","buyer":"blue.rabbit","seller":"rmsadkri","symbol":"BEER","quantity":"1.342","price":"0.12000000","timestamp":1638150840,"volume":"0.16104000","buyTxId":"2a85a0cd7d1c26b71b98d6200f23eb9fbbec3594","sellTxId":"38aaed7ff9a40e04f862058bebd598c547bf8973"}
{"index": {"_index":"beer","_id":"2136175"}}
	{"id":2136175,"type":"sell","buyer":"blue.rabbit","seller":"chrismadcboy2016","symbol":"BEER","quantity":"9.32262766","price":"0.12000000","timestamp":1638154497,"volume":"1.11871532","buyTxId":"2a85a0cd7d1c26b71b98d6200f23eb9fbbec3594","sellTxId":"a86d67dbe4dcfbe62ca83cbf147ab789f3788d34"}
