{"index": {"_index":"beer","_id":"1189907"}}
	{"id":1189907,"type":"sell","buyer":"rivalzzz","seller":"mafia.wallet","symbol":"BEER","quantity":"0.056","price":"0.21180000","timestamp":1625268780,"volume":"0.01186080","buyTxId":"0fb0fa01467c4a2ce668c072dab2dfb04839d1c5","sellTxId":"b7c4763476628a640fa968a37bb77c5f935753b0-2"}
{"index": {"_index":"beer","_id":"1190292"}}
	{"id":1190292,"type":"sell","buyer":"rivalzzz","seller":"steemstreems","symbol":"BEER","quantity":"0.01100000","price":"0.21180000","timestamp":1625276292,"volume":"0.00232980","buyTxId":"0fb0fa01467c4a2ce668c072dab2dfb04839d1c5","sellTxId":"efe1d9a048cdcfaa7b5c1a44c2b6f29dcebaba62"}
{"index": {"_index":"beer","_id":"1190718"}}
	{"id":1190718,"type":"buy","buyer":"stevescoins","seller":"cloudblade","symbol":"BEER","quantity":"24.00000000","price":"0.24688000","timestamp":1625285097,"volume":"5.92512000","buyTxId":"af761c39a7788fb874bac0fc0f820ce2706a5d5d","sellTxId":"7cec5471fafe322e347c886540fabb3f34ac0a1c"}
{"index": {"_index":"beer","_id":"1190902"}}
	{"id":1190902,"type":"sell","buyer":"rivalzzz","seller":"nftmart.fees","symbol":"BEER","quantity":"1.00000000","price":"0.21180000","timestamp":1625290119,"volume":"0.21180000","buyTxId":"0fb0fa01467c4a2ce668c072dab2dfb04839d1c5","sellTxId":"e3881625086b330920ead4624850e593b69b98a2"}
{"index": {"_index":"beer","_id":"1191075"}}
	{"id":1191075,"type":"sell","buyer":"rivalzzz","seller":"vcelier","symbol":"BEER","quantity":"0.08600000","price":"0.21180000","timestamp":1625295696,"volume":"0.01821480","buyTxId":"0fb0fa01467c4a2ce668c072dab2dfb04839d1c5","sellTxId":"68fcc812b6007a7fa67e6ad7addf16f78b67a8c6"}
{"index": {"_index":"beer","_id":"1191151"}}
	{"id":1191151,"type":"sell","buyer":"rivalzzz","seller":"nerdtopiade","symbol":"BEER","quantity":"5.37500000","price":"0.21180000","timestamp":1625298126,"volume":"1.13842500","buyTxId":"0fb0fa01467c4a2ce668c072dab2dfb04839d1c5","sellTxId":"593f129b8d8be4b5ac104ac88a0be52bdc02f103"}
{"index": {"_index":"beer","_id":"1191276"}}
	{"id":1191276,"type":"sell","buyer":"rivalzzz","seller":"heyantomei","symbol":"BEER","quantity":"0.33300000","price":"0.21180000","timestamp":1625303022,"volume":"0.07052940","buyTxId":"0fb0fa01467c4a2ce668c072dab2dfb04839d1c5","sellTxId":"8a73c25e8883e54f25031ee13a2d6dbaa9bfd578"}
{"index": {"_index":"beer","_id":"1191465"}}
	{"id":1191465,"type":"sell","buyer":"rivalzzz","seller":"forexbrokr","symbol":"BEER","quantity":"0.02500000","price":"0.21180000","timestamp":1625314191,"volume":"0.00529500","buyTxId":"0fb0fa01467c4a2ce668c072dab2dfb04839d1c5","sellTxId":"6e19d09b618ba0688e6fe4b02efef55957a60b6f"}
{"index": {"_index":"beer","_id":"1191733"}}
	{"id":1191733,"type":"sell","buyer":"rivalzzz","seller":"thatsweeneyguy","symbol":"BEER","quantity":"1.40251444","price":"0.21180000","timestamp":1625323362,"volume":"0.29705256","buyTxId":"0fb0fa01467c4a2ce668c072dab2dfb04839d1c5","sellTxId":"f022f9834837424cc56aae0227f27ed88dcce044"}
{"index": {"_index":"beer","_id":"1192225"}}
	{"id":1192225,"type":"sell","buyer":"rivalzzz","seller":"fantasycrypto","symbol":"BEER","quantity":"0.37800000","price":"0.21180000","timestamp":1625340267,"volume":"0.08006040","buyTxId":"0fb0fa01467c4a2ce668c072dab2dfb04839d1c5","sellTxId":"ea6c3a5e0c3f2a2bfa98b882a2662a364e3cac2b"}
{"index": {"_index":"beer","_id":"1192240"}}
	{"id":1192240,"type":"sell","buyer":"rivalzzz","seller":"jjprac","symbol":"BEER","quantity":"0.38930345","price":"0.21180000","timestamp":1625340966,"volume":"0.08245447","buyTxId":"0fb0fa01467c4a2ce668c072dab2dfb04839d1c5","sellTxId":"5b4c996938c20aeec75d7a6a62a70d87b8eb37ef"}
{"index": {"_index":"beer","_id":"1192438"}}
	{"id":1192438,"type":"sell","buyer":"rivalzzz","seller":"deathwing","symbol":"BEER","quantity":"0.007","price":"0.21180000","timestamp":1625345706,"volume":"0.00148260","buyTxId":"0fb0fa01467c4a2ce668c072dab2dfb04839d1c5","sellTxId":"acc49a7f3f94253b1eef208e8a10a9c625a9823e-3"}
{"index": {"_index":"beer","_id":"1192482"}}
	{"id":1192482,"type":"sell","buyer":"rivalzzz","seller":"danewilliams","symbol":"BEER","quantity":"0.11000000","price":"0.21180000","timestamp":1625347260,"volume":"0.02329800","buyTxId":"0fb0fa01467c4a2ce668c072dab2dfb04839d1c5","sellTxId":"3a5e84d85a86a1fe7fa6a7676663ce445b44d11e"}
{"index": {"_index":"beer","_id":"1192584"}}
	{"id":1192584,"type":"sell","buyer":"rivalzzz","seller":"steemstreems","symbol":"BEER","quantity":"0.01100000","price":"0.21180000","timestamp":1625352159,"volume":"0.00232980","buyTxId":"0fb0fa01467c4a2ce668c072dab2dfb04839d1c5","sellTxId":"e46997460c8f00d9091ddb7f64660677ddc1283b"}
{"index": {"_index":"beer","_id":"1192639"}}
	{"id":1192639,"type":"sell","buyer":"rivalzzz","seller":"vcelier","symbol":"BEER","quantity":"0.08500000","price":"0.21180000","timestamp":1625354451,"volume":"0.01800300","buyTxId":"0fb0fa01467c4a2ce668c072dab2dfb04839d1c5","sellTxId":"b3c737877fd0ad2e4e566ae290763391628b2f24"}
