{"index": {"_index":"beer","_id":"1976614"}}
	{"id":1976614,"type":"sell","buyer":"roger.remix","seller":"eythorphoto","symbol":"BEER","quantity":"0.01200000","price":"0.17500000","timestamp":1636850319,"volume":"0.00210000","buyTxId":"1dd3626a37f035ddf2f97e2d54cb88ac85a811de","sellTxId":"69a662535feafb8aa5344be9ab8bb3e6c9c8ebfc"}
{"index": {"_index":"beer","_id":"1976926"}}
	{"id":1976926,"type":"sell","buyer":"roger.remix","seller":"justinparke","symbol":"BEER","quantity":"0.7985","price":"0.17500000","timestamp":1636853052,"volume":"0.13973750","buyTxId":"1dd3626a37f035ddf2f97e2d54cb88ac85a811de","sellTxId":"1e85c288e62583e7b9d26fab2d1eab1dabeae4b8"}
{"index": {"_index":"beer","_id":"1977524"}}
	{"id":1977524,"type":"sell","buyer":"roger.remix","seller":"mafia.wallet","symbol":"BEER","quantity":"0.036","price":"0.17500000","timestamp":1636859652,"volume":"0.00630000","buyTxId":"1dd3626a37f035ddf2f97e2d54cb88ac85a811de","sellTxId":"1cdb4bf16700628f6a1c2c5d9166afc4bd303274-2"}
{"index": {"_index":"beer","_id":"1977928"}}
	{"id":1977928,"type":"sell","buyer":"roger.remix","seller":"thesimguru","symbol":"BEER","quantity":"1.29900000","price":"0.17500000","timestamp":1636864932,"volume":"0.22732500","buyTxId":"1dd3626a37f035ddf2f97e2d54cb88ac85a811de","sellTxId":"4ec14f77e551098b8e05eb010d078c3f3dbae42f"}
{"index": {"_index":"beer","_id":"1978359"}}
	{"id":1978359,"type":"sell","buyer":"roger.remix","seller":"muenchen","symbol":"BEER","quantity":"0.16100000","price":"0.17500000","timestamp":1636869930,"volume":"0.02817500","buyTxId":"1dd3626a37f035ddf2f97e2d54cb88ac85a811de","sellTxId":"e92e0a4fbe0d50132cc6e565180ed6dc4f893813"}
{"index": {"_index":"beer","_id":"1978873"}}
	{"id":1978873,"type":"sell","buyer":"roger.remix","seller":"elevator09","symbol":"BEER","quantity":"0.06200000","price":"0.17500000","timestamp":1636873302,"volume":"0.01085000","buyTxId":"1dd3626a37f035ddf2f97e2d54cb88ac85a811de","sellTxId":"53d1a117f972abfd39398944708008a2aac3ed02"}
{"index": {"_index":"beer","_id":"1978963"}}
	{"id":1978963,"type":"sell","buyer":"roger.remix","seller":"krakonos","symbol":"BEER","quantity":"5.03288007","price":"0.17500000","timestamp":1636874124,"volume":"0.88075401","buyTxId":"1dd3626a37f035ddf2f97e2d54cb88ac85a811de","sellTxId":"bb0a0a654046aed67e7c8034a9c51a77625b8e03"}
{"index": {"_index":"beer","_id":"1978964"}}
	{"id":1978964,"type":"sell","buyer":"roger.remix","seller":"krakonos","symbol":"BEER","quantity":"1.92787233","price":"0.16999490","timestamp":1636874124,"volume":"0.32772846","buyTxId":"a8a6667121a08db7759f7c2d57581e8a8ac0fb85","sellTxId":"bb0a0a654046aed67e7c8034a9c51a77625b8e03"}
{"index": {"_index":"beer","_id":"1979465"}}
	{"id":1979465,"type":"sell","buyer":"frandolo99","seller":"wulff-media","symbol":"BEER","quantity":"0.23750000","price":"0.16780000","timestamp":1636878231,"volume":"0.03985250","buyTxId":"e08d38ecb03079cfff0024e30e3587f918a4ad23","sellTxId":"7ef0ff0de0885cb74728fbc5bf3bdc6d82e84220"}
{"index": {"_index":"beer","_id":"1979927"}}
	{"id":1979927,"type":"sell","buyer":"frandolo99","seller":"itharagaian","symbol":"BEER","quantity":"0.00200000","price":"0.16780000","timestamp":1636882416,"volume":"0.00033560","buyTxId":"e08d38ecb03079cfff0024e30e3587f918a4ad23","sellTxId":"645b34f369bedaa0996cc2a5c4eb732f18db1e8d"}
{"index": {"_index":"beer","_id":"1980475"}}
	{"id":1980475,"type":"sell","buyer":"frandolo99","seller":"makeitreal95","symbol":"BEER","quantity":"0.13","price":"0.16780000","timestamp":1636887999,"volume":"0.02181400","buyTxId":"e08d38ecb03079cfff0024e30e3587f918a4ad23","sellTxId":"8a1ae2cbdd90ce45e779bd401ebf1ef0b4256422"}
{"index": {"_index":"beer","_id":"1980839"}}
	{"id":1980839,"type":"sell","buyer":"frandolo99","seller":"fredfettmeister","symbol":"BEER","quantity":"1.00000000","price":"0.16780000","timestamp":1636891461,"volume":"0.16780000","buyTxId":"e08d38ecb03079cfff0024e30e3587f918a4ad23","sellTxId":"ebceb15beed9f026502a9ff2b2eab607a55f9f58"}
{"index": {"_index":"beer","_id":"1981313"}}
	{"id":1981313,"type":"buy","buyer":"detlev","seller":"krakonos","symbol":"BEER","quantity":"0.21576700","price":"0.16999000","timestamp":1636894695,"volume":"0.03667823","buyTxId":"5ddd7e03df31a0e38537e76c5403b7641296dde8","sellTxId":"bb0a0a654046aed67e7c8034a9c51a77625b8e03"}
{"index": {"_index":"beer","_id":"1981317"}}
	{"id":1981317,"type":"buy","buyer":"detlev","seller":"krakonos","symbol":"BEER","quantity":"0.00000060","price":"0.16999000","timestamp":1636894806,"volume":"0.00000010","buyTxId":"82933943af0bcda33e5df993ad1dff69c2fd7634","sellTxId":"bb0a0a654046aed67e7c8034a9c51a77625b8e03"}
{"index": {"_index":"beer","_id":"1981416"}}
	{"id":1981416,"type":"buy","buyer":"detlev","seller":"harveyword","symbol":"BEER","quantity":"4.00000000","price":"0.18800000","timestamp":1636895766,"volume":"0.75200000","buyTxId":"beccf5b9a44d28108aa30cadd5c5e029fdbf0b1a","sellTxId":"1e7db8107ec54ca430fd15bfdbca6325c4f3bc1a"}
{"index": {"_index":"beer","_id":"1981432"}}
	{"id":1981432,"type":"buy","buyer":"detlev","seller":"jjprac","symbol":"BEER","quantity":"0.45139900","price":"0.19000000","timestamp":1636895961,"volume":"0.08576581","buyTxId":"f48fe9bd22cc6e610791bb8b44ffb0ef0d8fc22a","sellTxId":"ab533d5983905fd0e5b8b1e1aa91ac9adcb7b17a"}
{"index": {"_index":"beer","_id":"1981913"}}
	{"id":1981913,"type":"buy","buyer":"detlev","seller":"jjprac","symbol":"BEER","quantity":"0.00000017","price":"0.19000000","timestamp":1636899771,"volume":"0.00000003","buyTxId":"f2d6b9b6ef791e6010bfd682aa87db3ffa6e08b3","sellTxId":"ab533d5983905fd0e5b8b1e1aa91ac9adcb7b17a"}
{"index": {"_index":"beer","_id":"1981920"}}
	{"id":1981920,"type":"buy","buyer":"detlev","seller":"rilo","symbol":"BEER","quantity":"0.10000000","price":"0.24400000","timestamp":1636899837,"volume":"0.02440000","buyTxId":"480066ca0943e7943521159374934619c42fffc5","sellTxId":"4542f88bc2c967016d1b4d6ade2a6e0bd1701068"}
{"index": {"_index":"beer","_id":"1982068"}}
	{"id":1982068,"type":"sell","buyer":"detlev","seller":"drutter","symbol":"BEER","quantity":"0.05000000","price":"0.21800000","timestamp":1636900863,"volume":"0.01090000","buyTxId":"0e58ac0b6e44fa901c17bad5b2d5c87c0138b62c","sellTxId":"7ec716f428b54cecfdce01d8f3fcd4603ff9c0a4"}
{"index": {"_index":"beer","_id":"1982451"}}
	{"id":1982451,"type":"buy","buyer":"detlev","seller":"rilo","symbol":"BEER","quantity":"0.10000000","price":"0.24400000","timestamp":1636904145,"volume":"0.02440000","buyTxId":"2cde87e98279d1d1b3dc5031aba5e42b764cbdcd","sellTxId":"4542f88bc2c967016d1b4d6ade2a6e0bd1701068"}
{"index": {"_index":"beer","_id":"1982867"}}
	{"id":1982867,"type":"sell","buyer":"detlev","seller":"steemstreems","symbol":"BEER","quantity":"0.014","price":"0.21800000","timestamp":1636907274,"volume":"0.00305200","buyTxId":"0e58ac0b6e44fa901c17bad5b2d5c87c0138b62c","sellTxId":"1c0a162d998e43eb76951bb9d47f7109d60bb873"}
{"index": {"_index":"beer","_id":"1983042"}}
	{"id":1983042,"type":"sell","buyer":"detlev","seller":"miketr","symbol":"BEER","quantity":"10.00000000","price":"0.21800000","timestamp":1636908114,"volume":"2.18000000","buyTxId":"0e58ac0b6e44fa901c17bad5b2d5c87c0138b62c","sellTxId":"2b568cbe233c3fb16ec58b0ba12d35f6f321f4ea"}
{"index": {"_index":"beer","_id":"1983082"}}
	{"id":1983082,"type":"sell","buyer":"detlev","seller":"lotto-de","symbol":"BEER","quantity":"20.50000000","price":"0.21800000","timestamp":1636908444,"volume":"4.46900000","buyTxId":"0e58ac0b6e44fa901c17bad5b2d5c87c0138b62c","sellTxId":"e26723b78e83bed9a0653b821f2f0ffd5470ff61"}
{"index": {"_index":"beer","_id":"1983454"}}
	{"id":1983454,"type":"buy","buyer":"d00k13","seller":"rilo","symbol":"BEER","quantity":"8.23300000","price":"0.24400000","timestamp":1636910088,"volume":"2.00885200","buyTxId":"beb5e416f140016f5d8bf9a15e792007a797ea7f","sellTxId":"4542f88bc2c967016d1b4d6ade2a6e0bd1701068"}
{"index": {"_index":"beer","_id":"1983455"}}
	{"id":1983455,"type":"buy","buyer":"d00k13","seller":"miketr","symbol":"BEER","quantity":"9.81170911","price":"0.24500000","timestamp":1636910088,"volume":"2.40386873","buyTxId":"beb5e416f140016f5d8bf9a15e792007a797ea7f","sellTxId":"7b6dc3bbdbdf1152edc06b8179f9387b13ee3cef"}
{"index": {"_index":"beer","_id":"1983456"}}
	{"id":1983456,"type":"buy","buyer":"d00k13","seller":"condeas","symbol":"BEER","quantity":"10.95529089","price":"0.24600000","timestamp":1636910088,"volume":"2.69500156","buyTxId":"beb5e416f140016f5d8bf9a15e792007a797ea7f","sellTxId":"eb9787d440eb25800af383137dd7fc24009b3260"}
{"index": {"_index":"beer","_id":"1983784"}}
	{"id":1983784,"type":"sell","buyer":"detlev","seller":"miketr","symbol":"BEER","quantity":"4.00000000","price":"0.21800000","timestamp":1636912335,"volume":"0.87200000","buyTxId":"0e58ac0b6e44fa901c17bad5b2d5c87c0138b62c","sellTxId":"19855f14012f500e113468e563b92730ef65ddd2"}
{"index": {"_index":"beer","_id":"1983868"}}
	{"id":1983868,"type":"sell","buyer":"detlev","seller":"marfonso","symbol":"BEER","quantity":"0.43600000","price":"0.21800000","timestamp":1636912587,"volume":"0.09504800","buyTxId":"0e58ac0b6e44fa901c17bad5b2d5c87c0138b62c","sellTxId":"4ef02354062a5b197c82affcb3ff5da5b6442932"}
{"index": {"_index":"beer","_id":"1983869"}}
	{"id":1983869,"type":"sell","buyer":"felixgarciap","seller":"marfonso","symbol":"BEER","quantity":"0.46698931","price":"0.21800000","timestamp":1636912587,"volume":"0.10180367","buyTxId":"f4d34cd9304274f18772ad881e80f14dbfa71550","sellTxId":"4ef02354062a5b197c82affcb3ff5da5b6442932"}
{"index": {"_index":"beer","_id":"1984019"}}
	{"id":1984019,"type":"buy","buyer":"detlev","seller":"ironshield","symbol":"BEER","quantity":"0.10000000","price":"0.24599000","timestamp":1636912929,"volume":"0.02459900","buyTxId":"9b4b11150bd3b118eacad5cc5323ced1b9b7d527","sellTxId":"1df6db1b7e279635fad7098613ca8e6987c05e4e"}
{"index": {"_index":"beer","_id":"1984093"}}
	{"id":1984093,"type":"sell","buyer":"felixgarciap","seller":"tomhall","symbol":"BEER","quantity":"11.53301069","price":"0.21800000","timestamp":1636913430,"volume":"2.51419633","buyTxId":"f4d34cd9304274f18772ad881e80f14dbfa71550","sellTxId":"808255219235f73651577775ad7e9bc8ffc68e4d"}
{"index": {"_index":"beer","_id":"1984094"}}
	{"id":1984094,"type":"sell","buyer":"detlev","seller":"tomhall","symbol":"BEER","quantity":"20.46698931","price":"0.19800000","timestamp":1636913430,"volume":"4.05246388","buyTxId":"dae94c392d830110dee722771234c5eb9a38a78c","sellTxId":"808255219235f73651577775ad7e9bc8ffc68e4d"}
{"index": {"_index":"beer","_id":"1984109"}}
	{"id":1984109,"type":"sell","buyer":"detlev","seller":"lightcaptured","symbol":"BEER","quantity":"0.53301069","price":"0.19800000","timestamp":1636913523,"volume":"0.10553612","buyTxId":"dae94c392d830110dee722771234c5eb9a38a78c","sellTxId":"43a664b343178a71dda2a07608917dfd7a136d53"}
{"index": {"_index":"beer","_id":"1984110"}}
	{"id":1984110,"type":"sell","buyer":"detlev","seller":"lightcaptured","symbol":"BEER","quantity":"0.65557703","price":"0.18800000","timestamp":1636913523,"volume":"0.12324848","buyTxId":"382abf261b1d70d452a1546055162787dc43a202","sellTxId":"43a664b343178a71dda2a07608917dfd7a136d53"}
{"index": {"_index":"beer","_id":"1984517"}}
	{"id":1984517,"type":"sell","buyer":"detlev","seller":"muenchen","symbol":"BEER","quantity":"0.05300000","price":"0.18800000","timestamp":1636916190,"volume":"0.00996400","buyTxId":"382abf261b1d70d452a1546055162787dc43a202","sellTxId":"410ca4595f95c6f6fc4661e0d8a621bbe812d2b2"}
{"index": {"_index":"beer","_id":"1984820"}}
	{"id":1984820,"type":"buy","buyer":"detlev","seller":"ironshield","symbol":"BEER","quantity":"0.10000000","price":"0.24599000","timestamp":1636916769,"volume":"0.02459900","buyTxId":"d77c57b8ce19217cb5ccde4beea1daf1dfaa9fa4","sellTxId":"1df6db1b7e279635fad7098613ca8e6987c05e4e"}
{"index": {"_index":"beer","_id":"1984934"}}
	{"id":1984934,"type":"sell","buyer":"detlev","seller":"steemshiro","symbol":"BEER","quantity":"11.00000000","price":"0.22599000","timestamp":1636917741,"volume":"2.48589000","buyTxId":"91d24b60f033bb3ecee29326c9cf1d4893de6246","sellTxId":"8d2f16062a64213bfb80b3374fe3c718eb6870dc"}
{"index": {"_index":"beer","_id":"1985017"}}
	{"id":1985017,"type":"sell","buyer":"detlev","seller":"ugochill","symbol":"BEER","quantity":"0.00615861","price":"0.18800000","timestamp":1636918200,"volume":"0.00115782","buyTxId":"382abf261b1d70d452a1546055162787dc43a202","sellTxId":"c1be6be6305610e3ad8fdb5713723597a463fbe4"}
{"index": {"_index":"beer","_id":"1985890"}}
	{"id":1985890,"type":"buy","buyer":"detlev","seller":"ugochill","symbol":"BEER","quantity":"0.10000000","price":"0.24000000","timestamp":1636923708,"volume":"0.02400000","buyTxId":"414be58cdf91d6f3e51204582bb2d930f37b48a7","sellTxId":"ae64972d808736c1e174c536c91b191990066462"}
{"index": {"_index":"beer","_id":"1985897"}}
	{"id":1985897,"type":"buy","buyer":"detlev","seller":"ugochill","symbol":"BEER","quantity":"0.10000000","price":"0.24000000","timestamp":1636923750,"volume":"0.02400000","buyTxId":"38c5e91a08ce6b6c2b48b91ad78c88fcca1b6f09","sellTxId":"ae64972d808736c1e174c536c91b191990066462"}
{"index": {"_index":"beer","_id":"1986401"}}
	{"id":1986401,"type":"sell","buyer":"ylich","seller":"steemstreems","symbol":"BEER","quantity":"0.007","price":"0.21000000","timestamp":1636926918,"volume":"0.00147000","buyTxId":"c9e9358c690e25a0d2efe44986213d0926926e96","sellTxId":"450b9b76391d56f6a184c648083992038827ffb6"}
{"index": {"_index":"beer","_id":"1986716"}}
	{"id":1986716,"type":"sell","buyer":"ylich","seller":"mafia.wallet","symbol":"BEER","quantity":"0.036","price":"0.21000000","timestamp":1636930206,"volume":"0.00756000","buyTxId":"c9e9358c690e25a0d2efe44986213d0926926e96","sellTxId":"e4d0abc0323a856bcfa8281984e5c9ad46bbe2aa-2"}
{"index": {"_index":"beer","_id":"1987093"}}
	{"id":1987093,"type":"buy","buyer":"pouchon","seller":"ugochill","symbol":"BEER","quantity":"1.32000000","price":"0.24000000","timestamp":1636932975,"volume":"0.31680000","buyTxId":"636d0787e2e9335cc85612ac5172df1011a5d2ea","sellTxId":"ae64972d808736c1e174c536c91b191990066462"}
{"index": {"_index":"beer","_id":"1987094"}}
	{"id":1987094,"type":"buy","buyer":"pouchon","seller":"ironshield","symbol":"BEER","quantity":"3.68000000","price":"0.24599000","timestamp":1636932975,"volume":"0.90524320","buyTxId":"636d0787e2e9335cc85612ac5172df1011a5d2ea","sellTxId":"1df6db1b7e279635fad7098613ca8e6987c05e4e"}
{"index": {"_index":"beer","_id":"1987411"}}
	{"id":1987411,"type":"sell","buyer":"ylich","seller":"steem.services","symbol":"BEER","quantity":"0.87100000","price":"0.21000000","timestamp":1636935561,"volume":"0.18291000","buyTxId":"c9e9358c690e25a0d2efe44986213d0926926e96","sellTxId":"5b379ffcb0e339a6d7f58d7107f131b7a44a9c1b"}
