{"index": {"_index":"beer","_id":"1360682"}}
	{"id":1360682,"type":"sell","buyer":"master-lamps","seller":"deathwing","symbol":"BEER","quantity":"0.006","price":"0.19706101","timestamp":1629060906,"volume":"0.00118237","buyTxId":"38b3fc1bf0a0f5fe32b6f58028a09d30b4a3ac6a","sellTxId":"d81c897b7ce540fd4af629d5affcc969cf052e99-3"}
{"index": {"_index":"beer","_id":"1361148"}}
	{"id":1361148,"type":"sell","buyer":"master-lamps","seller":"elevator09","symbol":"BEER","quantity":"0.08000000","price":"0.19706101","timestamp":1629070311,"volume":"0.01576488","buyTxId":"38b3fc1bf0a0f5fe32b6f58028a09d30b4a3ac6a","sellTxId":"3e0fb3dba1927c6350212c5fb85ae93f25695615"}
{"index": {"_index":"beer","_id":"1362783"}}
	{"id":1362783,"type":"sell","buyer":"master-lamps","seller":"tomathomas0","symbol":"BEER","quantity":"0.05100000","price":"0.19706101","timestamp":1629094278,"volume":"0.01005011","buyTxId":"38b3fc1bf0a0f5fe32b6f58028a09d30b4a3ac6a","sellTxId":"b08c398259184c2e2b23e3df04f201969b6ef2aa"}
{"index": {"_index":"beer","_id":"1362870"}}
	{"id":1362870,"type":"sell","buyer":"master-lamps","seller":"vcelier","symbol":"BEER","quantity":"0.14300000","price":"0.19706101","timestamp":1629095622,"volume":"0.02817972","buyTxId":"38b3fc1bf0a0f5fe32b6f58028a09d30b4a3ac6a","sellTxId":"9fba69ad09d36fbc20e66b6f608d7c6b0e1c10e9"}
{"index": {"_index":"beer","_id":"1363587"}}
	{"id":1363587,"type":"buy","buyer":"uthantzin","seller":"master-lamps","symbol":"BEER","quantity":"0.05100000","price":"0.21996978","timestamp":1629108444,"volume":"0.01121846","buyTxId":"5bf177f02dcd360baa3b239ff2a86b76990a5809","sellTxId":"a3371de0e8dfb6564bbcc6ad2dfb5f4849df76b9"}
{"index": {"_index":"beer","_id":"1363588"}}
	{"id":1363588,"type":"buy","buyer":"uthantzin","seller":"master-lamps","symbol":"BEER","quantity":"0.08000000","price":"0.21996979","timestamp":1629108444,"volume":"0.01759758","buyTxId":"5bf177f02dcd360baa3b239ff2a86b76990a5809","sellTxId":"20d37be0f090c198741834b262689f5e14b8825b"}
{"index": {"_index":"beer","_id":"1363589"}}
	{"id":1363589,"type":"buy","buyer":"uthantzin","seller":"master-lamps","symbol":"BEER","quantity":"0.14300000","price":"0.21996987","timestamp":1629108444,"volume":"0.03145569","buyTxId":"5bf177f02dcd360baa3b239ff2a86b76990a5809","sellTxId":"276fd64bc074b453564510b4637386b966517713"}
{"index": {"_index":"beer","_id":"1363590"}}
	{"id":1363590,"type":"buy","buyer":"uthantzin","seller":"master-lamps","symbol":"BEER","quantity":"6.02967000","price":"0.21996999","timestamp":1629108444,"volume":"1.32634645","buyTxId":"5bf177f02dcd360baa3b239ff2a86b76990a5809","sellTxId":"2e5565b7a4bb027532fa0d1150d4655f89021006"}
{"index": {"_index":"beer","_id":"1363591"}}
	{"id":1363591,"type":"buy","buyer":"uthantzin","seller":"master-lamps","symbol":"BEER","quantity":"0.03100000","price":"0.21996999","timestamp":1629108444,"volume":"0.00681907","buyTxId":"5bf177f02dcd360baa3b239ff2a86b76990a5809","sellTxId":"f46206fed7d72a964f66bd67c25e0e9b535eee0b"}
{"index": {"_index":"beer","_id":"1363592"}}
	{"id":1363592,"type":"buy","buyer":"uthantzin","seller":"chekohler","symbol":"BEER","quantity":"4.61984973","price":"0.21997000","timestamp":1629108444,"volume":"1.01622835","buyTxId":"5bf177f02dcd360baa3b239ff2a86b76990a5809","sellTxId":"150feb32cc99afb074ffabea4a42394f47a56452"}
{"index": {"_index":"beer","_id":"1363593"}}
	{"id":1363593,"type":"buy","buyer":"uthantzin","seller":"master-lamps","symbol":"BEER","quantity":"2.38665899","price":"0.21997999","timestamp":1629108444,"volume":"0.52501722","buyTxId":"5bf177f02dcd360baa3b239ff2a86b76990a5809","sellTxId":"0a396244801ccccfb84d0ab6b071819a558d11f4"}
{"index": {"_index":"beer","_id":"1363594"}}
	{"id":1363594,"type":"buy","buyer":"uthantzin","seller":"cloudblade","symbol":"BEER","quantity":"3.73501673","price":"0.21998000","timestamp":1629108444,"volume":"0.82162898","buyTxId":"5bf177f02dcd360baa3b239ff2a86b76990a5809","sellTxId":"0d2c385b1ca8f6638ef38039eca83715192a1f59"}
{"index": {"_index":"beer","_id":"1363595"}}
	{"id":1363595,"type":"buy","buyer":"uthantzin","seller":"woelfchen","symbol":"BEER","quantity":"2.59923780","price":"0.21998000","timestamp":1629108444,"volume":"0.57178033","buyTxId":"5bf177f02dcd360baa3b239ff2a86b76990a5809","sellTxId":"9e074a2d911c3832df42091c5cfe8dc8a4234aa5"}
{"index": {"_index":"beer","_id":"1363596"}}
	{"id":1363596,"type":"buy","buyer":"uthantzin","seller":"oscarps","symbol":"BEER","quantity":"0.53750257","price":"0.21998000","timestamp":1629108444,"volume":"0.11823982","buyTxId":"5bf177f02dcd360baa3b239ff2a86b76990a5809","sellTxId":"f8f703a15f541eaf5e64dd42ba28a34af5831c3a"}
{"index": {"_index":"beer","_id":"1363597"}}
	{"id":1363597,"type":"buy","buyer":"uthantzin","seller":"rollie1212","symbol":"BEER","quantity":"11.60863737","price":"0.21998000","timestamp":1629108444,"volume":"2.55366805","buyTxId":"5bf177f02dcd360baa3b239ff2a86b76990a5809","sellTxId":"220b727f949a913e9b37e5188d01f9418c4ce4a9"}
{"index": {"_index":"beer","_id":"1363617"}}
	{"id":1363617,"type":"sell","buyer":"master-lamps","seller":"kizumo","symbol":"BEER","quantity":"1.68144005","price":"0.19706101","timestamp":1629108990,"volume":"0.33134627","buyTxId":"38b3fc1bf0a0f5fe32b6f58028a09d30b4a3ac6a","sellTxId":"221fa842fdb6ea4bf78d33fb5e2668931487850b"}
{"index": {"_index":"beer","_id":"1363909"}}
	{"id":1363909,"type":"sell","buyer":"master-lamps","seller":"demotruk","symbol":"BEER","quantity":"0.07500000","price":"0.19706101","timestamp":1629113277,"volume":"0.01477958","buyTxId":"38b3fc1bf0a0f5fe32b6f58028a09d30b4a3ac6a","sellTxId":"4da514d706b934634b88fc9233f37186162970bc"}
{"index": {"_index":"beer","_id":"1363913"}}
	{"id":1363913,"type":"sell","buyer":"master-lamps","seller":"onealfa","symbol":"BEER","quantity":"0.042","price":"0.19706101","timestamp":1629113298,"volume":"0.00827656","buyTxId":"38b3fc1bf0a0f5fe32b6f58028a09d30b4a3ac6a","sellTxId":"75462ee8b9aa9939560808758f0ba8832ce07c3e"}
{"index": {"_index":"beer","_id":"1363973"}}
	{"id":1363973,"type":"sell","buyer":"master-lamps","seller":"itharagaian","symbol":"BEER","quantity":"0.00200000","price":"0.19706101","timestamp":1629114588,"volume":"0.00039412","buyTxId":"38b3fc1bf0a0f5fe32b6f58028a09d30b4a3ac6a","sellTxId":"a1c4a641a792bf07098f49a29e6f896127e76135"}
{"index": {"_index":"beer","_id":"1364347"}}
	{"id":1364347,"type":"sell","buyer":"master-lamps","seller":"lrekt01","symbol":"BEER","quantity":"0.01200000","price":"0.19706101","timestamp":1629120141,"volume":"0.00236473","buyTxId":"38b3fc1bf0a0f5fe32b6f58028a09d30b4a3ac6a","sellTxId":"8310d1dd847b279ae4adcfbdbb75225e061ad503"}
{"index": {"_index":"beer","_id":"1365117"}}
	{"id":1365117,"type":"buy","buyer":"moonthumb","seller":"master-lamps","symbol":"BEER","quantity":"1.73144005","price":"0.21997999","timestamp":1629129468,"volume":"0.38088216","buyTxId":"3590d279da228702ab04e8333b36e365eb884b28","sellTxId":"59d19e74ecdc729b65f609477caa84806748e607"}
{"index": {"_index":"beer","_id":"1365118"}}
	{"id":1365118,"type":"buy","buyer":"moonthumb","seller":"master-lamps","symbol":"BEER","quantity":"0.11900000","price":"0.21997999","timestamp":1629129468,"volume":"0.02617762","buyTxId":"3590d279da228702ab04e8333b36e365eb884b28","sellTxId":"ac180ec2ce65f2ce62b37337f3bbfd5f901aff5c"}
{"index": {"_index":"beer","_id":"1365151"}}
	{"id":1365151,"type":"buy","buyer":"moonthumb","seller":"rollie1212","symbol":"BEER","quantity":"18.00000000","price":"0.21998000","timestamp":1629129708,"volume":"3.95964000","buyTxId":"3014e62ee15dc689295df4a0b41b75c6abf059e8","sellTxId":"220b727f949a913e9b37e5188d01f9418c4ce4a9"}
{"index": {"_index":"beer","_id":"1365392"}}
	{"id":1365392,"type":"sell","buyer":"master-lamps","seller":"tanzofett","symbol":"BEER","quantity":"0.07611935","price":"0.19706101","timestamp":1629131232,"volume":"0.01500016","buyTxId":"38b3fc1bf0a0f5fe32b6f58028a09d30b4a3ac6a","sellTxId":"ab17da95c71ff3067e71db6f43dcb2ba7325216c"}
{"index": {"_index":"beer","_id":"1366546"}}
	{"id":1366546,"type":"sell","buyer":"master-lamps","seller":"jjprac","symbol":"BEER","quantity":"0.61793330","price":"0.19706101","timestamp":1629142731,"volume":"0.12177056","buyTxId":"38b3fc1bf0a0f5fe32b6f58028a09d30b4a3ac6a","sellTxId":"799c13d5f2445e0d9adad0c89373467f3d380dbf"}
{"index": {"_index":"beer","_id":"1366935"}}
	{"id":1366935,"type":"sell","buyer":"master-lamps","seller":"mafia.wallet","symbol":"BEER","quantity":"0.141","price":"0.19706101","timestamp":1629146484,"volume":"0.02778560","buyTxId":"38b3fc1bf0a0f5fe32b6f58028a09d30b4a3ac6a","sellTxId":"0284aaae0e381a7fa3e4f63f87c63c429d1effa3-2"}
{"index": {"_index":"beer","_id":"1367032"}}
	{"id":1367032,"type":"sell","buyer":"master-lamps","seller":"deathwing","symbol":"BEER","quantity":"0.006","price":"0.19706101","timestamp":1629147306,"volume":"0.00118237","buyTxId":"38b3fc1bf0a0f5fe32b6f58028a09d30b4a3ac6a","sellTxId":"610491e2aeef2a0c59028a9cfa9498a444177128-3"}
