{"index": {"_index":"beer","_id":"1578783"}}
	{"id":1578783,"type":"sell","buyer":"detlev","seller":"ceridwen","symbol":"BEER","quantity":"0.22500000","price":"0.18000000","timestamp":1632531708,"volume":"0.04050000","buyTxId":"b888075c13f2d50ed9b5a1007e69258b749e285e","sellTxId":"d8a4d6d29f185357b36086b80a2dfb9962e4522d"}
{"index": {"_index":"beer","_id":"1579137"}}
	{"id":1579137,"type":"buy","buyer":"nastyforce","seller":"kaeptn-iglo","symbol":"BEER","quantity":"1.00000000","price":"0.20000000","timestamp":1632536535,"volume":"0.20000000","buyTxId":"ba5de5b016e0b291553f7536fd4489c90031ef6f","sellTxId":"a413a386fd6d5cff70ca5c77c95572e2f6e5dae0"}
{"index": {"_index":"beer","_id":"1579361"}}
	{"id":1579361,"type":"buy","buyer":"crypto-is-a-scam","seller":"kaeptn-iglo","symbol":"BEER","quantity":"6.97985010","price":"0.20000000","timestamp":1632539682,"volume":"1.39597002","buyTxId":"4bea9ad42f6227356b22bc27152e004ed613e4eb","sellTxId":"a413a386fd6d5cff70ca5c77c95572e2f6e5dae0"}
{"index": {"_index":"beer","_id":"1579921"}}
	{"id":1579921,"type":"buy","buyer":"roger.remix","seller":"kaeptn-iglo","symbol":"BEER","quantity":"14.44154865","price":"0.20000000","timestamp":1632548319,"volume":"2.88830973","buyTxId":"e4c9268d2b8d50f6a56ce44234679f9c990840e3","sellTxId":"a413a386fd6d5cff70ca5c77c95572e2f6e5dae0"}
{"index": {"_index":"beer","_id":"1579922"}}
	{"id":1579922,"type":"buy","buyer":"roger.remix","seller":"rynow","symbol":"BEER","quantity":"3.28428663","price":"0.21240000","timestamp":1632548319,"volume":"0.69758248","buyTxId":"e4c9268d2b8d50f6a56ce44234679f9c990840e3","sellTxId":"12ab5572bb823b0e171c051f4af5e7ddf1bd92f5"}
{"index": {"_index":"beer","_id":"1579924"}}
	{"id":1579924,"type":"buy","buyer":"roger.remix","seller":"master-lamps","symbol":"BEER","quantity":"0.06950000","price":"0.24998999","timestamp":1632548391,"volume":"0.01737430","buyTxId":"a8647f731b4bd65b392b155d7b573581b61111a7","sellTxId":"c2b83c7552ad89692066234ea0330484d67cb44b"}
{"index": {"_index":"beer","_id":"1579925"}}
	{"id":1579925,"type":"buy","buyer":"roger.remix","seller":"gaboamc2393","symbol":"BEER","quantity":"2.65165354","price":"0.24999900","timestamp":1632548391,"volume":"0.66291073","buyTxId":"a8647f731b4bd65b392b155d7b573581b61111a7","sellTxId":"4ff84df14fd041006fe329908625fc8aadce7e22"}
{"index": {"_index":"beer","_id":"1579926"}}
	{"id":1579926,"type":"buy","buyer":"roger.remix","seller":"godfish","symbol":"BEER","quantity":"14.93200339","price":"0.25000000","timestamp":1632548391,"volume":"3.73300085","buyTxId":"a8647f731b4bd65b392b155d7b573581b61111a7","sellTxId":"109ccae16cb391c9645cf093ad73926eea062937"}
{"index": {"_index":"beer","_id":"1579930"}}
	{"id":1579930,"type":"buy","buyer":"roger.remix","seller":"crypto-pixie","symbol":"BEER","quantity":"0.44685601","price":"0.28000000","timestamp":1632548445,"volume":"0.12511968","buyTxId":"8addfdd2b27009ae2a9ab857cee0e77d10215349","sellTxId":"ebdd325cf9219fa54284d04a637f34ed6cd8b48d"}
{"index": {"_index":"beer","_id":"1580076"}}
	{"id":1580076,"type":"sell","buyer":"roger.remix","seller":"stayten","symbol":"BEER","quantity":"2.34684307","price":"0.25000000","timestamp":1632549675,"volume":"0.58671077","buyTxId":"a8647f731b4bd65b392b155d7b573581b61111a7","sellTxId":"d9b2460e9fcd68e7bace18fcbf95f6d298be9aee"}
{"index": {"_index":"beer","_id":"1580077"}}
	{"id":1580077,"type":"sell","buyer":"roger.remix","seller":"stayten","symbol":"BEER","quantity":"0.94477718","price":"0.21240000","timestamp":1632549696,"volume":"0.20067067","buyTxId":"e4c9268d2b8d50f6a56ce44234679f9c990840e3","sellTxId":"ba2ca7661696394ce20c6f9be12bb1e792ef273f"}
{"index": {"_index":"beer","_id":"1583030"}}
	{"id":1583030,"type":"sell","buyer":"roger.remix","seller":"alucian","symbol":"BEER","quantity":"1.32938754","price":"0.21240000","timestamp":1632576084,"volume":"0.28236191","buyTxId":"e4c9268d2b8d50f6a56ce44234679f9c990840e3","sellTxId":"f2bc9d83312b7fd0415559dbd8718c309d9a5a4b"}
{"index": {"_index":"beer","_id":"1583204"}}
	{"id":1583204,"type":"sell","buyer":"roger.remix","seller":"eythorphoto","symbol":"BEER","quantity":"0.23700000","price":"0.18040000","timestamp":1632578601,"volume":"0.04275480","buyTxId":"7a36f9be81ce2744229eb4c892cc641c325e618b","sellTxId":"9a4a9273789b347400bda8129753e6efe4f8e19e"}
{"index": {"_index":"beer","_id":"1583653"}}
	{"id":1583653,"type":"sell","buyer":"roger.remix","seller":"ahmetay","symbol":"BEER","quantity":"0.01250000","price":"0.18040000","timestamp":1632586017,"volume":"0.00225500","buyTxId":"7a36f9be81ce2744229eb4c892cc641c325e618b","sellTxId":"b811830571edf360a142eb7c3e51196b84734767"}
{"index": {"_index":"beer","_id":"1583959"}}
	{"id":1583959,"type":"buy","buyer":"barski","seller":"alucian","symbol":"BEER","quantity":"1.37061246","price":"0.21240000","timestamp":1632589953,"volume":"0.29111809","buyTxId":"ec5c177e249270e50cec056260dea6d285993ef0","sellTxId":"f2bc9d83312b7fd0415559dbd8718c309d9a5a4b"}
{"index": {"_index":"beer","_id":"1583965"}}
	{"id":1583965,"type":"buy","buyer":"barski","seller":"wine-token","symbol":"BEER","quantity":"9.41000000","price":"0.27000000","timestamp":1632590001,"volume":"2.54070000","buyTxId":"0ae695d6f10e6e82faaaace9c3f3178051fa5320","sellTxId":"6e535f7fd0497df27a65d92d7da4434200e5e1a3"}
{"index": {"_index":"beer","_id":"1584227"}}
	{"id":1584227,"type":"sell","buyer":"roger.remix","seller":"wine-token","symbol":"BEER","quantity":"9.75050000","price":"0.18040000","timestamp":1632592731,"volume":"1.75899020","buyTxId":"7a36f9be81ce2744229eb4c892cc641c325e618b","sellTxId":"e8784dbed05e1952cd327ebef4003a1b1643ede2"}
{"index": {"_index":"beer","_id":"1584231"}}
	{"id":1584231,"type":"sell","buyer":"detlev","seller":"wine-token","symbol":"BEER","quantity":"8.73624000","price":"0.18000000","timestamp":1632592767,"volume":"1.57252320","buyTxId":"b888075c13f2d50ed9b5a1007e69258b749e285e","sellTxId":"8c298ac09a37849741e833f074b1bf50d94108f0"}
{"index": {"_index":"beer","_id":"1584239"}}
	{"id":1584239,"type":"sell","buyer":"roger.remix","seller":"wine-token","symbol":"BEER","quantity":"100.00000000","price":"0.16811000","timestamp":1632592800,"volume":"16.81100000","buyTxId":"0c0044b12501bae2d9dfe7526c6ecef17425cb06","sellTxId":"c11226ebd92682355b9189b69851dc69676d12bc"}
{"index": {"_index":"beer","_id":"1584244"}}
	{"id":1584244,"type":"sell","buyer":"cloudblade","seller":"wine-token","symbol":"BEER","quantity":"240.00000000","price":"0.16810000","timestamp":1632592836,"volume":"40.34400000","buyTxId":"8b95aec5680a54661378956cb10a967f24eca841","sellTxId":"45b9fd9ed385e3312f0da578de4f19a19f678cdd"}
{"index": {"_index":"beer","_id":"1584253"}}
	{"id":1584253,"type":"sell","buyer":"exator","seller":"wine-token","symbol":"BEER","quantity":"12.00000000","price":"0.16803000","timestamp":1632592872,"volume":"2.01636000","buyTxId":"05ffc12e2ede97671983a5d45401b4b4c8648bb0","sellTxId":"759db28510a0cee1dccdbd1227660ae658b4661e"}
{"index": {"_index":"beer","_id":"1584258"}}
	{"id":1584258,"type":"sell","buyer":"gaboamc2393","seller":"wine-token","symbol":"BEER","quantity":"14.38284395","price":"0.16800000","timestamp":1632592905,"volume":"2.41631778","buyTxId":"d6fda5057470752c37d343b76b518810f524d156","sellTxId":"52a0ab80579f23737573d7ba806ef0f32f527a68"}
{"index": {"_index":"beer","_id":"1584265"}}
	{"id":1584265,"type":"sell","buyer":"rentmoney","seller":"wine-token","symbol":"BEER","quantity":"38.39016328","price":"0.16601000","timestamp":1632592935,"volume":"6.37315101","buyTxId":"42c061fa8f24b61a4703afd57b53b74b761d4cd3","sellTxId":"3aced11b8f026a77feae956f9a19a9637e8d62ee"}
{"index": {"_index":"beer","_id":"1584282"}}
	{"id":1584282,"type":"sell","buyer":"rentmoney","seller":"wine-token","symbol":"BEER","quantity":"0.88091605","price":"0.16601000","timestamp":1632593028,"volume":"0.14624087","buyTxId":"42c061fa8f24b61a4703afd57b53b74b761d4cd3","sellTxId":"a86b4ecb7d922a2f8b6255ddd8f45455d3afe431"}
{"index": {"_index":"beer","_id":"1584584"}}
	{"id":1584584,"type":"sell","buyer":"rentmoney","seller":"nastyforce","symbol":"BEER","quantity":"0.15400000","price":"0.16601000","timestamp":1632596241,"volume":"0.02556554","buyTxId":"42c061fa8f24b61a4703afd57b53b74b761d4cd3","sellTxId":"7dc0a7176a1ed9b2a8cd2ee51db8e11ab1105a2b"}
{"index": {"_index":"beer","_id":"1584610"}}
	{"id":1584610,"type":"sell","buyer":"rentmoney","seller":"mafia.wallet","symbol":"BEER","quantity":"0.042","price":"0.16601000","timestamp":1632596457,"volume":"0.00697242","buyTxId":"42c061fa8f24b61a4703afd57b53b74b761d4cd3","sellTxId":"cb35ec8ede4ab6eab3e9141929bbec1d822e5a59-1"}
{"index": {"_index":"beer","_id":"1584771"}}
	{"id":1584771,"type":"sell","buyer":"cloudblade","seller":"steem.services","symbol":"BEER","quantity":"1.00900000","price":"0.16602000","timestamp":1632598968,"volume":"0.16751418","buyTxId":"f075e68959b2c121fd6e2235e4691f3887cc007e","sellTxId":"422732001b3d7d3e58e38e0913606ad356d15976"}
{"index": {"_index":"beer","_id":"1585750"}}
	{"id":1585750,"type":"sell","buyer":"harveyword","seller":"elevator09","symbol":"BEER","quantity":"0.07200000","price":"0.16700000","timestamp":1632613890,"volume":"0.01202400","buyTxId":"de2db3f3650dd41139c9cba1f123a6ac528f2c94","sellTxId":"1fd48a1af5873dba01c88c6ac7777ad6af50bd93"}
{"index": {"_index":"beer","_id":"1585957"}}
	{"id":1585957,"type":"buy","buyer":"gaboamc2393","seller":"gaboamc2393","symbol":"BEER","quantity":"0.16800000","price":"0.24000000","timestamp":1632616521,"volume":"0.04032000","buyTxId":"bc2c9c1de169ae57fb8641ef749c4854da21274e","sellTxId":"f9a6c074a786c58fb757a08780c4c4e0d2184f73"}
