{"index": {"_index":"beer","_id":"1156903"}}
	{"id":1156903,"type":"sell","buyer":"detlev","seller":"methus","symbol":"BEER","quantity":"5.00000000","price":"0.24030000","timestamp":1624157301,"volume":"1.20150000","buyTxId":"4a61b36f04315d892a659a5a8bac097932ef78b7","sellTxId":"67fa5f413bdb55d084f1a5a91674125438041882"}
{"index": {"_index":"beer","_id":"1156906"}}
	{"id":1156906,"type":"sell","buyer":"detlev","seller":"methus","symbol":"BEER","quantity":"3.00000000","price":"0.23103000","timestamp":1624157334,"volume":"0.69309000","buyTxId":"13cf864eebcd9d2d55e87314556a5028ac93ef52","sellTxId":"b9d2c148849d31948d1a8d3fab4217813e220085"}
{"index": {"_index":"beer","_id":"1157057"}}
	{"id":1157057,"type":"sell","buyer":"rentmoney","seller":"fantasycrypto","symbol":"BEER","quantity":"0.94200000","price":"0.18104000","timestamp":1624165305,"volume":"0.17053968","buyTxId":"9226fd4dee7015795f8044ae4b097f3031e1d256","sellTxId":"6b61f669863738dd0c7d96fa007d3ba0cd79baa2"}
{"index": {"_index":"beer","_id":"1157247"}}
	{"id":1157247,"type":"sell","buyer":"rentmoney","seller":"itharagaian","symbol":"BEER","quantity":"0.00300000","price":"0.18104000","timestamp":1624174224,"volume":"0.00054312","buyTxId":"9226fd4dee7015795f8044ae4b097f3031e1d256","sellTxId":"68b67cac4aec087b6a4156dba4ea934ed54a9a6c"}
{"index": {"_index":"beer","_id":"1157652"}}
	{"id":1157652,"type":"buy","buyer":"balte","seller":"miketr","symbol":"BEER","quantity":"7.00000000","price":"0.27485000","timestamp":1624188699,"volume":"1.92395000","buyTxId":"97c42b79018576b7f4714e5d03af71c7fc948bd5","sellTxId":"d33f4bf9d9e0092db844145dd5f752b2f2214c33"}
{"index": {"_index":"beer","_id":"1158006"}}
	{"id":1158006,"type":"sell","buyer":"rentmoney","seller":"steemstreems","symbol":"BEER","quantity":"0.01100000","price":"0.18104000","timestamp":1624202796,"volume":"0.00199144","buyTxId":"9226fd4dee7015795f8044ae4b097f3031e1d256","sellTxId":"eaf2ebd8ffc43cb09734f22a658eab6836e53b76"}
{"index": {"_index":"beer","_id":"1158407"}}
	{"id":1158407,"type":"buy","buyer":"detlev","seller":"techhype","symbol":"BEER","quantity":"5.57064813","price":"0.24000000","timestamp":1624212534,"volume":"1.33695555","buyTxId":"6ee88921bae708768fc1e7d49873b46456357d4d","sellTxId":"563e61612afdc7193f27578961413e720d55009d"}
{"index": {"_index":"beer","_id":"1158409"}}
	{"id":1158409,"type":"buy","buyer":"detlev","seller":"miketr","symbol":"BEER","quantity":"0.10000000","price":"0.27485000","timestamp":1624212564,"volume":"0.02748500","buyTxId":"f69657a87c16acca8a5063c9b82f06b9b7ff609a","sellTxId":"d33f4bf9d9e0092db844145dd5f752b2f2214c33"}
{"index": {"_index":"beer","_id":"1158441"}}
	{"id":1158441,"type":"sell","buyer":"detlev","seller":"mafia.wallet","symbol":"BEER","quantity":"0.059","price":"0.22104000","timestamp":1624213155,"volume":"0.01304136","buyTxId":"ceee57bf4f1789cc18b304874af2c455099f5637","sellTxId":"4d47ff781c7fe750ad1b2bda7b79e43a2b351972-1"}
{"index": {"_index":"beer","_id":"1158515"}}
	{"id":1158515,"type":"sell","buyer":"detlev","seller":"vcelier","symbol":"BEER","quantity":"0.18000000","price":"0.22104000","timestamp":1624216182,"volume":"0.03978720","buyTxId":"ceee57bf4f1789cc18b304874af2c455099f5637","sellTxId":"39013c1680e4aadae6326b380cbdd47aa341d679"}
{"index": {"_index":"beer","_id":"1158661"}}
	{"id":1158661,"type":"sell","buyer":"detlev","seller":"aeneas.blog","symbol":"BEER","quantity":"4.04106361","price":"0.22104000","timestamp":1624220241,"volume":"0.89323670","buyTxId":"ceee57bf4f1789cc18b304874af2c455099f5637","sellTxId":"95e0c3dc13311ef6f800b2952d6c71695ff98769"}
{"index": {"_index":"beer","_id":"1158761"}}
	{"id":1158761,"type":"sell","buyer":"detlev","seller":"deathwing","symbol":"BEER","quantity":"0.007","price":"0.22104000","timestamp":1624222506,"volume":"0.00154728","buyTxId":"ceee57bf4f1789cc18b304874af2c455099f5637","sellTxId":"5a6e4c11331afdcb9fea397d9af8901f6f1e642a-4"}
{"index": {"_index":"beer","_id":"1159004"}}
	{"id":1159004,"type":"sell","buyer":"detlev","seller":"forexbrokr","symbol":"BEER","quantity":"0.02500000","price":"0.22104000","timestamp":1624231773,"volume":"0.00552600","buyTxId":"ceee57bf4f1789cc18b304874af2c455099f5637","sellTxId":"1f68ef6417d0bf72b36389a21189a14ef3c97696"}
{"index": {"_index":"beer","_id":"1159086"}}
	{"id":1159086,"type":"sell","buyer":"detlev","seller":"jk6276","symbol":"BEER","quantity":"0.01250000","price":"0.22104000","timestamp":1624234653,"volume":"0.00276300","buyTxId":"ceee57bf4f1789cc18b304874af2c455099f5637","sellTxId":"7a6f232319f709475809e78c7c5a932e7119bb8b"}
{"index": {"_index":"beer","_id":"1159118"}}
	{"id":1159118,"type":"sell","buyer":"detlev","seller":"methus","symbol":"BEER","quantity":"0.67543639","price":"0.22104000","timestamp":1624237344,"volume":"0.14929846","buyTxId":"ceee57bf4f1789cc18b304874af2c455099f5637","sellTxId":"7bb0f459dedbfb098ddf0916ee9acd5ef1140df3"}
{"index": {"_index":"beer","_id":"1159161"}}
	{"id":1159161,"type":"sell","buyer":"methus","seller":"wdougwatson","symbol":"BEER","quantity":"0.0125","price":"0.18104100","timestamp":1624239093,"volume":"0.00226301","buyTxId":"ff1005cf19b187afff3d3e0ae4569cb3c7ff303b","sellTxId":"f7fc2436f8c54998d06e94637f78dacf532029c0"}
