{"index": {"_index":"beer","_id":"3408833"}}
	{"id":3408833,"type":"sell","buyer":"maryjane.main","seller":"mafia.wallet","symbol":"BEER","quantity":"0.024","price":"0.13000000","timestamp":1652320269,"volume":"0.00312000","buyTxId":"da539be281f76be5ef18da7b188f73418e961387","sellTxId":"d4a41b33348afbaa7ee8cee12d2275718caf017b-3"}
{"index": {"_index":"beer","_id":"3408969"}}
	{"id":3408969,"type":"buy","buyer":"maryjane.main","seller":"laritheghost","symbol":"BEER","quantity":"0.18403113","price":"0.13000001","timestamp":1652321742,"volume":"0.02392405","buyTxId":"3f9d5be7b0a58548c579a21eafdd1e536d70c079","sellTxId":"91a973739d2af0ae77d33459cac17d3cd1414824"}
{"index": {"_index":"beer","_id":"3408970"}}
	{"id":3408970,"type":"buy","buyer":"maryjane.main","seller":"harveyword","symbol":"BEER","quantity":"2.81596887","price":"0.16100000","timestamp":1652321742,"volume":"0.45337099","buyTxId":"3f9d5be7b0a58548c579a21eafdd1e536d70c079","sellTxId":"12302b10337354f855b6d2a9d022e3eca2391cb5"}
{"index": {"_index":"beer","_id":"3409740"}}
	{"id":3409740,"type":"sell","buyer":"roger.remix","seller":"pinkhub","symbol":"BEER","quantity":"0.00000008","price":"0.12000000","timestamp":1652329557,"volume":"0.00000001","buyTxId":"bf4d7e1299bd0703f2401ae7125ff5944ea6d796","sellTxId":"1b8ab20165a9b487fe9d7f66aba290f379bf5ea5"}
{"index": {"_index":"beer","_id":"3409994"}}
	{"id":3409994,"type":"sell","buyer":"maryjane.main","seller":"itharagaian","symbol":"BEER","quantity":"0.00100000","price":"0.13000000","timestamp":1652331984,"volume":"0.00013000","buyTxId":"979ee0b0051463f6435bea7839fd7e90d01c8877","sellTxId":"d882a9bc59afe198b7db4c3d6ed30114ddb0ca07"}
{"index": {"_index":"beer","_id":"3414053"}}
	{"id":3414053,"type":"sell","buyer":"maryjane.main","seller":"senstless","symbol":"BEER","quantity":"30.15296764","price":"0.13000000","timestamp":1652371077,"volume":"3.91988579","buyTxId":"979ee0b0051463f6435bea7839fd7e90d01c8877","sellTxId":"6b5ec146a96195db98b1f806b6fc54a98a53d1a4"}
{"index": {"_index":"beer","_id":"3414122"}}
	{"id":3414122,"type":"sell","buyer":"maryjane.main","seller":"sonfecisinan","symbol":"BEER","quantity":"0.06250000","price":"0.13000000","timestamp":1652371830,"volume":"0.00812500","buyTxId":"979ee0b0051463f6435bea7839fd7e90d01c8877","sellTxId":"4759052348e2ea27df9abf413bdc40853ad66e5e"}
{"index": {"_index":"beer","_id":"3414811"}}
	{"id":3414811,"type":"sell","buyer":"maryjane.main","seller":"clixmoney","symbol":"BEER","quantity":"0.49995237","price":"0.13000000","timestamp":1652376600,"volume":"0.06499381","buyTxId":"979ee0b0051463f6435bea7839fd7e90d01c8877","sellTxId":"9ab2be59919ef2def09aaa25358beb3f846e6d1e"}
{"index": {"_index":"beer","_id":"3414951"}}
	{"id":3414951,"type":"sell","buyer":"maryjane.main","seller":"investyourvote","symbol":"BEER","quantity":"2.75049208","price":"0.13000000","timestamp":1652377824,"volume":"0.35756397","buyTxId":"979ee0b0051463f6435bea7839fd7e90d01c8877","sellTxId":"d3d49b1ac35ded9648602633d9d27925e27fd048"}
{"index": {"_index":"beer","_id":"3416092"}}
	{"id":3416092,"type":"sell","buyer":"maryjane.main","seller":"crypto-futurist","symbol":"BEER","quantity":"0.00100000","price":"0.13000000","timestamp":1652385093,"volume":"0.00013000","buyTxId":"979ee0b0051463f6435bea7839fd7e90d01c8877","sellTxId":"a29d7588d9d96d266e93d2a29bc2b36011c075f9"}
{"index": {"_index":"beer","_id":"3416600"}}
	{"id":3416600,"type":"sell","buyer":"maryjane.main","seller":"nebulusx","symbol":"BEER","quantity":"0.00000024","price":"0.13000000","timestamp":1652389857,"volume":"0.00000003","buyTxId":"979ee0b0051463f6435bea7839fd7e90d01c8877","sellTxId":"132b904138687fd150800d34ef616591c5a80ac1"}
{"index": {"_index":"beer","_id":"3416693"}}
	{"id":3416693,"type":"sell","buyer":"maryjane.main","seller":"ga-sm","symbol":"BEER","quantity":"0.04100000","price":"0.13000000","timestamp":1652390829,"volume":"0.00533000","buyTxId":"979ee0b0051463f6435bea7839fd7e90d01c8877","sellTxId":"368fcfed6be331df03b8877e87b72fde540b2bc0"}
{"index": {"_index":"beer","_id":"3416988"}}
	{"id":3416988,"type":"sell","buyer":"maryjane.main","seller":"awah","symbol":"BEER","quantity":"1.05567803","price":"0.13000000","timestamp":1652393871,"volume":"0.13723814","buyTxId":"979ee0b0051463f6435bea7839fd7e90d01c8877","sellTxId":"405d73986b196e80c5ab58c435890cf3be474bcd"}
{"index": {"_index":"beer","_id":"3417188"}}
	{"id":3417188,"type":"sell","buyer":"maryjane.main","seller":"dsc-r2cornell","symbol":"BEER","quantity":"0.20000000","price":"0.13000000","timestamp":1652395884,"volume":"0.02600000","buyTxId":"979ee0b0051463f6435bea7839fd7e90d01c8877","sellTxId":"bc491db837771b8d4e3605bd9d66d46f726052ab"}
{"index": {"_index":"beer","_id":"3417385"}}
	{"id":3417385,"type":"sell","buyer":"maryjane.main","seller":"elevator09","symbol":"BEER","quantity":"0.16600000","price":"0.13000000","timestamp":1652398185,"volume":"0.02158000","buyTxId":"979ee0b0051463f6435bea7839fd7e90d01c8877","sellTxId":"b18e9deb983df5dd9d1b3c043b1d2c3c3bde439b"}
{"index": {"_index":"beer","_id":"3417668"}}
	{"id":3417668,"type":"sell","buyer":"maryjane.main","seller":"steem82868","symbol":"BEER","quantity":"0.06940964","price":"0.13000000","timestamp":1652401332,"volume":"0.00902325","buyTxId":"979ee0b0051463f6435bea7839fd7e90d01c8877","sellTxId":"b94acbec31f1891b700d7bdda1700837ccd5be5d"}
{"index": {"_index":"beer","_id":"3417740"}}
	{"id":3417740,"type":"sell","buyer":"roger.remix","seller":"steem82868","symbol":"BEER","quantity":"0.04772458","price":"0.12000000","timestamp":1652401800,"volume":"0.00572695","buyTxId":"bf4d7e1299bd0703f2401ae7125ff5944ea6d796","sellTxId":"9fb17c735b19e4278151bd7d8ef6884b1e8a9316"}
