{"index": {"_index":"beer","_id":"3011284"}}
	{"id":3011284,"type":"sell","buyer":"lookplz","seller":"itharagaian","symbol":"BEER","quantity":"0.02625000","price":"0.15400000","timestamp":1647758340,"volume":"0.00404250","buyTxId":"e16550daed389b69287a653a67a0b973208a9690","sellTxId":"0702818234d7262d436a13a3cea4f81937937417"}
{"index": {"_index":"beer","_id":"3011505"}}
	{"id":3011505,"type":"sell","buyer":"lookplz","seller":"eii","symbol":"BEER","quantity":"2.57046164","price":"0.15400000","timestamp":1647762621,"volume":"0.39585109","buyTxId":"e16550daed389b69287a653a67a0b973208a9690","sellTxId":"d90b6a4fadce3a2b7982815738a6302948d5d304"}
{"index": {"_index":"beer","_id":"3011737"}}
	{"id":3011737,"type":"sell","buyer":"lookplz","seller":"boycharliefamily","symbol":"BEER","quantity":"2.37570800","price":"0.15400000","timestamp":1647765264,"volume":"0.36585903","buyTxId":"e16550daed389b69287a653a67a0b973208a9690","sellTxId":"a978ba9cb95c14404d6749d522d89fb36ffcb0c2"}
{"index": {"_index":"beer","_id":"3011741"}}
	{"id":3011741,"type":"sell","buyer":"detlev","seller":"boycharliefamily","symbol":"BEER","quantity":"6.00000000","price":"0.15300000","timestamp":1647765291,"volume":"0.91800000","buyTxId":"79c2c7e71e019b451c3038cd9bef129039b84ceb","sellTxId":"437a4aed991ee657ffc4c00983a5d3b61dc5ced5"}
{"index": {"_index":"beer","_id":"3011749"}}
	{"id":3011749,"type":"sell","buyer":"detlev","seller":"boycharliefamily","symbol":"BEER","quantity":"0.92320401","price":"0.15300000","timestamp":1647765321,"volume":"0.14125021","buyTxId":"79c2c7e71e019b451c3038cd9bef129039b84ceb","sellTxId":"c3fdb5526454b1977bbbbbead424cb771d55a52f"}
{"index": {"_index":"beer","_id":"3012247"}}
	{"id":3012247,"type":"sell","buyer":"detlev","seller":"technocrypton","symbol":"BEER","quantity":"0.09307632","price":"0.15300000","timestamp":1647771294,"volume":"0.01424068","buyTxId":"79c2c7e71e019b451c3038cd9bef129039b84ceb","sellTxId":"539525ff423414aca91c2a1296a2020f63d58bb9"}
{"index": {"_index":"beer","_id":"3012253"}}
	{"id":3012253,"type":"sell","buyer":"detlev","seller":"steem82868","symbol":"BEER","quantity":"3.09245008","price":"0.15300000","timestamp":1647771402,"volume":"0.47314486","buyTxId":"79c2c7e71e019b451c3038cd9bef129039b84ceb","sellTxId":"7c75692eaff2ef22d7ae61cd2c5f4422eb63b53c"}
{"index": {"_index":"beer","_id":"3012940"}}
	{"id":3012940,"type":"sell","buyer":"detlev","seller":"discohedge","symbol":"BEER","quantity":"0.05100115","price":"0.15300000","timestamp":1647779100,"volume":"0.00780318","buyTxId":"79c2c7e71e019b451c3038cd9bef129039b84ceb","sellTxId":"c84e0886f3c257aefe443e76f32e930c5496e119"}
{"index": {"_index":"beer","_id":"3013270"}}
	{"id":3013270,"type":"sell","buyer":"detlev","seller":"onealfa","symbol":"BEER","quantity":"0.9545","price":"0.15300000","timestamp":1647783900,"volume":"0.14603850","buyTxId":"79c2c7e71e019b451c3038cd9bef129039b84ceb","sellTxId":"d29790153b8831e0fa0a6fda0a37065ba34f097b"}
{"index": {"_index":"beer","_id":"3013836"}}
	{"id":3013836,"type":"sell","buyer":"detlev","seller":"gadrian","symbol":"BEER","quantity":"0.03750000","price":"0.15300000","timestamp":1647790518,"volume":"0.00573750","buyTxId":"79c2c7e71e019b451c3038cd9bef129039b84ceb","sellTxId":"140c795aa8c9976adcd4b51c0aa74c8cf5c0b252"}
{"index": {"_index":"beer","_id":"3014719"}}
	{"id":3014719,"type":"sell","buyer":"detlev","seller":"lightcaptured","symbol":"BEER","quantity":"0.51149999","price":"0.15300000","timestamp":1647798960,"volume":"0.07825950","buyTxId":"79c2c7e71e019b451c3038cd9bef129039b84ceb","sellTxId":"2f974b04bc08e32ad51085bda4dc7550bcd7033c"}
{"index": {"_index":"beer","_id":"3015101"}}
	{"id":3015101,"type":"sell","buyer":"detlev","seller":"leonardoalmaguer","symbol":"BEER","quantity":"0.79700000","price":"0.15300000","timestamp":1647803085,"volume":"0.12194100","buyTxId":"79c2c7e71e019b451c3038cd9bef129039b84ceb","sellTxId":"9d08a596133f6648790b1afd916f2954f96d913a"}
{"index": {"_index":"beer","_id":"3015431"}}
	{"id":3015431,"type":"sell","buyer":"detlev","seller":"captaincryptic","symbol":"BEER","quantity":"0.39100000","price":"0.15300000","timestamp":1647806280,"volume":"0.05982300","buyTxId":"79c2c7e71e019b451c3038cd9bef129039b84ceb","sellTxId":"36e5ac6481485cd9bf7a13bf6486499429f3169a"}
{"index": {"_index":"beer","_id":"3015612"}}
	{"id":3015612,"type":"sell","buyer":"detlev","seller":"lrekt01","symbol":"BEER","quantity":"0.00300000","price":"0.15300000","timestamp":1647808353,"volume":"0.00045900","buyTxId":"79c2c7e71e019b451c3038cd9bef129039b84ceb","sellTxId":"a3b54b267f0e4111d22a523fd54c2d3725cd1dad"}
{"index": {"_index":"beer","_id":"3015961"}}
	{"id":3015961,"type":"buy","buyer":"detlev","seller":"lookplz","symbol":"BEER","quantity":"0.10000000","price":"0.18200000","timestamp":1647812289,"volume":"0.01820000","buyTxId":"47ec91eea6b89b701d50a463afa2fd7e367e508b","sellTxId":"d3944389c5739590763c371daa9db504924b5164"}
{"index": {"_index":"beer","_id":"3016118"}}
	{"id":3016118,"type":"sell","buyer":"detlev","seller":"aiovo","symbol":"BEER","quantity":"0.68480000","price":"0.15300000","timestamp":1647814314,"volume":"0.10477440","buyTxId":"79c2c7e71e019b451c3038cd9bef129039b84ceb","sellTxId":"1b9693c89c68fc4cce6c9d58a12206cd10f246e6"}
{"index": {"_index":"beer","_id":"3016254"}}
	{"id":3016254,"type":"buy","buyer":"detlev","seller":"lookplz","symbol":"BEER","quantity":"0.10000000","price":"0.18200000","timestamp":1647816042,"volume":"0.01820000","buyTxId":"e00ecdf7a27bdd5c3ef37a2c3a6a393b536cae30","sellTxId":"d3944389c5739590763c371daa9db504924b5164"}
{"index": {"_index":"beer","_id":"3016756"}}
	{"id":3016756,"type":"sell","buyer":"detlev","seller":"ssg-community","symbol":"BEER","quantity":"0.43296845","price":"0.15300000","timestamp":1647821304,"volume":"0.06624417","buyTxId":"79c2c7e71e019b451c3038cd9bef129039b84ceb","sellTxId":"733c015933b976bf85a24b2af8f1c47661a0f4c2"}
{"index": {"_index":"beer","_id":"3016955"}}
	{"id":3016955,"type":"sell","buyer":"master-lamps","seller":"kamrunnahar","symbol":"BEER","quantity":"0.05000000","price":"0.13080001","timestamp":1647822591,"volume":"0.00654000","buyTxId":"29e9cae8057c6dd1839fdfedc59481456a34be3c","sellTxId":"e573bb565ffb5e7cd07160bf4a2820418e3f94ff"}
{"index": {"_index":"beer","_id":"3017226"}}
	{"id":3017226,"type":"sell","buyer":"gaboamc2393","seller":"mafia.wallet","symbol":"BEER","quantity":"0.027","price":"0.13100000","timestamp":1647825972,"volume":"0.00353700","buyTxId":"eb8179787b44e33daeca50c15992bc1c4cfd8de2","sellTxId":"a2d92391fe50944b5b93d37fab7ce303ac6ef02b-3"}
{"index": {"_index":"beer","_id":"3017898"}}
	{"id":3017898,"type":"sell","buyer":"gaboamc2393","seller":"skyple","symbol":"BEER","quantity":"2.3","price":"0.13100000","timestamp":1647834849,"volume":"0.30130000","buyTxId":"eb8179787b44e33daeca50c15992bc1c4cfd8de2","sellTxId":"2683f11a432de3646e87dd46d916d387e75ad1c9"}
{"index": {"_index":"beer","_id":"3017937"}}
	{"id":3017937,"type":"sell","buyer":"gaboamc2393","seller":"nftmart.fees","symbol":"BEER","quantity":"2.45000000","price":"0.13100000","timestamp":1647835410,"volume":"0.32095000","buyTxId":"eb8179787b44e33daeca50c15992bc1c4cfd8de2","sellTxId":"312968e10ce9f042069bc6dbfe232b265ecd06fc"}
{"index": {"_index":"beer","_id":"3018366"}}
	{"id":3018366,"type":"buy","buyer":"master-lamps","seller":"ssg-community","symbol":"BEER","quantity":"0.56703155","price":"0.15300000","timestamp":1647841101,"volume":"0.08675583","buyTxId":"8e0d2084ad34de180f00517f82d536d21afcef21","sellTxId":"733c015933b976bf85a24b2af8f1c47661a0f4c2"}
{"index": {"_index":"beer","_id":"3018367"}}
	{"id":3018367,"type":"buy","buyer":"master-lamps","seller":"princekham","symbol":"BEER","quantity":"7.99999945","price":"0.15300000","timestamp":1647841101,"volume":"1.22399991","buyTxId":"8e0d2084ad34de180f00517f82d536d21afcef21","sellTxId":"b0badc3f45d74f20b8fad593150be22e9bfc6158"}
