{"index": {"_index":"beer","_id":"3716835"}}
	{"id":3716835,"type":"sell","buyer":"jpal47","seller":"thatcryptodave","symbol":"BEER","quantity":"1.24525187","price":"0.10900000","timestamp":1655518929,"volume":"0.13573245","buyTxId":"6d5787199d0ed4ed835f207f2f67299fc36d9982","sellTxId":"42d96ce51cdeef5133500e82ea11b40f0c786a3a"}
{"index": {"_index":"beer","_id":"3718259"}}
	{"id":3718259,"type":"sell","buyer":"jpal47","seller":"hive-143869","symbol":"BEER","quantity":"0.15074054","price":"0.10900000","timestamp":1655534718,"volume":"0.01643072","buyTxId":"6d5787199d0ed4ed835f207f2f67299fc36d9982","sellTxId":"9d2925516fca2a86d4f57f24e0f7c37f4bbe229a"}
{"index": {"_index":"beer","_id":"3719804"}}
	{"id":3719804,"type":"sell","buyer":"jpal47","seller":"alucian","symbol":"BEER","quantity":"0.66598829","price":"0.10900000","timestamp":1655552763,"volume":"0.07259272","buyTxId":"6d5787199d0ed4ed835f207f2f67299fc36d9982","sellTxId":"5af0bd2c8d48ff42817a9dcc07401e606784445e"}
{"index": {"_index":"beer","_id":"3720098"}}
	{"id":3720098,"type":"sell","buyer":"jpal47","seller":"thinkrdotexe","symbol":"BEER","quantity":"7.84951930","price":"0.10900000","timestamp":1655557257,"volume":"0.85559760","buyTxId":"6d5787199d0ed4ed835f207f2f67299fc36d9982","sellTxId":"5b603faa7cfe867f1e61ab54240a0db403345e9b"}
{"index": {"_index":"beer","_id":"3720099"}}
	{"id":3720099,"type":"sell","buyer":"chetanpadliya","seller":"thinkrdotexe","symbol":"BEER","quantity":"2.42832894","price":"0.10810000","timestamp":1655557257,"volume":"0.26250236","buyTxId":"dfa64c4f2d59f4ba477ab5f88542274210c57f4c","sellTxId":"5b603faa7cfe867f1e61ab54240a0db403345e9b"}
{"index": {"_index":"beer","_id":"3722015"}}
	{"id":3722015,"type":"sell","buyer":"floki-skarsgaard","seller":"enforcer48","symbol":"BEER","quantity":"0.27800000","price":"0.10820000","timestamp":1655577261,"volume":"0.03007960","buyTxId":"90e4b2b834c9a080675b34e06b5847bdec35c1e8","sellTxId":"92f36285a8ae6f0665a44e27a47d5e75e0fb3404"}
{"index": {"_index":"beer","_id":"3722224"}}
	{"id":3722224,"type":"sell","buyer":"floki-skarsgaard","seller":"dswap","symbol":"BEER","quantity":"1.4","price":"0.10820000","timestamp":1655579754,"volume":"0.15148000","buyTxId":"90e4b2b834c9a080675b34e06b5847bdec35c1e8","sellTxId":"dfced139d688c0e7a2676d7eda6f725f79f18744"}
{"index": {"_index":"beer","_id":"3722295"}}
	{"id":3722295,"type":"sell","buyer":"floki-skarsgaard","seller":"crypto-futurist","symbol":"BEER","quantity":"0.00100000","price":"0.10820000","timestamp":1655580765,"volume":"0.00010820","buyTxId":"90e4b2b834c9a080675b34e06b5847bdec35c1e8","sellTxId":"473ab5c38f43b95b034709c70d8a3bcfa679383a"}
{"index": {"_index":"beer","_id":"3722504"}}
	{"id":3722504,"type":"sell","buyer":"floki-skarsgaard","seller":"aliveprojects","symbol":"BEER","quantity":"18.32100000","price":"0.10820000","timestamp":1655581530,"volume":"1.98233220","buyTxId":"90e4b2b834c9a080675b34e06b5847bdec35c1e8","sellTxId":"34577405fd635d8fcf63fcd46d00644f24d15877"}
{"index": {"_index":"beer","_id":"3722505"}}
	{"id":3722505,"type":"sell","buyer":"chetanpadliya","seller":"aliveprojects","symbol":"BEER","quantity":"2.41117106","price":"0.10810000","timestamp":1655581530,"volume":"0.26064759","buyTxId":"dfa64c4f2d59f4ba477ab5f88542274210c57f4c","sellTxId":"34577405fd635d8fcf63fcd46d00644f24d15877"}
{"index": {"_index":"beer","_id":"3722506"}}
	{"id":3722506,"type":"sell","buyer":"detlev","seller":"aliveprojects","symbol":"BEER","quantity":"32.54984229","price":"0.10800000","timestamp":1655581530,"volume":"3.51538297","buyTxId":"64fddf1ab5e3e648355ca3e771722a51b722acd2","sellTxId":"34577405fd635d8fcf63fcd46d00644f24d15877"}
{"index": {"_index":"beer","_id":"3722552"}}
	{"id":3722552,"type":"sell","buyer":"detlev","seller":"flaxz","symbol":"BEER","quantity":"6.55027796","price":"0.10800000","timestamp":1655582043,"volume":"0.70743002","buyTxId":"64fddf1ab5e3e648355ca3e771722a51b722acd2","sellTxId":"1ebe3d76b7121d095d753ddf128cce3feb146ccb"}
{"index": {"_index":"beer","_id":"3722931"}}
	{"id":3722931,"type":"sell","buyer":"detlev","seller":"stayoutoftherz","symbol":"BEER","quantity":"2.00000000","price":"0.10800000","timestamp":1655584014,"volume":"0.21600000","buyTxId":"64fddf1ab5e3e648355ca3e771722a51b722acd2","sellTxId":"f4e9c9cc717a2c25fed8b20d0e1ed73d106eef56"}
{"index": {"_index":"beer","_id":"3723488"}}
	{"id":3723488,"type":"sell","buyer":"detlev","seller":"poliwalt10","symbol":"BEER","quantity":"0.24800000","price":"0.10800000","timestamp":1655590323,"volume":"0.02678400","buyTxId":"64fddf1ab5e3e648355ca3e771722a51b722acd2","sellTxId":"181c7220d7ab7008d3462528b688c7fef3596d38"}
{"index": {"_index":"beer","_id":"3723993"}}
	{"id":3723993,"type":"sell","buyer":"detlev","seller":"laritheghost","symbol":"BEER","quantity":"0.23613471","price":"0.10800000","timestamp":1655597619,"volume":"0.02550255","buyTxId":"64fddf1ab5e3e648355ca3e771722a51b722acd2","sellTxId":"9c312a24211e2b2e17b0eec4b8c56070101ae9f2"}
