{"index": {"_index":"beer","_id":"2113540"}}
	{"id":2113540,"type":"sell","buyer":"harveyword","seller":"riczuniform","symbol":"BEER","quantity":"6.92300000","price":"0.11300000","timestamp":1637901225,"volume":"0.78229900","buyTxId":"2d3959475c2e8f64ae24228ac0f6f5566ee61427","sellTxId":"b86f826fae83349a4f48d48f3b7bbdf2c283cb1d"}
{"index": {"_index":"beer","_id":"2113571"}}
	{"id":2113571,"type":"sell","buyer":"krusty81","seller":"riczuniform","symbol":"BEER","quantity":"71.68245644","price":"0.11200000","timestamp":1637901693,"volume":"8.02843512","buyTxId":"5de7be474eedb343e261fe68000856931cd7e65f","sellTxId":"fdff16a32bbba103ef0eeb68245aed9f9062d3c2"}
{"index": {"_index":"beer","_id":"2113849"}}
	{"id":2113849,"type":"sell","buyer":"krusty81","seller":"simplegame","symbol":"BEER","quantity":"0.18037862","price":"0.11200000","timestamp":1637904858,"volume":"0.02020241","buyTxId":"5de7be474eedb343e261fe68000856931cd7e65f","sellTxId":"b661a0790bc0e3a46556a1f6450d437f9d68c6e1"}
{"index": {"_index":"beer","_id":"2114128"}}
	{"id":2114128,"type":"buy","buyer":"homeless-city","seller":"indextrader24","symbol":"BEER","quantity":"1.08329914","price":"0.17000000","timestamp":1637908494,"volume":"0.18416085","buyTxId":"6e14623b2ccdb3f21f013e535145d9b5a367c4fc","sellTxId":"477529548be6f13f9efe8cfb470dbae5de468749"}
{"index": {"_index":"beer","_id":"2114129"}}
	{"id":2114129,"type":"buy","buyer":"homeless-city","seller":"zapmin","symbol":"BEER","quantity":"0.02499986","price":"0.17000000","timestamp":1637908494,"volume":"0.00424998","buyTxId":"6e14623b2ccdb3f21f013e535145d9b5a367c4fc","sellTxId":"17232c65268367655a4175219fb08602e7767dcb"}
{"index": {"_index":"beer","_id":"2114233"}}
	{"id":2114233,"type":"sell","buyer":"homeless-city","seller":"fantasycrypto","symbol":"BEER","quantity":"0.23600000","price":"0.15550000","timestamp":1637910072,"volume":"0.03669800","buyTxId":"d77351dd2043d2fd47cdee27d519bc0c19a052c7","sellTxId":"6d96ed3423da4c7a24771f5313f268b9d90de280"}
{"index": {"_index":"beer","_id":"2114478"}}
	{"id":2114478,"type":"sell","buyer":"homeless-city","seller":"itharagaian","symbol":"BEER","quantity":"0.00200000","price":"0.15550000","timestamp":1637912163,"volume":"0.00031100","buyTxId":"d77351dd2043d2fd47cdee27d519bc0c19a052c7","sellTxId":"64696ffc91e8418f4b3ebf2aa4bfc44f0ce07bdb"}
{"index": {"_index":"beer","_id":"2114638"}}
	{"id":2114638,"type":"sell","buyer":"homeless-city","seller":"hive-143869","symbol":"BEER","quantity":"3.02592464","price":"0.15550000","timestamp":1637913495,"volume":"0.47053128","buyTxId":"d77351dd2043d2fd47cdee27d519bc0c19a052c7","sellTxId":"8f3204cb758645f7b79e99f39199b760009a8b30"}
{"index": {"_index":"beer","_id":"2114810"}}
	{"id":2114810,"type":"sell","buyer":"homeless-city","seller":"nickyhavey","symbol":"BEER","quantity":"0.0375","price":"0.15550000","timestamp":1637915013,"volume":"0.00583125","buyTxId":"d77351dd2043d2fd47cdee27d519bc0c19a052c7","sellTxId":"3aeec6b00e8fa6e0ce6a099e008020e8d43b0c56"}
{"index": {"_index":"beer","_id":"2115002"}}
	{"id":2115002,"type":"sell","buyer":"homeless-city","seller":"der-prophet","symbol":"BEER","quantity":"0.15309927","price":"0.15550000","timestamp":1637917128,"volume":"0.02380694","buyTxId":"d77351dd2043d2fd47cdee27d519bc0c19a052c7","sellTxId":"51591e2310601293742a07acedef62918973d10d"}
{"index": {"_index":"beer","_id":"2115192"}}
	{"id":2115192,"type":"sell","buyer":"homeless-city","seller":"muenchen","symbol":"BEER","quantity":"0.10200000","price":"0.15550000","timestamp":1637918511,"volume":"0.01586100","buyTxId":"d77351dd2043d2fd47cdee27d519bc0c19a052c7","sellTxId":"e2b15fb08ac2e59f9943bf05b92248ab68984f93"}
{"index": {"_index":"beer","_id":"2115378"}}
	{"id":2115378,"type":"sell","buyer":"homeless-city","seller":"jjprac","symbol":"BEER","quantity":"0.21469804","price":"0.15550000","timestamp":1637920677,"volume":"0.03338555","buyTxId":"d77351dd2043d2fd47cdee27d519bc0c19a052c7","sellTxId":"f34c5715990d127129743cf880a2c4973bebfebb"}
{"index": {"_index":"beer","_id":"2115489"}}
	{"id":2115489,"type":"buy","buyer":"detlev","seller":"zapmin","symbol":"BEER","quantity":"0.00000014","price":"0.17000000","timestamp":1637922666,"volume":"0.00000002","buyTxId":"f3e3b1e702552f5a5edd0f11af60b46bc647b39b","sellTxId":"17232c65268367655a4175219fb08602e7767dcb"}
{"index": {"_index":"beer","_id":"2115490"}}
	{"id":2115490,"type":"buy","buyer":"detlev","seller":"krodash","symbol":"BEER","quantity":"0.10000000","price":"0.17999990","timestamp":1637922693,"volume":"0.01799999","buyTxId":"e8e0e423a9d4ae5231c15748684cc282f9159fd0","sellTxId":"5812a5cf3b2e123ba53d28686573b6e82c4a6b5c"}
{"index": {"_index":"beer","_id":"2115765"}}
	{"id":2115765,"type":"sell","buyer":"homeless-city","seller":"notaboutme","symbol":"BEER","quantity":"35.00000000","price":"0.15550000","timestamp":1637926560,"volume":"5.44250000","buyTxId":"d77351dd2043d2fd47cdee27d519bc0c19a052c7","sellTxId":"46aad4685630830725c4add666a650c59c3f788e"}
{"index": {"_index":"beer","_id":"2116050"}}
	{"id":2116050,"type":"sell","buyer":"homeless-city","seller":"nyxlabs","symbol":"BEER","quantity":"10.00200000","price":"0.15550000","timestamp":1637930466,"volume":"1.55531100","buyTxId":"d77351dd2043d2fd47cdee27d519bc0c19a052c7","sellTxId":"4781a529e224a994203b2bc6313c4acebdb8de51"}
{"index": {"_index":"beer","_id":"2116173"}}
	{"id":2116173,"type":"sell","buyer":"homeless-city","seller":"kaeptn-iglo","symbol":"BEER","quantity":"1.82600000","price":"0.15550000","timestamp":1637932080,"volume":"0.28394300","buyTxId":"d77351dd2043d2fd47cdee27d519bc0c19a052c7","sellTxId":"f75b688558a0a3aeec2a5ce250d39bdcddeda7c4"}
{"index": {"_index":"beer","_id":"2116262"}}
	{"id":2116262,"type":"sell","buyer":"homeless-city","seller":"drax","symbol":"BEER","quantity":"0.356","price":"0.15550000","timestamp":1637933178,"volume":"0.05535800","buyTxId":"d77351dd2043d2fd47cdee27d519bc0c19a052c7","sellTxId":"c2647b648afbfd742cd7caf6dfd56ebe16174680"}
{"index": {"_index":"beer","_id":"2116417"}}
	{"id":2116417,"type":"sell","buyer":"homeless-city","seller":"isgledysduarte","symbol":"BEER","quantity":"1.40000000","price":"0.15550000","timestamp":1637934717,"volume":"0.21770000","buyTxId":"d77351dd2043d2fd47cdee27d519bc0c19a052c7","sellTxId":"df71fed8ce7934c2760c85c92b98a20509df41c2"}
{"index": {"_index":"beer","_id":"2116439"}}
	{"id":2116439,"type":"sell","buyer":"homeless-city","seller":"felixgarciap","symbol":"BEER","quantity":"0.60000000","price":"0.15550000","timestamp":1637934915,"volume":"0.09330000","buyTxId":"d77351dd2043d2fd47cdee27d519bc0c19a052c7","sellTxId":"146ba2041c50f2d71e0ad4ff4923ff8f4515bee4"}
{"index": {"_index":"beer","_id":"2116570"}}
	{"id":2116570,"type":"sell","buyer":"homeless-city","seller":"dhedge-drips","symbol":"BEER","quantity":"0.00850557","price":"0.15550000","timestamp":1637936580,"volume":"0.00132262","buyTxId":"d77351dd2043d2fd47cdee27d519bc0c19a052c7","sellTxId":"09ba7c9e6dca0414a695d406907f60fc2851e5d2"}
{"index": {"_index":"beer","_id":"2117097"}}
	{"id":2117097,"type":"sell","buyer":"homeless-city","seller":"dlmmqb","symbol":"BEER","quantity":"4","price":"0.15550000","timestamp":1637941839,"volume":"0.62200000","buyTxId":"d77351dd2043d2fd47cdee27d519bc0c19a052c7","sellTxId":"b674eb802e94e97717408369261a82cf8b658e10"}
{"index": {"_index":"beer","_id":"2117732"}}
	{"id":2117732,"type":"sell","buyer":"homeless-city","seller":"homeginkit","symbol":"BEER","quantity":"29.50900000","price":"0.15550000","timestamp":1637946246,"volume":"4.58864950","buyTxId":"d77351dd2043d2fd47cdee27d519bc0c19a052c7","sellTxId":"1c6478bf889ee6c669ce66e0f65357db8eb368bd"}
{"index": {"_index":"beer","_id":"2117936"}}
	{"id":2117936,"type":"sell","buyer":"homeless-city","seller":"lammbock","symbol":"BEER","quantity":"0.67623322","price":"0.15550000","timestamp":1637947887,"volume":"0.10515427","buyTxId":"d77351dd2043d2fd47cdee27d519bc0c19a052c7","sellTxId":"244bc5aaa16c5e35bde5bf5db0fc23c5806ad04e"}
{"index": {"_index":"beer","_id":"2118125"}}
	{"id":2118125,"type":"sell","buyer":"homeless-city","seller":"kreur","symbol":"BEER","quantity":"6.51703053","price":"0.15550000","timestamp":1637949798,"volume":"1.01339825","buyTxId":"d77351dd2043d2fd47cdee27d519bc0c19a052c7","sellTxId":"89d1d1769dc4af4734aa9afd9b8729b0be99cc37"}
{"index": {"_index":"beer","_id":"2118198"}}
	{"id":2118198,"type":"sell","buyer":"homeless-city","seller":"tomhall","symbol":"BEER","quantity":"76.55043600","price":"0.15550000","timestamp":1637950380,"volume":"11.90359280","buyTxId":"d77351dd2043d2fd47cdee27d519bc0c19a052c7","sellTxId":"bd2206755a0bf1e69350ccbf37684126c8b0b3d3"}
{"index": {"_index":"beer","_id":"2118199"}}
	{"id":2118199,"type":"sell","buyer":"homeless-city","seller":"thatcryptodave","symbol":"BEER","quantity":"1.97600000","price":"0.15550000","timestamp":1637950380,"volume":"0.30726800","buyTxId":"d77351dd2043d2fd47cdee27d519bc0c19a052c7","sellTxId":"1e508d3ccd9c85f52a25099fc82a7d8e45738f27"}
{"index": {"_index":"beer","_id":"2118655"}}
	{"id":2118655,"type":"sell","buyer":"homeless-city","seller":"candy49","symbol":"BEER","quantity":"0.02500000","price":"0.15550000","timestamp":1637954091,"volume":"0.00388750","buyTxId":"d77351dd2043d2fd47cdee27d519bc0c19a052c7","sellTxId":"6376dee7965afd734bb662b253179a928b579353"}
{"index": {"_index":"beer","_id":"2119384"}}
	{"id":2119384,"type":"sell","buyer":"homeless-city","seller":"lrekt01","symbol":"BEER","quantity":"0.00300000","price":"0.15550000","timestamp":1637960646,"volume":"0.00046650","buyTxId":"d77351dd2043d2fd47cdee27d519bc0c19a052c7","sellTxId":"d3ca1600b9f6ccfa5ac99668d2c7467e8785165f"}
{"index": {"_index":"beer","_id":"2119514"}}
	{"id":2119514,"type":"sell","buyer":"homeless-city","seller":"eisenbart","symbol":"BEER","quantity":"0.86422594","price":"0.15550000","timestamp":1637961795,"volume":"0.13438713","buyTxId":"d77351dd2043d2fd47cdee27d519bc0c19a052c7","sellTxId":"26bd0ca3a79bb885d50ab58fd49c6074ad027f61"}
{"index": {"_index":"beer","_id":"2119820"}}
	{"id":2119820,"type":"sell","buyer":"homeless-city","seller":"steem.services","symbol":"BEER","quantity":"0.83600000","price":"0.15550000","timestamp":1637966115,"volume":"0.12999800","buyTxId":"d77351dd2043d2fd47cdee27d519bc0c19a052c7","sellTxId":"a9308dc0d6304fde6cfc22378e06f058fa6402ed"}
{"index": {"_index":"beer","_id":"2120605"}}
	{"id":2120605,"type":"buy","buyer":"kalmon4ever","seller":"krodash","symbol":"BEER","quantity":"2.00000000","price":"0.17989990","timestamp":1637974131,"volume":"0.35979980","buyTxId":"8935e4c3b9e457cc594e49fec61abe644850e85f","sellTxId":"534b82e0a62949aed889f6fea56da260b9a4f347"}
{"index": {"_index":"beer","_id":"2120803"}}
	{"id":2120803,"type":"sell","buyer":"homeless-city","seller":"criticalthinkin","symbol":"BEER","quantity":"61.07934679","price":"0.15550000","timestamp":1637975115,"volume":"9.49783842","buyTxId":"d77351dd2043d2fd47cdee27d519bc0c19a052c7","sellTxId":"d127426336441047328e95d165dcc2d77893e2c2"}
{"index": {"_index":"beer","_id":"2121538"}}
	{"id":2121538,"type":"sell","buyer":"nyinyiwin","seller":"augustbrown","symbol":"BEER","quantity":"0.26300000","price":"0.15500000","timestamp":1637984883,"volume":"0.04076500","buyTxId":"80682bf3d1bbff4350a3a8f9e9afd93a1b7fa68c","sellTxId":"dc50f03c7699d07c9b64855b1c1d527bdc959a2e"}
