{"index": {"_index":"beer","_id":"1138677"}}
	{"id":1138677,"type":"sell","buyer":"detlev","seller":"fantasycrypto","symbol":"BEER","quantity":"0.55900000","price":"0.23300000","timestamp":1623555606,"volume":"0.13024700","buyTxId":"83978ec4007963040756eb7be50f579ba225c708","sellTxId":"58e36cc296917a455c95647fa0b227cfd7d30930"}
{"index": {"_index":"beer","_id":"1138713"}}
	{"id":1138713,"type":"sell","buyer":"detlev","seller":"cloudblade","symbol":"BEER","quantity":"4.44100000","price":"0.23300000","timestamp":1623556776,"volume":"1.03475300","buyTxId":"83978ec4007963040756eb7be50f579ba225c708","sellTxId":"ecccbf687d7401b0dbec69e3c5b379e8920468d3"}
{"index": {"_index":"beer","_id":"1138714"}}
	{"id":1138714,"type":"sell","buyer":"detlev","seller":"cloudblade","symbol":"BEER","quantity":"8.00000000","price":"0.21003000","timestamp":1623556776,"volume":"1.68024000","buyTxId":"a68f90e270076ac6585f1263803ee710db04cd9e","sellTxId":"ecccbf687d7401b0dbec69e3c5b379e8920468d3"}
{"index": {"_index":"beer","_id":"1138813"}}
	{"id":1138813,"type":"sell","buyer":"cloudblade","seller":"themarkymark","symbol":"BEER","quantity":"0.35200000","price":"0.18003002","timestamp":1623561444,"volume":"0.06337057","buyTxId":"32d493878aebd2acd512be0f5efd97217d2980e0","sellTxId":"bc8298197f2957c87e2e2fdba751c7f28f9f9ada"}
{"index": {"_index":"beer","_id":"1139000"}}
	{"id":1139000,"type":"sell","buyer":"cloudblade","seller":"itharagaian","symbol":"BEER","quantity":"0.00300000","price":"0.18003002","timestamp":1623567762,"volume":"0.00054009","buyTxId":"32d493878aebd2acd512be0f5efd97217d2980e0","sellTxId":"2faf60d6f127993af37c9873505f134b474ac13d"}
{"index": {"_index":"beer","_id":"1139370"}}
	{"id":1139370,"type":"sell","buyer":"cloudblade","seller":"steemstreems","symbol":"BEER","quantity":"0.01200000","price":"0.18003002","timestamp":1623577131,"volume":"0.00216036","buyTxId":"32d493878aebd2acd512be0f5efd97217d2980e0","sellTxId":"548b292ec388a82bcc6464e9c3e2e95dada5769c"}
{"index": {"_index":"beer","_id":"1140008"}}
	{"id":1140008,"type":"sell","buyer":"atomcollector","seller":"tanzofett","symbol":"BEER","quantity":"2.00000000","price":"0.18004000","timestamp":1623596382,"volume":"0.36008000","buyTxId":"f160f8345b1552f2014617bd5a994e33730e7a32","sellTxId":"12cc482be2aa88b21e2450c7e7cf65825011624f"}
{"index": {"_index":"beer","_id":"1140009"}}
	{"id":1140009,"type":"sell","buyer":"cloudblade","seller":"tanzofett","symbol":"BEER","quantity":"1.06036980","price":"0.18003002","timestamp":1623596382,"volume":"0.19089840","buyTxId":"32d493878aebd2acd512be0f5efd97217d2980e0","sellTxId":"12cc482be2aa88b21e2450c7e7cf65825011624f"}
{"index": {"_index":"beer","_id":"1140164"}}
	{"id":1140164,"type":"buy","buyer":"eythorphoto","seller":"yintercept","symbol":"BEER","quantity":"3.31035944","price":"0.25000000","timestamp":1623600384,"volume":"0.82758986","buyTxId":"7c7116f3ea6e77b6f587c5be272be484a4ea7376","sellTxId":"2ea1d94058d9afc2e4aedbffe43d68674e153f0a"}
{"index": {"_index":"beer","_id":"1140320"}}
	{"id":1140320,"type":"sell","buyer":"fon","seller":"ecuaminte","symbol":"BEER","quantity":"0.13700000","price":"0.21430000","timestamp":1623604032,"volume":"0.02935910","buyTxId":"2760cc9aedcceaca423d13ca12d3d37a62c9da6b","sellTxId":"86c48cfd82bd4e367a1441a696f2b06215d9551b"}
{"index": {"_index":"beer","_id":"1140447"}}
	{"id":1140447,"type":"sell","buyer":"fon","seller":"mafia.wallet","symbol":"BEER","quantity":"0.061","price":"0.21430000","timestamp":1623608463,"volume":"0.01307230","buyTxId":"2760cc9aedcceaca423d13ca12d3d37a62c9da6b","sellTxId":"cb82eef4a4026264df5711cc1f285e0a40326f54-2"}
{"index": {"_index":"beer","_id":"1140471"}}
	{"id":1140471,"type":"buy","buyer":"eythorphoto","seller":"lookplz","symbol":"BEER","quantity":"5.42241032","price":"0.27400000","timestamp":1623608931,"volume":"1.48574043","buyTxId":"35eb1e142558d5b674359af39f752902fa9987a5","sellTxId":"0ff744a07364b7d06e64b628df74babb45140055"}
{"index": {"_index":"beer","_id":"1140494"}}
	{"id":1140494,"type":"sell","buyer":"fon","seller":"jjprac","symbol":"BEER","quantity":"0.80200000","price":"0.21430000","timestamp":1623609768,"volume":"0.17186860","buyTxId":"2760cc9aedcceaca423d13ca12d3d37a62c9da6b","sellTxId":"0ceca806d248c0185758655b0b744c6e1e8e5d9a"}
{"index": {"_index":"beer","_id":"1140811"}}
	{"id":1140811,"type":"sell","buyer":"cloudblade","seller":"deathwing","symbol":"BEER","quantity":"0.007","price":"0.18003002","timestamp":1623617706,"volume":"0.00126021","buyTxId":"32d493878aebd2acd512be0f5efd97217d2980e0","sellTxId":"180911cb8647c23d3d32bcfbb0bb55a9ba536ec6-4"}
{"index": {"_index":"beer","_id":"1140891"}}
	{"id":1140891,"type":"buy","buyer":"biti","seller":"rentmoney","symbol":"BEER","quantity":"0.37550000","price":"0.21420000","timestamp":1623619413,"volume":"0.08043210","buyTxId":"8bb16ea7172c39c410ca5920f6efa1661f69c37e","sellTxId":"0791ea704852115182a6c595a321a51fcfd991b0"}
{"index": {"_index":"beer","_id":"1140892"}}
	{"id":1140892,"type":"buy","buyer":"biti","seller":"krakonos","symbol":"BEER","quantity":"4.26000000","price":"0.21429000","timestamp":1623619413,"volume":"0.91287540","buyTxId":"8bb16ea7172c39c410ca5920f6efa1661f69c37e","sellTxId":"be07778a58839ac620638b22796cc97e765a1e75"}
{"index": {"_index":"beer","_id":"1140893"}}
	{"id":1140893,"type":"buy","buyer":"biti","seller":"jjprac","symbol":"BEER","quantity":"0.12948021","price":"0.21430000","timestamp":1623619413,"volume":"0.02774761","buyTxId":"8bb16ea7172c39c410ca5920f6efa1661f69c37e","sellTxId":"0ceca806d248c0185758655b0b744c6e1e8e5d9a"}
{"index": {"_index":"beer","_id":"1141182"}}
	{"id":1141182,"type":"sell","buyer":"biti","seller":"steem.services","symbol":"BEER","quantity":"3.00800000","price":"0.22000000","timestamp":1623627306,"volume":"0.66176000","buyTxId":"8bb16ea7172c39c410ca5920f6efa1661f69c37e","sellTxId":"001a7f7b59c26d06ab952ad530ca4573ee4ea21b"}
{"index": {"_index":"beer","_id":"1141302"}}
	{"id":1141302,"type":"sell","buyer":"biti","seller":"jk6276","symbol":"BEER","quantity":"0.01250000","price":"0.22000000","timestamp":1623630648,"volume":"0.00275000","buyTxId":"8bb16ea7172c39c410ca5920f6efa1661f69c37e","sellTxId":"2b327068634a3de63c1fb6d264fdbe2e0103987f"}
{"index": {"_index":"beer","_id":"1141508"}}
	{"id":1141508,"type":"sell","buyer":"biti","seller":"steemstreems","symbol":"BEER","quantity":"0.01200000","price":"0.22000000","timestamp":1623636795,"volume":"0.00264000","buyTxId":"8bb16ea7172c39c410ca5920f6efa1661f69c37e","sellTxId":"956b6a3aacb8d81ac492841105d1736db8a04152"}
