{"index": {"_index":"beer","_id":"2601592"}}
	{"id":2601592,"type":"sell","buyer":"louis88","seller":"rezoanulvibes","symbol":"BEER","quantity":"8.88500000","price":"0.50000000","timestamp":1642739754,"volume":"4.44250000","buyTxId":"91ee2201523ba8239ff7c7438589c7fab0bbd9f1","sellTxId":"c03a286ee7d0af43fb03038e560de0445b67d25e"}
{"index": {"_index":"beer","_id":"2601954"}}
	{"id":2601954,"type":"sell","buyer":"louis88","seller":"olympicdragon","symbol":"BEER","quantity":"8","price":"0.50000000","timestamp":1642745319,"volume":"4.00000000","buyTxId":"91ee2201523ba8239ff7c7438589c7fab0bbd9f1","sellTxId":"a8d70eb9417fd22a917abbf6806509e00a98845c"}
{"index": {"_index":"beer","_id":"2601974"}}
	{"id":2601974,"type":"sell","buyer":"louis88","seller":"n1hal","symbol":"BEER","quantity":"1.53300397","price":"0.50000000","timestamp":1642745523,"volume":"0.76650199","buyTxId":"91ee2201523ba8239ff7c7438589c7fab0bbd9f1","sellTxId":"81067b1212c76b76a1318958d7314b3d3f7c0c16"}
{"index": {"_index":"beer","_id":"2602014"}}
	{"id":2602014,"type":"sell","buyer":"louis88","seller":"miketr","symbol":"BEER","quantity":"4.00000000","price":"0.50000000","timestamp":1642746054,"volume":"2.00000000","buyTxId":"91ee2201523ba8239ff7c7438589c7fab0bbd9f1","sellTxId":"819977d3cce1980a4e6da8b2b46dda7864aeef29"}
{"index": {"_index":"beer","_id":"2602436"}}
	{"id":2602436,"type":"sell","buyer":"louis88","seller":"oks2crypto","symbol":"BEER","quantity":"0.73971444","price":"0.50000000","timestamp":1642751535,"volume":"0.36985722","buyTxId":"91ee2201523ba8239ff7c7438589c7fab0bbd9f1","sellTxId":"cc11f6dca33401032d21de4762480817a7cb9d50"}
{"index": {"_index":"beer","_id":"2602487"}}
	{"id":2602487,"type":"sell","buyer":"louis88","seller":"oks2crypto","symbol":"BEER","quantity":"2.51028556","price":"0.49000000","timestamp":1642751970,"volume":"1.23003992","buyTxId":"5318dac4eaee0bb1c739d0cfe7962d6b3fee417a","sellTxId":"33a598ef83c5da1f974210a7473747281328f161"}
{"index": {"_index":"beer","_id":"2602586"}}
	{"id":2602586,"type":"sell","buyer":"louis88","seller":"itharagaian","symbol":"BEER","quantity":"0.00100000","price":"0.49000000","timestamp":1642752954,"volume":"0.00049000","buyTxId":"5318dac4eaee0bb1c739d0cfe7962d6b3fee417a","sellTxId":"f0ad5ac17ab33bbd3f30acd6efd47b6dd49f3e94"}
{"index": {"_index":"beer","_id":"2602999"}}
	{"id":2602999,"type":"sell","buyer":"louis88","seller":"augustbrown","symbol":"BEER","quantity":"0.26000000","price":"0.49000000","timestamp":1642757760,"volume":"0.12740000","buyTxId":"5318dac4eaee0bb1c739d0cfe7962d6b3fee417a","sellTxId":"2900c0644bfafb145def053daede1d6efbb53e4a"}
{"index": {"_index":"beer","_id":"2603041"}}
	{"id":2603041,"type":"sell","buyer":"louis88","seller":"lloyddavis","symbol":"BEER","quantity":"0.74155180","price":"0.49000000","timestamp":1642758357,"volume":"0.36336038","buyTxId":"5318dac4eaee0bb1c739d0cfe7962d6b3fee417a","sellTxId":"940a7b512ee935afe2d91a91df580d04d7d28d67"}
{"index": {"_index":"beer","_id":"2603152"}}
	{"id":2603152,"type":"sell","buyer":"louis88","seller":"ru-trail","symbol":"BEER","quantity":"0.01250000","price":"0.49000000","timestamp":1642759764,"volume":"0.00612500","buyTxId":"5318dac4eaee0bb1c739d0cfe7962d6b3fee417a","sellTxId":"371c1089a7350fe5d5bc467e6a4782e2e2cd2bee"}
{"index": {"_index":"beer","_id":"2603181"}}
	{"id":2603181,"type":"sell","buyer":"louis88","seller":"lightcaptured","symbol":"BEER","quantity":"0.18200000","price":"0.49000000","timestamp":1642759968,"volume":"0.08918000","buyTxId":"5318dac4eaee0bb1c739d0cfe7962d6b3fee417a","sellTxId":"29caa097cf18c9daa69745f9003d9e6afb43fb7c"}
{"index": {"_index":"beer","_id":"2603351"}}
	{"id":2603351,"type":"sell","buyer":"louis88","seller":"davidgermano","symbol":"BEER","quantity":"0.02500000","price":"0.49000000","timestamp":1642763010,"volume":"0.01225000","buyTxId":"5318dac4eaee0bb1c739d0cfe7962d6b3fee417a","sellTxId":"3b5481d533914e0f54e73cedeaefde33d900d593"}
{"index": {"_index":"beer","_id":"2603445"}}
	{"id":2603445,"type":"sell","buyer":"louis88","seller":"abachon","symbol":"BEER","quantity":"5.46524715","price":"0.49000000","timestamp":1642764402,"volume":"2.67797110","buyTxId":"5318dac4eaee0bb1c739d0cfe7962d6b3fee417a","sellTxId":"f99ad902f793607c9a936a8fd40236eff68dda91"}
{"index": {"_index":"beer","_id":"2603622"}}
	{"id":2603622,"type":"sell","buyer":"louis88","seller":"cookaiss","symbol":"BEER","quantity":"0.65328349","price":"0.49000000","timestamp":1642766097,"volume":"0.32010891","buyTxId":"5318dac4eaee0bb1c739d0cfe7962d6b3fee417a","sellTxId":"c8a3bf4053a9e614d93f4cae54ed214a36ca9a9b"}
{"index": {"_index":"beer","_id":"2603723"}}
	{"id":2603723,"type":"sell","buyer":"louis88","seller":"mushanov","symbol":"BEER","quantity":"1.00070469","price":"0.49000000","timestamp":1642767117,"volume":"0.49034530","buyTxId":"5318dac4eaee0bb1c739d0cfe7962d6b3fee417a","sellTxId":"28d6f4ba92765144868a007f15ff42fb5afe8672"}
{"index": {"_index":"beer","_id":"2603767"}}
	{"id":2603767,"type":"sell","buyer":"louis88","seller":"sheikh27","symbol":"BEER","quantity":"1.05434043","price":"0.49000000","timestamp":1642767699,"volume":"0.51662681","buyTxId":"5318dac4eaee0bb1c739d0cfe7962d6b3fee417a","sellTxId":"f73f3424eb696f7f4f4c8b40a58883423e582980"}
{"index": {"_index":"beer","_id":"2603822"}}
	{"id":2603822,"type":"sell","buyer":"louis88","seller":"kushtia2","symbol":"BEER","quantity":"0.09408688","price":"0.49000000","timestamp":1642768371,"volume":"0.04610257","buyTxId":"5318dac4eaee0bb1c739d0cfe7962d6b3fee417a","sellTxId":"3574ecf54f7a15316f08e6fa14e871970c8b16d5"}
{"index": {"_index":"beer","_id":"2603823"}}
	{"id":2603823,"type":"sell","buyer":"louis88","seller":"kushtia2","symbol":"BEER","quantity":"2.22821733","price":"0.47357000","timestamp":1642768371,"volume":"1.05521688","buyTxId":"48d7419f94fb7e9813d66a7f526e429449906743","sellTxId":"3574ecf54f7a15316f08e6fa14e871970c8b16d5"}
{"index": {"_index":"beer","_id":"2604021"}}
	{"id":2604021,"type":"sell","buyer":"louis88","seller":"ga-sm","symbol":"BEER","quantity":"0.01800000","price":"0.47357000","timestamp":1642771032,"volume":"0.00852426","buyTxId":"48d7419f94fb7e9813d66a7f526e429449906743","sellTxId":"d905a34310d6b2daef659553acbabb01a44294d8"}
{"index": {"_index":"beer","_id":"2604241"}}
	{"id":2604241,"type":"sell","buyer":"louis88","seller":"achimmertens","symbol":"BEER","quantity":"2.75378267","price":"0.47357000","timestamp":1642773516,"volume":"1.30410886","buyTxId":"48d7419f94fb7e9813d66a7f526e429449906743","sellTxId":"99e2a2af1cdefda70fc0413db19607d4f76ce1a9"}
{"index": {"_index":"beer","_id":"2604242"}}
	{"id":2604242,"type":"sell","buyer":"detlev","seller":"achimmertens","symbol":"BEER","quantity":"15.00000000","price":"0.44600000","timestamp":1642773516,"volume":"6.69000000","buyTxId":"b3b4c4f4ed54cf416fc137d6296ab11cac57800e","sellTxId":"99e2a2af1cdefda70fc0413db19607d4f76ce1a9"}
{"index": {"_index":"beer","_id":"2605512"}}
	{"id":2605512,"type":"sell","buyer":"fon","seller":"silvertop","symbol":"BEER","quantity":"0.06250000","price":"0.44400000","timestamp":1642785705,"volume":"0.02775000","buyTxId":"bad7ddf481dd448d0130032badc95eb48b0fc9fb","sellTxId":"bdd7dd478ef24e96a598b1cba841d73338c3dd30"}
{"index": {"_index":"beer","_id":"2605556"}}
	{"id":2605556,"type":"sell","buyer":"fon","seller":"lotto-de","symbol":"BEER","quantity":"4.50000000","price":"0.44400000","timestamp":1642786008,"volume":"1.99800000","buyTxId":"bad7ddf481dd448d0130032badc95eb48b0fc9fb","sellTxId":"7d7e8da4753c9f9a77715fbb2bf7001e05562f0b"}
{"index": {"_index":"beer","_id":"2605629"}}
	{"id":2605629,"type":"sell","buyer":"fon","seller":"miketr","symbol":"BEER","quantity":"3.50000000","price":"0.44400000","timestamp":1642786407,"volume":"1.55400000","buyTxId":"bad7ddf481dd448d0130032badc95eb48b0fc9fb","sellTxId":"3261be71a3ce953ba334d4fe01b35cedec8cd733"}
{"index": {"_index":"beer","_id":"2605690"}}
	{"id":2605690,"type":"sell","buyer":"fon","seller":"pompeylad","symbol":"BEER","quantity":"0.44100000","price":"0.44400000","timestamp":1642786899,"volume":"0.19580400","buyTxId":"bad7ddf481dd448d0130032badc95eb48b0fc9fb","sellTxId":"1ac932bc943998ecb34a69174eea87471c181b7d"}
{"index": {"_index":"beer","_id":"2605709"}}
	{"id":2605709,"type":"buy","buyer":"benthomaswwd","seller":"myvest","symbol":"BEER","quantity":"0.05000000","price":"0.60000000","timestamp":1642787052,"volume":"0.03000000","buyTxId":"f001fd29bac9ac2026d8e79ad151f2cfc5785d65","sellTxId":"8c58391dd3e1fbd0cc7b98b9c33868ad7f988ac2"}
{"index": {"_index":"beer","_id":"2605740"}}
	{"id":2605740,"type":"sell","buyer":"benthomaswwd","seller":"heikki1337","symbol":"BEER","quantity":"9.95000000","price":"0.60000000","timestamp":1642787313,"volume":"5.97000000","buyTxId":"f001fd29bac9ac2026d8e79ad151f2cfc5785d65","sellTxId":"35416fd33b285c57048ffc0652c9abc1f0cfa633"}
{"index": {"_index":"beer","_id":"2606630"}}
	{"id":2606630,"type":"buy","buyer":"vasupi","seller":"thelogicaldude","symbol":"BEER","quantity":"1.00000000","price":"0.67890000","timestamp":1642791348,"volume":"0.67890000","buyTxId":"7be916c4e71a6c62b2cec941a1790ba528b1275c","sellTxId":"46a2548365010f0eea7ba32de65aec4dbd4e3001"}
{"index": {"_index":"beer","_id":"2606655"}}
	{"id":2606655,"type":"sell","buyer":"fon","seller":"haseeb-asif-khan","symbol":"BEER","quantity":"0.10000000","price":"0.44400000","timestamp":1642791687,"volume":"0.04440000","buyTxId":"bad7ddf481dd448d0130032badc95eb48b0fc9fb","sellTxId":"ad98ea68ba714322e14c84a9844e52e4145a9262"}
{"index": {"_index":"beer","_id":"2606798"}}
	{"id":2606798,"type":"sell","buyer":"fon","seller":"abimbola753","symbol":"BEER","quantity":"0.30229802","price":"0.44400000","timestamp":1642793154,"volume":"0.13422032","buyTxId":"bad7ddf481dd448d0130032badc95eb48b0fc9fb","sellTxId":"185da092b0d8b6f11c03d4b666f587a461b3b0e5"}
{"index": {"_index":"beer","_id":"2607151"}}
	{"id":2607151,"type":"sell","buyer":"fon","seller":"aulia1993","symbol":"BEER","quantity":"0.38200000","price":"0.44400000","timestamp":1642796910,"volume":"0.16960800","buyTxId":"bad7ddf481dd448d0130032badc95eb48b0fc9fb","sellTxId":"7cda5aee51484fdb8e8bcfddbacb485ff8dc6813"}
{"index": {"_index":"beer","_id":"2607183"}}
	{"id":2607183,"type":"sell","buyer":"fon","seller":"jjprac","symbol":"BEER","quantity":"0.53391025","price":"0.44400000","timestamp":1642797285,"volume":"0.23705615","buyTxId":"bad7ddf481dd448d0130032badc95eb48b0fc9fb","sellTxId":"20cb24dd00bca4dffe94395c6d52467b4df272fe"}
{"index": {"_index":"beer","_id":"2607371"}}
	{"id":2607371,"type":"sell","buyer":"fon","seller":"methus","symbol":"BEER","quantity":"73.17829173","price":"0.44400000","timestamp":1642798905,"volume":"32.49116153","buyTxId":"bad7ddf481dd448d0130032badc95eb48b0fc9fb","sellTxId":"c0a4aa88580746d9c4df0321692f2cb2d48f4e02"}
{"index": {"_index":"beer","_id":"2607524"}}
	{"id":2607524,"type":"sell","buyer":"detlev","seller":"harveyword","symbol":"BEER","quantity":"12.00000000","price":"0.44390000","timestamp":1642800114,"volume":"5.32680000","buyTxId":"8957806d384b33b5894d6b55493c30b6579b4b29","sellTxId":"00c1a35e48e3d2fe685c32b7279016a9db949b0e"}
{"index": {"_index":"beer","_id":"2607536"}}
	{"id":2607536,"type":"sell","buyer":"sunsea","seller":"harveyword","symbol":"BEER","quantity":"16.00000000","price":"0.44390000","timestamp":1642800156,"volume":"7.10240000","buyTxId":"bdb89b520ee8b27461ce0b15abe2251bcfb64431","sellTxId":"de1e42ec5b12ec459f7e216bf83964d258ce9ca3"}
{"index": {"_index":"beer","_id":"2607647"}}
	{"id":2607647,"type":"sell","buyer":"charly.travels","seller":"desro","symbol":"BEER","quantity":"1.75800000","price":"0.44390000","timestamp":1642801161,"volume":"0.78037620","buyTxId":"7a1ec1ba3ea1647511b1d3a6acd64634db94fe8b","sellTxId":"0b92702d47a3c9644e3e6229fe087a197f23f7ee"}
{"index": {"_index":"beer","_id":"2608750"}}
	{"id":2608750,"type":"sell","buyer":"charly.travels","seller":"theclasser1","symbol":"BEER","quantity":"3.00700000","price":"0.44390000","timestamp":1642811148,"volume":"1.33480730","buyTxId":"7a1ec1ba3ea1647511b1d3a6acd64634db94fe8b","sellTxId":"984a65fd294f8fd6275b7346d7436c22c35350d6"}
{"index": {"_index":"beer","_id":"2609272"}}
	{"id":2609272,"type":"sell","buyer":"charly.travels","seller":"steem.services","symbol":"BEER","quantity":"0.80300000","price":"0.44390000","timestamp":1642816077,"volume":"0.35645170","buyTxId":"7a1ec1ba3ea1647511b1d3a6acd64634db94fe8b","sellTxId":"33716acbd7a7219e32fe6f2cc2fa787ee873cf1b"}
{"index": {"_index":"beer","_id":"2609678"}}
	{"id":2609678,"type":"sell","buyer":"charly.travels","seller":"thatcryptodave","symbol":"BEER","quantity":"1.14600000","price":"0.44390000","timestamp":1642821579,"volume":"0.50870940","buyTxId":"7a1ec1ba3ea1647511b1d3a6acd64634db94fe8b","sellTxId":"c4c1e4fb869d0583c686f1f2222c9d65e9e4de49"}
