{"index": {"_index":"beer","_id":"2622595"}}
	{"id":2622595,"type":"sell","buyer":"charly.travels","seller":"ht14","symbol":"BEER","quantity":"0.04200000","price":"0.44390000","timestamp":1642968471,"volume":"0.01864380","buyTxId":"7a1ec1ba3ea1647511b1d3a6acd64634db94fe8b","sellTxId":"533e6fd7f8d14d440eb384ed11f09e4d4fbf9084"}
{"index": {"_index":"beer","_id":"2622670"}}
	{"id":2622670,"type":"sell","buyer":"charly.travels","seller":"bambukah","symbol":"BEER","quantity":"3.18181451","price":"0.44390000","timestamp":1642969086,"volume":"1.41240746","buyTxId":"7a1ec1ba3ea1647511b1d3a6acd64634db94fe8b","sellTxId":"fccd9dc9d9826fb2abb41e7f70fb1272ec2421a8"}
{"index": {"_index":"beer","_id":"2623010"}}
	{"id":2623010,"type":"buy","buyer":"fon","seller":"harveyword","symbol":"BEER","quantity":"0.01000000","price":"0.67500000","timestamp":1642972941,"volume":"0.00675000","buyTxId":"f89eacaae3b6c4c6874d4b932dd8beee1021a07f","sellTxId":"34178e55fa0083bb5c3c1a8106cdd0c5225db2e9"}
{"index": {"_index":"beer","_id":"2623101"}}
	{"id":2623101,"type":"sell","buyer":"charly.travels","seller":"monsterjamgold","symbol":"BEER","quantity":"0.11400000","price":"0.44390000","timestamp":1642973973,"volume":"0.05060460","buyTxId":"7a1ec1ba3ea1647511b1d3a6acd64634db94fe8b","sellTxId":"3fcf115ff21fd95963d9f6a67b964ab9a5e4d912"}
{"index": {"_index":"beer","_id":"2623121"}}
	{"id":2623121,"type":"sell","buyer":"charly.travels","seller":"dejan.vuckovic","symbol":"BEER","quantity":"4.17046699","price":"0.44390000","timestamp":1642974303,"volume":"1.85127030","buyTxId":"7a1ec1ba3ea1647511b1d3a6acd64634db94fe8b","sellTxId":"aaf27c5928ef5eb9683b2341ee10bd3e33529a96"}
{"index": {"_index":"beer","_id":"2623552"}}
	{"id":2623552,"type":"sell","buyer":"charly.travels","seller":"marketroll","symbol":"BEER","quantity":"36.41513944","price":"0.44390000","timestamp":1642979532,"volume":"16.16468039","buyTxId":"7a1ec1ba3ea1647511b1d3a6acd64634db94fe8b","sellTxId":"2a1e4e473f20a43153394ca307e27700fb2c2c10"}
{"index": {"_index":"beer","_id":"2623554"}}
	{"id":2623554,"type":"sell","buyer":"louis88","seller":"marketroll","symbol":"BEER","quantity":"1.00000000","price":"0.44000000","timestamp":1642979562,"volume":"0.44000000","buyTxId":"c311b08220247d094f5f039653ecf6feb35a08ae","sellTxId":"c3ca6d113760a39e508c3cb2a30ccc5eea2c33d9"}
{"index": {"_index":"beer","_id":"2623555"}}
	{"id":2623555,"type":"sell","buyer":"fon","seller":"marketroll","symbol":"BEER","quantity":"20.50000000","price":"0.43640000","timestamp":1642979562,"volume":"8.94620000","buyTxId":"4652d98af3ce8e83c8d1ac5508de3de2d54dfda2","sellTxId":"c3ca6d113760a39e508c3cb2a30ccc5eea2c33d9"}
{"index": {"_index":"beer","_id":"2623561"}}
	{"id":2623561,"type":"sell","buyer":"louis88","seller":"marketroll","symbol":"BEER","quantity":"12.00000000","price":"0.43000000","timestamp":1642979592,"volume":"5.16000000","buyTxId":"776282f01f1907bfe8a08535ef1619a9f91dbcbb","sellTxId":"dc09dd8a485b1ae026f68f1d939ebf9c3f4bca37"}
{"index": {"_index":"beer","_id":"2623562"}}
	{"id":2623562,"type":"sell","buyer":"louis88","seller":"marketroll","symbol":"BEER","quantity":"3.00000000","price":"0.42000000","timestamp":1642979628,"volume":"1.26000000","buyTxId":"9aa353a92fa691b81b8daa0e41021c53f2e96b64","sellTxId":"fdf62cadc373414607d3fda39fd996dc8b260d96"}
{"index": {"_index":"beer","_id":"2623563"}}
	{"id":2623563,"type":"sell","buyer":"louis88","seller":"marketroll","symbol":"BEER","quantity":"12.00000000","price":"0.40000000","timestamp":1642979628,"volume":"4.80000000","buyTxId":"a288f5322117c3c729c77dec917b13def02a9326","sellTxId":"fdf62cadc373414607d3fda39fd996dc8b260d96"}
{"index": {"_index":"beer","_id":"2623564"}}
	{"id":2623564,"type":"sell","buyer":"achimmertens","seller":"marketroll","symbol":"BEER","quantity":"20.00000000","price":"0.40000000","timestamp":1642979628,"volume":"8.00000000","buyTxId":"8726218b82c4d76b95ed017786c98c08943c2c33","sellTxId":"fdf62cadc373414607d3fda39fd996dc8b260d96"}
{"index": {"_index":"beer","_id":"2623566"}}
	{"id":2623566,"type":"sell","buyer":"louis88","seller":"marketroll","symbol":"BEER","quantity":"12.00000000","price":"0.33333333","timestamp":1642979661,"volume":"3.99999996","buyTxId":"b11c15c9408e0a08d00fd19f2a54a9d2e287bca5","sellTxId":"b560ae8d94ac87f004f7332818e4586b3e969d99"}
{"index": {"_index":"beer","_id":"2623569"}}
	{"id":2623569,"type":"sell","buyer":"louis88","seller":"marketroll","symbol":"BEER","quantity":"1.20000000","price":"0.23900000","timestamp":1642979700,"volume":"0.28680000","buyTxId":"577bd734414ee5773a3530be69e058aab19eab24","sellTxId":"a38c884fbe600d13a01c69ae5ea5cffa08d29ac7"}
{"index": {"_index":"beer","_id":"2623570"}}
	{"id":2623570,"type":"sell","buyer":"louis88","seller":"marketroll","symbol":"BEER","quantity":"1.20000000","price":"0.23500000","timestamp":1642979700,"volume":"0.28200000","buyTxId":"69e7d551cf0ac5bd662ebbd21c1274793c2e599d","sellTxId":"a38c884fbe600d13a01c69ae5ea5cffa08d29ac7"}
{"index": {"_index":"beer","_id":"2623571"}}
	{"id":2623571,"type":"sell","buyer":"louis88","seller":"marketroll","symbol":"BEER","quantity":"1.00000000","price":"0.23000000","timestamp":1642979700,"volume":"0.23000000","buyTxId":"463758ebf2d515b9acbfb949c163ed30347b032b","sellTxId":"a38c884fbe600d13a01c69ae5ea5cffa08d29ac7"}
{"index": {"_index":"beer","_id":"2623574"}}
	{"id":2623574,"type":"sell","buyer":"louis88","seller":"marketroll","symbol":"BEER","quantity":"3.00000000","price":"0.22000000","timestamp":1642979730,"volume":"0.66000000","buyTxId":"1e359aec6874536b28bf84d66367a729d3b5d44b","sellTxId":"268a60321145e1b3fa6c28290cdf66e375a8a013"}
{"index": {"_index":"beer","_id":"2623578"}}
	{"id":2623578,"type":"sell","buyer":"louis88","seller":"marketroll","symbol":"BEER","quantity":"1.22424772","price":"0.20100000","timestamp":1642979775,"volume":"0.24607379","buyTxId":"783c44ed595c5e94dd2056743f4bae8a74596608","sellTxId":"59f5f05bf93d32feb45f400275cf798ce7fa5f1f"}
{"index": {"_index":"beer","_id":"2623627"}}
	{"id":2623627,"type":"sell","buyer":"fon","seller":"marketroll","symbol":"BEER","quantity":"5.00000000","price":"0.18700000","timestamp":1642980303,"volume":"0.93500000","buyTxId":"3f0af460a91e415e93d747bdb4446ab3f6af1351","sellTxId":"8f0ef5fb4eaa765d77c99d079a73ddc682737195"}
{"index": {"_index":"beer","_id":"2623628"}}
	{"id":2623628,"type":"sell","buyer":"marketroll","seller":"marketroll","symbol":"BEER","quantity":"1.00000000","price":"0.15900100","timestamp":1642980339,"volume":"0.15900100","buyTxId":"29af49c45f26526286211f120f407df0ace6ef0b","sellTxId":"5cd9e0dc4e8f6525b01a4b10f663ceb27fc56b8f"}
{"index": {"_index":"beer","_id":"2623675"}}
	{"id":2623675,"type":"sell","buyer":"marketroll","seller":"martusamak","symbol":"BEER","quantity":"0.06700000","price":"0.15900100","timestamp":1642981335,"volume":"0.01065307","buyTxId":"29af49c45f26526286211f120f407df0ace6ef0b","sellTxId":"d8160b86c3ebd9c99448817f05841bfd7165bef5"}
{"index": {"_index":"beer","_id":"2624174"}}
	{"id":2624174,"type":"sell","buyer":"harveyword","seller":"magnacarta","symbol":"BEER","quantity":"0.10633925","price":"0.15910000","timestamp":1642984893,"volume":"0.01691857","buyTxId":"e9cd6f7419c787f8dd4357e7d71ee0dec1eff339","sellTxId":"d4d8365d7c5a5abf7c9de607a16713f3147eac99"}
{"index": {"_index":"beer","_id":"2626366"}}
	{"id":2626366,"type":"sell","buyer":"harveyword","seller":"itharagaian","symbol":"BEER","quantity":"0.00100000","price":"0.15910000","timestamp":1643015115,"volume":"0.00015910","buyTxId":"e9cd6f7419c787f8dd4357e7d71ee0dec1eff339","sellTxId":"2f4e93eabd084477c4bfeeafba6b0530f55e2762"}
{"index": {"_index":"beer","_id":"2626936"}}
	{"id":2626936,"type":"sell","buyer":"harveyword","seller":"alexanderfluke","symbol":"BEER","quantity":"0.01250000","price":"0.15910000","timestamp":1643021124,"volume":"0.00198875","buyTxId":"e9cd6f7419c787f8dd4357e7d71ee0dec1eff339","sellTxId":"71a84fd0df67814a4eb0f7879ba7d2b61952c594"}
{"index": {"_index":"beer","_id":"2627769"}}
	{"id":2627769,"type":"sell","buyer":"harveyword","seller":"jeenger","symbol":"BEER","quantity":"9.88016075","price":"0.15910000","timestamp":1643031471,"volume":"1.57193358","buyTxId":"e9cd6f7419c787f8dd4357e7d71ee0dec1eff339","sellTxId":"17b6534e17579efd13e39f28699e1d59e01b5ddb"}
{"index": {"_index":"beer","_id":"2627770"}}
	{"id":2627770,"type":"sell","buyer":"marketroll","seller":"jeenger","symbol":"BEER","quantity":"7.32022303","price":"0.15900100","timestamp":1643031471,"volume":"1.16392278","buyTxId":"29af49c45f26526286211f120f407df0ace6ef0b","sellTxId":"17b6534e17579efd13e39f28699e1d59e01b5ddb"}
{"index": {"_index":"beer","_id":"2629433"}}
	{"id":2629433,"type":"sell","buyer":"marketroll","seller":"accelerator","symbol":"BEER","quantity":"0.03750000","price":"0.15900100","timestamp":1643047215,"volume":"0.00596254","buyTxId":"29af49c45f26526286211f120f407df0ace6ef0b","sellTxId":"57d6fffa7cb6d54ed5b8a26c76953fc070c62731"}
{"index": {"_index":"beer","_id":"2629527"}}
	{"id":2629527,"type":"sell","buyer":"marketroll","seller":"phortun","symbol":"BEER","quantity":"0.46506406","price":"0.15900100","timestamp":1643047707,"volume":"0.07394565","buyTxId":"29af49c45f26526286211f120f407df0ace6ef0b","sellTxId":"8a6a08935a416d4e3a1b7286ad1f962d90d5c345"}
{"index": {"_index":"beer","_id":"2629797"}}
	{"id":2629797,"type":"sell","buyer":"marketroll","seller":"fantasycrypto","symbol":"BEER","quantity":"0.43900000","price":"0.15900100","timestamp":1643049984,"volume":"0.06980144","buyTxId":"29af49c45f26526286211f120f407df0ace6ef0b","sellTxId":"87770e748fddb058a7b5b5ce1877fb449636ef83"}
{"index": {"_index":"beer","_id":"2630253"}}
	{"id":2630253,"type":"sell","buyer":"marketroll","seller":"elevator09","symbol":"BEER","quantity":"0.31300000","price":"0.15900100","timestamp":1643053587,"volume":"0.04976731","buyTxId":"29af49c45f26526286211f120f407df0ace6ef0b","sellTxId":"6bcd472f0323627763cfd91b8b6675c087fc5465"}
