{"index": {"_index":"beer","_id":"2283680"}}
	{"id":2283680,"type":"sell","buyer":"marketroll","seller":"felipejoys","symbol":"BEER","quantity":"5.29111509","price":"0.15402000","timestamp":1639542831,"volume":"0.81493755","buyTxId":"ee04e00e82b1587b053009d9ea6c5a7aaadaa5a1","sellTxId":"f3017fc8a942969da66d9f805f1b0f34b87a44f0"}
{"index": {"_index":"beer","_id":"2283681"}}
	{"id":2283681,"type":"sell","buyer":"imagenius.dac","seller":"felipejoys","symbol":"BEER","quantity":"1.58282712","price":"0.15400200","timestamp":1639542831,"volume":"0.24375854","buyTxId":"eb244c6405cd9d849354f8e25ce0454836b44a80","sellTxId":"f3017fc8a942969da66d9f805f1b0f34b87a44f0"}
{"index": {"_index":"beer","_id":"2284188"}}
	{"id":2284188,"type":"sell","buyer":"imagenius.dac","seller":"sn0n","symbol":"BEER","quantity":"4.25099316","price":"0.15400200","timestamp":1639547613,"volume":"0.65466145","buyTxId":"eb244c6405cd9d849354f8e25ce0454836b44a80","sellTxId":"af511223f55513aebc5d564cd66e3990fc4c964a"}
{"index": {"_index":"beer","_id":"2284211"}}
	{"id":2284211,"type":"sell","buyer":"imagenius.dac","seller":"themarkymark","symbol":"BEER","quantity":"0.29900000","price":"0.15400200","timestamp":1639547814,"volume":"0.04604660","buyTxId":"eb244c6405cd9d849354f8e25ce0454836b44a80","sellTxId":"2cb8df4cf6eaae24b93a1b036cfa9da64097e302"}
{"index": {"_index":"beer","_id":"2284594"}}
	{"id":2284594,"type":"buy","buyer":"detlev","seller":"marfonso","symbol":"BEER","quantity":"0.10000000","price":"0.18499999","timestamp":1639550628,"volume":"0.01850000","buyTxId":"d6945e77d84c12cbf11b477c3530fb14bc99e03f","sellTxId":"0933c15c1454c217f63b26b78618d4e6e4b95e93"}
{"index": {"_index":"beer","_id":"2285046"}}
	{"id":2285046,"type":"sell","buyer":"imagenius.dac","seller":"itharagaian","symbol":"BEER","quantity":"0.00100000","price":"0.15400200","timestamp":1639554171,"volume":"0.00015400","buyTxId":"eb244c6405cd9d849354f8e25ce0454836b44a80","sellTxId":"a8509eaa8830ef4e576e403fb809f24caf2e2de9"}
{"index": {"_index":"beer","_id":"2285084"}}
	{"id":2285084,"type":"sell","buyer":"detlev","seller":"imagenius.dac","symbol":"BEER","quantity":"43.55850574","price":"0.15400000","timestamp":1639554435,"volume":"6.70800988","buyTxId":"1194734f630e635d28fdead415b0652e2552e30d","sellTxId":"35e2071d1d03346d915aba5cf127b018edc480d6"}
{"index": {"_index":"beer","_id":"2286439"}}
	{"id":2286439,"type":"sell","buyer":"eddwood","seller":"dotwin1981","symbol":"BEER","quantity":"0.47284806","price":"0.15800000","timestamp":1639567809,"volume":"0.07470999","buyTxId":"f0be0f1366144aefd970ee30e684958f9bf8dc73","sellTxId":"ff7a4ee45b67266fc59d5f0a785692d6fccb3f18"}
{"index": {"_index":"beer","_id":"2286764"}}
	{"id":2286764,"type":"sell","buyer":"eddwood","seller":"celescu","symbol":"BEER","quantity":"0.17605516","price":"0.15800000","timestamp":1639570563,"volume":"0.02781672","buyTxId":"f0be0f1366144aefd970ee30e684958f9bf8dc73","sellTxId":"02c6bd3e45916c259ea96aa1cb3c4cc70e2902bc"}
{"index": {"_index":"beer","_id":"2286865"}}
	{"id":2286865,"type":"sell","buyer":"eddwood","seller":"itharagaian","symbol":"BEER","quantity":"0.01250000","price":"0.15800000","timestamp":1639571349,"volume":"0.00197500","buyTxId":"f0be0f1366144aefd970ee30e684958f9bf8dc73","sellTxId":"fa7ef0c4d3ec2e91c82a902cf8af0cf100204806"}
{"index": {"_index":"beer","_id":"2288059"}}
	{"id":2288059,"type":"sell","buyer":"eddwood","seller":"ugochill","symbol":"BEER","quantity":"1.52615862","price":"0.15800000","timestamp":1639580022,"volume":"0.24113306","buyTxId":"f0be0f1366144aefd970ee30e684958f9bf8dc73","sellTxId":"ff6990589738e1a283bf97131b118adddab7982e"}
{"index": {"_index":"beer","_id":"2288315"}}
	{"id":2288315,"type":"sell","buyer":"eddwood","seller":"thelogicaldude","symbol":"BEER","quantity":"1.273","price":"0.15800000","timestamp":1639582017,"volume":"0.20113400","buyTxId":"f0be0f1366144aefd970ee30e684958f9bf8dc73","sellTxId":"dcd83abae8a3a6f5ff358ff542a855837b49ffd6"}
{"index": {"_index":"beer","_id":"2288594"}}
	{"id":2288594,"type":"sell","buyer":"eddwood","seller":"andy4475","symbol":"BEER","quantity":"3.59336748","price":"0.15800000","timestamp":1639583715,"volume":"0.56775206","buyTxId":"f0be0f1366144aefd970ee30e684958f9bf8dc73","sellTxId":"f8d2fc2e5cb7b8e50c1124865e7a992b39de746b"}
{"index": {"_index":"beer","_id":"2288825"}}
	{"id":2288825,"type":"sell","buyer":"eddwood","seller":"hiveexplorers","symbol":"BEER","quantity":"0.00250000","price":"0.15800000","timestamp":1639586100,"volume":"0.00039500","buyTxId":"f0be0f1366144aefd970ee30e684958f9bf8dc73","sellTxId":"b75c3780fabfac98ade2e1a80ef11c38eeefec04"}
{"index": {"_index":"beer","_id":"2289147"}}
	{"id":2289147,"type":"sell","buyer":"eddwood","seller":"monsterjamgold","symbol":"BEER","quantity":"0.07900000","price":"0.15800000","timestamp":1639588419,"volume":"0.01248200","buyTxId":"f0be0f1366144aefd970ee30e684958f9bf8dc73","sellTxId":"6ef596442bec8d7ff215050c3893db654e2a865e"}
{"index": {"_index":"beer","_id":"2290183"}}
	{"id":2290183,"type":"sell","buyer":"eddwood","seller":"lrekt01","symbol":"BEER","quantity":"0.00300000","price":"0.15800000","timestamp":1639597554,"volume":"0.00047400","buyTxId":"f0be0f1366144aefd970ee30e684958f9bf8dc73","sellTxId":"132a62cf9fec52872f39af4f14cf42bc4fd5d7b6"}
{"index": {"_index":"beer","_id":"2293067"}}
	{"id":2293067,"type":"sell","buyer":"eddwood","seller":"mafia.wallet","symbol":"BEER","quantity":"0.066","price":"0.15800000","timestamp":1639622046,"volume":"0.01042800","buyTxId":"f0be0f1366144aefd970ee30e684958f9bf8dc73","sellTxId":"007455e3a933a28a13907f1f70991efbe0517151-3"}
