{"index": {"_index":"beer","_id":"3336439"}}
	{"id":3336439,"type":"sell","buyer":"detlev","seller":"itharagaian","symbol":"BEER","quantity":"0.00200000","price":"0.14300000","timestamp":1651558161,"volume":"0.00028600","buyTxId":"f47f434fa40bcb205a6df9711dc2f31fc4374d35","sellTxId":"b1f8e7dd78b4cc03fd392293867288799fe75945"}
{"index": {"_index":"beer","_id":"3336713"}}
	{"id":3336713,"type":"sell","buyer":"detlev","seller":"ugochill","symbol":"BEER","quantity":"0.05775667","price":"0.14300000","timestamp":1651561818,"volume":"0.00825920","buyTxId":"f47f434fa40bcb205a6df9711dc2f31fc4374d35","sellTxId":"3bdacbc0cb457ab652f6e2d2e5d6521babecdeba"}
{"index": {"_index":"beer","_id":"3337320"}}
	{"id":3337320,"type":"sell","buyer":"detlev","seller":"clixmoney","symbol":"BEER","quantity":"0.49995237","price":"0.14300000","timestamp":1651570335,"volume":"0.07149319","buyTxId":"f47f434fa40bcb205a6df9711dc2f31fc4374d35","sellTxId":"94cde58cfae21164f1e109db731fdbfff5bbe2f9"}
{"index": {"_index":"beer","_id":"3337535"}}
	{"id":3337535,"type":"buy","buyer":"nyxlabs","seller":"onlydoge","symbol":"BEER","quantity":"0.84400000","price":"0.16940000","timestamp":1651572870,"volume":"0.14297360","buyTxId":"9dd1daec4bdbacb44d59753172cfac4754edf9c5","sellTxId":"04ccd0784b64588c1a450b29e02e8badfadb215c"}
{"index": {"_index":"beer","_id":"3337895"}}
	{"id":3337895,"type":"sell","buyer":"detlev","seller":"networkallstar","symbol":"BEER","quantity":"0.08750000","price":"0.14300000","timestamp":1651578105,"volume":"0.01251250","buyTxId":"f47f434fa40bcb205a6df9711dc2f31fc4374d35","sellTxId":"5c8d0eb56f0169a6833ad7da0dce6e3bfce3c67f"}
{"index": {"_index":"beer","_id":"3338456"}}
	{"id":3338456,"type":"sell","buyer":"detlev","seller":"the.rocket.panda","symbol":"BEER","quantity":"0.70214244","price":"0.14300000","timestamp":1651585422,"volume":"0.10040637","buyTxId":"f47f434fa40bcb205a6df9711dc2f31fc4374d35","sellTxId":"a789a0febefadbcbe5da0fe6989a76bff6ef1166"}
{"index": {"_index":"beer","_id":"3338693"}}
	{"id":3338693,"type":"buy","buyer":"sunsea","seller":"onlydoge","symbol":"BEER","quantity":"0.10000000","price":"0.16940000","timestamp":1651588095,"volume":"0.01694000","buyTxId":"888abd7fb2a17f7fd3052ee03cd5d6daa2e85191","sellTxId":"04ccd0784b64588c1a450b29e02e8badfadb215c"}
{"index": {"_index":"beer","_id":"3338882"}}
	{"id":3338882,"type":"sell","buyer":"detlev","seller":"miketr","symbol":"BEER","quantity":"2.49426852","price":"0.14300000","timestamp":1651590072,"volume":"0.35668040","buyTxId":"f47f434fa40bcb205a6df9711dc2f31fc4374d35","sellTxId":"53c34f4698768e0204fc419ce241b7b4afc5cdbe"}
{"index": {"_index":"beer","_id":"3339172"}}
	{"id":3339172,"type":"sell","buyer":"detlev","seller":"investinthefutur","symbol":"BEER","quantity":"5.01593145","price":"0.14300000","timestamp":1651593483,"volume":"0.71727820","buyTxId":"f47f434fa40bcb205a6df9711dc2f31fc4374d35","sellTxId":"d1651c056b317b899a34aaa0f821e5736d643b37"}
{"index": {"_index":"beer","_id":"3340208"}}
	{"id":3340208,"type":"buy","buyer":"edgerik","seller":"onlydoge","symbol":"BEER","quantity":"1.00000000","price":"0.16940000","timestamp":1651601478,"volume":"0.16940000","buyTxId":"3f9eaadf716557ec76563cf39e0b918c28a324eb","sellTxId":"04ccd0784b64588c1a450b29e02e8badfadb215c"}
{"index": {"_index":"beer","_id":"3340375"}}
	{"id":3340375,"type":"sell","buyer":"detlev","seller":"flores39","symbol":"BEER","quantity":"0.30000000","price":"0.14300000","timestamp":1651603554,"volume":"0.04290000","buyTxId":"f47f434fa40bcb205a6df9711dc2f31fc4374d35","sellTxId":"226bc7c0167c6f5937d8d4828b16c24d1928fa02"}
{"index": {"_index":"beer","_id":"3340495"}}
	{"id":3340495,"type":"sell","buyer":"detlev","seller":"abachon","symbol":"BEER","quantity":"0.05465295","price":"0.14300000","timestamp":1651605033,"volume":"0.00781537","buyTxId":"f47f434fa40bcb205a6df9711dc2f31fc4374d35","sellTxId":"aba927210fbf8e8f1ce53ace6282acd0a74be785"}
{"index": {"_index":"beer","_id":"3340513"}}
	{"id":3340513,"type":"sell","buyer":"detlev","seller":"mafia.wallet","symbol":"BEER","quantity":"0.024","price":"0.14300000","timestamp":1651605225,"volume":"0.00343200","buyTxId":"f47f434fa40bcb205a6df9711dc2f31fc4374d35","sellTxId":"81494fbfe8a25751857de1cd1f3044cf7335649f-2"}
{"index": {"_index":"beer","_id":"3341646"}}
	{"id":3341646,"type":"sell","buyer":"detlev","seller":"awah","symbol":"BEER","quantity":"1.05567803","price":"0.14300000","timestamp":1651617786,"volume":"0.15096196","buyTxId":"f47f434fa40bcb205a6df9711dc2f31fc4374d35","sellTxId":"cfa52915cecd8f85b154be634142ffc1cb27968e"}
{"index": {"_index":"beer","_id":"3342608"}}
	{"id":3342608,"type":"sell","buyer":"detlev","seller":"libert","symbol":"BEER","quantity":"0.559","price":"0.14300000","timestamp":1651628874,"volume":"0.07993700","buyTxId":"f47f434fa40bcb205a6df9711dc2f31fc4374d35","sellTxId":"2aa80f369cfc92e6745872899d541bf133691761"}
{"index": {"_index":"beer","_id":"3342817"}}
	{"id":3342817,"type":"sell","buyer":"detlev","seller":"roger.remix","symbol":"BEER","quantity":"20.33117260","price":"0.14300000","timestamp":1651631886,"volume":"2.90735768","buyTxId":"f47f434fa40bcb205a6df9711dc2f31fc4374d35","sellTxId":"8bcf04776fc2b80685a03441d71b2fabff4e5f90"}
