{"index": {"_index":"beer","_id":"3593052"}}
	{"id":3593052,"type":"sell","buyer":"maryjane.main","seller":"misterc","symbol":"BEER","quantity":"13.99900000","price":"0.05670000","timestamp":1654201458,"volume":"0.79374330","buyTxId":"68210bd02c5ab2bb852466f1870d7c87db2ed757","sellTxId":"b1cdf5e27bb1b47660d14184e769e1d7f0c4d2dc"}
{"index": {"_index":"beer","_id":"3593078"}}
	{"id":3593078,"type":"sell","buyer":"irivers","seller":"misterc","symbol":"BEER","quantity":"3.15234222","price":"0.05650000","timestamp":1654201665,"volume":"0.17810734","buyTxId":"a079dd99a33856d6d163bdf66829215b1c56230e","sellTxId":"2a17c771e811b499ca927e570675baef25357d65"}
{"index": {"_index":"beer","_id":"3593191"}}
	{"id":3593191,"type":"sell","buyer":"irivers","seller":"poliwalt10","symbol":"BEER","quantity":"0.11800000","price":"0.05650000","timestamp":1654202325,"volume":"0.00666700","buyTxId":"a079dd99a33856d6d163bdf66829215b1c56230e","sellTxId":"8020060b6495fb91585e25fdfd3e99ffe8d97837"}
{"index": {"_index":"beer","_id":"3594126"}}
	{"id":3594126,"type":"sell","buyer":"irivers","seller":"mafia.wallet","symbol":"BEER","quantity":"0.025","price":"0.05650000","timestamp":1654210695,"volume":"0.00141250","buyTxId":"a079dd99a33856d6d163bdf66829215b1c56230e","sellTxId":"1a1047e8c215c1162194186fb6d87bd85768fe8a-2"}
{"index": {"_index":"beer","_id":"3595675"}}
	{"id":3595675,"type":"sell","buyer":"irivers","seller":"hive-143869","symbol":"BEER","quantity":"0.15074054","price":"0.05650000","timestamp":1654233486,"volume":"0.00851684","buyTxId":"a079dd99a33856d6d163bdf66829215b1c56230e","sellTxId":"0fb32d0d6449096df9bcc3496e95e2edfe903348"}
{"index": {"_index":"beer","_id":"3595737"}}
	{"id":3595737,"type":"buy","buyer":"nahueldare3627","seller":"barmbo","symbol":"BEER","quantity":"1.61257861","price":"0.07950000","timestamp":1654234242,"volume":"0.1282","buyTxId":"73440bda1da551c527c09ac6b30be0cce8f6724f","sellTxId":"0fa0bad0c001ea84256376f04d4bbb8ec5715c9a"}
{"index": {"_index":"beer","_id":"3596319"}}
	{"id":3596319,"type":"sell","buyer":"irivers","seller":"laritheghost","symbol":"BEER","quantity":"0.26522299","price":"0.05650000","timestamp":1654241820,"volume":"0.01498510","buyTxId":"a079dd99a33856d6d163bdf66829215b1c56230e","sellTxId":"2648d4bd6820298e35350bf7688047f4898baef4"}
{"index": {"_index":"beer","_id":"3597610"}}
	{"id":3597610,"type":"sell","buyer":"onlydoge","seller":"thinkrdotexe","symbol":"BEER","quantity":"10.07551381","price":"0.05652000","timestamp":1654262079,"volume":"0.56946804","buyTxId":"5aeb94e3a4810898f15cbc1844731b476fd0ea27","sellTxId":"22e9e0ba89c6bc28b5959d2d02cc139c9737f04d"}
{"index": {"_index":"beer","_id":"3597684"}}
	{"id":3597684,"type":"sell","buyer":"onlydoge","seller":"frawdielp2","symbol":"BEER","quantity":"0.00429121","price":"0.05652000","timestamp":1654262490,"volume":"0.00024254","buyTxId":"5aeb94e3a4810898f15cbc1844731b476fd0ea27","sellTxId":"a055aa4645c28811cdc76f35c3c6155c8bf33c20"}
{"index": {"_index":"beer","_id":"3599828"}}
	{"id":3599828,"type":"sell","buyer":"maryjane.main","seller":"crypto-futurist","symbol":"BEER","quantity":"0.00100000","price":"0.05679000","timestamp":1654282914,"volume":"0.00005679","buyTxId":"f5d318c46a217e1e36460bbe270f161ecfbd5be0","sellTxId":"b98cf4495f4a0d2cb5be50b0cd5cde6b2d3f5b43"}
{"index": {"_index":"beer","_id":"3600110"}}
	{"id":3600110,"type":"buy","buyer":"dswap","seller":"onlydoge","symbol":"BEER","quantity":"0.06000000","price":"0.07949000","timestamp":1654285338,"volume":"0.00476940","buyTxId":"03307f5b8f4b5f7861320ba2738c908ef43a4400","sellTxId":"c0d3ef379e02b87bc2121ee1ff0cba9a5a9d4217"}
{"index": {"_index":"beer","_id":"3600112"}}
	{"id":3600112,"type":"buy","buyer":"dswap","seller":"onlydoge","symbol":"BEER","quantity":"0.06365580","price":"0.07949000","timestamp":1654285470,"volume":"0.00506000","buyTxId":"94a26fa5f9f263fc37233fcea51b6e7138a92b58","sellTxId":"c0d3ef379e02b87bc2121ee1ff0cba9a5a9d4217"}
{"index": {"_index":"beer","_id":"3600115"}}
	{"id":3600115,"type":"buy","buyer":"dswap","seller":"irivers","symbol":"BEER","quantity":"0.56875164","price":"0.07900000","timestamp":1654285512,"volume":"0.04493138","buyTxId":"e666be9670d6df3f9c1c00e0ec71a5646793c12e","sellTxId":"4a9a3c3c9d8ed975cfde2472f4e47c92545aa035"}
{"index": {"_index":"beer","_id":"3600121"}}
	{"id":3600121,"type":"buy","buyer":"dswap","seller":"irivers","symbol":"BEER","quantity":"0.17175468","price":"0.07900000","timestamp":1654285545,"volume":"0.01356862","buyTxId":"d9ee8656aeadef3e672559e92af52804a0ed1ac7","sellTxId":"4a9a3c3c9d8ed975cfde2472f4e47c92545aa035"}
{"index": {"_index":"beer","_id":"3600140"}}
	{"id":3600140,"type":"buy","buyer":"dswap","seller":"irivers","symbol":"BEER","quantity":"2.97079943","price":"0.07900000","timestamp":1654285671,"volume":"0.23469315","buyTxId":"97b6ba4a040f6282d94ac0ca9fddf6a0e6bdaab3","sellTxId":"4a9a3c3c9d8ed975cfde2472f4e47c92545aa035"}
{"index": {"_index":"beer","_id":"3600141"}}
	{"id":3600141,"type":"buy","buyer":"dswap","seller":"onlydoge","symbol":"BEER","quantity":"1.11386149","price":"0.07949000","timestamp":1654285671,"volume":"0.08854085","buyTxId":"97b6ba4a040f6282d94ac0ca9fddf6a0e6bdaab3","sellTxId":"c0d3ef379e02b87bc2121ee1ff0cba9a5a9d4217"}
