{"index": {"_index":"beer","_id":"2962886"}}
	{"id":2962886,"type":"sell","buyer":"marketroll","seller":"mafia.wallet","symbol":"BEER","quantity":"0.028","price":"0.13121100","timestamp":1647128886,"volume":"0.00367391","buyTxId":"4ff4ede7b7ff5c557c254de819e6cb61d78c0620","sellTxId":"2921710cc03dd5b349c0d7091e500cd8624e3e32-2"}
{"index": {"_index":"beer","_id":"2963384"}}
	{"id":2963384,"type":"buy","buyer":"gsauce1989","seller":"master-lamps","symbol":"BEER","quantity":"10.00000000","price":"0.19709999","timestamp":1647133920,"volume":"1.97099990","buyTxId":"0caefe5ce960e638add83753626b8d7f5ce294db","sellTxId":"c137dafea48b2c01524f8f1841aee4da52086d15"}
{"index": {"_index":"beer","_id":"2963509"}}
	{"id":2963509,"type":"sell","buyer":"marketroll","seller":"steem82868","symbol":"BEER","quantity":"3.09245008","price":"0.13121100","timestamp":1647135561,"volume":"0.40576347","buyTxId":"4ff4ede7b7ff5c557c254de819e6cb61d78c0620","sellTxId":"6e0e2668c00d4d3904b0f2d92f88213c62a23bb5"}
{"index": {"_index":"beer","_id":"2964488"}}
	{"id":2964488,"type":"sell","buyer":"marketroll","seller":"thatcryptodave","symbol":"BEER","quantity":"2.98000000","price":"0.13121100","timestamp":1647149145,"volume":"0.39100878","buyTxId":"4ff4ede7b7ff5c557c254de819e6cb61d78c0620","sellTxId":"a5c4ec02c3c5426094d620581381f30bb25f278e"}
{"index": {"_index":"beer","_id":"2964839"}}
	{"id":2964839,"type":"sell","buyer":"master-lamps","seller":"nftmart.fees","symbol":"BEER","quantity":"5.83750000","price":"0.13121101","timestamp":1647154719,"volume":"0.76594427","buyTxId":"0f4a77c4d4d530920208bbdf1791cb1400fc4b76","sellTxId":"06c76aa87294764ae3630767561a97af9a9dec39"}
{"index": {"_index":"beer","_id":"2965381"}}
	{"id":2965381,"type":"sell","buyer":"master-lamps","seller":"trentonlundy1","symbol":"BEER","quantity":"2.45058037","price":"0.13121101","timestamp":1647163938,"volume":"0.32154313","buyTxId":"0f4a77c4d4d530920208bbdf1791cb1400fc4b76","sellTxId":"a45bed2cf54a119f5179fd2e5a8406b952c4524a"}
{"index": {"_index":"beer","_id":"2965543"}}
	{"id":2965543,"type":"buy","buyer":"master-lamps","seller":"independance","symbol":"BEER","quantity":"0.00062500","price":"0.13121666","timestamp":1647166407,"volume":"0.00008201","buyTxId":"517ff3c59e29ccb6f8ebcc286e121fb448fca968","sellTxId":"1e68b66692cd206b3bde7a813b3a7b98c2b72e48"}
{"index": {"_index":"beer","_id":"2965735"}}
	{"id":2965735,"type":"sell","buyer":"master-lamps","seller":"der-prophet","symbol":"BEER","quantity":"3.16323667","price":"0.13121101","timestamp":1647169692,"volume":"0.41505148","buyTxId":"0f4a77c4d4d530920208bbdf1791cb1400fc4b76","sellTxId":"28156dfa59e2fa2c876344bdbee18e762992d4c1"}
{"index": {"_index":"beer","_id":"2965963"}}
	{"id":2965963,"type":"buy","buyer":"alzee","seller":"master-lamps","symbol":"BEER","quantity":"1.00000000","price":"0.18999999","timestamp":1647174147,"volume":"0.18999999","buyTxId":"bd36bdef163bb3e53b5cd55a462db761909955aa","sellTxId":"3c86c489d2ec88b4598acffc51bb92404b978ce9"}
{"index": {"_index":"beer","_id":"2967936"}}
	{"id":2967936,"type":"sell","buyer":"master-lamps","seller":"reiseamateur","symbol":"BEER","quantity":"3.54894685","price":"0.13200001","timestamp":1647199977,"volume":"0.46846102","buyTxId":"3a050a13932b27aad3c30d9d238629a224bae8a4","sellTxId":"d960d90fe6e21a59a060b889d2eec08e0f2e4d7c"}
{"index": {"_index":"beer","_id":"2967937"}}
	{"id":2967937,"type":"sell","buyer":"master-lamps","seller":"reiseamateur","symbol":"BEER","quantity":"1.43939375","price":"0.13200001","timestamp":1647199977,"volume":"0.18999999","buyTxId":"6ef540b9b213c7584b9eec14b1035c4e24eb9fea","sellTxId":"d960d90fe6e21a59a060b889d2eec08e0f2e4d7c"}
{"index": {"_index":"beer","_id":"2967938"}}
	{"id":2967938,"type":"sell","buyer":"phant.devteam","seller":"reiseamateur","symbol":"BEER","quantity":"2.00100000","price":"0.13200000","timestamp":1647199977,"volume":"0.26413200","buyTxId":"7ad32708c351f47068269b677d1075f8ed8d65af","sellTxId":"d960d90fe6e21a59a060b889d2eec08e0f2e4d7c"}
{"index": {"_index":"beer","_id":"2967939"}}
	{"id":2967939,"type":"sell","buyer":"marketroll","seller":"reiseamateur","symbol":"BEER","quantity":"23.71353340","price":"0.13121100","timestamp":1647199977,"volume":"3.11147643","buyTxId":"4ff4ede7b7ff5c557c254de819e6cb61d78c0620","sellTxId":"d960d90fe6e21a59a060b889d2eec08e0f2e4d7c"}
{"index": {"_index":"beer","_id":"2968003"}}
	{"id":2968003,"type":"sell","buyer":"marketroll","seller":"mondoshawan","symbol":"BEER","quantity":"0.02500000","price":"0.13121100","timestamp":1647200499,"volume":"0.00328028","buyTxId":"4ff4ede7b7ff5c557c254de819e6cb61d78c0620","sellTxId":"1e53e12ee066ceca1e5b851899923fa31bebe0ac"}
{"index": {"_index":"beer","_id":"2968365"}}
	{"id":2968365,"type":"sell","buyer":"marketroll","seller":"derivativador","symbol":"BEER","quantity":"6.96434065","price":"0.13121100","timestamp":1647205248,"volume":"0.91379810","buyTxId":"4ff4ede7b7ff5c557c254de819e6cb61d78c0620","sellTxId":"f46272df43cef031555a475ea15a3e06682ae8f4"}
{"index": {"_index":"beer","_id":"2968366"}}
	{"id":2968366,"type":"sell","buyer":"maryjane.main","seller":"derivativador","symbol":"BEER","quantity":"0.87600000","price":"0.13100000","timestamp":1647205248,"volume":"0.11475600","buyTxId":"41c43ab04ed7819c2d4ad1c9b140e571ef985d3b","sellTxId":"f46272df43cef031555a475ea15a3e06682ae8f4"}
{"index": {"_index":"beer","_id":"2968805"}}
	{"id":2968805,"type":"buy","buyer":"marketroll","seller":"derivativador","symbol":"BEER","quantity":"10.40965935","price":"0.13056647","timestamp":1647210915,"volume":"1.35915248","buyTxId":"ac0bf3d5c94bb15074ba21063b7a1328fb7ff4a0","sellTxId":"f46272df43cef031555a475ea15a3e06682ae8f4"}
{"index": {"_index":"beer","_id":"2968850"}}
	{"id":2968850,"type":"sell","buyer":"marketroll","seller":"technocrypton","symbol":"BEER","quantity":"0.09307632","price":"0.13056647","timestamp":1647211773,"volume":"0.01215265","buyTxId":"ac0bf3d5c94bb15074ba21063b7a1328fb7ff4a0","sellTxId":"28205da7376de1fa769a64ef71742e8bbbb52e37"}
{"index": {"_index":"beer","_id":"2969066"}}
	{"id":2969066,"type":"sell","buyer":"marketroll","seller":"mafia.wallet","symbol":"BEER","quantity":"0.028","price":"0.13056647","timestamp":1647214347,"volume":"0.00365586","buyTxId":"ac0bf3d5c94bb15074ba21063b7a1328fb7ff4a0","sellTxId":"d48221e0adc6b6cdb154b978f9cb637a94ca87f3-3"}
