{"index": {"_index":"beer","_id":"3275085"}}
	{"id":3275085,"type":"sell","buyer":"blue.rabbit","seller":"cardseller","symbol":"BEER","quantity":"0.10200000","price":"0.14199999","timestamp":1650854907,"volume":"0.01448400","buyTxId":"85affbe7cae79d6571bf9b1ab1d30706063d97e4","sellTxId":"c0086ccc79070eea35a7c58c2f2634cadb708eb6"}
{"index": {"_index":"beer","_id":"3276175"}}
	{"id":3276175,"type":"sell","buyer":"hiq.magazine","seller":"laritheghost","symbol":"BEER","quantity":"0.26207588","price":"0.15000000","timestamp":1650870861,"volume":"0.03931138","buyTxId":"e43b40f0d34b3612548a38d8e1b25562d2fddbc2","sellTxId":"b2dde5a3ed4f940cb32ad1f1db70260d3cfff7f4"}
{"index": {"_index":"beer","_id":"3276255"}}
	{"id":3276255,"type":"sell","buyer":"hiq.magazine","seller":"dejan.vuckovic","symbol":"BEER","quantity":"3.59629260","price":"0.15000000","timestamp":1650871563,"volume":"0.53944389","buyTxId":"e43b40f0d34b3612548a38d8e1b25562d2fddbc2","sellTxId":"ec7c16d5f43549fd11e74200c70492195d0cf02f"}
{"index": {"_index":"beer","_id":"3276303"}}
	{"id":3276303,"type":"sell","buyer":"hiq.magazine","seller":"alexanderfluke","symbol":"BEER","quantity":"0.03750000","price":"0.15000000","timestamp":1650872268,"volume":"0.00562500","buyTxId":"e43b40f0d34b3612548a38d8e1b25562d2fddbc2","sellTxId":"92d2f998d5a1a596ce9c4eaad8dd1781c8431708"}
{"index": {"_index":"beer","_id":"3276449"}}
	{"id":3276449,"type":"sell","buyer":"hiq.magazine","seller":"networkallstar","symbol":"BEER","quantity":"0.08750000","price":"0.15000000","timestamp":1650874455,"volume":"0.01312500","buyTxId":"e43b40f0d34b3612548a38d8e1b25562d2fddbc2","sellTxId":"8ad172d16a53fb9c882180f77ad46e715f2f391d"}
{"index": {"_index":"beer","_id":"3276534"}}
	{"id":3276534,"type":"sell","buyer":"hiq.magazine","seller":"mateodm03","symbol":"BEER","quantity":"0.17500000","price":"0.15000000","timestamp":1650875466,"volume":"0.02625000","buyTxId":"e43b40f0d34b3612548a38d8e1b25562d2fddbc2","sellTxId":"c746cecfd07574deb312287afe0ebf1ce9790f78"}
{"index": {"_index":"beer","_id":"3276793"}}
	{"id":3276793,"type":"sell","buyer":"hiq.magazine","seller":"jdike","symbol":"BEER","quantity":"3.40320943","price":"0.15000000","timestamp":1650880488,"volume":"0.51048141","buyTxId":"e43b40f0d34b3612548a38d8e1b25562d2fddbc2","sellTxId":"b52bab66bb62b373aa855516aec18e043200abbc"}
{"index": {"_index":"beer","_id":"3278825"}}
	{"id":3278825,"type":"buy","buyer":"beersat","seller":"onlydoge","symbol":"BEER","quantity":"0.10000000","price":"0.17090000","timestamp":1650906102,"volume":"0.01709000","buyTxId":"124f0e72abcc6b07c9ad1dd7540b92976b309d25","sellTxId":"734f0aff71556799ad48c031b5d4102233d7e319"}
{"index": {"_index":"beer","_id":"3278839"}}
	{"id":3278839,"type":"sell","buyer":"amaillo","seller":"clixmoney","symbol":"BEER","quantity":"0.49995237","price":"0.15100000","timestamp":1650906252,"volume":"0.07549281","buyTxId":"603cab895a197b98cb8651f51b09d006166cfe55","sellTxId":"6f34b4488bd6a74e78cbb90276c6761307c86a9e"}
{"index": {"_index":"beer","_id":"3279135"}}
	{"id":3279135,"type":"sell","buyer":"amaillo","seller":"technocrypton","symbol":"BEER","quantity":"0.02500000","price":"0.15100000","timestamp":1650908226,"volume":"0.00377500","buyTxId":"603cab895a197b98cb8651f51b09d006166cfe55","sellTxId":"f302e36a3644b75195e579c3849ac020b97824b0"}
{"index": {"_index":"beer","_id":"3279291"}}
	{"id":3279291,"type":"sell","buyer":"amaillo","seller":"fnvdesigns","symbol":"BEER","quantity":"0.00133237","price":"0.15100000","timestamp":1650909084,"volume":"0.00020119","buyTxId":"603cab895a197b98cb8651f51b09d006166cfe55","sellTxId":"40b6c6a34f3b19d74c46cfed89d6f4532aaf93c2"}
{"index": {"_index":"beer","_id":"3279600"}}
	{"id":3279600,"type":"sell","buyer":"amaillo","seller":"ugochill","symbol":"BEER","quantity":"0.05775667","price":"0.15100000","timestamp":1650911274,"volume":"0.00872126","buyTxId":"603cab895a197b98cb8651f51b09d006166cfe55","sellTxId":"26ba631d984bf653d74d3f3750ec184af8aab6a5"}
{"index": {"_index":"beer","_id":"3279844"}}
	{"id":3279844,"type":"buy","buyer":"detlev","seller":"onlydoge","symbol":"BEER","quantity":"0.10000000","price":"0.17070000","timestamp":1650913560,"volume":"0.01707000","buyTxId":"3195fa5a3d95167561cd1ad6c5e5230f9635e800","sellTxId":"383e6784676905aae31249aee9ecad1a3488a885"}
{"index": {"_index":"beer","_id":"3279867"}}
	{"id":3279867,"type":"sell","buyer":"amaillo","seller":"blue.rabbit","symbol":"BEER","quantity":"23.41595800","price":"0.15100000","timestamp":1650913719,"volume":"3.53580966","buyTxId":"603cab895a197b98cb8651f51b09d006166cfe55","sellTxId":"b2f44cccfa65c19a7eb66202b23141acf0c65738"}
{"index": {"_index":"beer","_id":"3279881"}}
	{"id":3279881,"type":"sell","buyer":"amaillo","seller":"blue.rabbit","symbol":"BEER","quantity":"0.00000059","price":"0.15100000","timestamp":1650913860,"volume":"0.00000008","buyTxId":"603cab895a197b98cb8651f51b09d006166cfe55","sellTxId":"0c2b104d62b216c620a4b43e689bbc80160d4df7"}
{"index": {"_index":"beer","_id":"3279882"}}
	{"id":3279882,"type":"sell","buyer":"hiq.magazine","seller":"blue.rabbit","symbol":"BEER","quantity":"40.99999941","price":"0.15000000","timestamp":1650913860,"volume":"6.14999991","buyTxId":"e43b40f0d34b3612548a38d8e1b25562d2fddbc2","sellTxId":"0c2b104d62b216c620a4b43e689bbc80160d4df7"}
{"index": {"_index":"beer","_id":"3280036"}}
	{"id":3280036,"type":"sell","buyer":"hiq.magazine","seller":"bearbear613","symbol":"BEER","quantity":"0.20000000","price":"0.15000000","timestamp":1650915051,"volume":"0.03000000","buyTxId":"e43b40f0d34b3612548a38d8e1b25562d2fddbc2","sellTxId":"bcd6b4dea502610fd079bd25eb8b34f67ea664f2"}
{"index": {"_index":"beer","_id":"3280138"}}
	{"id":3280138,"type":"sell","buyer":"hiq.magazine","seller":"eythorphoto","symbol":"BEER","quantity":"0.45800000","price":"0.15000000","timestamp":1650916101,"volume":"0.06870000","buyTxId":"e43b40f0d34b3612548a38d8e1b25562d2fddbc2","sellTxId":"581f097da7a401050bed21c804ddb666bad8e248"}
{"index": {"_index":"beer","_id":"3280259"}}
	{"id":3280259,"type":"buy","buyer":"maryjane.main","seller":"onlydoge","symbol":"BEER","quantity":"4.00000000","price":"0.17070000","timestamp":1650917202,"volume":"0.68280000","buyTxId":"6cb95ab2cff54c55475b42cf84ab6490791fa9f8","sellTxId":"383e6784676905aae31249aee9ecad1a3488a885"}
{"index": {"_index":"beer","_id":"3280305"}}
	{"id":3280305,"type":"sell","buyer":"hiq.magazine","seller":"mafia.wallet","symbol":"BEER","quantity":"0.025","price":"0.15000000","timestamp":1650917604,"volume":"0.00375000","buyTxId":"e43b40f0d34b3612548a38d8e1b25562d2fddbc2","sellTxId":"1dac55a2dc479e55475316bab7cedb5b7748073c-3"}
{"index": {"_index":"beer","_id":"3280688"}}
	{"id":3280688,"type":"sell","buyer":"hiq.magazine","seller":"lrekt01","symbol":"BEER","quantity":"0.00800000","price":"0.15000000","timestamp":1650921432,"volume":"0.00120000","buyTxId":"e43b40f0d34b3612548a38d8e1b25562d2fddbc2","sellTxId":"57405d70a226657cbe98acf041237b1622fcd867"}
{"index": {"_index":"beer","_id":"3282054"}}
	{"id":3282054,"type":"buy","buyer":"edgerik","seller":"master-lamps","symbol":"BEER","quantity":"1.00000000","price":"0.17069999","timestamp":1650935808,"volume":"0.17069999","buyTxId":"5f8d68da09eb637a736190aafc61082b33e25bf6","sellTxId":"8f8d187e4291ee8605dac8d60dac925e957e1c27"}
{"index": {"_index":"beer","_id":"3282088"}}
	{"id":3282088,"type":"sell","buyer":"hiq.magazine","seller":"fantasycrypto","symbol":"BEER","quantity":"0.32900000","price":"0.15000000","timestamp":1650936105,"volume":"0.04935000","buyTxId":"e43b40f0d34b3612548a38d8e1b25562d2fddbc2","sellTxId":"557e0de6d488019a96f6b66783be8baa6b149f8a"}
