{"index": {"_index":"beer","_id":"4050378"}}
	{"id":4050378,"type":"sell","buyer":"cloudblade","seller":"petertag","symbol":"BEER","quantity":"0.00250000","price":"0.05202000","timestamp":1659414363,"volume":"0.00013005","buyTxId":"9ddebea0027fd5aedf689cd7176c87afbfb62d89","sellTxId":"3b013d92075ef33d53d955a298d64414ae04f857"}
{"index": {"_index":"beer","_id":"4050798"}}
	{"id":4050798,"type":"sell","buyer":"cloudblade","seller":"taxguy","symbol":"BEER","quantity":"0.07500000","price":"0.05202000","timestamp":1659419748,"volume":"0.00390150","buyTxId":"9ddebea0027fd5aedf689cd7176c87afbfb62d89","sellTxId":"580838ddda5f6ddd13fa2680d15da17244a7a042"}
{"index": {"_index":"beer","_id":"4051179"}}
	{"id":4051179,"type":"sell","buyer":"cloudblade","seller":"crypto-futurist","symbol":"BEER","quantity":"0.00100000","price":"0.05202000","timestamp":1659425460,"volume":"0.00005202","buyTxId":"9ddebea0027fd5aedf689cd7176c87afbfb62d89","sellTxId":"c4d4d4de04bdfaa9f3c6adf2d9ed1f11dc3b35a1"}
{"index": {"_index":"beer","_id":"4052084"}}
	{"id":4052084,"type":"sell","buyer":"cloudblade","seller":"hive-134220","symbol":"BEER","quantity":"0.0790934","price":"0.05202000","timestamp":1659438798,"volume":"0.00411444","buyTxId":"9ddebea0027fd5aedf689cd7176c87afbfb62d89","sellTxId":"63f38b98fcf4eb551d6c41d956cdc7bc2d2972f5"}
{"index": {"_index":"beer","_id":"4052722"}}
	{"id":4052722,"type":"sell","buyer":"cloudblade","seller":"gestion.alive","symbol":"BEER","quantity":"0.31250000","price":"0.05202000","timestamp":1659447225,"volume":"0.01625625","buyTxId":"9ddebea0027fd5aedf689cd7176c87afbfb62d89","sellTxId":"661dd30f66f67564db5121db89092b7f2aaab94c"}
{"index": {"_index":"beer","_id":"4052884"}}
	{"id":4052884,"type":"buy","buyer":"fon","seller":"master-lamps","symbol":"BEER","quantity":"0.10636300","price":"0.09994999","timestamp":1659449559,"volume":"0.01063098","buyTxId":"eade0ad748eebefc3c59ccb679acae47f51baf7e","sellTxId":"a3fef3c739a5c1af6489a2e6ad9cef80f03ae2b2"}
{"index": {"_index":"beer","_id":"4053213"}}
	{"id":4053213,"type":"sell","buyer":"fon","seller":"miketronnn","symbol":"BEER","quantity":"0.22200171","price":"0.08900000","timestamp":1659453840,"volume":"0.01975815","buyTxId":"456d3e8616632e52cdc9aedbcba04a24d19879cf","sellTxId":"8b8779bb8a903c84d5968c12e8cabf23a69013ce"}
{"index": {"_index":"beer","_id":"4053424"}}
	{"id":4053424,"type":"sell","buyer":"fon","seller":"flaxz","symbol":"BEER","quantity":"1.77799829","price":"0.08900000","timestamp":1659456654,"volume":"0.15824185","buyTxId":"456d3e8616632e52cdc9aedbcba04a24d19879cf","sellTxId":"6b148c05033262b39a740cc53191a33fb6fcb773"}
{"index": {"_index":"beer","_id":"4053425"}}
	{"id":4053425,"type":"sell","buyer":"fon","seller":"flaxz","symbol":"BEER","quantity":"4.77227971","price":"0.08800000","timestamp":1659456654,"volume":"0.41996061","buyTxId":"8ddfeba7935fd77126e4f3403f6277b74d256703","sellTxId":"6b148c05033262b39a740cc53191a33fb6fcb773"}
{"index": {"_index":"beer","_id":"4053672"}}
	{"id":4053672,"type":"sell","buyer":"fon","seller":"michelmake","symbol":"BEER","quantity":"0.20000000","price":"0.08800000","timestamp":1659459099,"volume":"0.01760000","buyTxId":"8ddfeba7935fd77126e4f3403f6277b74d256703","sellTxId":"d1392818ed0c26627155dc79cccd719b4c44cc3b"}
{"index": {"_index":"beer","_id":"4054018"}}
	{"id":4054018,"type":"sell","buyer":"fon","seller":"nicanor-mosquera","symbol":"BEER","quantity":"0.33750000","price":"0.08800000","timestamp":1659462885,"volume":"0.02970000","buyTxId":"8ddfeba7935fd77126e4f3403f6277b74d256703","sellTxId":"97b901485a65ec66644a6622ee6b370631f94f32"}
{"index": {"_index":"beer","_id":"4054133"}}
	{"id":4054133,"type":"sell","buyer":"fon","seller":"lordneroo","symbol":"BEER","quantity":"0.06250000","price":"0.08800000","timestamp":1659464271,"volume":"0.00550000","buyTxId":"8ddfeba7935fd77126e4f3403f6277b74d256703","sellTxId":"0c742dd154f62010bd27e53ca4650598c82b64fd"}
{"index": {"_index":"beer","_id":"4054976"}}
	{"id":4054976,"type":"sell","buyer":"fon","seller":"aliveprojects","symbol":"BEER","quantity":"14.62772029","price":"0.08800000","timestamp":1659473364,"volume":"1.28723939","buyTxId":"8ddfeba7935fd77126e4f3403f6277b74d256703","sellTxId":"9102c6f5acf8488de654ab743451aab4d5a4ca3f"}
{"index": {"_index":"beer","_id":"4054977"}}
	{"id":4054977,"type":"sell","buyer":"cloudblade","seller":"aliveprojects","symbol":"BEER","quantity":"38.74179309","price":"0.05203000","timestamp":1659473364,"volume":"2.01573549","buyTxId":"c0c80c577581e0f9eccbdce25ff56881fa40325e","sellTxId":"9102c6f5acf8488de654ab743451aab4d5a4ca3f"}
{"index": {"_index":"beer","_id":"4056615"}}
	{"id":4056615,"type":"buy","buyer":"maryjane.main","seller":"yaluna","symbol":"BEER","quantity":"5.00000000","price":"0.09994000","timestamp":1659491994,"volume":"0.49970000","buyTxId":"23bfea82fe73415d13bce53f079be6e30f672c3e","sellTxId":"84e1435cd25c8f09c8a55980adcd7307a10f07f9"}
