{"index": {"_index":"beer","_id":"1263950"}}
	{"id":1263950,"type":"sell","buyer":"wehmoen","seller":"thebeardflex","symbol":"BEER","quantity":"1.3875","price":"0.19706000","timestamp":1627440246,"volume":"0.27342075","buyTxId":"2a100142248f551481a7178e171b81dd677d9e67","sellTxId":"67436e2a1c89d47cd1ae9c305322a34690f7a65b"}
{"index": {"_index":"beer","_id":"1264899"}}
	{"id":1264899,"type":"sell","buyer":"wehmoen","seller":"mercurial9","symbol":"BEER","quantity":"0.05312500","price":"0.19706000","timestamp":1627452111,"volume":"0.01046881","buyTxId":"2a100142248f551481a7178e171b81dd677d9e67","sellTxId":"5b455570fcb0ff18d6dc020b6f6af81e04b33297"}
{"index": {"_index":"beer","_id":"1264911"}}
	{"id":1264911,"type":"sell","buyer":"wehmoen","seller":"thatcryptodave","symbol":"BEER","quantity":"7.85600000","price":"0.19706000","timestamp":1627452294,"volume":"1.54810336","buyTxId":"2a100142248f551481a7178e171b81dd677d9e67","sellTxId":"62bc128c39a6c09091c7dee75010b67f2dbbf13f"}
{"index": {"_index":"beer","_id":"1264926"}}
	{"id":1264926,"type":"buy","buyer":"dswap","seller":"a0i","symbol":"BEER","quantity":"0.18750000","price":"0.21900000","timestamp":1627452489,"volume":"0.04106250","buyTxId":"14c4c6d59f3a6afcc9e99d644bef47e8a86423cb","sellTxId":"16e25995674f66c1ce129bbf60d17eb315086aad"}
{"index": {"_index":"beer","_id":"1264927"}}
	{"id":1264927,"type":"buy","buyer":"dswap","seller":"master-lamps","symbol":"BEER","quantity":"2.42150000","price":"0.21999000","timestamp":1627452489,"volume":"0.53270579","buyTxId":"14c4c6d59f3a6afcc9e99d644bef47e8a86423cb","sellTxId":"b5a1997a991c854995d143e8897da30d70f7aeea"}
{"index": {"_index":"beer","_id":"1264928"}}
	{"id":1264928,"type":"buy","buyer":"dswap","seller":"ecoinstant","symbol":"BEER","quantity":"3.50105327","price":"0.22000000","timestamp":1627452489,"volume":"0.77023172","buyTxId":"14c4c6d59f3a6afcc9e99d644bef47e8a86423cb","sellTxId":"570e4731e533d565957e5905f99ac710c2675664"}
{"index": {"_index":"beer","_id":"1265335"}}
	{"id":1265335,"type":"sell","buyer":"wehmoen","seller":"itharagaian","symbol":"BEER","quantity":"0.00200000","price":"0.19706000","timestamp":1627458258,"volume":"0.00039412","buyTxId":"2a100142248f551481a7178e171b81dd677d9e67","sellTxId":"717bbe3f5850f20f979cee34f56dabb8d2265f1e"}
{"index": {"_index":"beer","_id":"1266757"}}
	{"id":1266757,"type":"sell","buyer":"master-lamps","seller":"ecoinstant","symbol":"BEER","quantity":"2.68139000","price":"0.19707000","timestamp":1627482582,"volume":"0.52842153","buyTxId":"61c2da008b1cd45e46f3d05dd54e8a04f6c4e717","sellTxId":"2a9f47eb7159eb4398944498a0f0f820bdaee856"}
{"index": {"_index":"beer","_id":"1266758"}}
	{"id":1266758,"type":"sell","buyer":"wehmoen","seller":"ecoinstant","symbol":"BEER","quantity":"297.31861000","price":"0.19706000","timestamp":1627482582,"volume":"58.58960529","buyTxId":"2a100142248f551481a7178e171b81dd677d9e67","sellTxId":"2a9f47eb7159eb4398944498a0f0f820bdaee856"}
{"index": {"_index":"beer","_id":"1266792"}}
	{"id":1266792,"type":"sell","buyer":"wehmoen","seller":"ecoinstant","symbol":"BEER","quantity":"672.00000000","price":"0.19706000","timestamp":1627483200,"volume":"132.42432000","buyTxId":"2a100142248f551481a7178e171b81dd677d9e67","sellTxId":"76c1763761b22a52a19ab8ee1818556cd5d1233e"}
{"index": {"_index":"beer","_id":"1266861"}}
	{"id":1266861,"type":"sell","buyer":"wehmoen","seller":"phortun","symbol":"BEER","quantity":"0.30000000","price":"0.19706000","timestamp":1627484313,"volume":"0.05911800","buyTxId":"2a100142248f551481a7178e171b81dd677d9e67","sellTxId":"455bb3fba39a1be9aa698427a026c7ed987aad75"}
{"index": {"_index":"beer","_id":"1266876"}}
	{"id":1266876,"type":"sell","buyer":"wehmoen","seller":"foodiess","symbol":"BEER","quantity":"11.73002144","price":"0.19706000","timestamp":1627484448,"volume":"2.31151802","buyTxId":"2a100142248f551481a7178e171b81dd677d9e67","sellTxId":"43dfd9718025e4a4b4aa799c2af9e80d931cc5dd"}
{"index": {"_index":"beer","_id":"1267481"}}
	{"id":1267481,"type":"buy","buyer":"eythorphoto","seller":"master-lamps","symbol":"BEER","quantity":"2.68139000","price":"0.21999000","timestamp":1627491708,"volume":"0.58987899","buyTxId":"9f7ed3afcd7233b362eabfb2d7e4a865a1909df0","sellTxId":"2e355cb89d6bf42a5549983a075e20bdb992d153"}
{"index": {"_index":"beer","_id":"1267491"}}
	{"id":1267491,"type":"buy","buyer":"eythorphoto","seller":"ecoinstant","symbol":"BEER","quantity":"2.50000000","price":"0.22000000","timestamp":1627491771,"volume":"0.55000000","buyTxId":"1895cf83ee48383cf1cda99a8f1d38da65d5f094","sellTxId":"570e4731e533d565957e5905f99ac710c2675664"}
{"index": {"_index":"beer","_id":"1268740"}}
	{"id":1268740,"type":"sell","buyer":"master-lamps","seller":"deathwing","symbol":"BEER","quantity":"0.006","price":"0.19707000","timestamp":1627505706,"volume":"0.00118242","buyTxId":"b608a36e728569983f90abbad65d42b2d3feda0b","sellTxId":"53dd2e839efa91cda5fa578a7df73d36ca42785d-3"}
{"index": {"_index":"beer","_id":"1268798"}}
	{"id":1268798,"type":"sell","buyer":"master-lamps","seller":"blumela","symbol":"BEER","quantity":"2.98770000","price":"0.19707000","timestamp":1627506591,"volume":"0.58878604","buyTxId":"b608a36e728569983f90abbad65d42b2d3feda0b","sellTxId":"9b18838f572e899da82eae43b128eaf9868e91d4"}
{"index": {"_index":"beer","_id":"1268809"}}
	{"id":1268809,"type":"sell","buyer":"wehmoen","seller":"investyourvote","symbol":"BEER","quantity":"2.00000000","price":"0.19706000","timestamp":1627506690,"volume":"0.39412000","buyTxId":"2a100142248f551481a7178e171b81dd677d9e67","sellTxId":"fc0c6a499f9d4d445ef9e0855c126f922689eba8"}
{"index": {"_index":"beer","_id":"1269032"}}
	{"id":1269032,"type":"sell","buyer":"wehmoen","seller":"eythorphoto","symbol":"BEER","quantity":"0.33039000","price":"0.19706000","timestamp":1627509480,"volume":"0.06510665","buyTxId":"2a100142248f551481a7178e171b81dd677d9e67","sellTxId":"5d091fa627165d7931aa698c79261c4d5778a5a0"}
{"index": {"_index":"beer","_id":"1269210"}}
	{"id":1269210,"type":"sell","buyer":"wehmoen","seller":"steemstreems","symbol":"BEER","quantity":"0.03000000","price":"0.19706000","timestamp":1627511853,"volume":"0.00591180","buyTxId":"2a100142248f551481a7178e171b81dd677d9e67","sellTxId":"f967b0c7eec2206c7d58e6f31a5100d4a0eaeb19"}
{"index": {"_index":"beer","_id":"1269516"}}
	{"id":1269516,"type":"sell","buyer":"wehmoen","seller":"thelogicaldude","symbol":"BEER","quantity":"12.29071471","price":"0.19706000","timestamp":1627515840,"volume":"2.42200824","buyTxId":"2a100142248f551481a7178e171b81dd677d9e67","sellTxId":"b1e8351998a6c92814de71e07e17d26d315d558f"}
