{"index": {"_index":"beer","_id":"4096421"}}
	{"id":4096421,"type":"sell","buyer":"fon","seller":"mafia.wallet","symbol":"BEER","quantity":"0.031","price":"0.09210000","timestamp":1660012377,"volume":"0.00285510","buyTxId":"190f90972ca3c8d7d7d72b8131804c096e12cb7e","sellTxId":"8d357b41f9d083ffbfeec6d8dfc2dbe2e13dd01c-3"}
{"index": {"_index":"beer","_id":"4096431"}}
	{"id":4096431,"type":"sell","buyer":"fon","seller":"nftmart.fees","symbol":"BEER","quantity":"0.2","price":"0.09210000","timestamp":1660012521,"volume":"0.01842000","buyTxId":"190f90972ca3c8d7d7d72b8131804c096e12cb7e","sellTxId":"7e19746e623d02fecbecdfd4b96150efcde356be-2"}
{"index": {"_index":"beer","_id":"4096946"}}
	{"id":4096946,"type":"sell","buyer":"fon","seller":"entrepidus","symbol":"BEER","quantity":"0.00019217","price":"0.09210000","timestamp":1660020645,"volume":"0.00001770","buyTxId":"190f90972ca3c8d7d7d72b8131804c096e12cb7e","sellTxId":"9bc2ae837090c77f4c1e09ba64c82d70bbb5b7a1"}
{"index": {"_index":"beer","_id":"4098092"}}
	{"id":4098092,"type":"buy","buyer":"eddqq","seller":"onlydoge","symbol":"BEER","quantity":"24.00000000","price":"0.09799900","timestamp":1660039968,"volume":"2.35197600","buyTxId":"9800ae746d4ca12c9a47f953b76350724741527d","sellTxId":"304b55e26a732714421f529f8723c61fab02e0d2"}
{"index": {"_index":"beer","_id":"4098107"}}
	{"id":4098107,"type":"sell","buyer":"fon","seller":"dotwin1981","symbol":"BEER","quantity":"0.73927112","price":"0.09210000","timestamp":1660040190,"volume":"0.06808687","buyTxId":"190f90972ca3c8d7d7d72b8131804c096e12cb7e","sellTxId":"1072e0ff63026c3f7798419b820178f67bb6ed9f"}
{"index": {"_index":"beer","_id":"4098166"}}
	{"id":4098166,"type":"buy","buyer":"reiseamateur","seller":"onlydoge","symbol":"BEER","quantity":"59.00000000","price":"0.09799900","timestamp":1660041090,"volume":"5.78194100","buyTxId":"9a317d95c837bd691c82984bf857780a6c4d1fe7","sellTxId":"304b55e26a732714421f529f8723c61fab02e0d2"}
{"index": {"_index":"beer","_id":"4099405"}}
	{"id":4099405,"type":"sell","buyer":"fon","seller":"poliwalt10","symbol":"BEER","quantity":"0.29000000","price":"0.09210000","timestamp":1660059303,"volume":"0.02670900","buyTxId":"190f90972ca3c8d7d7d72b8131804c096e12cb7e","sellTxId":"26ee87acb5056b128983324d9321332a723cf932"}
{"index": {"_index":"beer","_id":"4099628"}}
	{"id":4099628,"type":"sell","buyer":"fon","seller":"coininstant","symbol":"BEER","quantity":"4.55803649","price":"0.09210000","timestamp":1660063083,"volume":"0.41979516","buyTxId":"190f90972ca3c8d7d7d72b8131804c096e12cb7e","sellTxId":"91253c3b9bd8dbd00e5bd223a2bd00b6e88e1459"}
{"index": {"_index":"beer","_id":"4100269"}}
	{"id":4100269,"type":"sell","buyer":"fon","seller":"enforcer48","symbol":"BEER","quantity":"0.11400000","price":"0.09210000","timestamp":1660070649,"volume":"0.01049940","buyTxId":"190f90972ca3c8d7d7d72b8131804c096e12cb7e","sellTxId":"bf9ded69603f8865a8f9539b56b91cd17abba02a"}
{"index": {"_index":"beer","_id":"4101212"}}
	{"id":4101212,"type":"sell","buyer":"fon","seller":"backinblackdevil","symbol":"BEER","quantity":"17.65454360","price":"0.09210000","timestamp":1660082868,"volume":"1.62598347","buyTxId":"190f90972ca3c8d7d7d72b8131804c096e12cb7e","sellTxId":"1b2b12aaf78c1b8d0374082f445ece4c8f78a928"}
{"index": {"_index":"beer","_id":"4101339"}}
	{"id":4101339,"type":"sell","buyer":"fon","seller":"thatcryptodave","symbol":"BEER","quantity":"0.71234345","price":"0.09210000","timestamp":1660084689,"volume":"0.06560683","buyTxId":"190f90972ca3c8d7d7d72b8131804c096e12cb7e","sellTxId":"590782ce59e80e578b44c415fc2588f88f93f097"}
{"index": {"_index":"beer","_id":"4101494"}}
	{"id":4101494,"type":"sell","buyer":"fon","seller":"petertag","symbol":"BEER","quantity":"2.21411116","price":"0.09210000","timestamp":1660087257,"volume":"0.20391964","buyTxId":"190f90972ca3c8d7d7d72b8131804c096e12cb7e","sellTxId":"cea088aca078530d988c942f5cef96d00fb1728a"}
