{"index": {"_index":"beer","_id":"1880609"}}
	{"id":1880609,"type":"sell","buyer":"detlev","seller":"makeitreal95","symbol":"BEER","quantity":"0.28","price":"0.14505000","timestamp":1636006290,"volume":"0.04061400","buyTxId":"776945685bbe16024e1967d883590dce8346749f","sellTxId":"2c929375b75587a2cdd4c82016d1e3aedd9ae8f4"}
{"index": {"_index":"beer","_id":"1881520"}}
	{"id":1881520,"type":"sell","buyer":"detlev","seller":"tomhall","symbol":"BEER","quantity":"59.56739257","price":"0.14505000","timestamp":1636013442,"volume":"8.64025029","buyTxId":"776945685bbe16024e1967d883590dce8346749f","sellTxId":"98fb6c6ddd55f54e7b1373778f180166b6717e40"}
{"index": {"_index":"beer","_id":"1881789"}}
	{"id":1881789,"type":"sell","buyer":"roger.remix","seller":"drutter","symbol":"BEER","quantity":"0.23750000","price":"0.10505100","timestamp":1636015506,"volume":"0.02494961","buyTxId":"49575a3e9704e6821df0cd71d97e168325d991b7","sellTxId":"2b5ce62688ff4b38b484976b8ee952a834d39f04"}
{"index": {"_index":"beer","_id":"1882396"}}
	{"id":1882396,"type":"sell","buyer":"roger.remix","seller":"foodiess","symbol":"BEER","quantity":"7.28926970","price":"0.10505100","timestamp":1636022328,"volume":"0.76574507","buyTxId":"49575a3e9704e6821df0cd71d97e168325d991b7","sellTxId":"5bebac393502409defac9010f2e2cc5589d279c2"}
{"index": {"_index":"beer","_id":"1882524"}}
	{"id":1882524,"type":"sell","buyer":"roger.remix","seller":"vipservice","symbol":"BEER","quantity":"6.12229914","price":"0.10505100","timestamp":1636023255,"volume":"0.64315365","buyTxId":"49575a3e9704e6821df0cd71d97e168325d991b7","sellTxId":"285e0f3fdc6ae381d84e0c32b3a6187dbeb59e6c"}
{"index": {"_index":"beer","_id":"1883024"}}
	{"id":1883024,"type":"sell","buyer":"roger.remix","seller":"onealfa","symbol":"BEER","quantity":"1.039","price":"0.10505100","timestamp":1636028850,"volume":"0.10914799","buyTxId":"49575a3e9704e6821df0cd71d97e168325d991b7","sellTxId":"b4931a784514e62620952e9d2d1536489a2bae64"}
{"index": {"_index":"beer","_id":"1884282"}}
	{"id":1884282,"type":"sell","buyer":"roger.remix","seller":"rishi556","symbol":"BEER","quantity":"0.42175311","price":"0.10505100","timestamp":1636040361,"volume":"0.04430559","buyTxId":"49575a3e9704e6821df0cd71d97e168325d991b7","sellTxId":"7151bf3b66b2f1ca91f316b90383618445abe00f-1"}
{"index": {"_index":"beer","_id":"1885123"}}
	{"id":1885123,"type":"sell","buyer":"stevieboyes","seller":"aeneas.blog","symbol":"BEER","quantity":"0.03750000","price":"0.14500000","timestamp":1636045896,"volume":"0.00543750","buyTxId":"d1f585abaca83a8dba495e7d4923d9efb711f62b","sellTxId":"52aa94af2f09f3286468caf9de780c8fc890fc37"}
{"index": {"_index":"beer","_id":"1885160"}}
	{"id":1885160,"type":"sell","buyer":"stevieboyes","seller":"lrekt01","symbol":"BEER","quantity":"0.00600000","price":"0.14500000","timestamp":1636046037,"volume":"0.00087000","buyTxId":"d1f585abaca83a8dba495e7d4923d9efb711f62b","sellTxId":"bed170fa4ea102a4372c2a79e4ec1e4f40ea23ab"}
{"index": {"_index":"beer","_id":"1885915"}}
	{"id":1885915,"type":"sell","buyer":"stevieboyes","seller":"mafia.wallet","symbol":"BEER","quantity":"0.037","price":"0.14500000","timestamp":1636052346,"volume":"0.00536500","buyTxId":"d1f585abaca83a8dba495e7d4923d9efb711f62b","sellTxId":"1167fc66de06f65a847de5cc336df81a4237b139-3"}
{"index": {"_index":"beer","_id":"1886377"}}
	{"id":1886377,"type":"sell","buyer":"stevieboyes","seller":"evernoticethat","symbol":"BEER","quantity":"0.03100000","price":"0.14500000","timestamp":1636055544,"volume":"0.00449500","buyTxId":"d1f585abaca83a8dba495e7d4923d9efb711f62b","sellTxId":"e821a2a3a4a5c7a245ed69d58dde87f93f8d44f5"}
{"index": {"_index":"beer","_id":"1886440"}}
	{"id":1886440,"type":"sell","buyer":"stevieboyes","seller":"toofasteddie","symbol":"BEER","quantity":"0.01100000","price":"0.14500000","timestamp":1636056126,"volume":"0.00159500","buyTxId":"d1f585abaca83a8dba495e7d4923d9efb711f62b","sellTxId":"da9effced9020da3385918e086fd25ff0d5b2369"}
{"index": {"_index":"beer","_id":"1886860"}}
	{"id":1886860,"type":"sell","buyer":"cryptoace33","seller":"dswap","symbol":"BEER","quantity":"1","price":"0.10506000","timestamp":1636060218,"volume":"0.10506000","buyTxId":"ef13c142a925b91b8fb1642544f63d41e885dd98","sellTxId":"d2b34c0096796c5550f71a526fda66ce9c98e379"}
{"index": {"_index":"beer","_id":"1887716"}}
	{"id":1887716,"type":"sell","buyer":"cryptoace33","seller":"lacking","symbol":"BEER","quantity":"0.48077063","price":"0.10506000","timestamp":1636069902,"volume":"0.05050976","buyTxId":"ef13c142a925b91b8fb1642544f63d41e885dd98","sellTxId":"4f3c024c7dd3ef2401f388d868cf4af83e27d06e"}
{"index": {"_index":"beer","_id":"1887855"}}
	{"id":1887855,"type":"sell","buyer":"cryptoace33","seller":"eythorphoto","symbol":"BEER","quantity":"0.05500000","price":"0.10506000","timestamp":1636071579,"volume":"0.00577830","buyTxId":"ef13c142a925b91b8fb1642544f63d41e885dd98","sellTxId":"fda6ca793035ffca4468014f4a685244cf97882b"}
{"index": {"_index":"beer","_id":"1888884"}}
	{"id":1888884,"type":"sell","buyer":"cryptoace33","seller":"steemstreems","symbol":"BEER","quantity":"0.00700000","price":"0.10506000","timestamp":1636083588,"volume":"0.00073542","buyTxId":"ef13c142a925b91b8fb1642544f63d41e885dd98","sellTxId":"916e46cfc3a6d9841f11bbad6fa5b513d6691f71"}
