{"index": {"_index":"beer","_id":"1325817"}}
	{"id":1325817,"type":"sell","buyer":"nastyforce","seller":"pimpstudio","symbol":"BEER","quantity":"1.71000000","price":"0.19707000","timestamp":1628485332,"volume":"0.33698970","buyTxId":"f525460463e4c51af25c9d729c1cccae9a371dee","sellTxId":"457902ce526493151d142c440cf5cc1b7e6910af"}
{"index": {"_index":"beer","_id":"1325818"}}
	{"id":1325818,"type":"sell","buyer":"methus","seller":"justinparke","symbol":"BEER","quantity":"0.12650000","price":"0.19706100","timestamp":1628485344,"volume":"0.02492822","buyTxId":"1ca60adbabe3d84b589b31f75105dc3e25eafe04","sellTxId":"9dd42ecdf88255513223685706e19591df257047"}
{"index": {"_index":"beer","_id":"1325881"}}
	{"id":1325881,"type":"sell","buyer":"methus","seller":"nastyforce","symbol":"BEER","quantity":"2.00000000","price":"0.19706100","timestamp":1628486385,"volume":"0.39412200","buyTxId":"1ca60adbabe3d84b589b31f75105dc3e25eafe04","sellTxId":"b0927077128c7dc672825d93e18949d3fef19050"}
{"index": {"_index":"beer","_id":"1325885"}}
	{"id":1325885,"type":"buy","buyer":"nastyforce","seller":"pimpstudio","symbol":"BEER","quantity":"0.83700000","price":"0.19707000","timestamp":1628486481,"volume":"0.16494759","buyTxId":"6d32d48ae61e26b41f41eed74a9131fc3d2e5854","sellTxId":"457902ce526493151d142c440cf5cc1b7e6910af"}
{"index": {"_index":"beer","_id":"1326094"}}
	{"id":1326094,"type":"sell","buyer":"methus","seller":"taseli","symbol":"BEER","quantity":"0.01250000","price":"0.19706100","timestamp":1628491398,"volume":"0.00246326","buyTxId":"1ca60adbabe3d84b589b31f75105dc3e25eafe04","sellTxId":"5456bb109eb02a009afc8d6f0d370476219d1507"}
{"index": {"_index":"beer","_id":"1326129"}}
	{"id":1326129,"type":"sell","buyer":"methus","seller":"onealfa.pob","symbol":"BEER","quantity":"0.1","price":"0.19706100","timestamp":1628492106,"volume":"0.01970610","buyTxId":"1ca60adbabe3d84b589b31f75105dc3e25eafe04","sellTxId":"06cbc621eda0972a8838382c6e693df9f3fc2997"}
{"index": {"_index":"beer","_id":"1326646"}}
	{"id":1326646,"type":"sell","buyer":"methus","seller":"mercurial9","symbol":"BEER","quantity":"0.01250000","price":"0.19706100","timestamp":1628503611,"volume":"0.00246326","buyTxId":"1ca60adbabe3d84b589b31f75105dc3e25eafe04","sellTxId":"70648d1de02a0789cf6d7948d6decc8cc0ad07c7"}
{"index": {"_index":"beer","_id":"1326920"}}
	{"id":1326920,"type":"sell","buyer":"methus","seller":"haitch","symbol":"BEER","quantity":"10.60452718","price":"0.19706100","timestamp":1628508786,"volume":"2.08973873","buyTxId":"1ca60adbabe3d84b589b31f75105dc3e25eafe04","sellTxId":"0f9ae916e5ddf82ff77b291a79da16d03bcd9e22"}
{"index": {"_index":"beer","_id":"1327009"}}
	{"id":1327009,"type":"sell","buyer":"methus","seller":"steemstreems","symbol":"BEER","quantity":"0.045","price":"0.19706100","timestamp":1628510652,"volume":"0.00886775","buyTxId":"1ca60adbabe3d84b589b31f75105dc3e25eafe04","sellTxId":"b4a5504aeafa9443bad4a7337a7775b7eb9c60e4"}
{"index": {"_index":"beer","_id":"1327154"}}
	{"id":1327154,"type":"buy","buyer":"looftee","seller":"nastyforce","symbol":"BEER","quantity":"0.45000000","price":"0.20888000","timestamp":1628512314,"volume":"0.09399600","buyTxId":"7e55e78d89f2911b79c8d9d154b4ca2c0200b08c","sellTxId":"d459613b78dfbe27ee9e6591a8ef45cbb2e77dfa"}
{"index": {"_index":"beer","_id":"1328431"}}
	{"id":1328431,"type":"sell","buyer":"coolpoolparty","seller":"alucian","symbol":"BEER","quantity":"2.70000000","price":"0.19707000","timestamp":1628529474,"volume":"0.53208900","buyTxId":"c01c0185f15d1653b635106b1827d0d975c9357d","sellTxId":"4cadb57594a6aad20dea11097be2d878a0cf4ecc"}
{"index": {"_index":"beer","_id":"1328855"}}
	{"id":1328855,"type":"sell","buyer":"nastyforce","seller":"lestrange","symbol":"BEER","quantity":"3.00000000","price":"0.19708000","timestamp":1628535048,"volume":"0.59124000","buyTxId":"ba6f7fd2f5493f122e36e5891b3eece9b340fe76","sellTxId":"0a05bb7a24add2ed15a1fe3624e53f6cf77aed1d"}
{"index": {"_index":"beer","_id":"1328856"}}
	{"id":1328856,"type":"sell","buyer":"coolpoolparty","seller":"lestrange","symbol":"BEER","quantity":"0.85477113","price":"0.19707000","timestamp":1628535048,"volume":"0.16844975","buyTxId":"c01c0185f15d1653b635106b1827d0d975c9357d","sellTxId":"0a05bb7a24add2ed15a1fe3624e53f6cf77aed1d"}
{"index": {"_index":"beer","_id":"1329154"}}
	{"id":1329154,"type":"sell","buyer":"coolpoolparty","seller":"steem.services","symbol":"BEER","quantity":"1.54000000","price":"0.19707000","timestamp":1628538837,"volume":"0.30348780","buyTxId":"c01c0185f15d1653b635106b1827d0d975c9357d","sellTxId":"2a30c88c4c92403c20639bdd7bd75987840db81f"}
{"index": {"_index":"beer","_id":"1329421"}}
	{"id":1329421,"type":"sell","buyer":"coolpoolparty","seller":"deathwing","symbol":"BEER","quantity":"0.006","price":"0.19707000","timestamp":1628542506,"volume":"0.00118242","buyTxId":"c01c0185f15d1653b635106b1827d0d975c9357d","sellTxId":"45e4dc32bc7ed747053d0be360de010fa1f8f245-3"}
{"index": {"_index":"beer","_id":"1329469"}}
	{"id":1329469,"type":"sell","buyer":"coolpoolparty","seller":"a0i","symbol":"BEER","quantity":"0.07500000","price":"0.19707000","timestamp":1628543244,"volume":"0.01478025","buyTxId":"c01c0185f15d1653b635106b1827d0d975c9357d","sellTxId":"64b2964f7d25231d42a3ff26beea6898e15ae5c2"}
{"index": {"_index":"beer","_id":"1329516"}}
	{"id":1329516,"type":"sell","buyer":"coolpoolparty","seller":"andy.zaphod","symbol":"BEER","quantity":"6.00000000","price":"0.19707000","timestamp":1628544576,"volume":"1.18242000","buyTxId":"c01c0185f15d1653b635106b1827d0d975c9357d","sellTxId":"42689885d1799baec0547406e212097ee1b7a3fb"}
{"index": {"_index":"beer","_id":"1329691"}}
	{"id":1329691,"type":"sell","buyer":"coolpoolparty","seller":"barrenwolfsbane","symbol":"BEER","quantity":"0.00700000","price":"0.19707000","timestamp":1628547345,"volume":"0.00137949","buyTxId":"c01c0185f15d1653b635106b1827d0d975c9357d","sellTxId":"210cf03fefd0a9bdcd332381af2d335bcbf5d084"}
{"index": {"_index":"beer","_id":"1330394"}}
	{"id":1330394,"type":"buy","buyer":"coolpoolparty","seller":"nastyforce","symbol":"BEER","quantity":"2.79854043","price":"0.20887000","timestamp":1628562396,"volume":"0.58453114","buyTxId":"cb8def23f90c14448c642f864fbf216caa03da6f","sellTxId":"5d3e97848d594414ac2339b5777204d57595ece5"}
{"index": {"_index":"beer","_id":"1330395"}}
	{"id":1330395,"type":"buy","buyer":"coolpoolparty","seller":"master-lamps","symbol":"BEER","quantity":"0.03600000","price":"0.20887999","timestamp":1628562396,"volume":"0.00751968","buyTxId":"cb8def23f90c14448c642f864fbf216caa03da6f","sellTxId":"41adfe6ae6a5e70a19314666ec2d78b317d64315"}
{"index": {"_index":"beer","_id":"1330396"}}
	{"id":1330396,"type":"buy","buyer":"coolpoolparty","seller":"nastyforce","symbol":"BEER","quantity":"2.55000000","price":"0.20888000","timestamp":1628562396,"volume":"0.53264400","buyTxId":"cb8def23f90c14448c642f864fbf216caa03da6f","sellTxId":"d459613b78dfbe27ee9e6591a8ef45cbb2e77dfa"}
{"index": {"_index":"beer","_id":"1330397"}}
	{"id":1330397,"type":"buy","buyer":"coolpoolparty","seller":"quekery","symbol":"BEER","quantity":"7.00000000","price":"0.20888000","timestamp":1628562396,"volume":"1.46216000","buyTxId":"cb8def23f90c14448c642f864fbf216caa03da6f","sellTxId":"794440d9d07253ab58a55165876150bc85ad6c7b"}
{"index": {"_index":"beer","_id":"1330398"}}
	{"id":1330398,"type":"buy","buyer":"coolpoolparty","seller":"master-lamps","symbol":"BEER","quantity":"0.06100000","price":"0.20889000","timestamp":1628562396,"volume":"0.01274229","buyTxId":"cb8def23f90c14448c642f864fbf216caa03da6f","sellTxId":"d2cebb3b8ce06eabd2e6c1895ba0f6509e55e2d7"}
{"index": {"_index":"beer","_id":"1330399"}}
	{"id":1330399,"type":"buy","buyer":"coolpoolparty","seller":"master-lamps","symbol":"BEER","quantity":"0.06250000","price":"0.20889000","timestamp":1628562396,"volume":"0.01305563","buyTxId":"cb8def23f90c14448c642f864fbf216caa03da6f","sellTxId":"784415138b3cee607ee8d150b8a572e27e173643"}
{"index": {"_index":"beer","_id":"1330400"}}
	{"id":1330400,"type":"buy","buyer":"coolpoolparty","seller":"jimre1","symbol":"BEER","quantity":"6.85199313","price":"0.20890000","timestamp":1628562396,"volume":"1.43138136","buyTxId":"cb8def23f90c14448c642f864fbf216caa03da6f","sellTxId":"14c6a61917730accafc9112ad49380e1a02c7a27"}
{"index": {"_index":"beer","_id":"1330401"}}
	{"id":1330401,"type":"buy","buyer":"coolpoolparty","seller":"lookplz","symbol":"BEER","quantity":"5.40595055","price":"0.20900000","timestamp":1628562396,"volume":"1.12984366","buyTxId":"cb8def23f90c14448c642f864fbf216caa03da6f","sellTxId":"81b6ae11958401033d085052670f06a7eb92dc84"}
{"index": {"_index":"beer","_id":"1330402"}}
	{"id":1330402,"type":"buy","buyer":"coolpoolparty","seller":"master-lamps","symbol":"BEER","quantity":"2.87776583","price":"0.20999999","timestamp":1628562396,"volume":"0.60433080","buyTxId":"cb8def23f90c14448c642f864fbf216caa03da6f","sellTxId":"4960f49ce5d7aeddfaa1395ff4033dada6d10f92"}
{"index": {"_index":"beer","_id":"1330403"}}
	{"id":1330403,"type":"buy","buyer":"coolpoolparty","seller":"master-lamps","symbol":"BEER","quantity":"0.08750000","price":"0.20999999","timestamp":1628562396,"volume":"0.01837500","buyTxId":"cb8def23f90c14448c642f864fbf216caa03da6f","sellTxId":"8ced81245c4a715fcc25b57ffdd82fd694bd966f"}
{"index": {"_index":"beer","_id":"1330404"}}
	{"id":1330404,"type":"buy","buyer":"coolpoolparty","seller":"master-lamps","symbol":"BEER","quantity":"0.08750000","price":"0.20999999","timestamp":1628562396,"volume":"0.01837500","buyTxId":"cb8def23f90c14448c642f864fbf216caa03da6f","sellTxId":"8bf4884bdf10165a34ab0646f51f7571a46de7fc"}
{"index": {"_index":"beer","_id":"1330405"}}
	{"id":1330405,"type":"buy","buyer":"coolpoolparty","seller":"master-lamps","symbol":"BEER","quantity":"0.10000000","price":"0.20999999","timestamp":1628562396,"volume":"0.02100000","buyTxId":"cb8def23f90c14448c642f864fbf216caa03da6f","sellTxId":"83a6aa0fcc49dde3814c62b9f1f30aa69398bd43"}
{"index": {"_index":"beer","_id":"1330406"}}
	{"id":1330406,"type":"buy","buyer":"coolpoolparty","seller":"schlees","symbol":"BEER","quantity":"23.95882045","price":"0.21000000","timestamp":1628562396,"volume":"5.03135229","buyTxId":"cb8def23f90c14448c642f864fbf216caa03da6f","sellTxId":"b1ae427d84971a19023c3fbf09ba83fae6324a30"}
{"index": {"_index":"beer","_id":"1330407"}}
	{"id":1330407,"type":"buy","buyer":"coolpoolparty","seller":"chekohler","symbol":"BEER","quantity":"5.88279741","price":"0.21000000","timestamp":1628562396,"volume":"1.23538746","buyTxId":"cb8def23f90c14448c642f864fbf216caa03da6f","sellTxId":"6d7219a358cd9f99bac7b3f9866f8add33f5f20c"}
