{"index": {"_index":"beer","_id":"2434772"}}
	{"id":2434772,"type":"sell","buyer":"harveyword","seller":"justinparke","symbol":"BEER","quantity":"0.21400000","price":"0.15403000","timestamp":1641007176,"volume":"0.03296242","buyTxId":"8fce38a3513f6cdd3c9082c228c2ac9dfdb78a6b","sellTxId":"6fa59fe7b7ae05be469f351a4ea4a2b88f3e1a9c"}
{"index": {"_index":"beer","_id":"2434773"}}
	{"id":2434773,"type":"sell","buyer":"anandkj611","seller":"justinparke","symbol":"BEER","quantity":"0.01300000","price":"0.15403000","timestamp":1641007176,"volume":"0.00200239","buyTxId":"e633166c0227c5a7080b093dc7834eb4f2dc212e","sellTxId":"6fa59fe7b7ae05be469f351a4ea4a2b88f3e1a9c"}
{"index": {"_index":"beer","_id":"2435753"}}
	{"id":2435753,"type":"sell","buyer":"anandkj611","seller":"fantasycrypto","symbol":"BEER","quantity":"0.06700000","price":"0.15403000","timestamp":1641021744,"volume":"0.01032001","buyTxId":"e633166c0227c5a7080b093dc7834eb4f2dc212e","sellTxId":"5ea8ee55b4f709c424ddef6ccabaee5d3285a297"}
{"index": {"_index":"beer","_id":"2436174"}}
	{"id":2436174,"type":"sell","buyer":"anandkj611","seller":"itharagaian","symbol":"BEER","quantity":"0.00200000","price":"0.15403000","timestamp":1641026793,"volume":"0.00030806","buyTxId":"e633166c0227c5a7080b093dc7834eb4f2dc212e","sellTxId":"627c4c5c3d9cbfbf95d8fccf365d28f59a0d0980"}
{"index": {"_index":"beer","_id":"2437074"}}
	{"id":2437074,"type":"sell","buyer":"anandkj611","seller":"stevieboyes","symbol":"BEER","quantity":"3.00204127","price":"0.15403000","timestamp":1641037617,"volume":"0.46240442","buyTxId":"e633166c0227c5a7080b093dc7834eb4f2dc212e","sellTxId":"b86cd3459cc61773728273d7e8811f9c4414897a"}
{"index": {"_index":"beer","_id":"2437439"}}
	{"id":2437439,"type":"sell","buyer":"anandkj611","seller":"abachon","symbol":"BEER","quantity":"8.61559100","price":"0.15403000","timestamp":1641042411,"volume":"1.32705948","buyTxId":"e633166c0227c5a7080b093dc7834eb4f2dc212e","sellTxId":"9b145944fe2ee3555fb0d406dfa42620d0c6ef72"}
{"index": {"_index":"beer","_id":"2437751"}}
	{"id":2437751,"type":"buy","buyer":"baconface","seller":"master-lamps","symbol":"BEER","quantity":"0.03897056","price":"0.17499975","timestamp":1641045498,"volume":"0.00681984","buyTxId":"5d58b8c47e05fd41efc8076c32e1bcd47d5cd6a1","sellTxId":"0026d8c87fbf5a224f4f8fe5195c4caf4b9db45e"}
{"index": {"_index":"beer","_id":"2437971"}}
	{"id":2437971,"type":"sell","buyer":"anandkj611","seller":"technocrypton","symbol":"BEER","quantity":"6.36586376","price":"0.15403000","timestamp":1641046890,"volume":"0.98053399","buyTxId":"e633166c0227c5a7080b093dc7834eb4f2dc212e","sellTxId":"1b5d7c5f3014e66309b1835cbfc4cd07a90b484b"}
{"index": {"_index":"beer","_id":"2437998"}}
	{"id":2437998,"type":"buy","buyer":"offgridlife","seller":"master-lamps","symbol":"BEER","quantity":"1.11125026","price":"0.17499975","timestamp":1641047220,"volume":"0.19446852","buyTxId":"57414920c3ca3342f11c439a78c73e53f797da27","sellTxId":"0026d8c87fbf5a224f4f8fe5195c4caf4b9db45e"}
{"index": {"_index":"beer","_id":"2437999"}}
	{"id":2437999,"type":"buy","buyer":"offgridlife","seller":"master-lamps","symbol":"BEER","quantity":"0.02300000","price":"0.17499975","timestamp":1641047220,"volume":"0.00402499","buyTxId":"57414920c3ca3342f11c439a78c73e53f797da27","sellTxId":"f0cfa7a97b9a9f5a2acb5f66c5bbf126ca828f6f"}
{"index": {"_index":"beer","_id":"2438000"}}
	{"id":2438000,"type":"buy","buyer":"offgridlife","seller":"barmbo","symbol":"BEER","quantity":"0.86574974","price":"0.17500000","timestamp":1641047220,"volume":"0.15150620","buyTxId":"57414920c3ca3342f11c439a78c73e53f797da27","sellTxId":"61d4a5ce2a3c20c3b916d99a8069455bfe6eeb0b"}
{"index": {"_index":"beer","_id":"2438001"}}
	{"id":2438001,"type":"buy","buyer":"offgridlife","seller":"barmbo","symbol":"BEER","quantity":"2.00000000","price":"0.17500000","timestamp":1641047274,"volume":"0.35000000","buyTxId":"3ff5ec0f70ccd30a0da755ea172e6d76c74e4328","sellTxId":"61d4a5ce2a3c20c3b916d99a8069455bfe6eeb0b"}
{"index": {"_index":"beer","_id":"2438004"}}
	{"id":2438004,"type":"buy","buyer":"offgridlife","seller":"barmbo","symbol":"BEER","quantity":"4.00000000","price":"0.17500000","timestamp":1641047346,"volume":"0.70000000","buyTxId":"b86e9f77256101385b36645c0a6d86eba55d2973","sellTxId":"61d4a5ce2a3c20c3b916d99a8069455bfe6eeb0b"}
{"index": {"_index":"beer","_id":"2438063"}}
	{"id":2438063,"type":"buy","buyer":"florenceboens","seller":"barmbo","symbol":"BEER","quantity":"2.90000000","price":"0.17500000","timestamp":1641048117,"volume":"0.50750000","buyTxId":"640597008823426d0d8a8c838387c72b78f907bf","sellTxId":"61d4a5ce2a3c20c3b916d99a8069455bfe6eeb0b"}
{"index": {"_index":"beer","_id":"2438074"}}
	{"id":2438074,"type":"buy","buyer":"florenceboens","seller":"barmbo","symbol":"BEER","quantity":"5.00000000","price":"0.17500000","timestamp":1641048246,"volume":"0.87500000","buyTxId":"3d2ae3b1f8c22f025c4ef69fb54bb5087d395f59","sellTxId":"61d4a5ce2a3c20c3b916d99a8069455bfe6eeb0b"}
{"index": {"_index":"beer","_id":"2438101"}}
	{"id":2438101,"type":"sell","buyer":"anandkj611","seller":"chekohler","symbol":"BEER","quantity":"0.01250000","price":"0.15403000","timestamp":1641048447,"volume":"0.00192538","buyTxId":"e633166c0227c5a7080b093dc7834eb4f2dc212e","sellTxId":"ed917781afbb6c32dd4c8d6e143baf95c5869c8b"}
{"index": {"_index":"beer","_id":"2438378"}}
	{"id":2438378,"type":"buy","buyer":"studio3141","seller":"barmbo","symbol":"BEER","quantity":"6.82644600","price":"0.17500000","timestamp":1641051381,"volume":"1.19462805","buyTxId":"2c684216cd0194fb97786b42e798bcecd99cd3be","sellTxId":"61d4a5ce2a3c20c3b916d99a8069455bfe6eeb0b"}
{"index": {"_index":"beer","_id":"2438382"}}
	{"id":2438382,"type":"buy","buyer":"studio3141","seller":"barmbo","symbol":"BEER","quantity":"0.00000006","price":"0.17500000","timestamp":1641051477,"volume":"0.00000001","buyTxId":"897484f77c33b35c92e62f998de732cf6538df0f","sellTxId":"61d4a5ce2a3c20c3b916d99a8069455bfe6eeb0b"}
{"index": {"_index":"beer","_id":"2438383"}}
	{"id":2438383,"type":"buy","buyer":"studio3141","seller":"brsk84","symbol":"BEER","quantity":"2.63629594","price":"0.18000000","timestamp":1641051477,"volume":"0.47453327","buyTxId":"897484f77c33b35c92e62f998de732cf6538df0f","sellTxId":"0659f29d31b110080b02be00c7d904bea66295c1"}
{"index": {"_index":"beer","_id":"2438470"}}
	{"id":2438470,"type":"buy","buyer":"studio3141","seller":"brsk84","symbol":"BEER","quantity":"0.00000097","price":"0.18000000","timestamp":1641052176,"volume":"0.00000017","buyTxId":"9e8f123ea751d5aaf2ffc69f9f22ebe2a3c3d259","sellTxId":"0659f29d31b110080b02be00c7d904bea66295c1"}
{"index": {"_index":"beer","_id":"2438471"}}
	{"id":2438471,"type":"buy","buyer":"studio3141","seller":"harveyword","symbol":"BEER","quantity":"0.00508102","price":"0.19464000","timestamp":1641052176,"volume":"0.00098897","buyTxId":"9e8f123ea751d5aaf2ffc69f9f22ebe2a3c3d259","sellTxId":"ee8970e1abc47016907f1d0f9888f7a6b6cdc47d"}
{"index": {"_index":"beer","_id":"2439770"}}
	{"id":2439770,"type":"buy","buyer":"anandkj611","seller":"riczuniform","symbol":"BEER","quantity":"6.00000000","price":"0.19460000","timestamp":1641063696,"volume":"1.16760000","buyTxId":"2aa03ccf1b9e3e047881d1cf68a78ee8f01ed73e","sellTxId":"e8ffcf0165cf08ff0893f948f08824e3eb56313f"}
{"index": {"_index":"beer","_id":"2441171"}}
	{"id":2441171,"type":"sell","buyer":"marketroll","seller":"bambukah","symbol":"BEER","quantity":"3.18381451","price":"0.15402000","timestamp":1641077628,"volume":"0.49037111","buyTxId":"cfffee4ec9c25c01227007c69a89d3a73310fb13","sellTxId":"b5ea42b6fb279153420b7b20a73a56095456dcec"}
{"index": {"_index":"beer","_id":"2441285"}}
	{"id":2441285,"type":"sell","buyer":"marketroll","seller":"steem.services","symbol":"BEER","quantity":"0.952","price":"0.15402000","timestamp":1641078786,"volume":"0.14662704","buyTxId":"cfffee4ec9c25c01227007c69a89d3a73310fb13","sellTxId":"494fda7955cb8dff615658afa5cfd95385d31598"}
{"index": {"_index":"beer","_id":"2441705"}}
	{"id":2441705,"type":"sell","buyer":"marketroll","seller":"knochenhd","symbol":"BEER","quantity":"0.05000000","price":"0.15402000","timestamp":1641083127,"volume":"0.00770100","buyTxId":"cfffee4ec9c25c01227007c69a89d3a73310fb13","sellTxId":"f9558dbbb3e71ff27a97f0b80e2ded01b796003f"}
