{"index": {"_index":"beer","_id":"3385126"}}
	{"id":3385126,"type":"buy","buyer":"master-lamps","seller":"roger.remix","symbol":"BEER","quantity":"1.93870000","price":"0.12000000","timestamp":1652068359,"volume":"0.23264400","buyTxId":"f08d308e131862306719e5c3e3854606aeb926da","sellTxId":"f04aec7b6b2609c334c7db4fc9174c818a17d274"}
{"index": {"_index":"beer","_id":"3385427"}}
	{"id":3385427,"type":"buy","buyer":"captainquack22","seller":"roger.remix","symbol":"BEER","quantity":"0.00000089","price":"0.12000000","timestamp":1652072697,"volume":"0.00000011","buyTxId":"dd503c956b504ffdac32e06134c7b65d953929e4","sellTxId":"f04aec7b6b2609c334c7db4fc9174c818a17d274"}
{"index": {"_index":"beer","_id":"3385428"}}
	{"id":3385428,"type":"buy","buyer":"captainquack22","seller":"master-lamps","symbol":"BEER","quantity":"5.95592655","price":"0.16789997","timestamp":1652072697,"volume":"0.99999989","buyTxId":"dd503c956b504ffdac32e06134c7b65d953929e4","sellTxId":"1e8a90dd4d43c00fb5e3f7aa166fb16d6ead8db8"}
{"index": {"_index":"beer","_id":"3385905"}}
	{"id":3385905,"type":"sell","buyer":"onlydoge","seller":"michelmake","symbol":"BEER","quantity":"0.02812500","price":"0.11340000","timestamp":1652079255,"volume":"0.00318938","buyTxId":"e1a5d3131b016b6e71c15ecd6ddf7d069e928f9c","sellTxId":"36008b315585c3b182bd7e485e4b560cd5ccc527"}
{"index": {"_index":"beer","_id":"3386047"}}
	{"id":3386047,"type":"sell","buyer":"onlydoge","seller":"networkallstar","symbol":"BEER","quantity":"0.06250000","price":"0.11340000","timestamp":1652081478,"volume":"0.00708750","buyTxId":"e1a5d3131b016b6e71c15ecd6ddf7d069e928f9c","sellTxId":"35161d6826eab700639b11cc50d68aa71fcf6d26"}
{"index": {"_index":"beer","_id":"3386454"}}
	{"id":3386454,"type":"sell","buyer":"onlydoge","seller":"fnvdesigns","symbol":"BEER","quantity":"0.00199174","price":"0.11340000","timestamp":1652086452,"volume":"0.00022586","buyTxId":"e1a5d3131b016b6e71c15ecd6ddf7d069e928f9c","sellTxId":"e05c21724e5668acdec7336550f780d5bda5be69"}
{"index": {"_index":"beer","_id":"3388231"}}
	{"id":3388231,"type":"buy","buyer":"captainquack22","seller":"laritheghost","symbol":"BEER","quantity":"0.19197853","price":"0.11340002","timestamp":1652108202,"volume":"0.02177037","buyTxId":"b22eb3f0b13d25de9f502c16e833930206c1789f","sellTxId":"9f1cb7eddeb6613d943c4ead81dd4e2ef5fe59a9"}
{"index": {"_index":"beer","_id":"3388232"}}
	{"id":3388232,"type":"buy","buyer":"captainquack22","seller":"ttatsu0815","symbol":"BEER","quantity":"0.40796772","price":"0.16700000","timestamp":1652108202,"volume":"0.06813061","buyTxId":"b22eb3f0b13d25de9f502c16e833930206c1789f","sellTxId":"132034e6afecc9da50cbf88ee41311e158b2ef7c"}
{"index": {"_index":"beer","_id":"3388233"}}
	{"id":3388233,"type":"buy","buyer":"captainquack22","seller":"cloudblade","symbol":"BEER","quantity":"5.42112830","price":"0.16788000","timestamp":1652108202,"volume":"0.91009902","buyTxId":"b22eb3f0b13d25de9f502c16e833930206c1789f","sellTxId":"77bace26c925f75edf8cbf1d129897a3b64d8a55"}
{"index": {"_index":"beer","_id":"3388239"}}
	{"id":3388239,"type":"sell","buyer":"onlydoge","seller":"silvertop","symbol":"BEER","quantity":"0.03750000","price":"0.11340000","timestamp":1652108247,"volume":"0.00425250","buyTxId":"e1a5d3131b016b6e71c15ecd6ddf7d069e928f9c","sellTxId":"1ec07e2410e500ffd860b78d83a3406ea955c3cb"}
{"index": {"_index":"beer","_id":"3389376"}}
	{"id":3389376,"type":"sell","buyer":"onlydoge","seller":"fantasycrypto","symbol":"BEER","quantity":"0.70700000","price":"0.11340000","timestamp":1652117778,"volume":"0.08017380","buyTxId":"e1a5d3131b016b6e71c15ecd6ddf7d069e928f9c","sellTxId":"7998dd2d74199812b0783085a5b145f7d9b67e80"}
{"index": {"_index":"beer","_id":"3389426"}}
	{"id":3389426,"type":"sell","buyer":"onlydoge","seller":"stayoutoftherz","symbol":"BEER","quantity":"1.00000000","price":"0.11340000","timestamp":1652118195,"volume":"0.11340000","buyTxId":"e1a5d3131b016b6e71c15ecd6ddf7d069e928f9c","sellTxId":"eabd693fce47d1c62bf265b38e2fbe487a96f89a"}
{"index": {"_index":"beer","_id":"3390062"}}
	{"id":3390062,"type":"buy","buyer":"master-lamps","seller":"oks2crypto","symbol":"BEER","quantity":"0.02729200","price":"0.11340004","timestamp":1652124231,"volume":"0.00309491","buyTxId":"e2256e4b6e90762803b859c7f5a27b0fb0ca6b52","sellTxId":"294c99b55e29f682d524c9229b1bad115b997555"}
{"index": {"_index":"beer","_id":"3390172"}}
	{"id":3390172,"type":"sell","buyer":"master-lamps","seller":"mafia.wallet","symbol":"BEER","quantity":"0.048","price":"0.11340001","timestamp":1652125197,"volume":"0.00544320","buyTxId":"a7a68570edf87ea5fb3be0635089d81e9f44cb33","sellTxId":"f4f65d304b096683938eead028d132c877f4cd6d-3"}
{"index": {"_index":"beer","_id":"3390224"}}
	{"id":3390224,"type":"sell","buyer":"master-lamps","seller":"crypto-futurist","symbol":"BEER","quantity":"0.00100000","price":"0.11340001","timestamp":1652125521,"volume":"0.00011340","buyTxId":"a7a68570edf87ea5fb3be0635089d81e9f44cb33","sellTxId":"b7af7d875353d31cfe5a384436e48a4773a4ec5b"}
{"index": {"_index":"beer","_id":"3391014"}}
	{"id":3391014,"type":"buy","buyer":"edgerik","seller":"oks2crypto","symbol":"BEER","quantity":"0.00000023","price":"0.11340004","timestamp":1652133225,"volume":"0.00000003","buyTxId":"6f365324d4037ec5b884dcee411aa7eb37dd83a7","sellTxId":"294c99b55e29f682d524c9229b1bad115b997555"}
{"index": {"_index":"beer","_id":"3391015"}}
	{"id":3391015,"type":"buy","buyer":"edgerik","seller":"onlydoge","symbol":"BEER","quantity":"0.99999977","price":"0.16770000","timestamp":1652133225,"volume":"0.16769996","buyTxId":"6f365324d4037ec5b884dcee411aa7eb37dd83a7","sellTxId":"5c17954a77ff9cc300675181e0fa5b5711755ec4"}
{"index": {"_index":"beer","_id":"3391331"}}
	{"id":3391331,"type":"sell","buyer":"master-lamps","seller":"mytechtrail","symbol":"BEER","quantity":"0.24032250","price":"0.11340001","timestamp":1652135925,"volume":"0.02725257","buyTxId":"a7a68570edf87ea5fb3be0635089d81e9f44cb33","sellTxId":"bad6ec347a4fe5714f2cf1835550adba30daf50d"}
{"index": {"_index":"beer","_id":"3392863"}}
	{"id":3392863,"type":"sell","buyer":"master-lamps","seller":"laritheghost","symbol":"BEER","quantity":"0.09409366","price":"0.11340001","timestamp":1652149152,"volume":"0.01067022","buyTxId":"a7a68570edf87ea5fb3be0635089d81e9f44cb33","sellTxId":"148ce3112101e8b999fb42ff5ff4267a148d19f3"}
{"index": {"_index":"beer","_id":"3392900"}}
	{"id":3392900,"type":"buy","buyer":"nahueldare3627","seller":"onlydoge","symbol":"BEER","quantity":"0.70897787","price":"0.16770000","timestamp":1652149575,"volume":"0.11889559","buyTxId":"259b0cabda76d17987e46d7eb93baf2de95b894a","sellTxId":"5c17954a77ff9cc300675181e0fa5b5711755ec4"}
