{"index": {"_index":"beer","_id":"3151243"}}
	{"id":3151243,"type":"sell","buyer":"detlev","seller":"powerpaul","symbol":"BEER","quantity":"2.74457081","price":"0.16490000","timestamp":1649384628,"volume":"0.45257972","buyTxId":"d16a8a371dd1c17921020d062ea3d32f01bbfebe","sellTxId":"fbaa4c03ace312cfde3aa8dc961f03e93efa02ef"}
{"index": {"_index":"beer","_id":"3151315"}}
	{"id":3151315,"type":"buy","buyer":"untzuntzuntz","seller":"powerpaul","symbol":"BEER","quantity":"4.95992000","price":"0.15530782","timestamp":1649386119,"volume":"0.77031436","buyTxId":"4d4781436da6be436249ee7bd7e34caf1ada2ffe","sellTxId":"fbaa4c03ace312cfde3aa8dc961f03e93efa02ef"}
{"index": {"_index":"beer","_id":"3151374"}}
	{"id":3151374,"type":"buy","buyer":"untzuntzuntz","seller":"powerpaul","symbol":"BEER","quantity":"0.00000030","price":"0.15530782","timestamp":1649386707,"volume":"0.00000005","buyTxId":"3479f23b965db65e4b74db1e678cab295a16554d","sellTxId":"fbaa4c03ace312cfde3aa8dc961f03e93efa02ef"}
{"index": {"_index":"beer","_id":"3151375"}}
	{"id":3151375,"type":"buy","buyer":"untzuntzuntz","seller":"kobusu","symbol":"BEER","quantity":"13.06780663","price":"0.17800000","timestamp":1649386707,"volume":"2.32606958","buyTxId":"3479f23b965db65e4b74db1e678cab295a16554d","sellTxId":"848902b6f9e592fc6b3afb2303ad61145d93f72d"}
{"index": {"_index":"beer","_id":"3152123"}}
	{"id":3152123,"type":"sell","buyer":"master-lamps","seller":"elevator09","symbol":"BEER","quantity":"0.23900000","price":"0.14420010","timestamp":1649397093,"volume":"0.03446382","buyTxId":"cb5b573467d412e467ef2dbe5338753ac07da6eb","sellTxId":"2c639ce8e96fe95fd6f2d169796c9ec6f3dc07e6"}
{"index": {"_index":"beer","_id":"3152534"}}
	{"id":3152534,"type":"sell","buyer":"master-lamps","seller":"itharagaian","symbol":"BEER","quantity":"0.00100000","price":"0.14420010","timestamp":1649403180,"volume":"0.00014420","buyTxId":"cb5b573467d412e467ef2dbe5338753ac07da6eb","sellTxId":"9138e0a8edd25a407b203d9ef5c7d2fe69873ef8"}
{"index": {"_index":"beer","_id":"3153081"}}
	{"id":3153081,"type":"sell","buyer":"master-lamps","seller":"babschnae","symbol":"BEER","quantity":"2.10000000","price":"0.14420010","timestamp":1649411088,"volume":"0.30282021","buyTxId":"cb5b573467d412e467ef2dbe5338753ac07da6eb","sellTxId":"113c0e93a2f37ff65d740e0cf1e23b09151e450b"}
{"index": {"_index":"beer","_id":"3153338"}}
	{"id":3153338,"type":"sell","buyer":"master-lamps","seller":"dotwin1981","symbol":"BEER","quantity":"0.30472296","price":"0.14420010","timestamp":1649414820,"volume":"0.04394108","buyTxId":"cb5b573467d412e467ef2dbe5338753ac07da6eb","sellTxId":"45680a39cd828f84dbb1ece1e44588173a2e2824"}
{"index": {"_index":"beer","_id":"3153866"}}
	{"id":3153866,"type":"sell","buyer":"master-lamps","seller":"cassillas5553","symbol":"BEER","quantity":"1","price":"0.14420010","timestamp":1649421180,"volume":"0.14420010","buyTxId":"cb5b573467d412e467ef2dbe5338753ac07da6eb","sellTxId":"d172ff50db1d235e2534e93f4f1d07d0d991de89"}
{"index": {"_index":"beer","_id":"3154037"}}
	{"id":3154037,"type":"buy","buyer":"zonadigital21","seller":"master-lamps","symbol":"BEER","quantity":"2.34000000","price":"0.17799998","timestamp":1649423037,"volume":"0.41651995","buyTxId":"8178abcde46f3c8b396c8b75682df1baa106e225","sellTxId":"a5fa3b668a61d98e4a36470c6b428696ba21abbf"}
{"index": {"_index":"beer","_id":"3154038"}}
	{"id":3154038,"type":"buy","buyer":"zonadigital21","seller":"master-lamps","symbol":"BEER","quantity":"0.30472296","price":"0.17799998","timestamp":1649423037,"volume":"0.05424068","buyTxId":"8178abcde46f3c8b396c8b75682df1baa106e225","sellTxId":"2102f23b3b4b67520f7e4aacd26c268cd8f58ca1"}
{"index": {"_index":"beer","_id":"3154039"}}
	{"id":3154039,"type":"buy","buyer":"zonadigital21","seller":"master-lamps","symbol":"BEER","quantity":"0.01600000","price":"0.17799999","timestamp":1649423037,"volume":"0.00284800","buyTxId":"8178abcde46f3c8b396c8b75682df1baa106e225","sellTxId":"ac0376111c5d09c0a641adbdf9d286ca9de4fbef"}
{"index": {"_index":"beer","_id":"3154040"}}
	{"id":3154040,"type":"buy","buyer":"zonadigital21","seller":"tonytrillions","symbol":"BEER","quantity":"1.33927704","price":"0.17799999","timestamp":1649423037,"volume":"0.23839130","buyTxId":"8178abcde46f3c8b396c8b75682df1baa106e225","sellTxId":"8d6b78a05e143e26e47d51c99816ca05fff6630f"}
{"index": {"_index":"beer","_id":"3155252"}}
	{"id":3155252,"type":"sell","buyer":"master-lamps","seller":"eii","symbol":"BEER","quantity":"2.00000000","price":"0.14420010","timestamp":1649436831,"volume":"0.28840020","buyTxId":"cb5b573467d412e467ef2dbe5338753ac07da6eb","sellTxId":"b090e1d74b3f8733840351aba0d19ff77a3acc6a"}
{"index": {"_index":"beer","_id":"3155433"}}
	{"id":3155433,"type":"sell","buyer":"master-lamps","seller":"unlikelysurvivor","symbol":"BEER","quantity":"0.00987347","price":"0.14420010","timestamp":1649438502,"volume":"0.00142376","buyTxId":"cb5b573467d412e467ef2dbe5338753ac07da6eb","sellTxId":"12807bd6e5d630fb7928de35efe3d200fe3f2a58"}
{"index": {"_index":"beer","_id":"3156080"}}
	{"id":3156080,"type":"sell","buyer":"master-lamps","seller":"bearbear613","symbol":"BEER","quantity":"0.12300000","price":"0.14420010","timestamp":1649445900,"volume":"0.01773661","buyTxId":"cb5b573467d412e467ef2dbe5338753ac07da6eb","sellTxId":"9d176becfcc0f96dd11424dfb1b10b9737add599"}
{"index": {"_index":"beer","_id":"3156966"}}
	{"id":3156966,"type":"sell","buyer":"master-lamps","seller":"bearmol","symbol":"BEER","quantity":"0.0875","price":"0.14420010","timestamp":1649457945,"volume":"0.01261751","buyTxId":"cb5b573467d412e467ef2dbe5338753ac07da6eb","sellTxId":"8c92e8f99221673b6bb210b56cc16adb0ca3f7b9"}
{"index": {"_index":"beer","_id":"3156970"}}
	{"id":3156970,"type":"sell","buyer":"master-lamps","seller":"laritheghost","symbol":"BEER","quantity":"1.41569568","price":"0.14420010","timestamp":1649457990,"volume":"0.20414346","buyTxId":"cb5b573467d412e467ef2dbe5338753ac07da6eb","sellTxId":"aaea5093ab1aa2787267c4b12457ad92e3bdb345"}
{"index": {"_index":"beer","_id":"3157005"}}
	{"id":3157005,"type":"sell","buyer":"master-lamps","seller":"fantasycrypto","symbol":"BEER","quantity":"0.28499999","price":"0.14420010","timestamp":1649458320,"volume":"0.04109703","buyTxId":"cb5b573467d412e467ef2dbe5338753ac07da6eb","sellTxId":"757542fb53da3dce817c6e43848224a206be2a69"}
{"index": {"_index":"beer","_id":"3157111"}}
	{"id":3157111,"type":"sell","buyer":"master-lamps","seller":"fnvdesigns","symbol":"BEER","quantity":"0.01001202","price":"0.14420010","timestamp":1649459751,"volume":"0.00144373","buyTxId":"cb5b573467d412e467ef2dbe5338753ac07da6eb","sellTxId":"177903caa9b573eb5d16d0446bf32f20b46a3962"}
{"index": {"_index":"beer","_id":"3157479"}}
	{"id":3157479,"type":"sell","buyer":"master-lamps","seller":"dsc-r2cornell","symbol":"BEER","quantity":"0.20000000","price":"0.14420010","timestamp":1649465004,"volume":"0.02884002","buyTxId":"cb5b573467d412e467ef2dbe5338753ac07da6eb","sellTxId":"5c16021e7afddce214f5e53a025e351b7412c5aa"}
{"index": {"_index":"beer","_id":"3157930"}}
	{"id":3157930,"type":"sell","buyer":"master-lamps","seller":"mafia.wallet","symbol":"BEER","quantity":"0.025","price":"0.14420010","timestamp":1649470866,"volume":"0.00360500","buyTxId":"cb5b573467d412e467ef2dbe5338753ac07da6eb","sellTxId":"ec3c3b8727d737f10c86e514585be09c9ffcb5b4-2"}
