{"index": {"_index":"beer","_id":"1340676"}}
	{"id":1340676,"type":"buy","buyer":"finris","seller":"blumela","symbol":"BEER","quantity":"5.04952014","price":"0.21799999","timestamp":1628744616,"volume":"1.10079534","buyTxId":"e80a122ce465566758491b6e1330ff1649628c7d","sellTxId":"98822b1a910ec768859774a0afe5fa78acb5bd81"}
{"index": {"_index":"beer","_id":"1340677"}}
	{"id":1340677,"type":"buy","buyer":"finris","seller":"master-lamps","symbol":"BEER","quantity":"1.59900000","price":"0.21799999","timestamp":1628744616,"volume":"0.34858198","buyTxId":"e80a122ce465566758491b6e1330ff1649628c7d","sellTxId":"cadfdcd9af3db1a075647c9f32197919d8f64eaf"}
{"index": {"_index":"beer","_id":"1340678"}}
	{"id":1340678,"type":"buy","buyer":"finris","seller":"harveyword","symbol":"BEER","quantity":"1.00000000","price":"0.21800000","timestamp":1628744616,"volume":"0.21800000","buyTxId":"e80a122ce465566758491b6e1330ff1649628c7d","sellTxId":"d85d541acba3f015cf92d7bba05a2a3a041edd64"}
{"index": {"_index":"beer","_id":"1340679"}}
	{"id":1340679,"type":"buy","buyer":"finris","seller":"harveyword","symbol":"BEER","quantity":"2.00000000","price":"0.21995000","timestamp":1628744616,"volume":"0.43990000","buyTxId":"e80a122ce465566758491b6e1330ff1649628c7d","sellTxId":"440188ead329ac57f7d765fa70fb9016385cb4ed"}
{"index": {"_index":"beer","_id":"1340680"}}
	{"id":1340680,"type":"buy","buyer":"finris","seller":"miketr","symbol":"BEER","quantity":"5.24623638","price":"0.21998000","timestamp":1628744616,"volume":"1.15406708","buyTxId":"e80a122ce465566758491b6e1330ff1649628c7d","sellTxId":"b7dc1b5fb85dadfdd8c711e2e620b119707175fa"}
{"index": {"_index":"beer","_id":"1340681"}}
	{"id":1340681,"type":"buy","buyer":"finris","seller":"wine-token","symbol":"BEER","quantity":"9.10524348","price":"0.21999000","timestamp":1628744616,"volume":"2.00306251","buyTxId":"e80a122ce465566758491b6e1330ff1649628c7d","sellTxId":"21836f94330b1a486ce0467ada227fca1b2ab6ab"}
{"index": {"_index":"beer","_id":"1341573"}}
	{"id":1341573,"type":"sell","buyer":"master-lamps","seller":"lotto-de","symbol":"BEER","quantity":"4.00000000","price":"0.19708103","timestamp":1628761200,"volume":"0.78832412","buyTxId":"adb37564e4097580416b4eb29313d97ffaa21cb2","sellTxId":"bc7f7eaeb194efbeecfb520301ce6887daadcb3c"}
{"index": {"_index":"beer","_id":"1342221"}}
	{"id":1342221,"type":"sell","buyer":"master-lamps","seller":"steemstreems","symbol":"BEER","quantity":"0.009","price":"0.19708103","timestamp":1628771484,"volume":"0.00177373","buyTxId":"adb37564e4097580416b4eb29313d97ffaa21cb2","sellTxId":"d5a376699ed90167a904c2995f8655a12aa48f74"}
{"index": {"_index":"beer","_id":"1342567"}}
	{"id":1342567,"type":"sell","buyer":"master-lamps","seller":"wearealive","symbol":"BEER","quantity":"0.025","price":"0.19708103","timestamp":1628778714,"volume":"0.00492703","buyTxId":"adb37564e4097580416b4eb29313d97ffaa21cb2","sellTxId":"c81c5869f656f5ca8c5e214b3cd05055540d56c5"}
{"index": {"_index":"beer","_id":"1342757"}}
	{"id":1342757,"type":"sell","buyer":"master-lamps","seller":"foodiess","symbol":"BEER","quantity":"9.17550000","price":"0.19708103","timestamp":1628780727,"volume":"1.80831699","buyTxId":"adb37564e4097580416b4eb29313d97ffaa21cb2","sellTxId":"bbbfb2e1382bec1f205656f15de01ef713436d9b"}
{"index": {"_index":"beer","_id":"1342758"}}
	{"id":1342758,"type":"sell","buyer":"pinkfloyd878","seller":"foodiess","symbol":"BEER","quantity":"2.55452144","price":"0.19708102","timestamp":1628780727,"volume":"0.50344769","buyTxId":"a5bcffe2cf4cf76db9c64850150c3c6912d0d264","sellTxId":"bbbfb2e1382bec1f205656f15de01ef713436d9b"}
{"index": {"_index":"beer","_id":"1342985"}}
	{"id":1342985,"type":"sell","buyer":"pinkfloyd878","seller":"dannychain","symbol":"BEER","quantity":"0.224","price":"0.19708102","timestamp":1628783619,"volume":"0.04414615","buyTxId":"a5bcffe2cf4cf76db9c64850150c3c6912d0d264","sellTxId":"035518cfdd445f3a9f54703296cdfde775bdf022"}
{"index": {"_index":"beer","_id":"1343577"}}
	{"id":1343577,"type":"buy","buyer":"eythorphoto","seller":"master-lamps","symbol":"BEER","quantity":"4.00000000","price":"0.21997999","timestamp":1628789979,"volume":"0.87991996","buyTxId":"f31a4153aa9da86b6d1569bec15d714cce5ccc06","sellTxId":"69180b43d7bfcdf7d7bd419e33be13eecabe5802"}
{"index": {"_index":"beer","_id":"1343578"}}
	{"id":1343578,"type":"buy","buyer":"eythorphoto","seller":"master-lamps","symbol":"BEER","quantity":"0.03400000","price":"0.21997999","timestamp":1628789979,"volume":"0.00747932","buyTxId":"f31a4153aa9da86b6d1569bec15d714cce5ccc06","sellTxId":"dcd37ee1b4802a95deb7f565a68d4f2c00375379"}
{"index": {"_index":"beer","_id":"1343579"}}
	{"id":1343579,"type":"buy","buyer":"eythorphoto","seller":"master-lamps","symbol":"BEER","quantity":"0.96600000","price":"0.21997999","timestamp":1628789979,"volume":"0.21250067","buyTxId":"f31a4153aa9da86b6d1569bec15d714cce5ccc06","sellTxId":"607da467b93fb290b8418e38852aaf10ff1c7fb5"}
{"index": {"_index":"beer","_id":"1343950"}}
	{"id":1343950,"type":"sell","buyer":"master-lamps","seller":"steem.services","symbol":"BEER","quantity":"0.38300000","price":"0.19708103","timestamp":1628794038,"volume":"0.07548203","buyTxId":"061dd9d623a53abfba93553e69d0b6cd4019879c","sellTxId":"c632b89123c2e81c8ad041bb433382220b71c171"}
{"index": {"_index":"beer","_id":"1344142"}}
	{"id":1344142,"type":"buy","buyer":"dejan.vuckovic","seller":"master-lamps","symbol":"BEER","quantity":"0.65074364","price":"0.21997999","timestamp":1628796450,"volume":"0.14315058","buyTxId":"b1679634e953a68a97082e03c1f31e35ead19d74","sellTxId":"607da467b93fb290b8418e38852aaf10ff1c7fb5"}
{"index": {"_index":"beer","_id":"1344196"}}
	{"id":1344196,"type":"sell","buyer":"master-lamps","seller":"eythorphoto","symbol":"BEER","quantity":"0.05900000","price":"0.19708103","timestamp":1628797098,"volume":"0.01162778","buyTxId":"0a168c631ba00c85480ddc1b08114460f7a8e94e","sellTxId":"8745fffefb22673bdbf2bfc3c25d394d257d06aa"}
{"index": {"_index":"beer","_id":"1345199"}}
	{"id":1345199,"type":"buy","buyer":"wizzitywillican","seller":"harveyword","symbol":"BEER","quantity":"1.12500000","price":"0.21995000","timestamp":1628810427,"volume":"0.24744375","buyTxId":"fba280dec98a8308aa5e75c20eb228fa72cce032","sellTxId":"d51c2f50ddf4282a85871fc457907ca4f094b82f"}
{"index": {"_index":"beer","_id":"1345203"}}
	{"id":1345203,"type":"buy","buyer":"wizzitywillican","seller":"master-lamps","symbol":"BEER","quantity":"7.55875636","price":"0.21997999","timestamp":1628810565,"volume":"1.66277515","buyTxId":"84bfd1856c22747f688e011ff7aee4ce4b64f52b","sellTxId":"607da467b93fb290b8418e38852aaf10ff1c7fb5"}
{"index": {"_index":"beer","_id":"1345204"}}
	{"id":1345204,"type":"buy","buyer":"wizzitywillican","seller":"master-lamps","symbol":"BEER","quantity":"0.41900000","price":"0.21997999","timestamp":1628810565,"volume":"0.09217162","buyTxId":"84bfd1856c22747f688e011ff7aee4ce4b64f52b","sellTxId":"4e5dfb15165c0b69c1b216c31500ef488048d70f"}
{"index": {"_index":"beer","_id":"1345205"}}
	{"id":1345205,"type":"buy","buyer":"wizzitywillican","seller":"master-lamps","symbol":"BEER","quantity":"0.05900000","price":"0.21997999","timestamp":1628810565,"volume":"0.01297882","buyTxId":"84bfd1856c22747f688e011ff7aee4ce4b64f52b","sellTxId":"3ff9c69ac9c2189a6f900b67d66f57938cc0c3a7"}
{"index": {"_index":"beer","_id":"1345676"}}
	{"id":1345676,"type":"sell","buyer":"wizzitywillican","seller":"forexbrokr","symbol":"BEER","quantity":"0.05000000","price":"0.21997999","timestamp":1628817105,"volume":"0.01099900","buyTxId":"84bfd1856c22747f688e011ff7aee4ce4b64f52b","sellTxId":"3716ff30392e3f4d03b50dad26b57522b9bbc985"}
