{"index": {"_index":"beer","_id":"2121538"}}
	{"id":2121538,"type":"sell","buyer":"nyinyiwin","seller":"augustbrown","symbol":"BEER","quantity":"0.26300000","price":"0.15500000","timestamp":1637984883,"volume":"0.04076500","buyTxId":"80682bf3d1bbff4350a3a8f9e9afd93a1b7fa68c","sellTxId":"dc50f03c7699d07c9b64855b1c1d527bdc959a2e"}
{"index": {"_index":"beer","_id":"2121594"}}
	{"id":2121594,"type":"sell","buyer":"nyinyiwin","seller":"thebeardflex","symbol":"BEER","quantity":"2.15467408","price":"0.15500000","timestamp":1637985990,"volume":"0.33397448","buyTxId":"80682bf3d1bbff4350a3a8f9e9afd93a1b7fa68c","sellTxId":"95b916f43513389c202c7a075f84936d986612ca"}
{"index": {"_index":"beer","_id":"2122574"}}
	{"id":2122574,"type":"sell","buyer":"nyinyiwin","seller":"globetrottergcc","symbol":"BEER","quantity":"1.58232592","price":"0.15500000","timestamp":1637997336,"volume":"0.24526052","buyTxId":"80682bf3d1bbff4350a3a8f9e9afd93a1b7fa68c","sellTxId":"cf44363dc85a42c4164c6a91df5e7d90fbfdce62"}
{"index": {"_index":"beer","_id":"2122576"}}
	{"id":2122576,"type":"sell","buyer":"krusty81","seller":"globetrottergcc","symbol":"BEER","quantity":"16.45869331","price":"0.11200000","timestamp":1637997372,"volume":"1.84337365","buyTxId":"5de7be474eedb343e261fe68000856931cd7e65f","sellTxId":"57ad5c6b5accf204ee936e99f963a031a0f8dd32"}
{"index": {"_index":"beer","_id":"2122577"}}
	{"id":2122577,"type":"sell","buyer":"harveyword","seller":"globetrottergcc","symbol":"BEER","quantity":"16.72257864","price":"0.11000000","timestamp":1637997408,"volume":"1.83948365","buyTxId":"2b018d369e3b2e062f6e058b9f34a33d88211020","sellTxId":"d3673c3c2b9ea04775896748810f495ce770555f"}
{"index": {"_index":"beer","_id":"2122581"}}
	{"id":2122581,"type":"sell","buyer":"lookplz","seller":"globetrottergcc","symbol":"BEER","quantity":"19.10934763","price":"0.10800000","timestamp":1637997447,"volume":"2.06380954","buyTxId":"aea239d613b54cd9fd7bfe0bc157f58114e75adb","sellTxId":"1bfb0d102324def3f8217fe4097064da1b85fcea"}
{"index": {"_index":"beer","_id":"2122785"}}
	{"id":2122785,"type":"sell","buyer":"lookplz","seller":"itharagaian","symbol":"BEER","quantity":"0.00200000","price":"0.10800000","timestamp":1637999808,"volume":"0.00021600","buyTxId":"aea239d613b54cd9fd7bfe0bc157f58114e75adb","sellTxId":"27202aa7dafa03222efba733ac2ee3b66c57c43e"}
{"index": {"_index":"beer","_id":"2122912"}}
	{"id":2122912,"type":"sell","buyer":"lookplz","seller":"lesiopm","symbol":"BEER","quantity":"0.88865237","price":"0.10800000","timestamp":1638001635,"volume":"0.09597446","buyTxId":"aea239d613b54cd9fd7bfe0bc157f58114e75adb","sellTxId":"513b8784cf99b68ab6f51e18f3957c824e9c1d24"}
{"index": {"_index":"beer","_id":"2122913"}}
	{"id":2122913,"type":"sell","buyer":"pagane","seller":"lesiopm","symbol":"BEER","quantity":"13.00000000","price":"0.10800000","timestamp":1638001635,"volume":"1.40400000","buyTxId":"cf269d67c91bef0a1f5f97f4c08daadb86063b31","sellTxId":"513b8784cf99b68ab6f51e18f3957c824e9c1d24"}
{"index": {"_index":"beer","_id":"2122920"}}
	{"id":2122920,"type":"sell","buyer":"exator","seller":"lesiopm","symbol":"BEER","quantity":"10.00000000","price":"0.10610000","timestamp":1638001734,"volume":"1.06100000","buyTxId":"66c4a85cf652e0715eea76bca6feb3b1630cfdaa","sellTxId":"777d9cd8fe758bae937bda5b674a67a08f1c6fcc"}
{"index": {"_index":"beer","_id":"2122921"}}
	{"id":2122921,"type":"sell","buyer":"nerdylens","seller":"lesiopm","symbol":"BEER","quantity":"13.00000000","price":"0.10505000","timestamp":1638001734,"volume":"1.36565000","buyTxId":"3f238c7d0716353b21502d10c570094b87b2eb96","sellTxId":"777d9cd8fe758bae937bda5b674a67a08f1c6fcc"}
{"index": {"_index":"beer","_id":"2122922"}}
	{"id":2122922,"type":"sell","buyer":"brsk84","seller":"lesiopm","symbol":"BEER","quantity":"2.07204940","price":"0.10500000","timestamp":1638001734,"volume":"0.21756519","buyTxId":"a1708d8ed392f0fe6e04c2ac2855aaf5a263a3b8","sellTxId":"777d9cd8fe758bae937bda5b674a67a08f1c6fcc"}
{"index": {"_index":"beer","_id":"2122923"}}
	{"id":2122923,"type":"sell","buyer":"beerlover","seller":"lesiopm","symbol":"BEER","quantity":"5.64300507","price":"0.10230000","timestamp":1638001734,"volume":"0.57727942","buyTxId":"0fb24834ef6499f8fe9290968c35d62c612b6eb8","sellTxId":"777d9cd8fe758bae937bda5b674a67a08f1c6fcc"}
{"index": {"_index":"beer","_id":"2123337"}}
	{"id":2123337,"type":"sell","buyer":"beerlover","seller":"drutter","symbol":"BEER","quantity":"0.02500000","price":"0.10230000","timestamp":1638007398,"volume":"0.00255750","buyTxId":"0fb24834ef6499f8fe9290968c35d62c612b6eb8","sellTxId":"e14ea672f3945b9f627a977a09edbe1cdd0b50ff"}
{"index": {"_index":"beer","_id":"2123376"}}
	{"id":2123376,"type":"sell","buyer":"beerlover","seller":"greatesteem","symbol":"BEER","quantity":"0.01250000","price":"0.10230000","timestamp":1638008163,"volume":"0.00127875","buyTxId":"0fb24834ef6499f8fe9290968c35d62c612b6eb8","sellTxId":"f3be7de79a5e75f7a97d87eabae9f1edc8852f16"}
{"index": {"_index":"beer","_id":"2123418"}}
	{"id":2123418,"type":"sell","buyer":"beerlover","seller":"vcelier","symbol":"BEER","quantity":"0.10500000","price":"0.10230000","timestamp":1638008907,"volume":"0.01074150","buyTxId":"0fb24834ef6499f8fe9290968c35d62c612b6eb8","sellTxId":"6b3550e4ac3a519e6dc4317246a5dd89d3b3c7b8"}
{"index": {"_index":"beer","_id":"2123511"}}
	{"id":2123511,"type":"sell","buyer":"beerlover","seller":"marketroll","symbol":"BEER","quantity":"14.61971926","price":"0.10230000","timestamp":1638011286,"volume":"1.49559728","buyTxId":"0fb24834ef6499f8fe9290968c35d62c612b6eb8","sellTxId":"ea19d9b586d9c30660345107b2cfc161c42744a8"}
{"index": {"_index":"beer","_id":"2124265"}}
	{"id":2124265,"type":"sell","buyer":"hive-138307","seller":"knochenhd","symbol":"BEER","quantity":"0.05000000","price":"0.00700000","timestamp":1638019350,"volume":"0.00035000","buyTxId":"f0cc10745014400827d7ace7e917b893cbfd701e","sellTxId":"e88d0033eca2756d3aa24e53b262fa776c43834d"}
{"index": {"_index":"beer","_id":"2126120"}}
	{"id":2126120,"type":"sell","buyer":"hive-138307","seller":"deathwing","symbol":"BEER","quantity":"0.05","price":"0.00700000","timestamp":1638040203,"volume":"0.00035000","buyTxId":"f0cc10745014400827d7ace7e917b893cbfd701e","sellTxId":"47cd90063ecbb12de5008dc41ba12e898b449c23-1"}
{"index": {"_index":"beer","_id":"2126933"}}
	{"id":2126933,"type":"buy","buyer":"harveyword","seller":"marketroll","symbol":"BEER","quantity":"0.38028074","price":"0.10230000","timestamp":1638050040,"volume":"0.03890272","buyTxId":"285a2a234101c6b972346c6a792d7c619bc8a14c","sellTxId":"ea19d9b586d9c30660345107b2cfc161c42744a8"}
{"index": {"_index":"beer","_id":"2127814"}}
	{"id":2127814,"type":"sell","buyer":"lolztoken","seller":"dhedge-drips","symbol":"BEER","quantity":"0.01699998","price":"0.00800001","timestamp":1638060378,"volume":"0.00013600","buyTxId":"3fa347b1bb0eb5e7f080a7a3e39fb94139b8cd18","sellTxId":"c117df2cbc380214fe2eaf80f80c9e040a419b73"}
{"index": {"_index":"beer","_id":"2128096"}}
	{"id":2128096,"type":"buy","buyer":"blue.rabbit","seller":"cocaaladioxine","symbol":"BEER","quantity":"0.27700000","price":"0.13000000","timestamp":1638063600,"volume":"0.03601000","buyTxId":"9635973d71f88e4b5539aa0e3b861db68bae3156","sellTxId":"ac4b13f59fd957dc9f3ba716742e40dce0e7cd81"}
{"index": {"_index":"beer","_id":"2128097"}}
	{"id":2128097,"type":"buy","buyer":"blue.rabbit","seller":"augustbrown","symbol":"BEER","quantity":"0.00200000","price":"0.13000000","timestamp":1638063600,"volume":"0.00026000","buyTxId":"9635973d71f88e4b5539aa0e3b861db68bae3156","sellTxId":"e3c00e23d2ee648c52596d6f8d2b0f783c539cbd"}
{"index": {"_index":"beer","_id":"2128098"}}
	{"id":2128098,"type":"buy","buyer":"blue.rabbit","seller":"dhedge-drips","symbol":"BEER","quantity":"0.01699998","price":"0.13000000","timestamp":1638063600,"volume":"0.00221000","buyTxId":"9635973d71f88e4b5539aa0e3b861db68bae3156","sellTxId":"0730634417f5a77ad45c5f7b61c21949d2ab5b4d"}
{"index": {"_index":"beer","_id":"2128099"}}
	{"id":2128099,"type":"buy","buyer":"blue.rabbit","seller":"blue.rabbit","symbol":"BEER","quantity":"3.87700001","price":"0.13100000","timestamp":1638063600,"volume":"0.50788700","buyTxId":"9635973d71f88e4b5539aa0e3b861db68bae3156","sellTxId":"69686c3bb0eee5b78f64b6ce06e15738a39bdc82"}
{"index": {"_index":"beer","_id":"2128100"}}
	{"id":2128100,"type":"buy","buyer":"blue.rabbit","seller":"oks2crypto","symbol":"BEER","quantity":"0.62500000","price":"0.15000000","timestamp":1638063600,"volume":"0.09375000","buyTxId":"9635973d71f88e4b5539aa0e3b861db68bae3156","sellTxId":"aed712bb40c34f09cff0ca69c3eb1e0745330cff"}
{"index": {"_index":"beer","_id":"2128101"}}
	{"id":2128101,"type":"buy","buyer":"blue.rabbit","seller":"criticalthinkin","symbol":"BEER","quantity":"5.20200001","price":"0.15550000","timestamp":1638063600,"volume":"0.80891100","buyTxId":"9635973d71f88e4b5539aa0e3b861db68bae3156","sellTxId":"d127426336441047328e95d165dcc2d77893e2c2"}
{"index": {"_index":"beer","_id":"2128256"}}
	{"id":2128256,"type":"sell","buyer":"blue.rabbit","seller":"danewilliams","symbol":"BEER","quantity":"0.02000000","price":"0.12100000","timestamp":1638065316,"volume":"0.00242000","buyTxId":"242989de37de04acbf469b59475cc8b8b6486f91","sellTxId":"5693ba166b599b4a92a3d6188e569d3a3bc97ab4"}
{"index": {"_index":"beer","_id":"2128500"}}
	{"id":2128500,"type":"sell","buyer":"blue.rabbit","seller":"canna-collective","symbol":"BEER","quantity":"1.06869371","price":"0.12100000","timestamp":1638068901,"volume":"0.12931194","buyTxId":"242989de37de04acbf469b59475cc8b8b6486f91","sellTxId":"a93d0dcc340f4f0459ec541d8839dd9e3d524e10"}
