{"index": {"_index":"beer","_id":"3835768"}}
	{"id":3835768,"type":"sell","buyer":"onlydoge","seller":"mateodm03","symbol":"BEER","quantity":"1.22500000","price":"0.09160000","timestamp":1656889860,"volume":"0.11221000","buyTxId":"68344187314553e96fe2382988e591a1346a6186","sellTxId":"168e3cadf2feeceb22b1215123ffe2f0a9dca04c"}
{"index": {"_index":"beer","_id":"3836049"}}
	{"id":3836049,"type":"sell","buyer":"onlydoge","seller":"mafia.wallet","symbol":"BEER","quantity":"0.029","price":"0.09160000","timestamp":1656894402,"volume":"0.00265640","buyTxId":"68344187314553e96fe2382988e591a1346a6186","sellTxId":"d4fec5c5753d03b544523159dd70ac9cbfe42a89-3"}
{"index": {"_index":"beer","_id":"3836190"}}
	{"id":3836190,"type":"buy","buyer":"torran","seller":"marshmellowman","symbol":"BEER","quantity":"0.18090428","price":"0.11500000","timestamp":1656896898,"volume":"0.02080399","buyTxId":"f90b8c8830d5fa38e6702a9ead41e2c4a0c02488","sellTxId":"47ef5130ba3793631daa2e74046d7a6b0c1fb4ea"}
{"index": {"_index":"beer","_id":"3836191"}}
	{"id":3836191,"type":"buy","buyer":"torran","seller":"onlydoge","symbol":"BEER","quantity":"14.81909572","price":"0.12450000","timestamp":1656896898,"volume":"1.84497742","buyTxId":"f90b8c8830d5fa38e6702a9ead41e2c4a0c02488","sellTxId":"9300b5888c42e7ca6e149e396a50a10754c8fdfc"}
{"index": {"_index":"beer","_id":"3836462"}}
	{"id":3836462,"type":"sell","buyer":"master-lamps","seller":"thatcryptodave","symbol":"BEER","quantity":"0.13752727","price":"0.09160001","timestamp":1656899715,"volume":"0.01259750","buyTxId":"41aec4deff259f305eff279ca3d461fc1973b5eb","sellTxId":"95170cd839da7ba0ccf53638b48dde6842e142f8"}
{"index": {"_index":"beer","_id":"3836463"}}
	{"id":3836463,"type":"sell","buyer":"onlydoge","seller":"thatcryptodave","symbol":"BEER","quantity":"1.08415867","price":"0.09160000","timestamp":1656899715,"volume":"0.09930893","buyTxId":"68344187314553e96fe2382988e591a1346a6186","sellTxId":"95170cd839da7ba0ccf53638b48dde6842e142f8"}
{"index": {"_index":"beer","_id":"3836934"}}
	{"id":3836934,"type":"sell","buyer":"ironshield","seller":"thinkrdotexe","symbol":"BEER","quantity":"10.00000000","price":"0.09180000","timestamp":1656905871,"volume":"0.91800000","buyTxId":"67599d49f51b752b5a31f2583ff3bed4a26e81ec","sellTxId":"10e0420ffd3a753ae9fe3c8bb446aa7031cb5684"}
{"index": {"_index":"beer","_id":"3836935"}}
	{"id":3836935,"type":"sell","buyer":"gaboamc2393","seller":"thinkrdotexe","symbol":"BEER","quantity":"0.27784824","price":"0.09170000","timestamp":1656905871,"volume":"0.02547868","buyTxId":"230ba2956f59cba85922711207c84f8fbe89c415","sellTxId":"10e0420ffd3a753ae9fe3c8bb446aa7031cb5684"}
{"index": {"_index":"beer","_id":"3837238"}}
	{"id":3837238,"type":"sell","buyer":"chetanpadliya","seller":"epic1985","symbol":"BEER","quantity":"0.00000021","price":"0.09171000","timestamp":1656910323,"volume":"0.00000002","buyTxId":"13cbc087255a9882a80ac7c80b0493018f496a30","sellTxId":"e08654860b313cebeec2df43bd377c11d4cb2c7e"}
{"index": {"_index":"beer","_id":"3837687"}}
	{"id":3837687,"type":"sell","buyer":"chetanpadliya","seller":"sevenoh-fiveoh","symbol":"BEER","quantity":"0.73400000","price":"0.09171000","timestamp":1656917940,"volume":"0.06731514","buyTxId":"13cbc087255a9882a80ac7c80b0493018f496a30","sellTxId":"ef2d7bd2c381ae4283aba1d391fbc875eaf2b2bf"}
{"index": {"_index":"beer","_id":"3838130"}}
	{"id":3838130,"type":"sell","buyer":"chetanpadliya","seller":"steem82868","symbol":"BEER","quantity":"0.01250000","price":"0.09171000","timestamp":1656925806,"volume":"0.00114638","buyTxId":"13cbc087255a9882a80ac7c80b0493018f496a30","sellTxId":"f9c5c7d079421f466eac22c7de03ee30b7647059"}
{"index": {"_index":"beer","_id":"3838610"}}
	{"id":3838610,"type":"sell","buyer":"chetanpadliya","seller":"thebigsweed","symbol":"BEER","quantity":"4.25349979","price":"0.09171000","timestamp":1656934086,"volume":"0.39008846","buyTxId":"13cbc087255a9882a80ac7c80b0493018f496a30","sellTxId":"6bc81a1ce00732aff2e6eb60fe13f62eb3a840e8"}
{"index": {"_index":"beer","_id":"3841095"}}
	{"id":3841095,"type":"buy","buyer":"master-lamps","seller":"thebigsweed","symbol":"BEER","quantity":"3.66966700","price":"0.09171000","timestamp":1656962784,"volume":"0.33654516","buyTxId":"e9b0048be02a9da37e2c4d7de974188ba5a667e8","sellTxId":"6bc81a1ce00732aff2e6eb60fe13f62eb3a840e8"}
{"index": {"_index":"beer","_id":"3841099"}}
	{"id":3841099,"type":"buy","buyer":"master-lamps","seller":"thebigsweed","symbol":"BEER","quantity":"0.00000099","price":"0.09171000","timestamp":1656962817,"volume":"0.00000009","buyTxId":"4d2a44e09724ace002ead4abac12d46131b0dc1f","sellTxId":"6bc81a1ce00732aff2e6eb60fe13f62eb3a840e8"}
{"index": {"_index":"beer","_id":"3841148"}}
	{"id":3841148,"type":"sell","buyer":"gaboamc2393","seller":"mafia.wallet","symbol":"BEER","quantity":"0.027","price":"0.09170000","timestamp":1656963126,"volume":"0.00247590","buyTxId":"230ba2956f59cba85922711207c84f8fbe89c415","sellTxId":"53779e18a2e7a9eabaf0bda0b0470e11201e7c05-3"}
{"index": {"_index":"beer","_id":"3841398"}}
	{"id":3841398,"type":"sell","buyer":"gaboamc2393","seller":"crypto-futurist","symbol":"BEER","quantity":"0.00100000","price":"0.09170000","timestamp":1656965667,"volume":"0.00009170","buyTxId":"230ba2956f59cba85922711207c84f8fbe89c415","sellTxId":"c38c6fb7563fdc4d6e813a88a4fe3437c981d6ce"}
{"index": {"_index":"beer","_id":"3842039"}}
	{"id":3842039,"type":"sell","buyer":"gaboamc2393","seller":"poliwalt10","symbol":"BEER","quantity":"0.13000000","price":"0.09170000","timestamp":1656971469,"volume":"0.01192100","buyTxId":"230ba2956f59cba85922711207c84f8fbe89c415","sellTxId":"d3952e2a0a30fc1268271c164400291f963d94ab"}
{"index": {"_index":"beer","_id":"3842063"}}
	{"id":3842063,"type":"sell","buyer":"gaboamc2393","seller":"dotwin1981","symbol":"BEER","quantity":"0.36963556","price":"0.09170000","timestamp":1656971904,"volume":"0.03389558","buyTxId":"230ba2956f59cba85922711207c84f8fbe89c415","sellTxId":"8be22a4a42adc47aa01145d44ae1f3534321710f"}
{"index": {"_index":"beer","_id":"3842296"}}
	{"id":3842296,"type":"sell","buyer":"gaboamc2393","seller":"andy4475","symbol":"BEER","quantity":"0.23899700","price":"0.09170000","timestamp":1656974868,"volume":"0.02191602","buyTxId":"230ba2956f59cba85922711207c84f8fbe89c415","sellTxId":"4d3315785d05c4421ec399ad3c61ddafed30ec8b"}
