{"index": {"_index":"beer","_id":"1398549"}}=	{"id":1398549,"type":"buy","buyer":"thejr","seller":"bashadow","symbol":"BEER","quantity":"0.28578364","price":"0.20500000","timestamp":1629597264,"volume":"0.05858565","buyTxId":"f9bdb1f099d40cff98a913401644281b5ce43470","sellTxId":"617588851ad05a8428a609af866e80a54d1e54ba"}
{"index": {"_index":"beer","_id":"1398550"}}=	{"id":1398550,"type":"buy","buyer":"thejr","seller":"master-lamps","symbol":"BEER","quantity":"0.36200000","price":"0.21996988","timestamp":1629597264,"volume":"0.07962910","buyTxId":"f9bdb1f099d40cff98a913401644281b5ce43470","sellTxId":"a4acd56b7307c38bd1ce40868fe32e9dfbfa21f1"}
{"index": {"_index":"beer","_id":"1398551"}}=	{"id":1398551,"type":"buy","buyer":"thejr","seller":"master-lamps","symbol":"BEER","quantity":"0.06250000","price":"0.21996989","timestamp":1629597264,"volume":"0.01374812","buyTxId":"f9bdb1f099d40cff98a913401644281b5ce43470","sellTxId":"d7a5f3fa57fa3644d636a2142758d42046fddaa0"}
{"index": {"_index":"beer","_id":"1398552"}}=	{"id":1398552,"type":"buy","buyer":"thejr","seller":"master-lamps","symbol":"BEER","quantity":"1.88000000","price":"0.21996999","timestamp":1629597264,"volume":"0.41354358","buyTxId":"f9bdb1f099d40cff98a913401644281b5ce43470","sellTxId":"f184ad724b2e2c23f5012defe2fc7dd998644bed"}
{"index": {"_index":"beer","_id":"1398553"}}=	{"id":1398553,"type":"buy","buyer":"thejr","seller":"master-lamps","symbol":"BEER","quantity":"5.46560266","price":"0.21997997","timestamp":1629597264,"volume":"1.20232311","buyTxId":"f9bdb1f099d40cff98a913401644281b5ce43470","sellTxId":"86dcca05f9e2f31a993e2acd67f38d2a2ac76c6b"}
{"index": {"_index":"beer","_id":"1398554"}}=	{"id":1398554,"type":"buy","buyer":"thejr","seller":"master-lamps","symbol":"BEER","quantity":"0.15000000","price":"0.21997997","timestamp":1629597264,"volume":"0.03299700","buyTxId":"f9bdb1f099d40cff98a913401644281b5ce43470","sellTxId":"1e53e513ce56dbaa96bcd524f411128e2eff5a3e"}
{"index": {"_index":"beer","_id":"1398555"}}=	{"id":1398555,"type":"buy","buyer":"thejr","seller":"master-lamps","symbol":"BEER","quantity":"1.79411370","price":"0.21997997","timestamp":1629597264,"volume":"0.39466908","buyTxId":"f9bdb1f099d40cff98a913401644281b5ce43470","sellTxId":"456465d7fc14769030fc92cdd1ac2c49317dba4e"}
{"index": {"_index":"beer","_id":"1398970"}}=	{"id":1398970,"type":"buy","buyer":"unblindphoenix","seller":"master-lamps","symbol":"BEER","quantity":"0.05081350","price":"0.21997996","timestamp":1629604296,"volume":"0.01117795","buyTxId":"e4919d2c8d82c6766b6574eb6ad4d34a9482adff","sellTxId":"e803e4ea6ea80b4ec6246e5d8aa34bf594fbff57"}
{"index": {"_index":"beer","_id":"1398971"}}=	{"id":1398971,"type":"buy","buyer":"unblindphoenix","seller":"master-lamps","symbol":"BEER","quantity":"0.05426785","price":"0.21997996","timestamp":1629604296,"volume":"0.01193784","buyTxId":"e4919d2c8d82c6766b6574eb6ad4d34a9482adff","sellTxId":"e2dabaf0e3740dc50d77364199a3c59e97df5a20"}
{"index": {"_index":"beer","_id":"1398988"}}=	{"id":1398988,"type":"buy","buyer":"unblindphoenix","seller":"master-lamps","symbol":"BEER","quantity":"4.32758629","price":"0.21997997","timestamp":1629604491,"volume":"0.95198230","buyTxId":"49df9fbadcb66dba840b5c216bc46f2e323dd27a","sellTxId":"456465d7fc14769030fc92cdd1ac2c49317dba4e"}
{"index": {"_index":"beer","_id":"1398989"}}=	{"id":1398989,"type":"buy","buyer":"unblindphoenix","seller":"master-lamps","symbol":"BEER","quantity":"0.10000001","price":"0.21997997","timestamp":1629604491,"volume":"0.02199800","buyTxId":"49df9fbadcb66dba840b5c216bc46f2e323dd27a","sellTxId":"8abe3a7837f130ce5fb3b462045f845833dba248"}
{"index": {"_index":"beer","_id":"1398990"}}=	{"id":1398990,"type":"buy","buyer":"unblindphoenix","seller":"wine-token","symbol":"BEER","quantity":"0.00000085","price":"0.21997998","timestamp":1629604491,"volume":"0.00000019","buyTxId":"49df9fbadcb66dba840b5c216bc46f2e323dd27a","sellTxId":"3372ce1d408cfcc6cbda7666129382d8be186dbd"}
{"index": {"_index":"beer","_id":"1398991"}}=	{"id":1398991,"type":"buy","buyer":"unblindphoenix","seller":"altonos","symbol":"BEER","quantity":"0.57241285","price":"0.21997999","timestamp":1629604491,"volume":"0.12591937","buyTxId":"49df9fbadcb66dba840b5c216bc46f2e323dd27a","sellTxId":"ff866b2fa932bc0071c968b969d30523e5cece65"}
{"index": {"_index":"beer","_id":"1399283"}}=	{"id":1399283,"type":"sell","buyer":"master-lamps","seller":"justinparke","symbol":"BEER","quantity":"1.368","price":"0.19712500","timestamp":1629609855,"volume":"0.26966700","buyTxId":"67a17ddf2b904c73454f785daa7c23c4e64cbd75","sellTxId":"83a6b8ca718fa1b376411ee570e2b97fbbd4ea10"}
{"index": {"_index":"beer","_id":"1400016"}}=	{"id":1400016,"type":"sell","buyer":"master-lamps","seller":"itharagaian","symbol":"BEER","quantity":"0.00200000","price":"0.19712500","timestamp":1629621189,"volume":"0.00039425","buyTxId":"67a17ddf2b904c73454f785daa7c23c4e64cbd75","sellTxId":"4c286104b7dd64f65a1514080581d6721baea0c0"}
{"index": {"_index":"beer","_id":"1400426"}}=	{"id":1400426,"type":"buy","buyer":"mobi72","seller":"master-lamps","symbol":"BEER","quantity":"0.00750000","price":"0.21997989","timestamp":1629627096,"volume":"0.00164985","buyTxId":"d894f74382988354a848be7b27a67c113aca8df9","sellTxId":"bdead01656dbf816cdb8594c8842f142f3dec1ee"}
{"index": {"_index":"beer","_id":"1400432"}}=	{"id":1400432,"type":"buy","buyer":"mobi72","seller":"master-lamps","symbol":"BEER","quantity":"0.90000000","price":"0.21997989","timestamp":1629627123,"volume":"0.19798190","buyTxId":"e22c36e9cb505c01680c30ecf80870c9c5586b94","sellTxId":"871a797c03e530716dba7771c2da02507ef2bee0"}
{"index": {"_index":"beer","_id":"1400435"}}=	{"id":1400435,"type":"buy","buyer":"mobi72","seller":"master-lamps","symbol":"BEER","quantity":"0.46800000","price":"0.21997989","timestamp":1629627150,"volume":"0.10295059","buyTxId":"e7614f1624b9e03bf8577aace540239da1dee877","sellTxId":"7553fe7d2343fab7a352e081174d69b28bc876d9"}
{"index": {"_index":"beer","_id":"1400438"}}=	{"id":1400438,"type":"buy","buyer":"mobi72","seller":"master-lamps","symbol":"BEER","quantity":"0.00200000","price":"0.21997989","timestamp":1629627174,"volume":"0.00043996","buyTxId":"d9c08ab9f1179a617fa1312c881e528968b88f97","sellTxId":"4d46c625f85f496759286c699ad66f880d2e3371"}
{"index": {"_index":"beer","_id":"1400441"}}=	{"id":1400441,"type":"buy","buyer":"mobi72","seller":"master-lamps","symbol":"BEER","quantity":"0.01750000","price":"0.21997990","timestamp":1629627201,"volume":"0.00384965","buyTxId":"6dcdab39bd4f0f3f5f9f9af0c58f09661d743ebc","sellTxId":"ac215dc17256a985cb7041643a12224d9b966f32"}
{"index": {"_index":"beer","_id":"1400444"}}=	{"id":1400444,"type":"buy","buyer":"mobi72","seller":"altonos","symbol":"BEER","quantity":"3.51200000","price":"0.21997999","timestamp":1629627249,"volume":"0.77256972","buyTxId":"58f585c0485fa94ffb8bb011646d6baf2eac9bcd","sellTxId":"ff866b2fa932bc0071c968b969d30523e5cece65"}
{"index": {"_index":"beer","_id":"1401023"}}=	{"id":1401023,"type":"buy","buyer":"senstless","seller":"detlev","symbol":"BEER","quantity":"5.00000000","price":"0.21997000","timestamp":1629636069,"volume":"1.09985000","buyTxId":"77c340fb639376b52a76551701e7276f346153bc","sellTxId":"0f905ebc2c89c2d6822948d9fe99269890115966"}
{"index": {"_index":"beer","_id":"1401038"}}=	{"id":1401038,"type":"sell","buyer":"master-lamps","seller":"oks2crypto","symbol":"BEER","quantity":"0.17500000","price":"0.19712515","timestamp":1629636270,"volume":"0.03449690","buyTxId":"e413f79774b1b92e4cec332a0b0108534b5e7e54","sellTxId":"bb2eb6848a77af8d7dc780799d10bea89c1f0e9a"}
{"index": {"_index":"beer","_id":"1401779"}}=	{"id":1401779,"type":"sell","buyer":"master-lamps","seller":"musicuniversity","symbol":"BEER","quantity":"0.03750000","price":"0.19712515","timestamp":1629646248,"volume":"0.00739219","buyTxId":"e413f79774b1b92e4cec332a0b0108534b5e7e54","sellTxId":"c3ca6b1ce29249be934875cdce31879bd325e4b8"}
{"index": {"_index":"beer","_id":"1401967"}}=	{"id":1401967,"type":"sell","buyer":"master-lamps","seller":"jjprac","symbol":"BEER","quantity":"0.42034153","price":"0.19712515","timestamp":1629647694,"volume":"0.08285989","buyTxId":"e413f79774b1b92e4cec332a0b0108534b5e7e54","sellTxId":"a952f6dad311c077d4761f6fa429bec006bdc43d"}
{"index": {"_index":"beer","_id":"1403010"}}=	{"id":1403010,"type":"sell","buyer":"exator","seller":"mafia.wallet","symbol":"BEER","quantity":"0.045","price":"0.19713500","timestamp":1629657474,"volume":"0.00887108","buyTxId":"4a71aefdf387417f28ec6257e2afae8cda628bd4","sellTxId":"07a269d7671b4e2ce23b4072c07e9e56b1abdb40-1"}
{"index": {"_index":"beer","_id":"1403073"}}=	{"id":1403073,"type":"sell","buyer":"exator","seller":"shield.banker","symbol":"BEER","quantity":"1.02300000","price":"0.19713500","timestamp":1629658014,"volume":"0.20166911","buyTxId":"4a71aefdf387417f28ec6257e2afae8cda628bd4","sellTxId":"ca5f03a460a6f3341181d7216dc9b460c38e695a"}
{"index": {"_index":"beer","_id":"1403786"}}=	{"id":1403786,"type":"sell","buyer":"master-lamps","seller":"deathwing","symbol":"BEER","quantity":"0.005","price":"0.19713505","timestamp":1629665706,"volume":"0.00098568","buyTxId":"6acce92a9786af8a0596cd06ec95acbe67a13d31","sellTxId":"f6178ed0a374adf3bf4baeb4fec0bf2168483a78-2"}
{"index": {"_index":"beer","_id":"1404375"}}=	{"id":1404375,"type":"sell","buyer":"master-lamps","seller":"egistar","symbol":"BEER","quantity":"4.44009852","price":"0.19713505","timestamp":1629673365,"volume":"0.87529904","buyTxId":"6acce92a9786af8a0596cd06ec95acbe67a13d31","sellTxId":"e93259f46168cd08fae5390b922906e60853eb0f"}
{"index": {"_index":"beer","_id":"1404845"}}=	{"id":1404845,"type":"sell","buyer":"master-lamps","seller":"reinaldoverdu","symbol":"BEER","quantity":"0.99738117","price":"0.19713505","timestamp":1629681168,"volume":"0.19661879","buyTxId":"6acce92a9786af8a0596cd06ec95acbe67a13d31","sellTxId":"0a1dcf880e867dfd5ffe26b237e72ed4ec3ea598"}
{"index": {"_index":"beer","_id":"1404905"}}=	{"id":1404905,"type":"sell","buyer":"master-lamps","seller":"barrenwolfsbane","symbol":"BEER","quantity":"0.07300000","price":"0.19713505","timestamp":1629681981,"volume":"0.01439086","buyTxId":"6acce92a9786af8a0596cd06ec95acbe67a13d31","sellTxId":"3c8f841829a6bd40f62c2d3e23340bcbe1128221"}
