{"index": {"_index":"beer","_id":"2028425"}}
	{"id":2028425,"type":"sell","buyer":"cloudblade","seller":"evernoticethat","symbol":"BEER","quantity":"1.16822564","price":"0.10803000","timestamp":1637211273,"volume":"0.12620342","buyTxId":"017cc5cdd8d3e452bbafa3207ad10c31974c9f4f","sellTxId":"5d411e0863e6fd4d940931006067d35ca3bb4389"}
{"index": {"_index":"beer","_id":"2029398"}}
	{"id":2029398,"type":"sell","buyer":"marketroll","seller":"petertag","symbol":"BEER","quantity":"1.68300000","price":"0.10803100","timestamp":1637220672,"volume":"0.18181617","buyTxId":"2ab42b8320085943000658f1600751147e9934cf","sellTxId":"94b95ea237d98594cfdf1ccf8d7e8f3f994d58a9"}
{"index": {"_index":"beer","_id":"2029449"}}
	{"id":2029449,"type":"sell","buyer":"marketroll","seller":"itharagaian","symbol":"BEER","quantity":"0.00200000","price":"0.10803100","timestamp":1637221134,"volume":"0.00021606","buyTxId":"2ab42b8320085943000658f1600751147e9934cf","sellTxId":"b37c4f6ccdca03ea7675bbf584d0094b3d1ca416"}
{"index": {"_index":"beer","_id":"2029523"}}
	{"id":2029523,"type":"sell","buyer":"marketroll","seller":"hive-143869","symbol":"BEER","quantity":"3.02590000","price":"0.10803100","timestamp":1637221980,"volume":"0.32689100","buyTxId":"2ab42b8320085943000658f1600751147e9934cf","sellTxId":"5a2179fdc268019c67cbc21ec7ba9e1b5aeeabd8"}
{"index": {"_index":"beer","_id":"2029917"}}
	{"id":2029917,"type":"buy","buyer":"dejan.vuckovic","seller":"marketroll","symbol":"BEER","quantity":"1.00000000","price":"0.12630000","timestamp":1637226090,"volume":"0.12630000","buyTxId":"1274972f9596b9818055a8583045ed9133d2e846","sellTxId":"be4084572518ecebc3079f56f36c970c080747e3"}
{"index": {"_index":"beer","_id":"2030913"}}
	{"id":2030913,"type":"buy","buyer":"joseph1956","seller":"marketroll","symbol":"BEER","quantity":"1.12127266","price":"0.13463300","timestamp":1637235900,"volume":"0.15096030","buyTxId":"a18ae34efa5763aeb9ce94f672054ad2e6ec1104","sellTxId":"247d72f8cc938a0744879f3cc86104f7eb95aa1d"}
{"index": {"_index":"beer","_id":"2031811"}}
	{"id":2031811,"type":"sell","buyer":"joseph1956","seller":"jarkillo","symbol":"BEER","quantity":"0.17300000","price":"0.13463300","timestamp":1637244996,"volume":"0.02329151","buyTxId":"a18ae34efa5763aeb9ce94f672054ad2e6ec1104","sellTxId":"238e56a2699b6b2e9e459accf9a9381073e889d1"}
{"index": {"_index":"beer","_id":"2032457"}}
	{"id":2032457,"type":"sell","buyer":"joseph1956","seller":"simplegame","symbol":"BEER","quantity":"0.18037862","price":"0.13463300","timestamp":1637250861,"volume":"0.02428491","buyTxId":"a18ae34efa5763aeb9ce94f672054ad2e6ec1104","sellTxId":"f48396f557572f7f677de8f00e2d73ec6ea1a88e"}
{"index": {"_index":"beer","_id":"2032662"}}
	{"id":2032662,"type":"sell","buyer":"joseph1956","seller":"solaito","symbol":"BEER","quantity":"0.01250000","price":"0.13463300","timestamp":1637252592,"volume":"0.00168291","buyTxId":"a18ae34efa5763aeb9ce94f672054ad2e6ec1104","sellTxId":"7b4805d0b150ff59b8e930e621b8db0d08eedac9"}
{"index": {"_index":"beer","_id":"2034382"}}
	{"id":2034382,"type":"sell","buyer":"harveyword","seller":"steemstreems","symbol":"BEER","quantity":"0.014","price":"0.13465000","timestamp":1637267034,"volume":"0.00188510","buyTxId":"0179cf8b74f063ffff9385116f20b678c8c4c0e2","sellTxId":"a1f1898c3b914a3a37565f60896e32292b0f0452"}
{"index": {"_index":"beer","_id":"2034535"}}
	{"id":2034535,"type":"sell","buyer":"harveyword","seller":"aeneas.blog","symbol":"BEER","quantity":"0.03750000","price":"0.13465000","timestamp":1637268396,"volume":"0.00504938","buyTxId":"0179cf8b74f063ffff9385116f20b678c8c4c0e2","sellTxId":"4ad1cf4477f639c243f0e6c67de813b1b650ad33"}
{"index": {"_index":"beer","_id":"2034837"}}
	{"id":2034837,"type":"sell","buyer":"harveyword","seller":"mafia.wallet","symbol":"BEER","quantity":"0.036","price":"0.13465000","timestamp":1637270601,"volume":"0.00484740","buyTxId":"0179cf8b74f063ffff9385116f20b678c8c4c0e2","sellTxId":"55cbd3a7f7d4e590e87a5fc9489452775c6c5ecb-3"}
{"index": {"_index":"beer","_id":"2034978"}}
	{"id":2034978,"type":"sell","buyer":"harveyword","seller":"itharagaian","symbol":"BEER","quantity":"0.00200000","price":"0.13465000","timestamp":1637271855,"volume":"0.00026930","buyTxId":"0179cf8b74f063ffff9385116f20b678c8c4c0e2","sellTxId":"a36f1c94d9de7feeb7540cf4f0b0a878a6c09224"}
{"index": {"_index":"beer","_id":"2036687"}}
	{"id":2036687,"type":"sell","buyer":"harveyword","seller":"chrismadcboy2016","symbol":"BEER","quantity":"4.41050000","price":"0.13465000","timestamp":1637285748,"volume":"0.59387382","buyTxId":"0179cf8b74f063ffff9385116f20b678c8c4c0e2","sellTxId":"f7a5e27c505fa9164f024717c606762d1544d828"}
{"index": {"_index":"beer","_id":"2037101"}}
	{"id":2037101,"type":"buy","buyer":"sarguy43","seller":"chrismadcboy2016","symbol":"BEER","quantity":"9.24350000","price":"0.13465000","timestamp":1637289519,"volume":"1.24463728","buyTxId":"59db3a38052089d8ca2f004f6af0242221e80624","sellTxId":"f7a5e27c505fa9164f024717c606762d1544d828"}
{"index": {"_index":"beer","_id":"2037558"}}
	{"id":2037558,"type":"sell","buyer":"sarguy43","seller":"eythorphoto","symbol":"BEER","quantity":"0.02400000","price":"0.13470000","timestamp":1637293368,"volume":"0.00323280","buyTxId":"59db3a38052089d8ca2f004f6af0242221e80624","sellTxId":"ea347de36af002aa6010b3af1d3abef112df0fbe"}
