{"index": {"_index":"beer","_id":"3726072"}}
	{"id":3726072,"type":"sell","buyer":"detlev","seller":"steem82868","symbol":"BEER","quantity":"0.11713429","price":"0.10800000","timestamp":1655627607,"volume":"0.01265050","buyTxId":"64fddf1ab5e3e648355ca3e771722a51b722acd2","sellTxId":"78a8536d11d65b65ce8fbe0c23ba2ca04fdb6308"}
{"index": {"_index":"beer","_id":"3727723"}}
	{"id":3727723,"type":"buy","buyer":"torran","seller":"libertycrypto27","symbol":"BEER","quantity":"5.07301788","price":"0.13900000","timestamp":1655647452,"volume":"0.70514949","buyTxId":"f54da92da15bc938cd877493f4f9f0307a67e0d7","sellTxId":"e025f64e8707a0a69c700626700240735d6b483a"}
{"index": {"_index":"beer","_id":"3727724"}}
	{"id":3727724,"type":"buy","buyer":"torran","seller":"lammbock","symbol":"BEER","quantity":"1.37207557","price":"0.14000000","timestamp":1655647452,"volume":"0.19209058","buyTxId":"f54da92da15bc938cd877493f4f9f0307a67e0d7","sellTxId":"a5f3e2dbd33b96ba3205b197937bda45aaf2f61f"}
{"index": {"_index":"beer","_id":"3727725"}}
	{"id":3727725,"type":"buy","buyer":"torran","seller":"damla","symbol":"BEER","quantity":"0.11250000","price":"0.14000000","timestamp":1655647452,"volume":"0.01575000","buyTxId":"f54da92da15bc938cd877493f4f9f0307a67e0d7","sellTxId":"374c62f4d76e2a3d3972fc7a895346fc3a9f89d8"}
{"index": {"_index":"beer","_id":"3727726"}}
	{"id":3727726,"type":"buy","buyer":"torran","seller":"onlydoge","symbol":"BEER","quantity":"3.44240655","price":"0.14390000","timestamp":1655647452,"volume":"0.49536230","buyTxId":"f54da92da15bc938cd877493f4f9f0307a67e0d7","sellTxId":"84c5a0282daf2b351356a74605ef4443f98a052a"}
{"index": {"_index":"beer","_id":"3727802"}}
	{"id":3727802,"type":"sell","buyer":"detlev","seller":"schneidy","symbol":"BEER","quantity":"0.25262839","price":"0.10800000","timestamp":1655648055,"volume":"0.02728387","buyTxId":"64fddf1ab5e3e648355ca3e771722a51b722acd2","sellTxId":"300a42761bc0832f2029492851ebac96acbb5769"}
{"index": {"_index":"beer","_id":"3728094"}}
	{"id":3728094,"type":"sell","buyer":"detlev","seller":"dubishin","symbol":"BEER","quantity":"0.40725098","price":"0.10800000","timestamp":1655651967,"volume":"0.04398311","buyTxId":"64fddf1ab5e3e648355ca3e771722a51b722acd2","sellTxId":"fb8b9dcb54d8b5ba41d6f62b6fe043bdcff195ec"}
{"index": {"_index":"beer","_id":"3728178"}}
	{"id":3728178,"type":"sell","buyer":"detlev","seller":"teamukraine","symbol":"BEER","quantity":"0.12758347","price":"0.10800000","timestamp":1655653284,"volume":"0.01377901","buyTxId":"64fddf1ab5e3e648355ca3e771722a51b722acd2","sellTxId":"f3843d962396bc514c8edde66d281099fa6f320e"}
{"index": {"_index":"beer","_id":"3728746"}}
	{"id":3728746,"type":"buy","buyer":"dailygiveaways","seller":"onlydoge","symbol":"BEER","quantity":"26.44432400","price":"0.14390000","timestamp":1655658435,"volume":"3.80533822","buyTxId":"d359084b887a1c8e223a1a96e4f0310c26584ebb","sellTxId":"84c5a0282daf2b351356a74605ef4443f98a052a"}
{"index": {"_index":"beer","_id":"3728756"}}
	{"id":3728756,"type":"buy","buyer":"dailygiveaways","seller":"gaboamc2393","symbol":"BEER","quantity":"70.00000000","price":"0.14399999","timestamp":1655658534,"volume":"10.07999930","buyTxId":"a39e9514db99a54a398fea3b39f2bb90222e6cf3","sellTxId":"5852363fdca9ffdc639d90ef13e342fc521fac83"}
{"index": {"_index":"beer","_id":"3729425"}}
	{"id":3729425,"type":"sell","buyer":"onlydoge","seller":"mafia.wallet","symbol":"BEER","quantity":"0.052","price":"0.10810000","timestamp":1655664930,"volume":"0.00562120","buyTxId":"70e6f8977bba14739f3675cb9a9637867e836b1a","sellTxId":"6cd82bcd30699ceae67b14942cc2b2a762a18b2d-3"}
{"index": {"_index":"beer","_id":"3729708"}}
	{"id":3729708,"type":"sell","buyer":"onlydoge","seller":"crypto-futurist","symbol":"BEER","quantity":"0.00100000","price":"0.10810000","timestamp":1655668161,"volume":"0.00010810","buyTxId":"70e6f8977bba14739f3675cb9a9637867e836b1a","sellTxId":"db604a1cec57e098f2462dce393fad72a8c078a6"}
{"index": {"_index":"beer","_id":"3729889"}}
	{"id":3729889,"type":"buy","buyer":"detlev","seller":"master-lamps","symbol":"BEER","quantity":"0.05383053","price":"0.14489975","timestamp":1655670054,"volume":"0.00780003","buyTxId":"2199c4bf58761de6465ceb987c17e8a01001c92e","sellTxId":"4f3911f800091a53d797135f38dfedab590f7770"}
{"index": {"_index":"beer","_id":"3729890"}}
	{"id":3729890,"type":"buy","buyer":"detlev","seller":"damla","symbol":"BEER","quantity":"0.07968749","price":"0.14489975","timestamp":1655670054,"volume":"0.01154670","buyTxId":"2199c4bf58761de6465ceb987c17e8a01001c92e","sellTxId":"16d65fbbb4a0525fd67a3dd7d880aaf3f2c0d16e"}
{"index": {"_index":"beer","_id":"3729891"}}
	{"id":3729891,"type":"buy","buyer":"detlev","seller":"bastionpm","symbol":"BEER","quantity":"0.01249998","price":"0.14489975","timestamp":1655670054,"volume":"0.00181124","buyTxId":"2199c4bf58761de6465ceb987c17e8a01001c92e","sellTxId":"bdeb1dd5bed9c1e9a0fa73d0ff47fe5729b262e4"}
{"index": {"_index":"beer","_id":"3729895"}}
	{"id":3729895,"type":"buy","buyer":"detlev","seller":"master-lamps","symbol":"BEER","quantity":"0.10000000","price":"0.16099999","timestamp":1655670081,"volume":"0.01610000","buyTxId":"73d3f3aa175ab786d5cfb33ff290d5c56c287058","sellTxId":"6d4d01101861ae9c85601dbdf91e3a3f0b3b6d3f"}
{"index": {"_index":"beer","_id":"3729897"}}
	{"id":3729897,"type":"buy","buyer":"detlev","seller":"master-lamps","symbol":"BEER","quantity":"0.10000000","price":"0.16099999","timestamp":1655670108,"volume":"0.01610000","buyTxId":"d9c16f23b6881cc48cb915cf27466edaaf634a38","sellTxId":"6d4d01101861ae9c85601dbdf91e3a3f0b3b6d3f"}
{"index": {"_index":"beer","_id":"3730395"}}
	{"id":3730395,"type":"sell","buyer":"onlydoge","seller":"poliwalt10","symbol":"BEER","quantity":"0.13700000","price":"0.13820000","timestamp":1655674860,"volume":"0.01893340","buyTxId":"32b8794417bfce07c578b6e4dc4bff43fdaa558b","sellTxId":"737a8ac808f017efc9db8fb9d032d597564344f9"}
{"index": {"_index":"beer","_id":"3731501"}}
	{"id":3731501,"type":"sell","buyer":"onlydoge","seller":"blockchainleo","symbol":"BEER","quantity":"3.13623320","price":"0.13820000","timestamp":1655683782,"volume":"0.43342743","buyTxId":"32b8794417bfce07c578b6e4dc4bff43fdaa558b","sellTxId":"e3192fff79fdd1e24e8a5516c492ae63d524317c"}
{"index": {"_index":"beer","_id":"3731972"}}
	{"id":3731972,"type":"sell","buyer":"onlydoge","seller":"mafia.wallet","symbol":"BEER","quantity":"0.029","price":"0.13820000","timestamp":1655688408,"volume":"0.00400780","buyTxId":"32b8794417bfce07c578b6e4dc4bff43fdaa558b","sellTxId":"8f2ccd77479f7e79161b89522406afdd5fb65ed7-2"}
{"index": {"_index":"beer","_id":"3732052"}}
	{"id":3732052,"type":"sell","buyer":"onlydoge","seller":"cliffagreen","symbol":"BEER","quantity":"0.07298071","price":"0.13820000","timestamp":1655689377,"volume":"0.01008593","buyTxId":"32b8794417bfce07c578b6e4dc4bff43fdaa558b","sellTxId":"dc6b13e665b33e7c4567577cc02ca66071927dea"}
