{"index": {"_index":"beer","_id":"3861689"}}
	{"id":3861689,"type":"sell","buyer":"article61","seller":"fnvdesigns","symbol":"BEER","quantity":"0.00386160","price":"0.12365999","timestamp":1657233693,"volume":"0.00047753","buyTxId":"4f04811760c90267f5853dccd810ebb43fdaf29f","sellTxId":"d480a7605dafbd91222b9764f2b4dd05703496d7"}
{"index": {"_index":"beer","_id":"3862054"}}
	{"id":3862054,"type":"buy","buyer":"cheftony","seller":"onlydoge","symbol":"BEER","quantity":"34.96426627","price":"0.12370000","timestamp":1657239861,"volume":"4.32507974","buyTxId":"9fa921ec2befe88a9f25d4a9e4f8ad2857a2c654","sellTxId":"617d9b6a061c4b0343fbc6568fc1a5237a400566"}
{"index": {"_index":"beer","_id":"3862398"}}
	{"id":3862398,"type":"sell","buyer":"article61","seller":"gaboamc2393","symbol":"BEER","quantity":"7.86920722","price":"0.12365999","timestamp":1657244595,"volume":"0.97310608","buyTxId":"4f04811760c90267f5853dccd810ebb43fdaf29f","sellTxId":"bb2679f0fb695bed599aeb8000e6a078af11c0df"}
{"index": {"_index":"beer","_id":"3862575"}}
	{"id":3862575,"type":"sell","buyer":"harveyword","seller":"blockchainleo","symbol":"BEER","quantity":"3.13623326","price":"0.10000000","timestamp":1657247886,"volume":"0.31362333","buyTxId":"ecad2941d001678097d91e0796dca6bd98c8c442","sellTxId":"338a5028f55fede6c95978d4a54900389f2e93ae"}
{"index": {"_index":"beer","_id":"3864263"}}
	{"id":3864263,"type":"sell","buyer":"harveyword","seller":"bastionpm","symbol":"BEER","quantity":"0.01250000","price":"0.10000000","timestamp":1657273536,"volume":"0.00125000","buyTxId":"ecad2941d001678097d91e0796dca6bd98c8c442","sellTxId":"e16e9913b0170411755ace619ebc2f66db546652"}
{"index": {"_index":"beer","_id":"3864439"}}
	{"id":3864439,"type":"buy","buyer":"stiant","seller":"gaboamc2393","symbol":"BEER","quantity":"5.00000000","price":"0.12360000","timestamp":1657277205,"volume":"0.61800000","buyTxId":"a1a004db0d137e79fee739c8dfcaba62019f00c4","sellTxId":"bb2679f0fb695bed599aeb8000e6a078af11c0df"}
{"index": {"_index":"beer","_id":"3866340"}}
	{"id":3866340,"type":"sell","buyer":"chetanpadliya","seller":"homeginkit","symbol":"BEER","quantity":"5.00000000","price":"0.10001000","timestamp":1657299216,"volume":"0.50005000","buyTxId":"14e7b3e93b0b77c8da94334ce031b42638e0ef2f","sellTxId":"df29a536a7b5cfaae294347576ddecaaeff7f23a"}
{"index": {"_index":"beer","_id":"3866341"}}
	{"id":3866341,"type":"sell","buyer":"harveyword","seller":"homeginkit","symbol":"BEER","quantity":"1.85126674","price":"0.10000000","timestamp":1657299216,"volume":"0.18512667","buyTxId":"ecad2941d001678097d91e0796dca6bd98c8c442","sellTxId":"df29a536a7b5cfaae294347576ddecaaeff7f23a"}
{"index": {"_index":"beer","_id":"3866879"}}
	{"id":3866879,"type":"sell","buyer":"master-lamps","seller":"luismar1978","symbol":"BEER","quantity":"0.97800000","price":"0.09170001","timestamp":1657306206,"volume":"0.08968261","buyTxId":"8f73a51b05027e00e58b296dc4aaf085dd359090","sellTxId":"0a1d0e0ed0858ef58a4c5679e8890d0835802e99"}
{"index": {"_index":"beer","_id":"3866984"}}
	{"id":3866984,"type":"buy","buyer":"master-lamps","seller":"homeginkit","symbol":"BEER","quantity":"3.02573326","price":"0.09946243","timestamp":1657307826,"volume":"0.30094678","buyTxId":"577fa367476b966b0165431770fd4c3c65a74b64","sellTxId":"df29a536a7b5cfaae294347576ddecaaeff7f23a"}
{"index": {"_index":"beer","_id":"3866985"}}
	{"id":3866985,"type":"buy","buyer":"master-lamps","seller":"damla","symbol":"BEER","quantity":"0.07968674","price":"0.09946243","timestamp":1657307826,"volume":"0.00792584","buyTxId":"577fa367476b966b0165431770fd4c3c65a74b64","sellTxId":"6ab2bab3917c64a83ab3d713eca2ba365b82d648"}
{"index": {"_index":"beer","_id":"3866989"}}
	{"id":3866989,"type":"buy","buyer":"master-lamps","seller":"damla","symbol":"BEER","quantity":"0.00000075","price":"0.09946243","timestamp":1657307856,"volume":"0.00000007","buyTxId":"a09239d77de52aed3e928b96c853ab68058c5191","sellTxId":"6ab2bab3917c64a83ab3d713eca2ba365b82d648"}
{"index": {"_index":"beer","_id":"3867175"}}
	{"id":3867175,"type":"sell","buyer":"master-lamps","seller":"crypto-futurist","symbol":"BEER","quantity":"0.00100000","price":"0.09170001","timestamp":1657310145,"volume":"0.00009170","buyTxId":"8f73a51b05027e00e58b296dc4aaf085dd359090","sellTxId":"b85372a7d49ecac726b0fb2d9355b31a35f9b33a"}
{"index": {"_index":"beer","_id":"3867184"}}
	{"id":3867184,"type":"buy","buyer":"maryjane.tech4","seller":"master-lamps","symbol":"BEER","quantity":"0.99500000","price":"0.12349999","timestamp":1657310268,"volume":"0.12288249","buyTxId":"cfc02179c3575b793ca873a4ffe8926ced615585","sellTxId":"ac8ca0f5a99f3899fb5435fd21185acbc59a964a"}
{"index": {"_index":"beer","_id":"3867185"}}
	{"id":3867185,"type":"buy","buyer":"maryjane.tech4","seller":"master-lamps","symbol":"BEER","quantity":"0.90500000","price":"0.12349999","timestamp":1657310268,"volume":"0.11176749","buyTxId":"cfc02179c3575b793ca873a4ffe8926ced615585","sellTxId":"85ed6999854a3229bb21f875f668c034524ba928"}
{"index": {"_index":"beer","_id":"3867669"}}
	{"id":3867669,"type":"sell","buyer":"master-lamps","seller":"poliwalt10","symbol":"BEER","quantity":"0.13300000","price":"0.09170001","timestamp":1657315803,"volume":"0.01219610","buyTxId":"8f73a51b05027e00e58b296dc4aaf085dd359090","sellTxId":"d2699d3d027fd5f6c946fb3cec1f844b29a24eda"}
{"index": {"_index":"beer","_id":"3867743"}}
	{"id":3867743,"type":"sell","buyer":"master-lamps","seller":"teikn","symbol":"BEER","quantity":"0.43100000","price":"0.09170001","timestamp":1657316835,"volume":"0.03952270","buyTxId":"8f73a51b05027e00e58b296dc4aaf085dd359090","sellTxId":"92430fdbb5cd5238bc6e90a1208f32e5488d4ad1"}
{"index": {"_index":"beer","_id":"3867981"}}
	{"id":3867981,"type":"sell","buyer":"master-lamps","seller":"aliveandthriving","symbol":"BEER","quantity":"0.0875","price":"0.09170001","timestamp":1657319985,"volume":"0.00802375","buyTxId":"8f73a51b05027e00e58b296dc4aaf085dd359090","sellTxId":"f921737deda7b642387a27599afb554820610c91"}
