{"index": {"_index":"beer","_id":"3912416"}}
	{"id":3912416,"type":"sell","buyer":"chetanpadliya","seller":"bastionpm","symbol":"BEER","quantity":"0.01250000","price":"0.09040102","timestamp":1657866003,"volume":"0.00113001","buyTxId":"e71df90402825804559cf79b869b80661eca6072","sellTxId":"58db2ea41587e1eadc4120abaa401b22ba3494e9"}
{"index": {"_index":"beer","_id":"3912923"}}
	{"id":3912923,"type":"sell","buyer":"chetanpadliya","seller":"enforcer48","symbol":"BEER","quantity":"0.24900000","price":"0.09040102","timestamp":1657874121,"volume":"0.02250985","buyTxId":"e71df90402825804559cf79b869b80661eca6072","sellTxId":"c5d55b38763d7f001ce8c16f05a08d8d718dfb3a"}
{"index": {"_index":"beer","_id":"3912956"}}
	{"id":3912956,"type":"sell","buyer":"chetanpadliya","seller":"gtg","symbol":"BEER","quantity":"3.00893844","price":"0.09040102","timestamp":1657875096,"volume":"0.27201110","buyTxId":"e71df90402825804559cf79b869b80661eca6072","sellTxId":"0d58b4570c1ca3ac7cbc339f4ebeb84411afd1d1"}
{"index": {"_index":"beer","_id":"3913886"}}
	{"id":3913886,"type":"sell","buyer":"chetanpadliya","seller":"centtrail","symbol":"BEER","quantity":"0.03750000","price":"0.09040102","timestamp":1657889937,"volume":"0.00339004","buyTxId":"e71df90402825804559cf79b869b80661eca6072","sellTxId":"7af9566aa62f2fa038931d0706d9e299cba83d08"}
{"index": {"_index":"beer","_id":"3914069"}}
	{"id":3914069,"type":"buy","buyer":"jakkal","seller":"onlydoge","symbol":"BEER","quantity":"5.00000000","price":"0.12330000","timestamp":1657892823,"volume":"0.61650000","buyTxId":"e1b50690087fdba33dd46201ae9e77254747a08a","sellTxId":"93da087e417ae3de59fd4caa302bd8e76823540b"}
{"index": {"_index":"beer","_id":"3914215"}}
	{"id":3914215,"type":"sell","buyer":"chetanpadliya","seller":"miketr","symbol":"BEER","quantity":"2.52202518","price":"0.09040102","timestamp":1657894407,"volume":"0.22799365","buyTxId":"e71df90402825804559cf79b869b80661eca6072","sellTxId":"ea30642c9e32da5a1a234d70f4010ab338a2b527"}
{"index": {"_index":"beer","_id":"3914435"}}
	{"id":3914435,"type":"sell","buyer":"chetanpadliya","seller":"poliwalt10","symbol":"BEER","quantity":"0.13500000","price":"0.09040102","timestamp":1657896357,"volume":"0.01220414","buyTxId":"e71df90402825804559cf79b869b80661eca6072","sellTxId":"5ffb9bfdecf5e189862b0b24798bc6f8d87bcebb"}
{"index": {"_index":"beer","_id":"3914556"}}
	{"id":3914556,"type":"buy","buyer":"stiant","seller":"onlydoge","symbol":"BEER","quantity":"10.00000000","price":"0.12330000","timestamp":1657897053,"volume":"1.23300000","buyTxId":"7047c3ce13cb4f38e1db83b9574316ddd827afeb","sellTxId":"93da087e417ae3de59fd4caa302bd8e76823540b"}
{"index": {"_index":"beer","_id":"3914724"}}
	{"id":3914724,"type":"buy","buyer":"torran","seller":"onlydoge","symbol":"BEER","quantity":"10.00000000","price":"0.12330000","timestamp":1657899342,"volume":"1.23300000","buyTxId":"197403feb3ef6f4a0c93f2e3dddeb92962d8a162","sellTxId":"93da087e417ae3de59fd4caa302bd8e76823540b"}
{"index": {"_index":"beer","_id":"3915556"}}
	{"id":3915556,"type":"sell","buyer":"chetanpadliya","seller":"flaxz","symbol":"BEER","quantity":"0.21772956","price":"0.09040102","timestamp":1657908165,"volume":"0.01968297","buyTxId":"e71df90402825804559cf79b869b80661eca6072","sellTxId":"d82c73e96dcfced06a2b109b4284cfbc8b37f678"}
{"index": {"_index":"beer","_id":"3915750"}}
	{"id":3915750,"type":"sell","buyer":"chetanpadliya","seller":"crypto-futurist","symbol":"BEER","quantity":"0.00100000","price":"0.09040102","timestamp":1657910646,"volume":"0.00009040","buyTxId":"e71df90402825804559cf79b869b80661eca6072","sellTxId":"92c1c56a95a5848a188edc855cf9f453347ce783"}
{"index": {"_index":"beer","_id":"3916430"}}
	{"id":3916430,"type":"buy","buyer":"maryjane.main","seller":"teikn","symbol":"BEER","quantity":"0.00600000","price":"0.12320000","timestamp":1657916970,"volume":"0.00073920","buyTxId":"bb5dafd7aa83b5849b784a7b5bf450f0741f55b0","sellTxId":"7eac241719f2d799a361b0f55d224d1ebfc0dca1"}
{"index": {"_index":"beer","_id":"3916449"}}
	{"id":3916449,"type":"buy","buyer":"maryjane.main","seller":"onlydoge","symbol":"BEER","quantity":"1.95959473","price":"0.12330000","timestamp":1657917072,"volume":"0.24161803","buyTxId":"bac7e683ea8cd0771eb9a5929d17b368cc6ff015","sellTxId":"93da087e417ae3de59fd4caa302bd8e76823540b"}
{"index": {"_index":"beer","_id":"3916450"}}
	{"id":3916450,"type":"buy","buyer":"maryjane.main","seller":"master-lamps","symbol":"BEER","quantity":"3.04040527","price":"0.12337599","timestamp":1657917072,"volume":"0.37511301","buyTxId":"bac7e683ea8cd0771eb9a5929d17b368cc6ff015","sellTxId":"52f90be382a960e9c97fa68628eb5503dcdae961"}
{"index": {"_index":"beer","_id":"3916878"}}
	{"id":3916878,"type":"sell","buyer":"master-lamps","seller":"bashadow","symbol":"BEER","quantity":"0.62500000","price":"0.09100001","timestamp":1657918050,"volume":"0.05687501","buyTxId":"2ceb837aec04c208d8a9dd9892e67ed4ea7dbfe5","sellTxId":"11283d8e9e8fb7a6fc4e5dce1a1e0c2b81cee2d7"}
{"index": {"_index":"beer","_id":"3917575"}}
	{"id":3917575,"type":"sell","buyer":"master-lamps","seller":"aliveandthriving","symbol":"BEER","quantity":"0.0875","price":"0.09100001","timestamp":1657927386,"volume":"0.00796250","buyTxId":"2ceb837aec04c208d8a9dd9892e67ed4ea7dbfe5","sellTxId":"358425c08534605232cc45a6fc48d640c5d90052"}
{"index": {"_index":"beer","_id":"3918416"}}
	{"id":3918416,"type":"buy","buyer":"morzex","seller":"master-lamps","symbol":"BEER","quantity":"5.67371333","price":"0.12337599","timestamp":1657937691,"volume":"0.7","buyTxId":"094c099d08b27954268e4dba5141da6ec89f47bc","sellTxId":"52f90be382a960e9c97fa68628eb5503dcdae961"}
