{"id":1557097,"type":"sell","buyer":"eythorphoto","seller":"steem.services","symbol":"BEER","quantity":"0.00800000","price":"0.20000000","timestamp":1632176331,"volume":"0.00160000","buyTxId":"1c78817e8106e12e6a3fffc2f911d25f6cdcc4e1","sellTxId":"6b6997599fecfbaa2cd139348c71f8d5d3812e13"}
{"id":1557098,"type":"sell","buyer":"master-lamps","seller":"steem.services","symbol":"BEER","quantity":"0.10755936","price":"0.16800025","timestamp":1632176331,"volume":"0.01807000","buyTxId":"d56e8b771dd69e804ef9d5f13ff72c4b41eca39d","sellTxId":"6b6997599fecfbaa2cd139348c71f8d5d3812e13"}
{"id":1557099,"type":"sell","buyer":"gaboamc2393","seller":"steem.services","symbol":"BEER","quantity":"0.90144064","price":"0.16800000","timestamp":1632176331,"volume":"0.15144203","buyTxId":"d6fda5057470752c37d343b76b518810f524d156","sellTxId":"6b6997599fecfbaa2cd139348c71f8d5d3812e13"}
{"id":1558125,"type":"sell","buyer":"gaboamc2393","seller":"eythorphoto","symbol":"BEER","quantity":"0.21140775","price":"0.16800000","timestamp":1632199056,"volume":"0.03551650","buyTxId":"d6fda5057470752c37d343b76b518810f524d156","sellTxId":"1ca54252b9740d7a379360018fb334467a7a8a64"}
{"id":1558559,"type":"sell","buyer":"gaboamc2393","seller":"drutter","symbol":"BEER","quantity":"0.52500000","price":"0.16800000","timestamp":1632207672,"volume":"0.08820000","buyTxId":"d6fda5057470752c37d343b76b518810f524d156","sellTxId":"ffa64da527e42797bff0bb38f96a59100e47946f"}
{"id":1560756,"type":"buy","buyer":"detlev","seller":"gaboamc2393","symbol":"BEER","quantity":"1.00000000","price":"0.24999900","timestamp":1632245703,"volume":"0.24999900","buyTxId":"3e68c4376eae5a3387dca69969dc0c12814f7713","sellTxId":"4ff84df14fd041006fe329908625fc8aadce7e22"}
{"id":1561122,"type":"sell","buyer":"detlev","seller":"elevator09","symbol":"BEER","quantity":"0.07500000","price":"0.21230000","timestamp":1632249633,"volume":"0.01592250","buyTxId":"af8facf2548c043e1355ae932e638b2a44b548dc","sellTxId":"26b4a48449dccc17da07b5aa319b31b9a3e1a87c"}
{"id":1561134,"type":"sell","buyer":"detlev","seller":"mafia.wallet","symbol":"BEER","quantity":"0.045","price":"0.21230000","timestamp":1632249765,"volume":"0.00955350","buyTxId":"af8facf2548c043e1355ae932e638b2a44b548dc","sellTxId":"8b5ef82892adfd0ed4dac2f03f9b2c6d5e742e0c-1"}
{"id":1561254,"type":"buy","buyer":"detlev","seller":"gaboamc2393","symbol":"BEER","quantity":"0.10000000","price":"0.24999900","timestamp":1632251766,"volume":"0.02499990","buyTxId":"005bd5d764c287ffcaa25439c73c5b5d498fd098","sellTxId":"4ff84df14fd041006fe329908625fc8aadce7e22"}
{"id":1561358,"type":"sell","buyer":"detlev","seller":"fantasycrypto","symbol":"BEER","quantity":"0.67500000","price":"0.23210000","timestamp":1632253563,"volume":"0.15666750","buyTxId":"9344b60689ef7d4a3215a86edecebb8ab7e01074","sellTxId":"698f6613f0d0b201baada98e89635d85e2cac3cf"}
{"id":1561493,"type":"sell","buyer":"detlev","seller":"master-lamps","symbol":"BEER","quantity":"0.21812186","price":"0.23210000","timestamp":1632256419,"volume":"0.05062608","buyTxId":"9344b60689ef7d4a3215a86edecebb8ab7e01074","sellTxId":"e593af0682f20e04d0b87b033517114dcc3259db"}
{"id":1561556,"type":"buy","buyer":"ugochill","seller":"gaboamc2393","symbol":"BEER","quantity":"1.00000000","price":"0.24999900","timestamp":1632257256,"volume":"0.24999900","buyTxId":"cdabb00c19afa218050d340394b5580884682093","sellTxId":"4ff84df14fd041006fe329908625fc8aadce7e22"}
{"id":1561788,"type":"sell","buyer":"detlev","seller":"thelogicaldude","symbol":"BEER","quantity":"1.145","price":"0.23210000","timestamp":1632261468,"volume":"0.26575450","buyTxId":"9344b60689ef7d4a3215a86edecebb8ab7e01074","sellTxId":"f785138f753c962250546b3515f8f4ea2bd2e633"}