{"index": {"_index":"beer","_id":"3129822"}}
	{"id":3129822,"type":"sell","buyer":"untzuntzuntz","seller":"kamrunnahar","symbol":"BEER","quantity":"0.05000000","price":"0.16051002","timestamp":1649123901,"volume":"0.00802550","buyTxId":"c64019191f5124f0cdf2a3ef3d8fd32a175a6a3d","sellTxId":"c0750b4256ebe53f517193ea8409657c0fe918fe"}
{"index": {"_index":"beer","_id":"3129911"}}
	{"id":3129911,"type":"sell","buyer":"untzuntzuntz","seller":"mafia.wallet","symbol":"BEER","quantity":"0.026","price":"0.16051002","timestamp":1649125230,"volume":"0.00417326","buyTxId":"c64019191f5124f0cdf2a3ef3d8fd32a175a6a3d","sellTxId":"8c6f0aee36a224108b832ae7b9e5e06ac033a1c9-2"}
{"index": {"_index":"beer","_id":"3130418"}}
	{"id":3130418,"type":"sell","buyer":"master-lamps","seller":"steemstreems","symbol":"BEER","quantity":"0.03045848","price":"0.16051001","timestamp":1649130648,"volume":"0.00488889","buyTxId":"a8e049560a4ea64517d7999385cda6c13b6a5971","sellTxId":"c01f94668463e0d4db74293531d27db10dfabf53"}
{"index": {"_index":"beer","_id":"3130462"}}
	{"id":3130462,"type":"sell","buyer":"master-lamps","seller":"fredfettmeister","symbol":"BEER","quantity":"5.00000000","price":"0.16051001","timestamp":1649131242,"volume":"0.80255005","buyTxId":"a8e049560a4ea64517d7999385cda6c13b6a5971","sellTxId":"a391c7d5eae995889695e44a8eb0b59b1a6436a3"}
{"index": {"_index":"beer","_id":"3131443"}}
	{"id":3131443,"type":"sell","buyer":"master-lamps","seller":"monsterjamgold","symbol":"BEER","quantity":"0.12500001","price":"0.16051001","timestamp":1649146221,"volume":"0.02006375","buyTxId":"a8e049560a4ea64517d7999385cda6c13b6a5971","sellTxId":"68dd833e17b373c5ab51f38eacdbe52cb9ce7670"}
{"index": {"_index":"beer","_id":"3131731"}}
	{"id":3131731,"type":"sell","buyer":"master-lamps","seller":"anjanida","symbol":"BEER","quantity":"2.42899999","price":"0.16051001","timestamp":1649150322,"volume":"0.38987881","buyTxId":"a8e049560a4ea64517d7999385cda6c13b6a5971","sellTxId":"9882c4cfa18eb2c1d86574228a8540468b34cbf3"}
{"index": {"_index":"beer","_id":"3131942"}}
	{"id":3131942,"type":"sell","buyer":"master-lamps","seller":"powerpaul","symbol":"BEER","quantity":"5.27186837","price":"0.16051001","timestamp":1649153430,"volume":"0.84618764","buyTxId":"a8e049560a4ea64517d7999385cda6c13b6a5971","sellTxId":"030bd4cf400a5fef295177496b4056a4162208c6"}
{"index": {"_index":"beer","_id":"3132458"}}
	{"id":3132458,"type":"sell","buyer":"roger.remix","seller":"kevm","symbol":"BEER","quantity":"1.25","price":"0.16051002","timestamp":1649159523,"volume":"0.20063753","buyTxId":"d22e9c59dd7a96d636b0258a047bbe51b93aceae","sellTxId":"1abac7ebc23b6e94b31895eb3cc144d0162e7c32"}
{"index": {"_index":"beer","_id":"3132758"}}
	{"id":3132758,"type":"sell","buyer":"roger.remix","seller":"senstless","symbol":"BEER","quantity":"18.92764400","price":"0.16051002","timestamp":1649163729,"volume":"3.03807651","buyTxId":"d22e9c59dd7a96d636b0258a047bbe51b93aceae","sellTxId":"7eee180790173c8e8dba574586cb9d91c67fd93c"}
{"index": {"_index":"beer","_id":"3132761"}}
	{"id":3132761,"type":"sell","buyer":"master-lamps","seller":"senstless","symbol":"BEER","quantity":"20.17764400","price":"0.16051001","timestamp":1649163759,"volume":"3.23871384","buyTxId":"a8e049560a4ea64517d7999385cda6c13b6a5971","sellTxId":"8c2a33a73490a83cb705c15d41885eb6dc8bf2c8"}
{"index": {"_index":"beer","_id":"3132766"}}
	{"id":3132766,"type":"sell","buyer":"master-lamps","seller":"senstless","symbol":"BEER","quantity":"0.00000055","price":"0.16051001","timestamp":1649163780,"volume":"0.00000009","buyTxId":"a8e049560a4ea64517d7999385cda6c13b6a5971","sellTxId":"469045307bacf53ae58e7c0ee8b0560a9b2824ed"}
{"index": {"_index":"beer","_id":"3132767"}}
	{"id":3132767,"type":"sell","buyer":"harveyword","seller":"senstless","symbol":"BEER","quantity":"8.41941644","price":"0.16050000","timestamp":1649163780,"volume":"1.35131634","buyTxId":"6886848222b00938b2e9478ce8b30058f29e76ac","sellTxId":"469045307bacf53ae58e7c0ee8b0560a9b2824ed"}
{"index": {"_index":"beer","_id":"3132769"}}
	{"id":3132769,"type":"sell","buyer":"harveyword","seller":"senstless","symbol":"BEER","quantity":"0.00000078","price":"0.16050000","timestamp":1649163798,"volume":"0.00000012","buyTxId":"6886848222b00938b2e9478ce8b30058f29e76ac","sellTxId":"ad656064d1cdf1807d6f1b6f9cbce23851d0d50b"}
{"index": {"_index":"beer","_id":"3132770"}}
	{"id":3132770,"type":"sell","buyer":"hiq.magazine","seller":"senstless","symbol":"BEER","quantity":"39.39748022","price":"0.16000000","timestamp":1649163798,"volume":"6.30359684","buyTxId":"6f4cbfcbffba412892bcb4930ad2f981c5f0a7f0","sellTxId":"ad656064d1cdf1807d6f1b6f9cbce23851d0d50b"}
{"index": {"_index":"beer","_id":"3133741"}}
	{"id":3133741,"type":"sell","buyer":"hiq.magazine","seller":"thebigsweed","symbol":"BEER","quantity":"0.00000101","price":"0.16000000","timestamp":1649174934,"volume":"0.00000016","buyTxId":"6f4cbfcbffba412892bcb4930ad2f981c5f0a7f0","sellTxId":"ea11a982154626824bea563340d4694f90da209b"}
{"index": {"_index":"beer","_id":"3133742"}}
	{"id":3133742,"type":"sell","buyer":"valerianis","seller":"thebigsweed","symbol":"BEER","quantity":"10.39999899","price":"0.14642000","timestamp":1649174934,"volume":"1.52276785","buyTxId":"a075edd5640c20cfba50e761cadfd6ab3df5af39","sellTxId":"ea11a982154626824bea563340d4694f90da209b"}
{"index": {"_index":"beer","_id":"3134245"}}
	{"id":3134245,"type":"sell","buyer":"valerianis","seller":"unlikelysurvivor","symbol":"BEER","quantity":"0.01090879","price":"0.14642000","timestamp":1649181081,"volume":"0.00159727","buyTxId":"a075edd5640c20cfba50e761cadfd6ab3df5af39","sellTxId":"d340e1f15b047088bec88b3440dfce02c9742dfb"}
{"index": {"_index":"beer","_id":"3134797"}}
	{"id":3134797,"type":"sell","buyer":"valerianis","seller":"jjprac","symbol":"BEER","quantity":"0.38831696","price":"0.14642000","timestamp":1649185650,"volume":"0.05685737","buyTxId":"a075edd5640c20cfba50e761cadfd6ab3df5af39","sellTxId":"81098bbef2dca381d95051b03df594ce355e8dfc"}
{"index": {"_index":"beer","_id":"3135292"}}
	{"id":3135292,"type":"sell","buyer":"valerianis","seller":"gadrian","symbol":"BEER","quantity":"0.07500000","price":"0.14642000","timestamp":1649190762,"volume":"0.01098150","buyTxId":"a075edd5640c20cfba50e761cadfd6ab3df5af39","sellTxId":"a9061ef41a2e4bbc3d975ecdaf5a3faefaae0bf1"}
{"index": {"_index":"beer","_id":"3135866"}}
	{"id":3135866,"type":"sell","buyer":"valerianis","seller":"laritheghost","symbol":"BEER","quantity":"1.50150375","price":"0.14642000","timestamp":1649197050,"volume":"0.21985018","buyTxId":"a075edd5640c20cfba50e761cadfd6ab3df5af39","sellTxId":"d435ad8784640330d81cc25e6fc643624c7a142f"}
{"index": {"_index":"beer","_id":"3136565"}}
	{"id":3136565,"type":"sell","buyer":"valerianis","seller":"imagenius.fund","symbol":"BEER","quantity":"1.90534480","price":"0.14642000","timestamp":1649205171,"volume":"0.27898059","buyTxId":"a075edd5640c20cfba50e761cadfd6ab3df5af39","sellTxId":"7455b0853f6340f67652f3c630425df1aa61079d"}
{"index": {"_index":"beer","_id":"3136900"}}
	{"id":3136900,"type":"sell","buyer":"valerianis","seller":"mafia.wallet","symbol":"BEER","quantity":"0.028","price":"0.14642000","timestamp":1649207544,"volume":"0.00409976","buyTxId":"a075edd5640c20cfba50e761cadfd6ab3df5af39","sellTxId":"6d7005e47647af0141c2c6f04e648030a8b82484-3"}
