{"index": {"_index":"beer","_id":"3635102"}}
	{"id":3635102,"type":"sell","buyer":"maryjane.main","seller":"poliwalt10","symbol":"BEER","quantity":"0.13050000","price":"0.05941000","timestamp":1654695282,"volume":"0.00775301","buyTxId":"e2eccb673598fb600c719b4ddb77b63441d2d322","sellTxId":"5fb7cb645df33e6b47071ea3466170d305ac8318"}
{"index": {"_index":"beer","_id":"3635484"}}
	{"id":3635484,"type":"sell","buyer":"maryjane.main","seller":"lotto-de","symbol":"BEER","quantity":"5.89733503","price":"0.05941000","timestamp":1654699800,"volume":"0.35036067","buyTxId":"e2eccb673598fb600c719b4ddb77b63441d2d322","sellTxId":"aa65fa00f89c0a7dfbb810efda2bed096488259f"}
{"index": {"_index":"beer","_id":"3635970"}}
	{"id":3635970,"type":"buy","buyer":"dailygiveaways","seller":"onlydoge","symbol":"BEER","quantity":"4.60130100","price":"0.07899000","timestamp":1654705818,"volume":"0.36345677","buyTxId":"1cde6f3712f629131e87b8d93850204851cf2899","sellTxId":"4c975021a04b283be5736158dd5470ae5886bc13"}
{"index": {"_index":"beer","_id":"3635979"}}
	{"id":3635979,"type":"buy","buyer":"dailygiveaways","seller":"onlydoge","symbol":"BEER","quantity":"0.00000078","price":"0.07899000","timestamp":1654705842,"volume":"0.00000006","buyTxId":"c607d5d789318f1a18fbdf245ea1538e9d5929a0","sellTxId":"4c975021a04b283be5736158dd5470ae5886bc13"}
{"index": {"_index":"beer","_id":"3635980"}}
	{"id":3635980,"type":"buy","buyer":"dailygiveaways","seller":"roger.remix","symbol":"BEER","quantity":"178.88398922","price":"0.07899900","timestamp":1654705842,"volume":"14.13165626","buyTxId":"c607d5d789318f1a18fbdf245ea1538e9d5929a0","sellTxId":"77883a5f671d1b74bf7f1c96e491a4a131de3670"}
{"index": {"_index":"beer","_id":"3635990"}}
	{"id":3635990,"type":"buy","buyer":"dailygiveaways","seller":"roger.remix","symbol":"BEER","quantity":"0.00000121","price":"0.07899900","timestamp":1654705869,"volume":"0.00000010","buyTxId":"7a003e9ffbb456847d985ba83bdbfed5657c68cd","sellTxId":"77883a5f671d1b74bf7f1c96e491a4a131de3670"}
{"index": {"_index":"beer","_id":"3635991"}}
	{"id":3635991,"type":"buy","buyer":"dailygiveaways","seller":"lammbock","symbol":"BEER","quantity":"1.37433928","price":"0.07900000","timestamp":1654705869,"volume":"0.10857280","buyTxId":"7a003e9ffbb456847d985ba83bdbfed5657c68cd","sellTxId":"71c331048390c1b903a7f498d4d664e365d43cb6"}
{"index": {"_index":"beer","_id":"3635992"}}
	{"id":3635992,"type":"buy","buyer":"dailygiveaways","seller":"umuk","symbol":"BEER","quantity":"82.63320251","price":"0.07947999","timestamp":1654705869,"volume":"6.56768611","buyTxId":"7a003e9ffbb456847d985ba83bdbfed5657c68cd","sellTxId":"70f81c313b0d311cb7ee9f8acc5c87cab7344974"}
{"index": {"_index":"beer","_id":"3635998"}}
	{"id":3635998,"type":"buy","buyer":"dailygiveaways","seller":"umuk","symbol":"BEER","quantity":"1.37434000","price":"0.07947999","timestamp":1654705890,"volume":"0.10923253","buyTxId":"2ded02696227aea6ce52b4db09624b9eac719b2d","sellTxId":"70f81c313b0d311cb7ee9f8acc5c87cab7344974"}
{"index": {"_index":"beer","_id":"3636011"}}
	{"id":3636011,"type":"buy","buyer":"dailygiveaways","seller":"umuk","symbol":"BEER","quantity":"0.00000054","price":"0.07947999","timestamp":1654705935,"volume":"0.00000004","buyTxId":"6f69f0eca41a1b6f5f9ecae0e6921ee1b39176ad","sellTxId":"70f81c313b0d311cb7ee9f8acc5c87cab7344974"}
{"index": {"_index":"beer","_id":"3636012"}}
	{"id":3636012,"type":"buy","buyer":"dailygiveaways","seller":"barmbo","symbol":"BEER","quantity":"258.56140335","price":"0.07950000","timestamp":1654705935,"volume":"20.55563157","buyTxId":"6f69f0eca41a1b6f5f9ecae0e6921ee1b39176ad","sellTxId":"0fa0bad0c001ea84256376f04d4bbb8ec5715c9a"}
{"index": {"_index":"beer","_id":"3636022"}}
	{"id":3636022,"type":"buy","buyer":"ruralio","seller":"barmbo","symbol":"BEER","quantity":"14.20000000","price":"0.07950000","timestamp":1654706019,"volume":"1.12890000","buyTxId":"94783996fd4a5f2459e861c237c2b61611561544","sellTxId":"0fa0bad0c001ea84256376f04d4bbb8ec5715c9a"}
{"index": {"_index":"beer","_id":"3636304"}}
	{"id":3636304,"type":"sell","buyer":"chetanpadliya","seller":"investyourvote","symbol":"BEER","quantity":"5.00000000","price":"0.05941100","timestamp":1654708305,"volume":"0.29705500","buyTxId":"bbc2f62cbb8215344cded7be714911852623f5e6","sellTxId":"bdd61a93530d441da552ac1aba89d4d750d83a2b"}
{"index": {"_index":"beer","_id":"3637086"}}
	{"id":3637086,"type":"sell","buyer":"maryjane.main","seller":"jpal47","symbol":"BEER","quantity":"0.01100153","price":"0.05941000","timestamp":1654715196,"volume":"0.00065360","buyTxId":"e2eccb673598fb600c719b4ddb77b63441d2d322","sellTxId":"1723cf37402da803bf54b1457d86e7883359ce0a"}
{"index": {"_index":"beer","_id":"3637090"}}
	{"id":3637090,"type":"buy","buyer":"jpal47","seller":"barmbo","symbol":"BEER","quantity":"10.00000000","price":"0.07950000","timestamp":1654715226,"volume":"0.79500000","buyTxId":"99c8404888c0569c2fd14138979108c8d05a3f05","sellTxId":"0fa0bad0c001ea84256376f04d4bbb8ec5715c9a"}
{"index": {"_index":"beer","_id":"3637105"}}
	{"id":3637105,"type":"sell","buyer":"maryjane.main","seller":"crypto-futurist","symbol":"BEER","quantity":"0.00100000","price":"0.05941000","timestamp":1654715505,"volume":"0.00005941","buyTxId":"e2eccb673598fb600c719b4ddb77b63441d2d322","sellTxId":"bf0f415f4c804756b11168ffbb6f5a2a781829cb"}
{"index": {"_index":"beer","_id":"3638954"}}
	{"id":3638954,"type":"buy","buyer":"buezor","seller":"barmbo","symbol":"BEER","quantity":"0.90247698","price":"0.07950000","timestamp":1654733295,"volume":"0.07174692","buyTxId":"2ce8dd784875c5fae3f5f2779cfbca46acd4da0b","sellTxId":"0fa0bad0c001ea84256376f04d4bbb8ec5715c9a"}
