{"index": {"_index":"beer","_id":"3064604"}}
	{"id":3064604,"type":"sell","buyer":"hiq.magazine","seller":"lammbock","symbol":"BEER","quantity":"1.75775368","price":"0.15000000","timestamp":1648359018,"volume":"0.26366305","buyTxId":"3e209db2c463c601f5b77be3a01f482be825c4ed","sellTxId":"188fcebca4ad02eca69507db0749ad792196c656"}
{"index": {"_index":"beer","_id":"3065090"}}
	{"id":3065090,"type":"sell","buyer":"hiq.magazine","seller":"abachon","symbol":"BEER","quantity":"2.81384075","price":"0.15000000","timestamp":1648364760,"volume":"0.42207611","buyTxId":"3e209db2c463c601f5b77be3a01f482be825c4ed","sellTxId":"9c021422ed60066fda3d10c537fedb055232044b"}
{"index": {"_index":"beer","_id":"3065228"}}
	{"id":3065228,"type":"sell","buyer":"hiq.magazine","seller":"itharagaian","symbol":"BEER","quantity":"0.00100000","price":"0.15000000","timestamp":1648366710,"volume":"0.00015000","buyTxId":"3e209db2c463c601f5b77be3a01f482be825c4ed","sellTxId":"ee06b2bf4b817da0dff52dcad87424202450879b"}
{"index": {"_index":"beer","_id":"3065301"}}
	{"id":3065301,"type":"sell","buyer":"hiq.magazine","seller":"itharagaian","symbol":"BEER","quantity":"0.02525000","price":"0.15000000","timestamp":1648367727,"volume":"0.00378750","buyTxId":"3e209db2c463c601f5b77be3a01f482be825c4ed","sellTxId":"e044b0c08c8f59ae69c48947da39c32f771a936e"}
{"index": {"_index":"beer","_id":"3065615"}}
	{"id":3065615,"type":"sell","buyer":"hiq.magazine","seller":"xabi","symbol":"BEER","quantity":"0.10000333","price":"0.15000000","timestamp":1648371678,"volume":"0.01500050","buyTxId":"3e209db2c463c601f5b77be3a01f482be825c4ed","sellTxId":"a214468f1d0ee34b1f96ba5c638cecc3c2ef355e"}
{"index": {"_index":"beer","_id":"3065952"}}
	{"id":3065952,"type":"sell","buyer":"hiq.magazine","seller":"ga-sm","symbol":"BEER","quantity":"0.02400000","price":"0.15000000","timestamp":1648376526,"volume":"0.00360000","buyTxId":"3e209db2c463c601f5b77be3a01f482be825c4ed","sellTxId":"d5e32322dc0578444fa945aec32daea3efaeda46"}
{"index": {"_index":"beer","_id":"3066041"}}
	{"id":3066041,"type":"sell","buyer":"hiq.magazine","seller":"dswap","symbol":"BEER","quantity":"0.025","price":"0.15000000","timestamp":1648377960,"volume":"0.00375000","buyTxId":"3e209db2c463c601f5b77be3a01f482be825c4ed","sellTxId":"882f444c1b8f88932671de3b26aef33cbcf62a55"}
{"index": {"_index":"beer","_id":"3066210"}}
	{"id":3066210,"type":"sell","buyer":"hiq.magazine","seller":"worldfinances","symbol":"BEER","quantity":"0.11100000","price":"0.15000000","timestamp":1648379796,"volume":"0.01665000","buyTxId":"3e209db2c463c601f5b77be3a01f482be825c4ed","sellTxId":"0d46f0860ac2deea1ec1f4def8ec22b72fc9a00d"}
{"index": {"_index":"beer","_id":"3066474"}}
	{"id":3066474,"type":"buy","buyer":"detlev","seller":"master-lamps","symbol":"BEER","quantity":"0.10000000","price":"0.17999990","timestamp":1648383777,"volume":"0.01799999","buyTxId":"c5619c5c187edb36206edb740aa89333e7d28412","sellTxId":"ff0025b804e61574d9ec075b3e76ebe4af2003d2"}
{"index": {"_index":"beer","_id":"3066793"}}
	{"id":3066793,"type":"sell","buyer":"hiq.magazine","seller":"dswap","symbol":"BEER","quantity":"2.45058037","price":"0.15000000","timestamp":1648386738,"volume":"0.36758706","buyTxId":"3e209db2c463c601f5b77be3a01f482be825c4ed","sellTxId":"f0ac90e9671abae9efbc3db63501aa4069bb60a4"}
{"index": {"_index":"beer","_id":"3066828"}}
	{"id":3066828,"type":"sell","buyer":"hiq.magazine","seller":"aiovo","symbol":"BEER","quantity":"0.68440000","price":"0.15000000","timestamp":1648387299,"volume":"0.10266000","buyTxId":"3e209db2c463c601f5b77be3a01f482be825c4ed","sellTxId":"b300993d53ac92a7dc6ea394b173b4f54edb6d0d"}
{"index": {"_index":"beer","_id":"3067025"}}
	{"id":3067025,"type":"sell","buyer":"hiq.magazine","seller":"junnos","symbol":"BEER","quantity":"5.00000000","price":"0.15000000","timestamp":1648389609,"volume":"0.75000000","buyTxId":"3e209db2c463c601f5b77be3a01f482be825c4ed","sellTxId":"43395aae61baa2c8ff2517a2a0bc458c7c4b9b79"}
{"index": {"_index":"beer","_id":"3067086"}}
	{"id":3067086,"type":"sell","buyer":"hiq.magazine","seller":"miketr","symbol":"BEER","quantity":"10.00000000","price":"0.15000000","timestamp":1648390332,"volume":"1.50000000","buyTxId":"3e209db2c463c601f5b77be3a01f482be825c4ed","sellTxId":"a62871991cae5f6804f093f54258243c1879415f"}
{"index": {"_index":"beer","_id":"3067724"}}
	{"id":3067724,"type":"sell","buyer":"hiq.magazine","seller":"torkot","symbol":"BEER","quantity":"0.10000000","price":"0.15000000","timestamp":1648397178,"volume":"0.01500000","buyTxId":"3e209db2c463c601f5b77be3a01f482be825c4ed","sellTxId":"dde82deb8f14a076b79c32725c421f31ceb9406e"}
{"index": {"_index":"beer","_id":"3068334"}}
	{"id":3068334,"type":"sell","buyer":"hiq.magazine","seller":"onealfa","symbol":"BEER","quantity":"0.067","price":"0.15000000","timestamp":1648402107,"volume":"0.01005000","buyTxId":"3e209db2c463c601f5b77be3a01f482be825c4ed","sellTxId":"acc53ac2c1018cc481fe0b118ba32448ff556540"}
{"index": {"_index":"beer","_id":"3068352"}}
	{"id":3068352,"type":"sell","buyer":"hiq.magazine","seller":"maya7","symbol":"BEER","quantity":"2.65200000","price":"0.15000000","timestamp":1648402218,"volume":"0.39780000","buyTxId":"3e209db2c463c601f5b77be3a01f482be825c4ed","sellTxId":"58066b95a41a868b4863c4eee44b832117622cec"}
{"index": {"_index":"beer","_id":"3069136"}}
	{"id":3069136,"type":"sell","buyer":"hiq.magazine","seller":"heyantomei","symbol":"BEER","quantity":"0.04700000","price":"0.15000000","timestamp":1648408446,"volume":"0.00705000","buyTxId":"3e209db2c463c601f5b77be3a01f482be825c4ed","sellTxId":"054769600a05d3afa23021111122a5e8ce022f40"}
{"index": {"_index":"beer","_id":"3069148"}}
	{"id":3069148,"type":"sell","buyer":"hiq.magazine","seller":"heyantomei","symbol":"BEER","quantity":"0.00100000","price":"0.15000000","timestamp":1648408611,"volume":"0.00015000","buyTxId":"3e209db2c463c601f5b77be3a01f482be825c4ed","sellTxId":"81ca9a7a06115b062dfb42d448117b45faccbae0"}
{"index": {"_index":"beer","_id":"3069337"}}
	{"id":3069337,"type":"sell","buyer":"hiq.magazine","seller":"jjprac","symbol":"BEER","quantity":"0.45282590","price":"0.15000000","timestamp":1648411290,"volume":"0.06792389","buyTxId":"3e209db2c463c601f5b77be3a01f482be825c4ed","sellTxId":"022d68ef72750864da698a892bc172b82fae09aa"}
{"index": {"_index":"beer","_id":"3069522"}}
	{"id":3069522,"type":"sell","buyer":"hiq.magazine","seller":"cryptoreaper","symbol":"BEER","quantity":"5.31900000","price":"0.15000000","timestamp":1648412925,"volume":"0.79785000","buyTxId":"3e209db2c463c601f5b77be3a01f482be825c4ed","sellTxId":"4224a44daa53d7e5757e8c7d55f930097dad3a87"}
{"index": {"_index":"beer","_id":"3069708"}}
	{"id":3069708,"type":"sell","buyer":"hiq.magazine","seller":"steem.services","symbol":"BEER","quantity":"0.67400000","price":"0.15000000","timestamp":1648415010,"volume":"0.10110000","buyTxId":"3e209db2c463c601f5b77be3a01f482be825c4ed","sellTxId":"78e7a53485fe46898c5e9d7147b12b472eac1e49"}
{"index": {"_index":"beer","_id":"3070398"}}
	{"id":3070398,"type":"sell","buyer":"hiq.magazine","seller":"thatcryptodave","symbol":"BEER","quantity":"1.32400000","price":"0.15000000","timestamp":1648423551,"volume":"0.19860000","buyTxId":"3e209db2c463c601f5b77be3a01f482be825c4ed","sellTxId":"fe138ccf526a9a5bb7a74c1886676e206547dc13"}
{"index": {"_index":"beer","_id":"3070423"}}
	{"id":3070423,"type":"sell","buyer":"hiq.magazine","seller":"sharkthelion","symbol":"BEER","quantity":"6.65000000","price":"0.15000000","timestamp":1648423815,"volume":"0.99750000","buyTxId":"3e209db2c463c601f5b77be3a01f482be825c4ed","sellTxId":"392f8814dc8b745060c72eb1f36ec717709534bb"}
{"index": {"_index":"beer","_id":"3070770"}}
	{"id":3070770,"type":"sell","buyer":"hiq.magazine","seller":"elevator09","symbol":"BEER","quantity":"0.61800000","price":"0.15000000","timestamp":1648427520,"volume":"0.09270000","buyTxId":"3e209db2c463c601f5b77be3a01f482be825c4ed","sellTxId":"fc502d11c9c64cbfe0932847a64ac49fb4fd16e4"}
{"index": {"_index":"beer","_id":"3070968"}}
	{"id":3070968,"type":"sell","buyer":"hiq.magazine","seller":"mafia.wallet","symbol":"BEER","quantity":"0.027","price":"0.15000000","timestamp":1648429827,"volume":"0.00405000","buyTxId":"3e209db2c463c601f5b77be3a01f482be825c4ed","sellTxId":"75d5ce5fed8fbb2315a1b781e0015255f5625708-3"}
{"index": {"_index":"beer","_id":"3070977"}}
	{"id":3070977,"type":"sell","buyer":"hiq.magazine","seller":"steem82868","symbol":"BEER","quantity":"3.09245008","price":"0.15000000","timestamp":1648429905,"volume":"0.46386751","buyTxId":"3e209db2c463c601f5b77be3a01f482be825c4ed","sellTxId":"7f2b2fa5458d27ec4a26c605ce0901df5d6ec7eb"}
