{"index": {"_index":"beer","_id":"3997767"}}
	{"id":3997767,"type":"sell","buyer":"master-lamps","seller":"steemstreems","symbol":"BEER","quantity":"0.006","price":"0.09010001","timestamp":1658872302,"volume":"0.00054060","buyTxId":"e6f4c4f1c7fd2e7593b7508ea2f6b8bf83729598","sellTxId":"f651cd4901504254a4dbdf436677e2a9d137e883"}
{"index": {"_index":"beer","_id":"3997814"}}
	{"id":3997814,"type":"sell","buyer":"master-lamps","seller":"socialmediaseo","symbol":"BEER","quantity":"0.04499000","price":"0.09010001","timestamp":1658872929,"volume":"0.00405360","buyTxId":"e6f4c4f1c7fd2e7593b7508ea2f6b8bf83729598","sellTxId":"7eccb6fa64028051c5deb02cc93b5c9634a71c78"}
{"index": {"_index":"beer","_id":"3997815"}}
	{"id":3997815,"type":"sell","buyer":"onlydoge","seller":"socialmediaseo","symbol":"BEER","quantity":"0.44251000","price":"0.09010000","timestamp":1658872929,"volume":"0.03987015","buyTxId":"5e75c565fea4ef07f460d2550c1f5d8a44898dc0","sellTxId":"7eccb6fa64028051c5deb02cc93b5c9634a71c78"}
{"index": {"_index":"beer","_id":"3997915"}}
	{"id":3997915,"type":"sell","buyer":"onlydoge","seller":"flaxz","symbol":"BEER","quantity":"6.55027796","price":"0.09010000","timestamp":1658874180,"volume":"0.59018004","buyTxId":"5e75c565fea4ef07f460d2550c1f5d8a44898dc0","sellTxId":"a1a567f8b054eb15afaec9927e98acb5c1f3087e"}
{"index": {"_index":"beer","_id":"3997946"}}
	{"id":3997946,"type":"sell","buyer":"onlydoge","seller":"aliveprojects","symbol":"BEER","quantity":"53.28201335","price":"0.09010000","timestamp":1658874606,"volume":"4.80070940","buyTxId":"5e75c565fea4ef07f460d2550c1f5d8a44898dc0","sellTxId":"144c6c6a7522e0ed685fd1b0d36be562786e4033"}
{"index": {"_index":"beer","_id":"3998634"}}
	{"id":3998634,"type":"sell","buyer":"onlydoge","seller":"boycharlieplays","symbol":"BEER","quantity":"1.95300000","price":"0.09010000","timestamp":1658882601,"volume":"0.17596530","buyTxId":"5e75c565fea4ef07f460d2550c1f5d8a44898dc0","sellTxId":"d35eb31016ef91246f4840a93b29fe69d09c541a"}
{"index": {"_index":"beer","_id":"3998845"}}
	{"id":3998845,"type":"sell","buyer":"onlydoge","seller":"steem82868","symbol":"BEER","quantity":"0.01250000","price":"0.09010000","timestamp":1658884086,"volume":"0.00112625","buyTxId":"5e75c565fea4ef07f460d2550c1f5d8a44898dc0","sellTxId":"7a026523ed2b12d8abc83b6390f098d93320b5e7"}
{"index": {"_index":"beer","_id":"4001000"}}
	{"id":4001000,"type":"buy","buyer":"dswap","seller":"master-lamps","symbol":"BEER","quantity":"0.05099000","price":"0.12079999","timestamp":1658914758,"volume":"0.00615959","buyTxId":"4f3066729bca9d2fffb5274753071e98d0a314fe","sellTxId":"277b31a3169d3571b872440dda83703ef34d5bc9"}
{"index": {"_index":"beer","_id":"4001001"}}
	{"id":4001001,"type":"buy","buyer":"dswap","seller":"harveyword","symbol":"BEER","quantity":"0.84239759","price":"0.12080000","timestamp":1658914758,"volume":"0.10176163","buyTxId":"4f3066729bca9d2fffb5274753071e98d0a314fe","sellTxId":"b7b667ec04c629743fb563e52404394dfac8eed3"}
{"index": {"_index":"beer","_id":"4001025"}}
	{"id":4001025,"type":"buy","buyer":"dswap","seller":"harveyword","symbol":"BEER","quantity":"0.16917400","price":"0.12080000","timestamp":1658915040,"volume":"0.02043622","buyTxId":"657f8169809fe929188b4d16baf1251a2e2643e5","sellTxId":"b7b667ec04c629743fb563e52404394dfac8eed3"}
{"index": {"_index":"beer","_id":"4001062"}}
	{"id":4001062,"type":"buy","buyer":"dswap","seller":"harveyword","symbol":"BEER","quantity":"0.04701655","price":"0.12080000","timestamp":1658915475,"volume":"0.00567960","buyTxId":"e1de748f49735b915640c90f4add2ced928b0742","sellTxId":"b7b667ec04c629743fb563e52404394dfac8eed3"}
{"index": {"_index":"beer","_id":"4001083"}}
	{"id":4001083,"type":"buy","buyer":"dswap","seller":"harveyword","symbol":"BEER","quantity":"0.05939039","price":"0.12080000","timestamp":1658915550,"volume":"0.00717436","buyTxId":"cecc73f8ddd76a1d5469457c3b2edeac7d3254e8","sellTxId":"b7b667ec04c629743fb563e52404394dfac8eed3"}
{"index": {"_index":"beer","_id":"4001151"}}
	{"id":4001151,"type":"buy","buyer":"dswap","seller":"harveyword","symbol":"BEER","quantity":"0.10910786","price":"0.12080000","timestamp":1658916519,"volume":"0.01318023","buyTxId":"11a59b44dc30fffd601eb51add4e4216860ba7c9","sellTxId":"b7b667ec04c629743fb563e52404394dfac8eed3"}
{"index": {"_index":"beer","_id":"4001256"}}
	{"id":4001256,"type":"sell","buyer":"master-lamps","seller":"andy4475","symbol":"BEER","quantity":"0.06836394","price":"0.09010001","timestamp":1658917758,"volume":"0.00615959","buyTxId":"b8d325b025efe6f144b0eb5ca495d07150f11628","sellTxId":"4f47bc909fcc7c984a9790f5f0deb8c1857cdd48"}
{"index": {"_index":"beer","_id":"4001257"}}
	{"id":4001257,"type":"sell","buyer":"onlydoge","seller":"andy4475","symbol":"BEER","quantity":"0.17503726","price":"0.09010000","timestamp":1658917758,"volume":"0.01577086","buyTxId":"5e75c565fea4ef07f460d2550c1f5d8a44898dc0","sellTxId":"4f47bc909fcc7c984a9790f5f0deb8c1857cdd48"}
{"index": {"_index":"beer","_id":"4001483"}}
	{"id":4001483,"type":"sell","buyer":"onlydoge","seller":"poliwalt10","symbol":"BEER","quantity":"0.14400000","price":"0.09010000","timestamp":1658921109,"volume":"0.01297440","buyTxId":"5e75c565fea4ef07f460d2550c1f5d8a44898dc0","sellTxId":"2520245bef7d72437c0b40df8625ccaa8e0e1e56"}
{"index": {"_index":"beer","_id":"4001996"}}
	{"id":4001996,"type":"sell","buyer":"onlydoge","seller":"saulos","symbol":"BEER","quantity":"13.28962317","price":"0.09010000","timestamp":1658927238,"volume":"1.19739505","buyTxId":"5e75c565fea4ef07f460d2550c1f5d8a44898dc0","sellTxId":"4d2f2da9f98304d4c2e1d651b6f229b16a4d81d1"}
{"index": {"_index":"beer","_id":"4003133"}}
	{"id":4003133,"type":"sell","buyer":"onlydoge","seller":"phortun","symbol":"BEER","quantity":"0.15","price":"0.09010000","timestamp":1658937339,"volume":"0.01351500","buyTxId":"5e75c565fea4ef07f460d2550c1f5d8a44898dc0","sellTxId":"1bc5c22f48f81ca7828c72acf987528fa4194c25"}
{"index": {"_index":"beer","_id":"4003158"}}
	{"id":4003158,"type":"sell","buyer":"onlydoge","seller":"roger.remix","symbol":"BEER","quantity":"89.60069594","price":"0.09010000","timestamp":1658937450,"volume":"8.07302270","buyTxId":"5e75c565fea4ef07f460d2550c1f5d8a44898dc0","sellTxId":"a1121fbc7fb1ebc97351268bf4600700f521289a"}
{"index": {"_index":"beer","_id":"4003183"}}
	{"id":4003183,"type":"sell","buyer":"chaoabunga","seller":"roger.remix","symbol":"BEER","quantity":"50.00000000","price":"0.09000000","timestamp":1658937612,"volume":"4.50000000","buyTxId":"525379650460eebfad592c8505d23c3b4dafef6e","sellTxId":"f7b289e57001f75769c3c9af6fa0975d0f7dd6af"}
{"index": {"_index":"beer","_id":"4004239"}}
	{"id":4004239,"type":"sell","buyer":"chaoabunga","seller":"crypto-futurist","symbol":"BEER","quantity":"0.00100000","price":"0.09000000","timestamp":1658946693,"volume":"0.00009000","buyTxId":"525379650460eebfad592c8505d23c3b4dafef6e","sellTxId":"c235a5eb5e7cd698176e2ffc06e5895ec834d85c"}
{"index": {"_index":"beer","_id":"4004934"}}
	{"id":4004934,"type":"sell","buyer":"chaoabunga","seller":"chekohler","symbol":"BEER","quantity":"0.01250041","price":"0.09000000","timestamp":1658951784,"volume":"0.00112504","buyTxId":"525379650460eebfad592c8505d23c3b4dafef6e","sellTxId":"9489bc39690cd84bc0b59b56eb1b778dac1da961"}
{"index": {"_index":"beer","_id":"4005231"}}
	{"id":4005231,"type":"buy","buyer":"harveyword","seller":"danilmaeorg","symbol":"BEER","quantity":"0.08378752","price":"0.09010005","timestamp":1658954979,"volume":"0.00754926","buyTxId":"aed779fd693500071043f6a50a7452848b4682c2","sellTxId":"5769b073b7cbb8c4fb1536b208e6d60bf6a88ee5"}
{"index": {"_index":"beer","_id":"4005392"}}
	{"id":4005392,"type":"sell","buyer":"chaoabunga","seller":"poliwalt10","symbol":"BEER","quantity":"0.14400000","price":"0.09000000","timestamp":1658956611,"volume":"0.01296000","buyTxId":"525379650460eebfad592c8505d23c3b4dafef6e","sellTxId":"aaa1e3078630b951e3710c633664c367fe8ce225"}
