{"index": {"_index":"beer","_id":"1888884"}}
	{"id":1888884,"type":"sell","buyer":"cryptoace33","seller":"steemstreems","symbol":"BEER","quantity":"0.00700000","price":"0.10506000","timestamp":1636083588,"volume":"0.00073542","buyTxId":"ef13c142a925b91b8fb1642544f63d41e885dd98","sellTxId":"916e46cfc3a6d9841f11bbad6fa5b513d6691f71"}
{"index": {"_index":"beer","_id":"1889799"}}
	{"id":1889799,"type":"buy","buyer":"homeless-city","seller":"toofasteddie","symbol":"BEER","quantity":"0.10000000","price":"0.14500000","timestamp":1636094262,"volume":"0.01450000","buyTxId":"91df4dff9340281137eb3804a3fed7894693bc3a","sellTxId":"da9effced9020da3385918e086fd25ff0d5b2369"}
{"index": {"_index":"beer","_id":"1890428"}}
	{"id":1890428,"type":"sell","buyer":"cryptoace33","seller":"alexanderfluke","symbol":"BEER","quantity":"0.02500000","price":"0.10506000","timestamp":1636100169,"volume":"0.00262650","buyTxId":"ef13c142a925b91b8fb1642544f63d41e885dd98","sellTxId":"433ed2a33892771b83334f470c9570fd6a4508bf"}
{"index": {"_index":"beer","_id":"1891308"}}
	{"id":1891308,"type":"sell","buyer":"cryptoace33","seller":"jacoalberts","symbol":"BEER","quantity":"0.70042038","price":"0.10506000","timestamp":1636110813,"volume":"0.07358617","buyTxId":"ef13c142a925b91b8fb1642544f63d41e885dd98","sellTxId":"48462daebbfec8096949c129a12d43262aefc06a"}
{"index": {"_index":"beer","_id":"1892207"}}
	{"id":1892207,"type":"buy","buyer":"muscara","seller":"globetrottergcc","symbol":"BEER","quantity":"10.00000000","price":"0.14400000","timestamp":1636119078,"volume":"1.44000000","buyTxId":"bac231b3abb34e083d9600eca050764235fdecf6","sellTxId":"34169011341b7b6c2d204f5ae88bcf31adcd436f"}
{"index": {"_index":"beer","_id":"1892218"}}
	{"id":1892218,"type":"sell","buyer":"cryptoace33","seller":"itharagaian","symbol":"BEER","quantity":"0.00400000","price":"0.10506000","timestamp":1636119207,"volume":"0.00042024","buyTxId":"ef13c142a925b91b8fb1642544f63d41e885dd98","sellTxId":"53579208c6b39c2dc8dedfae9dbdcd237aef1c1d"}
{"index": {"_index":"beer","_id":"1893855"}}
	{"id":1893855,"type":"buy","buyer":"roger.remix","seller":"globetrottergcc","symbol":"BEER","quantity":"43.87294550","price":"0.14400000","timestamp":1636131030,"volume":"6.31770415","buyTxId":"77264dbfd174f28810bf92bc08e96dc5d44a4fd4","sellTxId":"34169011341b7b6c2d204f5ae88bcf31adcd436f"}
{"index": {"_index":"beer","_id":"1893856"}}
	{"id":1893856,"type":"buy","buyer":"roger.remix","seller":"toofasteddie","symbol":"BEER","quantity":"11.50067258","price":"0.14500000","timestamp":1636131030,"volume":"1.66759752","buyTxId":"77264dbfd174f28810bf92bc08e96dc5d44a4fd4","sellTxId":"da9effced9020da3385918e086fd25ff0d5b2369"}
{"index": {"_index":"beer","_id":"1893857"}}
	{"id":1893857,"type":"buy","buyer":"roger.remix","seller":"tomhall","symbol":"BEER","quantity":"16.98704343","price":"0.15000000","timestamp":1636131030,"volume":"2.54805651","buyTxId":"77264dbfd174f28810bf92bc08e96dc5d44a4fd4","sellTxId":"de4ac5ad102a91f1ef22ff90fc51673c0635c182"}
{"index": {"_index":"beer","_id":"1893858"}}
	{"id":1893858,"type":"buy","buyer":"roger.remix","seller":"cloudblade","symbol":"BEER","quantity":"44.42760000","price":"0.15957000","timestamp":1636131030,"volume":"7.08931213","buyTxId":"77264dbfd174f28810bf92bc08e96dc5d44a4fd4","sellTxId":"3bd456a9bf6ab026eaacb10fd9e3bf2f006a62d9"}
{"index": {"_index":"beer","_id":"1893859"}}
	{"id":1893859,"type":"buy","buyer":"roger.remix","seller":"exator","symbol":"BEER","quantity":"1.45582488","price":"0.15959000","timestamp":1636131030,"volume":"0.23233509","buyTxId":"77264dbfd174f28810bf92bc08e96dc5d44a4fd4","sellTxId":"7bbdeffba6226dbfa7712549f51aeba26b010640"}
{"index": {"_index":"beer","_id":"1893860"}}
	{"id":1893860,"type":"buy","buyer":"roger.remix","seller":"cloudblade","symbol":"BEER","quantity":"27.90000000","price":"0.15960000","timestamp":1636131030,"volume":"4.45284000","buyTxId":"77264dbfd174f28810bf92bc08e96dc5d44a4fd4","sellTxId":"7f93d8bbaac52b84dff2813e2b43d3561ff98fb4"}
{"index": {"_index":"beer","_id":"1893861"}}
	{"id":1893861,"type":"buy","buyer":"roger.remix","seller":"kushtia2","symbol":"BEER","quantity":"28.85591361","price":"0.15963000","timestamp":1636131030,"volume":"4.60626949","buyTxId":"77264dbfd174f28810bf92bc08e96dc5d44a4fd4","sellTxId":"87dd502bcaa8a2a57a021230ef34e57c77cafedc"}
{"index": {"_index":"beer","_id":"1894191"}}
	{"id":1894191,"type":"sell","buyer":"roger.remix","seller":"celescu","symbol":"BEER","quantity":"0.17605516","price":"0.10506100","timestamp":1636133607,"volume":"0.01849653","buyTxId":"e85286845937552b75ccbfc7955ef1b6bb8e5372","sellTxId":"fcfbffd9c1d4996bf9609dc9379be9422b8dc8b7"}
{"index": {"_index":"beer","_id":"1894341"}}
	{"id":1894341,"type":"buy","buyer":"marsupia","seller":"kushtia2","symbol":"BEER","quantity":"1.03418992","price":"0.15963000","timestamp":1636134606,"volume":"0.16508774","buyTxId":"f07b71bbc2467f92ed259012a40f652e952cabbd","sellTxId":"87dd502bcaa8a2a57a021230ef34e57c77cafedc"}
{"index": {"_index":"beer","_id":"1894410"}}
	{"id":1894410,"type":"buy","buyer":"marsupia","seller":"roger.remix","symbol":"BEER","quantity":"24.00000000","price":"0.17478500","timestamp":1636135017,"volume":"4.19484000","buyTxId":"db7957a81021b687d64cf802c1e9e5829e314331","sellTxId":"8f7d9de0019379af2b5ed04fd0fc2baa3735ee5c"}
{"index": {"_index":"beer","_id":"1894554"}}
	{"id":1894554,"type":"sell","buyer":"marsupia","seller":"untzuntzuntz","symbol":"BEER","quantity":"0.16091337","price":"0.15963000","timestamp":1636136406,"volume":"0.02568660","buyTxId":"f07b71bbc2467f92ed259012a40f652e952cabbd","sellTxId":"52c4fb8a766ba7ee6f0e55940bfdea5c060ec9a8"}
{"index": {"_index":"beer","_id":"1895161"}}
	{"id":1895161,"type":"sell","buyer":"marsupia","seller":"jimre1","symbol":"BEER","quantity":"0.05087036","price":"0.15963000","timestamp":1636141611,"volume":"0.00812044","buyTxId":"f07b71bbc2467f92ed259012a40f652e952cabbd","sellTxId":"fb462112f4c3be81005f14b8b8e6937004bdf8f7"}
{"index": {"_index":"beer","_id":"1895202"}}
	{"id":1895202,"type":"sell","buyer":"marsupia","seller":"thales7","symbol":"BEER","quantity":"5.20000000","price":"0.15963000","timestamp":1636141980,"volume":"0.83007600","buyTxId":"f07b71bbc2467f92ed259012a40f652e952cabbd","sellTxId":"caf0908baa15c10ec5fb3789efc0c60468da4b8b"}
{"index": {"_index":"beer","_id":"1895539"}}
	{"id":1895539,"type":"sell","buyer":"marsupia","seller":"mafia.wallet","symbol":"BEER","quantity":"0.037","price":"0.15963000","timestamp":1636145298,"volume":"0.00590631","buyTxId":"f07b71bbc2467f92ed259012a40f652e952cabbd","sellTxId":"b7d5f81e936e5ff9d0a7ffcb5c7f919648904d6a-2"}
{"index": {"_index":"beer","_id":"1896032"}}
	{"id":1896032,"type":"sell","buyer":"marsupia","seller":"mad-runner","symbol":"BEER","quantity":"3.12500000","price":"0.15963000","timestamp":1636150176,"volume":"0.49884375","buyTxId":"f07b71bbc2467f92ed259012a40f652e952cabbd","sellTxId":"a345d692f195b2371c830be2e77b9fd1f3ff4304"}
{"index": {"_index":"beer","_id":"1896900"}}
	{"id":1896900,"type":"sell","buyer":"sbi-tokens","seller":"eythorphoto","symbol":"BEER","quantity":"0.01800000","price":"0.16000000","timestamp":1636158060,"volume":"0.00288000","buyTxId":"486c2763e181b4844302955a5d212615f86caa7e","sellTxId":"bf356d3fc653b82da0b02f686d3c9c69e906ecd2"}
{"index": {"_index":"beer","_id":"1897320"}}
	{"id":1897320,"type":"sell","buyer":"sbi-tokens","seller":"cloudblade","symbol":"BEER","quantity":"86.98200000","price":"0.16000000","timestamp":1636163919,"volume":"13.91712000","buyTxId":"486c2763e181b4844302955a5d212615f86caa7e","sellTxId":"5f16d192be3d9c189805e731c9bed91d993ceb03"}
{"index": {"_index":"beer","_id":"1897321"}}
	{"id":1897321,"type":"sell","buyer":"marsupia","seller":"cloudblade","symbol":"BEER","quantity":"14.39202635","price":"0.15963000","timestamp":1636163919,"volume":"2.29739916","buyTxId":"f07b71bbc2467f92ed259012a40f652e952cabbd","sellTxId":"5f16d192be3d9c189805e731c9bed91d993ceb03"}
{"index": {"_index":"beer","_id":"1897516"}}
	{"id":1897516,"type":"sell","buyer":"cloudblade","seller":"fun2learn","symbol":"BEER","quantity":"0.05186375","price":"0.10506500","timestamp":1636167171,"volume":"0.00544906","buyTxId":"970951789f99b16278b417a0b9da9f7744912d99","sellTxId":"92c4f5d1dda000c61ac0209ae77117a4408c607c"}
