{"index": {"_index":"beer","_id":"1356822"}}
	{"id":1356822,"type":"buy","buyer":"heyantomei","seller":"master-lamps","symbol":"BEER","quantity":"0.02500000","price":"0.21996969","timestamp":1628984505,"volume":"0.00549924","buyTxId":"fbb70ecee708ff452ec9526da78e16f0dde38bbe","sellTxId":"04029ab35070f039c78b764dc354b469884b2b67"}
{"index": {"_index":"beer","_id":"1356823"}}
	{"id":1356823,"type":"buy","buyer":"heyantomei","seller":"master-lamps","symbol":"BEER","quantity":"0.08086245","price":"0.21996969","timestamp":1628984505,"volume":"0.01778729","buyTxId":"fbb70ecee708ff452ec9526da78e16f0dde38bbe","sellTxId":"50dac90887d3bb2dfa4912a1009b3f5d90fd8330"}
{"index": {"_index":"beer","_id":"1356842"}}
	{"id":1356842,"type":"buy","buyer":"heyantomei","seller":"master-lamps","symbol":"BEER","quantity":"1.64399036","price":"0.21996999","timestamp":1628984868,"volume":"0.36162854","buyTxId":"81a2b3ee2a25fdcf1854d50ff4b83c25e1ea9be8","sellTxId":"7cb20f3f9ee2dcd5cc2d5c226cb7a690c27371a7"}
{"index": {"_index":"beer","_id":"1356843"}}
	{"id":1356843,"type":"buy","buyer":"heyantomei","seller":"master-lamps","symbol":"BEER","quantity":"0.08750000","price":"0.21996999","timestamp":1628984868,"volume":"0.01924737","buyTxId":"81a2b3ee2a25fdcf1854d50ff4b83c25e1ea9be8","sellTxId":"cbbf328695312993a8370b2fc81844e137efa50e"}
{"index": {"_index":"beer","_id":"1356844"}}
	{"id":1356844,"type":"buy","buyer":"heyantomei","seller":"master-lamps","symbol":"BEER","quantity":"0.08700000","price":"0.21996999","timestamp":1628984868,"volume":"0.01913739","buyTxId":"81a2b3ee2a25fdcf1854d50ff4b83c25e1ea9be8","sellTxId":"abbf5b4d4a6080e0c261ba0264cbdb568aaa8f08"}
{"index": {"_index":"beer","_id":"1356845"}}
	{"id":1356845,"type":"buy","buyer":"heyantomei","seller":"master-lamps","symbol":"BEER","quantity":"0.73197788","price":"0.21996999","timestamp":1628984868,"volume":"0.16101317","buyTxId":"81a2b3ee2a25fdcf1854d50ff4b83c25e1ea9be8","sellTxId":"8873394781505a291362669ff5b32fadebb6fd74"}
{"index": {"_index":"beer","_id":"1356846"}}
	{"id":1356846,"type":"buy","buyer":"heyantomei","seller":"master-lamps","symbol":"BEER","quantity":"0.21700000","price":"0.21996999","timestamp":1628984868,"volume":"0.04773349","buyTxId":"81a2b3ee2a25fdcf1854d50ff4b83c25e1ea9be8","sellTxId":"73a64834f412fcec9c8010ed23d46512bf7f4b01"}
{"index": {"_index":"beer","_id":"1356847"}}
	{"id":1356847,"type":"buy","buyer":"heyantomei","seller":"master-lamps","symbol":"BEER","quantity":"0.73253176","price":"0.21996999","timestamp":1628984868,"volume":"0.16113500","buyTxId":"81a2b3ee2a25fdcf1854d50ff4b83c25e1ea9be8","sellTxId":"dd6e16c76c568cb9152578a130c45f236c0f9b89"}
{"index": {"_index":"beer","_id":"1357568"}}
	{"id":1357568,"type":"sell","buyer":"master-lamps","seller":"onealfa","symbol":"BEER","quantity":"0.7255","price":"0.19709001","timestamp":1628998452,"volume":"0.14298880","buyTxId":"a3f47c38d208e8783769ffcbf51e32426609c955","sellTxId":"ea47fd44e7cb3a85d98c9575ec30b79aa2d29f86"}
{"index": {"_index":"beer","_id":"1358142"}}
	{"id":1358142,"type":"sell","buyer":"master-lamps","seller":"archon-drips","symbol":"BEER","quantity":"0.00249866","price":"0.19709001","timestamp":1629008739,"volume":"0.00049246","buyTxId":"a3f47c38d208e8783769ffcbf51e32426609c955","sellTxId":"dee27d7a82f39efbe91febfa55d78f442d4fdd0c"}
{"index": {"_index":"beer","_id":"1358249"}}
	{"id":1358249,"type":"sell","buyer":"master-lamps","seller":"luueetang","symbol":"BEER","quantity":"0.20000000","price":"0.19709001","timestamp":1629010245,"volume":"0.03941800","buyTxId":"a3f47c38d208e8783769ffcbf51e32426609c955","sellTxId":"304ae5d3f978650ea97129f62c6e2a9210aa8999"}
{"index": {"_index":"beer","_id":"1358392"}}
	{"id":1358392,"type":"sell","buyer":"master-lamps","seller":"ethergram","symbol":"BEER","quantity":"3.09660134","price":"0.19709001","timestamp":1629013287,"volume":"0.61030919","buyTxId":"a3f47c38d208e8783769ffcbf51e32426609c955","sellTxId":"3926a826a38ce1551e9fd11d7d0d7653d93adcce"}
{"index": {"_index":"beer","_id":"1358393"}}
	{"id":1358393,"type":"sell","buyer":"jacques0829","seller":"ethergram","symbol":"BEER","quantity":"6.66236908","price":"0.19709000","timestamp":1629013287,"volume":"1.31308632","buyTxId":"bd1447bf9cd0eed7e7711d4f4a18990dec8f13bb","sellTxId":"3926a826a38ce1551e9fd11d7d0d7653d93adcce"}
{"index": {"_index":"beer","_id":"1358394"}}
	{"id":1358394,"type":"sell","buyer":"nastyforce","seller":"ethergram","symbol":"BEER","quantity":"2.89616873","price":"0.19708000","timestamp":1629013287,"volume":"0.57077693","buyTxId":"c12bc96c0ad11b7fe1158edcabf8b7ea7e8399b8","sellTxId":"3926a826a38ce1551e9fd11d7d0d7653d93adcce"}
{"index": {"_index":"beer","_id":"1358395"}}
	{"id":1358395,"type":"sell","buyer":"nastyforce","seller":"ethergram","symbol":"BEER","quantity":"5.00000000","price":"0.19707000","timestamp":1629013287,"volume":"0.98535000","buyTxId":"00dc5a216fc344330e984c2eb2e442362b8898eb","sellTxId":"3926a826a38ce1551e9fd11d7d0d7653d93adcce"}
{"index": {"_index":"beer","_id":"1358396"}}
	{"id":1358396,"type":"sell","buyer":"methus","seller":"ethergram","symbol":"BEER","quantity":"81.09486085","price":"0.19706100","timestamp":1629013287,"volume":"15.98063437","buyTxId":"1ca60adbabe3d84b589b31f75105dc3e25eafe04","sellTxId":"3926a826a38ce1551e9fd11d7d0d7653d93adcce"}
{"index": {"_index":"beer","_id":"1358549"}}
	{"id":1358549,"type":"sell","buyer":"methus","seller":"sk1920","symbol":"BEER","quantity":"1.00000000","price":"0.19706100","timestamp":1629015999,"volume":"0.19706100","buyTxId":"1ca60adbabe3d84b589b31f75105dc3e25eafe04","sellTxId":"3d0e61ed02f7fd1b3eb151b6e3fbfc4cb49e641b"}
{"index": {"_index":"beer","_id":"1358551"}}
	{"id":1358551,"type":"sell","buyer":"methus","seller":"musicuniversity","symbol":"BEER","quantity":"0.03750000","price":"0.19706100","timestamp":1629016014,"volume":"0.00738979","buyTxId":"1ca60adbabe3d84b589b31f75105dc3e25eafe04","sellTxId":"8265e50f05924de6852ad26fe1d5374df37195d7"}
{"index": {"_index":"beer","_id":"1358797"}}
	{"id":1358797,"type":"sell","buyer":"methus","seller":"wulff-media","symbol":"BEER","quantity":"0.27500000","price":"0.19706100","timestamp":1629023772,"volume":"0.05419178","buyTxId":"1ca60adbabe3d84b589b31f75105dc3e25eafe04","sellTxId":"902aa7a7191191b5f2695a4b2660ada1d879305e"}
{"index": {"_index":"beer","_id":"1359123"}}
	{"id":1359123,"type":"sell","buyer":"methus","seller":"egistar","symbol":"BEER","quantity":"4.06219704","price":"0.19706100","timestamp":1629030657,"volume":"0.80050061","buyTxId":"1ca60adbabe3d84b589b31f75105dc3e25eafe04","sellTxId":"fcf0bd1ba2ba8b32da11460728b152d61c93b245"}
{"index": {"_index":"beer","_id":"1359187"}}
	{"id":1359187,"type":"sell","buyer":"methus","seller":"itharagaian","symbol":"BEER","quantity":"0.00200000","price":"0.19706100","timestamp":1629031605,"volume":"0.00039412","buyTxId":"1ca60adbabe3d84b589b31f75105dc3e25eafe04","sellTxId":"9b9fa296e19e864a5e00864546010585f92c41b3"}
{"index": {"_index":"beer","_id":"1359824"}}
	{"id":1359824,"type":"buy","buyer":"savvyplayer","seller":"nastyforce","symbol":"BEER","quantity":"5.90016873","price":"0.21996000","timestamp":1629044892,"volume":"1.29780111","buyTxId":"9bc2ae76b67e89077f909e920ec5b5df321bc211","sellTxId":"8a1a3cd649a80a24a1f778bf92db743288970e21"}
{"index": {"_index":"beer","_id":"1359832"}}
	{"id":1359832,"type":"buy","buyer":"savvyplayer","seller":"master-lamps","symbol":"BEER","quantity":"0.72550000","price":"0.21996989","timestamp":1629045030,"volume":"0.15958816","buyTxId":"7be266304c93ab70f30c359838fb938a17a743af","sellTxId":"d047fe5593aa1d168dfb4b79961536b41acb6dbf"}
{"index": {"_index":"beer","_id":"1359833"}}
	{"id":1359833,"type":"buy","buyer":"savvyplayer","seller":"archon-drips","symbol":"BEER","quantity":"0.00249866","price":"0.21996989","timestamp":1629045030,"volume":"0.00054963","buyTxId":"7be266304c93ab70f30c359838fb938a17a743af","sellTxId":"f2383e87bef85364e74d59eeb267c2b54997e4ca"}
{"index": {"_index":"beer","_id":"1359834"}}
	{"id":1359834,"type":"buy","buyer":"savvyplayer","seller":"master-lamps","symbol":"BEER","quantity":"3.29910000","price":"0.21996989","timestamp":1629045030,"volume":"0.72570266","buyTxId":"7be266304c93ab70f30c359838fb938a17a743af","sellTxId":"3745c6f9f8ec7507ca37e93a5450e86493755515"}
{"index": {"_index":"beer","_id":"1359835"}}
	{"id":1359835,"type":"buy","buyer":"savvyplayer","seller":"master-lamps","symbol":"BEER","quantity":"4.18734612","price":"0.21996999","timestamp":1629045030,"volume":"0.92109048","buyTxId":"7be266304c93ab70f30c359838fb938a17a743af","sellTxId":"dd6e16c76c568cb9152578a130c45f236c0f9b89"}
{"index": {"_index":"beer","_id":"1359836"}}
	{"id":1359836,"type":"buy","buyer":"savvyplayer","seller":"master-lamps","symbol":"BEER","quantity":"0.56412755","price":"0.21996999","timestamp":1629045030,"volume":"0.12409113","buyTxId":"7be266304c93ab70f30c359838fb938a17a743af","sellTxId":"d954fce517d7c04df3ebe0de24267894e5121fb2"}
{"index": {"_index":"beer","_id":"1359837"}}
	{"id":1359837,"type":"buy","buyer":"savvyplayer","seller":"master-lamps","symbol":"BEER","quantity":"0.11450000","price":"0.21996999","timestamp":1629045030,"volume":"0.02518656","buyTxId":"7be266304c93ab70f30c359838fb938a17a743af","sellTxId":"1684a691b854250c6933512f23c1a6655dfe6fc4"}
{"index": {"_index":"beer","_id":"1359838"}}
	{"id":1359838,"type":"buy","buyer":"savvyplayer","seller":"master-lamps","symbol":"BEER","quantity":"0.23600000","price":"0.21996999","timestamp":1629045030,"volume":"0.05191292","buyTxId":"7be266304c93ab70f30c359838fb938a17a743af","sellTxId":"fcea70b96394e1a0def15e023668128d18ff90e1"}
{"index": {"_index":"beer","_id":"1359839"}}
	{"id":1359839,"type":"buy","buyer":"savvyplayer","seller":"nastyforce","symbol":"BEER","quantity":"0.12183127","price":"0.21997000","timestamp":1629045030,"volume":"0.02679922","buyTxId":"7be266304c93ab70f30c359838fb938a17a743af","sellTxId":"87123336d72ed236e0c0a6f82627a242a8449a9b"}
{"index": {"_index":"beer","_id":"1359840"}}
	{"id":1359840,"type":"buy","buyer":"savvyplayer","seller":"master-lamps","symbol":"BEER","quantity":"0.08012212","price":"0.21997000","timestamp":1629045030,"volume":"0.01762446","buyTxId":"7be266304c93ab70f30c359838fb938a17a743af","sellTxId":"7b07478f6a437387416c2106188c25da33b40293"}
{"index": {"_index":"beer","_id":"1359841"}}
	{"id":1359841,"type":"buy","buyer":"savvyplayer","seller":"harveyword","symbol":"BEER","quantity":"1.00000000","price":"0.21997000","timestamp":1629045030,"volume":"0.21997000","buyTxId":"7be266304c93ab70f30c359838fb938a17a743af","sellTxId":"ddc228982219e4eb7c0499cd33ac75765f23eb79"}
{"index": {"_index":"beer","_id":"1359842"}}
	{"id":1359842,"type":"buy","buyer":"savvyplayer","seller":"chekohler","symbol":"BEER","quantity":"1.26294768","price":"0.21997000","timestamp":1629045030,"volume":"0.27781060","buyTxId":"7be266304c93ab70f30c359838fb938a17a743af","sellTxId":"150feb32cc99afb074ffabea4a42394f47a56452"}
{"index": {"_index":"beer","_id":"1360106"}}
	{"id":1360106,"type":"sell","buyer":"master-lamps","seller":"bashadow","symbol":"BEER","quantity":"1.25000000","price":"0.19706101","timestamp":1629048972,"volume":"0.24632626","buyTxId":"b0b7fb131e05ca273568b64a744f86812d252523","sellTxId":"7199dd691b6e47c0f8da353f02d7d8f5858d5184"}
{"index": {"_index":"beer","_id":"1360457"}}
	{"id":1360457,"type":"sell","buyer":"master-lamps","seller":"manoldonchev","symbol":"BEER","quantity":"4.11300000","price":"0.19706101","timestamp":1629056613,"volume":"0.81051193","buyTxId":"b0b7fb131e05ca273568b64a744f86812d252523","sellTxId":"1d74902963afb76b2d87878ef4ca063442a12d1e"}
{"index": {"_index":"beer","_id":"1360495"}}
	{"id":1360495,"type":"sell","buyer":"master-lamps","seller":"nerdtopiade","symbol":"BEER","quantity":"4.98467000","price":"0.19706101","timestamp":1629056988,"volume":"0.98228410","buyTxId":"b0b7fb131e05ca273568b64a744f86812d252523","sellTxId":"e0e7e642c3c9cfe7eaab3eb13713b84855c470a6"}
{"index": {"_index":"beer","_id":"1360496"}}
	{"id":1360496,"type":"sell","buyer":"methus","seller":"nerdtopiade","symbol":"BEER","quantity":"0.39033000","price":"0.19706100","timestamp":1629056988,"volume":"0.07691882","buyTxId":"1ca60adbabe3d84b589b31f75105dc3e25eafe04","sellTxId":"e0e7e642c3c9cfe7eaab3eb13713b84855c470a6"}
{"index": {"_index":"beer","_id":"1360635"}}
	{"id":1360635,"type":"buy","buyer":"mobi72","seller":"master-lamps","symbol":"BEER","quantity":"0.10000000","price":"0.21996999","timestamp":1629059943,"volume":"0.02199700","buyTxId":"d92c41f8eb4e113d68d4ed49ed6413757f107599","sellTxId":"a3e651de4e92cbd4607814ea2fbb989e5246c268"}
{"index": {"_index":"beer","_id":"1360637"}}
	{"id":1360637,"type":"buy","buyer":"mobi72","seller":"master-lamps","symbol":"BEER","quantity":"1.25000000","price":"0.21996999","timestamp":1629059973,"volume":"0.27496249","buyTxId":"25737df23a7e70f3e40f2d65af2130d8e820d9a4","sellTxId":"1b23315c530927c190b1cc87a40ea089975ffe72"}
{"index": {"_index":"beer","_id":"1360641"}}
	{"id":1360641,"type":"buy","buyer":"mobi72","seller":"master-lamps","symbol":"BEER","quantity":"0.03600000","price":"0.21996999","timestamp":1629060009,"volume":"0.00791892","buyTxId":"770012be575434852bb5b037a0ee3ad56412a8ee","sellTxId":"26cd3438b0578bb78e33b72d5b197ce5de414795"}
{"index": {"_index":"beer","_id":"1360647"}}
	{"id":1360647,"type":"buy","buyer":"mobi72","seller":"master-lamps","symbol":"BEER","quantity":"3.06800000","price":"0.21996999","timestamp":1629060048,"volume":"0.67486793","buyTxId":"aeecff358dbb9e7b321f26159df7a9b0e8d0c3c9","sellTxId":"2e5565b7a4bb027532fa0d1150d4655f89021006"}
{"index": {"_index":"beer","_id":"1360682"}}
	{"id":1360682,"type":"sell","buyer":"master-lamps","seller":"deathwing","symbol":"BEER","quantity":"0.006","price":"0.19706101","timestamp":1629060906,"volume":"0.00118237","buyTxId":"38b3fc1bf0a0f5fe32b6f58028a09d30b4a3ac6a","sellTxId":"d81c897b7ce540fd4af629d5affcc969cf052e99-3"}
{"index": {"_index":"beer","_id":"1361148"}}
	{"id":1361148,"type":"sell","buyer":"master-lamps","seller":"elevator09","symbol":"BEER","quantity":"0.08000000","price":"0.19706101","timestamp":1629070311,"volume":"0.01576488","buyTxId":"38b3fc1bf0a0f5fe32b6f58028a09d30b4a3ac6a","sellTxId":"3e0fb3dba1927c6350212c5fb85ae93f25695615"}
