{"index": {"_index":"beer","_id":"1185147"}}=	{"id":1185147,"type":"sell","buyer":"fiberfrau","seller":"johnhtims.life","symbol":"BEER","quantity":"0.11250000","price":"0.24790000","timestamp":1625097504,"volume":"0.02788875","buyTxId":"cce7e15fe67f00693720818c5c3f974428bfb75d","sellTxId":"5869289b8ca333bdefc3afdaca10f1fc66be5f54"}
{"index": {"_index":"beer","_id":"1185271"}}=	{"id":1185271,"type":"sell","buyer":"fiberfrau","seller":"master-lamps","symbol":"BEER","quantity":"0.26800000","price":"0.24790000","timestamp":1625102112,"volume":"0.06643720","buyTxId":"cce7e15fe67f00693720818c5c3f974428bfb75d","sellTxId":"5e2e648adcad7ba30d05389d6480929b5f7124cd"}
{"index": {"_index":"beer","_id":"1185289"}}=	{"id":1185289,"type":"sell","buyer":"detlev","seller":"mafia.wallet","symbol":"BEER","quantity":"0.057","price":"0.22120000","timestamp":1625103156,"volume":"0.01260840","buyTxId":"2fba23d3d688a2fc45ac8c5a8ebf6b71a7aa1f2a","sellTxId":"74fde2b4fc9f443d869e55043be8f91d1f6a7c92-2"}
{"index": {"_index":"beer","_id":"1185406"}}=	{"id":1185406,"type":"sell","buyer":"detlev","seller":"cloudblade","symbol":"BEER","quantity":"9.10068191","price":"0.22120000","timestamp":1625106012,"volume":"2.01307083","buyTxId":"2fba23d3d688a2fc45ac8c5a8ebf6b71a7aa1f2a","sellTxId":"479310c2e9dbef3108f26845b9c7a2c331c3f808"}
{"index": {"_index":"beer","_id":"1185407"}}=	{"id":1185407,"type":"sell","buyer":"louis88","seller":"cloudblade","symbol":"BEER","quantity":"5.00000000","price":"0.22100000","timestamp":1625106012,"volume":"1.10500000","buyTxId":"b8dd93139f5709e324f8d1df5f24af3cad82986e","sellTxId":"479310c2e9dbef3108f26845b9c7a2c331c3f808"}
{"index": {"_index":"beer","_id":"1185408"}}=	{"id":1185408,"type":"sell","buyer":"louis88","seller":"cloudblade","symbol":"BEER","quantity":"12.00000000","price":"0.22055010","timestamp":1625106012,"volume":"2.64660120","buyTxId":"7d9bbf4efc66011bda9637c5cca0439d21ccb979","sellTxId":"479310c2e9dbef3108f26845b9c7a2c331c3f808"}
{"index": {"_index":"beer","_id":"1185409"}}=	{"id":1185409,"type":"sell","buyer":"master-lamps","seller":"cloudblade","symbol":"BEER","quantity":"0.34000000","price":"0.21798000","timestamp":1625106012,"volume":"0.07411320","buyTxId":"fde7a2f883c46992eed5fe81db3e1c9575e8c83b","sellTxId":"479310c2e9dbef3108f26845b9c7a2c331c3f808"}
{"index": {"_index":"beer","_id":"1185410"}}=	{"id":1185410,"type":"sell","buyer":"rivalzzz","seller":"cloudblade","symbol":"BEER","quantity":"16.00000000","price":"0.21797000","timestamp":1625106012,"volume":"3.48752000","buyTxId":"79df7c6711c6129db35fe7373e4be09eb1a7e266","sellTxId":"479310c2e9dbef3108f26845b9c7a2c331c3f808"}
{"index": {"_index":"beer","_id":"1185411"}}=	{"id":1185411,"type":"sell","buyer":"louis88","seller":"cloudblade","symbol":"BEER","quantity":"11.55931809","price":"0.21510000","timestamp":1625106012,"volume":"2.48640932","buyTxId":"60481bc2e2435d7a9dd518146a723ea047971ce2","sellTxId":"479310c2e9dbef3108f26845b9c7a2c331c3f808"}
{"index": {"_index":"beer","_id":"1185442"}}=	{"id":1185442,"type":"buy","buyer":"bronkong","seller":"cloudblade","symbol":"BEER","quantity":"24.00000000","price":"0.24790000","timestamp":1625107164,"volume":"5.94960000","buyTxId":"d8c660fb785ac5f312b771f316cc652306a5966f","sellTxId":"e47fc7ca2c06b28c6c9ca40fc4ffa82775e97042"}
{"index": {"_index":"beer","_id":"1185529"}}=	{"id":1185529,"type":"sell","buyer":"louis88","seller":"manoldonchev","symbol":"BEER","quantity":"0.44068191","price":"0.21510000","timestamp":1625111406,"volume":"0.09479068","buyTxId":"60481bc2e2435d7a9dd518146a723ea047971ce2","sellTxId":"e04f0edff674d7276045b6857207219549ad8978"}
{"index": {"_index":"beer","_id":"1185548"}}=	{"id":1185548,"type":"sell","buyer":"rivalzzz","seller":"justinparke","symbol":"BEER","quantity":"0.5505","price":"0.21180000","timestamp":1625111874,"volume":"0.11659590","buyTxId":"0fb0fa01467c4a2ce668c072dab2dfb04839d1c5","sellTxId":"3dafe01179044fb0cdceb0719af4da372a0082d6"}
{"index": {"_index":"beer","_id":"1185687"}}=	{"id":1185687,"type":"sell","buyer":"photophile","seller":"onealfa.pob","symbol":"BEER","quantity":"0.25","price":"0.21182000","timestamp":1625117139,"volume":"0.05295500","buyTxId":"5298ef26df816ec6d9ef758ae3dc0aa3c2930532","sellTxId":"0f1223ebbc5c405e15fed599b39028ca5b01fc05"}
{"index": {"_index":"beer","_id":"1185728"}}=	{"id":1185728,"type":"buy","buyer":"eythorphoto","seller":"manoldonchev","symbol":"BEER","quantity":"1.97731809","price":"0.21510000","timestamp":1625118807,"volume":"0.42532112","buyTxId":"ad19ece7faf4d89414274e5eae9d5bd49a0ed617","sellTxId":"e04f0edff674d7276045b6857207219549ad8978"}
{"index": {"_index":"beer","_id":"1185730"}}=	{"id":1185730,"type":"sell","buyer":"eythorphoto","seller":"vcelier","symbol":"BEER","quantity":"0.17400000","price":"0.21510000","timestamp":1625119017,"volume":"0.03742740","buyTxId":"ad19ece7faf4d89414274e5eae9d5bd49a0ed617","sellTxId":"bd7f1007c800c2dda723aa9aa239a62501cfc9e4"}
{"index": {"_index":"beer","_id":"1185731"}}=	{"id":1185731,"type":"sell","buyer":"eythorphoto","seller":"miketr","symbol":"BEER","quantity":"5.00000000","price":"0.21510000","timestamp":1625119035,"volume":"1.07550000","buyTxId":"ad19ece7faf4d89414274e5eae9d5bd49a0ed617","sellTxId":"073e2498ea8ddaf1ad871a90c83a09b3ff2a2991"}
{"index": {"_index":"beer","_id":"1185762"}}=	{"id":1185762,"type":"buy","buyer":"eythorphoto","seller":"cloudblade","symbol":"BEER","quantity":"3.00000000","price":"0.24790000","timestamp":1625120298,"volume":"0.74370000","buyTxId":"10c13bafe8f13d62ee5d89640d2b562bc463a844","sellTxId":"e47fc7ca2c06b28c6c9ca40fc4ffa82775e97042"}
{"index": {"_index":"beer","_id":"1185780"}}=	{"id":1185780,"type":"sell","buyer":"eythorphoto","seller":"mikemoi","symbol":"BEER","quantity":"2.84868191","price":"0.21510000","timestamp":1625121153,"volume":"0.61275148","buyTxId":"ad19ece7faf4d89414274e5eae9d5bd49a0ed617","sellTxId":"09c95cfc4545bda74ba05fbee809af9734aa48da"}
{"index": {"_index":"beer","_id":"1185781"}}=	{"id":1185781,"type":"sell","buyer":"photophile","seller":"mikemoi","symbol":"BEER","quantity":"19.60731809","price":"0.21182000","timestamp":1625121153,"volume":"4.15322212","buyTxId":"5298ef26df816ec6d9ef758ae3dc0aa3c2930532","sellTxId":"09c95cfc4545bda74ba05fbee809af9734aa48da"}
{"index": {"_index":"beer","_id":"1186179"}}=	{"id":1186179,"type":"sell","buyer":"photophile","seller":"itharagaian","symbol":"BEER","quantity":"0.00300000","price":"0.21182000","timestamp":1625136261,"volume":"0.00063546","buyTxId":"5298ef26df816ec6d9ef758ae3dc0aa3c2930532","sellTxId":"b6bbe9aa644f6e845f64dae87d3e3535625c8c50"}
{"index": {"_index":"beer","_id":"1186200"}}=	{"id":1186200,"type":"sell","buyer":"photophile","seller":"ledrox","symbol":"BEER","quantity":"0.34500000","price":"0.21182000","timestamp":1625136840,"volume":"0.07307790","buyTxId":"5298ef26df816ec6d9ef758ae3dc0aa3c2930532","sellTxId":"3e8cf9bf0cc8941d954bae967aacad143571a35e"}
{"index": {"_index":"beer","_id":"1186294"}}=	{"id":1186294,"type":"sell","buyer":"photophile","seller":"musicuniversity","symbol":"BEER","quantity":"0.46298298","price":"0.21182000","timestamp":1625139516,"volume":"0.09806905","buyTxId":"5298ef26df816ec6d9ef758ae3dc0aa3c2930532","sellTxId":"12d166d88d4d4cddb0ab20da9f0ec50288b5bf67"}
{"index": {"_index":"beer","_id":"1186298"}}=	{"id":1186298,"type":"sell","buyer":"photophile","seller":"nectarofgod","symbol":"BEER","quantity":"3.48800000","price":"0.21182000","timestamp":1625139573,"volume":"0.73882816","buyTxId":"5298ef26df816ec6d9ef758ae3dc0aa3c2930532","sellTxId":"4875510c7aeb56317fb6a503c62e0d8ef1153eb8"}
{"index": {"_index":"beer","_id":"1186308"}}=	{"id":1186308,"type":"sell","buyer":"photophile","seller":"exator","symbol":"BEER","quantity":"16.39913166","price":"0.21182000","timestamp":1625139921,"volume":"3.47366407","buyTxId":"5298ef26df816ec6d9ef758ae3dc0aa3c2930532","sellTxId":"77f4447fbd03f59835e1a3617af794c50b15511a"}
{"index": {"_index":"beer","_id":"1186356"}}=	{"id":1186356,"type":"sell","buyer":"photophile","seller":"wearealive","symbol":"BEER","quantity":"0.025","price":"0.21182000","timestamp":1625142492,"volume":"0.00529550","buyTxId":"5298ef26df816ec6d9ef758ae3dc0aa3c2930532","sellTxId":"f24bceb3d6d4fdfc7e73c16757ed37aebd53d91a"}
{"index": {"_index":"beer","_id":"1186413"}}=	{"id":1186413,"type":"sell","buyer":"photophile","seller":"johnhtims","symbol":"BEER","quantity":"4.13135871","price":"0.21182000","timestamp":1625144202,"volume":"0.87510440","buyTxId":"5298ef26df816ec6d9ef758ae3dc0aa3c2930532","sellTxId":"0348508eb763ef66cb18391b96d4ff4caad1c188"}
{"index": {"_index":"beer","_id":"1186439"}}=	{"id":1186439,"type":"sell","buyer":"photophile","seller":"threejay","symbol":"BEER","quantity":"1.20100000","price":"0.21182000","timestamp":1625144598,"volume":"0.25439582","buyTxId":"5298ef26df816ec6d9ef758ae3dc0aa3c2930532","sellTxId":"cf2a9a8896a7165053b9fe62ecbc0805949b5222"}
{"index": {"_index":"beer","_id":"1186482"}}=	{"id":1186482,"type":"sell","buyer":"photophile","seller":"fantasycrypto","symbol":"BEER","quantity":"0.25500000","price":"0.21182000","timestamp":1625146104,"volume":"0.05401410","buyTxId":"5298ef26df816ec6d9ef758ae3dc0aa3c2930532","sellTxId":"02eaffef4398d87ce8d0e4e5aae847248831bcaa"}
{"index": {"_index":"beer","_id":"1186600"}}=	{"id":1186600,"type":"sell","buyer":"photophile","seller":"kcgm","symbol":"BEER","quantity":"1.25000000","price":"0.21182000","timestamp":1625151063,"volume":"0.26477500","buyTxId":"5298ef26df816ec6d9ef758ae3dc0aa3c2930532","sellTxId":"0558a00849084e6fcdf80d6728ca3d023010b25b"}
{"index": {"_index":"beer","_id":"1186614"}}=	{"id":1186614,"type":"sell","buyer":"photophile","seller":"steemstreems","symbol":"BEER","quantity":"0.01100000","price":"0.21182000","timestamp":1625151540,"volume":"0.00233002","buyTxId":"5298ef26df816ec6d9ef758ae3dc0aa3c2930532","sellTxId":"22ee5bffe7bb8cf0bc120191e0de7a48efb350ed"}
{"index": {"_index":"beer","_id":"1186678"}}=	{"id":1186678,"type":"sell","buyer":"photophile","seller":"taraska","symbol":"BEER","quantity":"1.26500000","price":"0.21182000","timestamp":1625155143,"volume":"0.26795230","buyTxId":"5298ef26df816ec6d9ef758ae3dc0aa3c2930532","sellTxId":"099109273a4e4a844c852dfcb4e2aa6fad0c9b7e"}
{"index": {"_index":"beer","_id":"1186758"}}=	{"id":1186758,"type":"buy","buyer":"biti","seller":"d-zero","symbol":"BEER","quantity":"2.20588750","price":"0.23000000","timestamp":1625157405,"volume":"0.50735413","buyTxId":"8da27fc839a7fa7e66952f9285da2f45a7e614a4","sellTxId":"ccf163553be1869fa42469271b08058ec52acbcc"}
{"index": {"_index":"beer","_id":"1186759"}}=	{"id":1186759,"type":"buy","buyer":"biti","seller":"cloudblade","symbol":"BEER","quantity":"53.00000000","price":"0.24790000","timestamp":1625157405,"volume":"13.13870000","buyTxId":"8da27fc839a7fa7e66952f9285da2f45a7e614a4","sellTxId":"e47fc7ca2c06b28c6c9ca40fc4ffa82775e97042"}
{"index": {"_index":"beer","_id":"1186760"}}=	{"id":1186760,"type":"buy","buyer":"biti","seller":"ultratrain","symbol":"BEER","quantity":"5.79411250","price":"0.24790000","timestamp":1625157405,"volume":"1.43636049","buyTxId":"8da27fc839a7fa7e66952f9285da2f45a7e614a4","sellTxId":"571ff99c1237662e2e5fdb6023be16297db6783b"}
{"index": {"_index":"beer","_id":"1187061"}}=	{"id":1187061,"type":"sell","buyer":"photophile","seller":"jjprac","symbol":"BEER","quantity":"0.75584464","price":"0.21182000","timestamp":1625165985,"volume":"0.16010301","buyTxId":"5298ef26df816ec6d9ef758ae3dc0aa3c2930532","sellTxId":"7d421449a064e5c9223a56bde6e31bbeda68c2b9"}
{"index": {"_index":"beer","_id":"1187376"}}=	{"id":1187376,"type":"sell","buyer":"photophile","seller":"deathwing","symbol":"BEER","quantity":"0.007","price":"0.21182000","timestamp":1625172912,"volume":"0.00148274","buyTxId":"5298ef26df816ec6d9ef758ae3dc0aa3c2930532","sellTxId":"cc8f112f4c313be6399aa77a7a206b26d27606ae-4"}
{"index": {"_index":"beer","_id":"1187603"}}=	{"id":1187603,"type":"sell","buyer":"photophile","seller":"vcelier","symbol":"BEER","quantity":"0.16155031","price":"0.21182000","timestamp":1625182716,"volume":"0.03421959","buyTxId":"5298ef26df816ec6d9ef758ae3dc0aa3c2930532","sellTxId":"c9678df4a5fe476c6813b3e6e004bd767470eb56"}
{"index": {"_index":"beer","_id":"1187629"}}=	{"id":1187629,"type":"sell","buyer":"photophile","seller":"louis88","symbol":"BEER","quantity":"4.11100010","price":"0.21182000","timestamp":1625183634,"volume":"0.87079204","buyTxId":"5298ef26df816ec6d9ef758ae3dc0aa3c2930532","sellTxId":"848d63fc4428abda259fccf332f31fe998b6c9aa"}
