{"index": {"_index":"beer","_id":"1123875"}}
	{"id":1123875,"type":"sell","buyer":"rentmoney","seller":"ralph-rennoldson","symbol":"BEER","quantity":"0.25000000","price":"0.18003000","timestamp":1623140718,"volume":"0.04500750","buyTxId":"9a21848ea2004386962982643c7b2c8297208442","sellTxId":"08bdaa0bc50dec6b7eacc0e79af796829f85adfb"}
{"index": {"_index":"beer","_id":"1124103"}}
	{"id":1124103,"type":"sell","buyer":"rentmoney","seller":"kcgm","symbol":"BEER","quantity":"1.25000000","price":"0.18003000","timestamp":1623150561,"volume":"0.22503750","buyTxId":"9a21848ea2004386962982643c7b2c8297208442","sellTxId":"023501520aa46dbce8674e9070c5109c697a689d"}
{"index": {"_index":"beer","_id":"1124152"}}
	{"id":1124152,"type":"sell","buyer":"rentmoney","seller":"onealfa","symbol":"BEER","quantity":"0.07271477","price":"0.18003000","timestamp":1623152952,"volume":"0.01309084","buyTxId":"9a21848ea2004386962982643c7b2c8297208442","sellTxId":"0dea0959950c06cb66c20c993b63403c82f7fac3"}
{"index": {"_index":"beer","_id":"1124153"}}
	{"id":1124153,"type":"sell","buyer":"ironshield","seller":"onealfa","symbol":"BEER","quantity":"0.43378523","price":"0.18002000","timestamp":1623152952,"volume":"0.07809002","buyTxId":"359c2e6c51972f4477ecaabd3656597a148fc5b4","sellTxId":"0dea0959950c06cb66c20c993b63403c82f7fac3"}
{"index": {"_index":"beer","_id":"1124780"}}
	{"id":1124780,"type":"sell","buyer":"ironshield","seller":"vcelier","symbol":"BEER","quantity":"0.09600000","price":"0.18002000","timestamp":1623176550,"volume":"0.01728192","buyTxId":"359c2e6c51972f4477ecaabd3656597a148fc5b4","sellTxId":"f2e2eca9a1c27cee945ffd6d0c31ffda6f7b1b76"}
{"index": {"_index":"beer","_id":"1125039"}}
	{"id":1125039,"type":"sell","buyer":"ironshield","seller":"mafia.wallet","symbol":"BEER","quantity":"0.063","price":"0.18002000","timestamp":1623183705,"volume":"0.01134126","buyTxId":"359c2e6c51972f4477ecaabd3656597a148fc5b4","sellTxId":"76eba8d5a10aaeddd3c354b23d9059fa1dee06cd-2"}
{"index": {"_index":"beer","_id":"1125088"}}
	{"id":1125088,"type":"sell","buyer":"ironshield","seller":"deathwing","symbol":"BEER","quantity":"0.007","price":"0.18002000","timestamp":1623185706,"volume":"0.00126014","buyTxId":"359c2e6c51972f4477ecaabd3656597a148fc5b4","sellTxId":"08a179ff8bd0b5bd270835b06e0e7d4d82224e3b-2"}
{"index": {"_index":"beer","_id":"1125096"}}
	{"id":1125096,"type":"sell","buyer":"ironshield","seller":"master-lamps","symbol":"BEER","quantity":"0.23900000","price":"0.18002000","timestamp":1623185844,"volume":"0.04302478","buyTxId":"359c2e6c51972f4477ecaabd3656597a148fc5b4","sellTxId":"cfc014e112c0c29148a701c1223f2fe81470055e"}
{"index": {"_index":"beer","_id":"1125154"}}
	{"id":1125154,"type":"sell","buyer":"ironshield","seller":"dejan.vuckovic","symbol":"BEER","quantity":"0.97495992","price":"0.18002000","timestamp":1623188280,"volume":"0.17551228","buyTxId":"359c2e6c51972f4477ecaabd3656597a148fc5b4","sellTxId":"f119cc81d1a31a0c968e1a0d90890b16376fe664"}
{"index": {"_index":"beer","_id":"1125196"}}
	{"id":1125196,"type":"sell","buyer":"ironshield","seller":"musicuniversity","symbol":"BEER","quantity":"0.46298298","price":"0.18002000","timestamp":1623189816,"volume":"0.08334620","buyTxId":"359c2e6c51972f4477ecaabd3656597a148fc5b4","sellTxId":"0707689bb9722ad5751c6412e0aec985ebccfb61"}
{"index": {"_index":"beer","_id":"1125265"}}
	{"id":1125265,"type":"sell","buyer":"ironshield","seller":"fantasycrypto","symbol":"BEER","quantity":"1.01100000","price":"0.18002000","timestamp":1623191640,"volume":"0.18200022","buyTxId":"359c2e6c51972f4477ecaabd3656597a148fc5b4","sellTxId":"a1a1c828081f2cf0488ec077e740bb7d0bc3e379"}
{"index": {"_index":"beer","_id":"1125495"}}
	{"id":1125495,"type":"sell","buyer":"ironshield","seller":"nftmart.fees","symbol":"BEER","quantity":"10.06340000","price":"0.18002000","timestamp":1623201378,"volume":"1.81161327","buyTxId":"359c2e6c51972f4477ecaabd3656597a148fc5b4","sellTxId":"6e1b7375fce31fab343305b43b179c4e5c85d6db"}
