{"id":1552512,"type":"sell","buyer":"gaboamc2393","seller":"nathanpieters","symbol":"BEER","quantity":"0.56700000","price":"0.17500000","timestamp":1632099459,"volume":"0.09922500","buyTxId":"add7afdd201af629c56d0aeb48924fd6252a9238","sellTxId":"7c3ce63cbc1211d6096316a1738356008311b946"
{"id":1552955,"type":"sell","buyer":"gaboamc2393","seller":"justinparke","symbol":"BEER","quantity":"0.9705","price":"0.17500000","timestamp":1632109467,"volume":"0.16983750","buyTxId":"add7afdd201af629c56d0aeb48924fd6252a9238","sellTxId":"1576c9065cd3b1e3bda245750ecf82e75a89d570"
{"id":1553143,"type":"sell","buyer":"gaboamc2393","seller":"dynamicgreentk","symbol":"BEER","quantity":"0.07500000","price":"0.17500000","timestamp":1632112197,"volume":"0.01312500","buyTxId":"add7afdd201af629c56d0aeb48924fd6252a9238","sellTxId":"073f8faa39d8a8c9a96179b7012eb94e2e3c537a"
{"id":1553434,"type":"sell","buyer":"gaboamc2393","seller":"networkallstar","symbol":"BEER","quantity":"14.78451940","price":"0.17500000","timestamp":1632119658,"volume":"2.58729090","buyTxId":"add7afdd201af629c56d0aeb48924fd6252a9238","sellTxId":"d5ff9d48ef970bc979dfae796f29bbc4925f2167"
{"id":1553461,"type":"buy","buyer":"gaboamc2393","seller":"networkallstar","symbol":"BEER","quantity":"13.00000000","price":"0.17500000","timestamp":1632120216,"volume":"2.27500000","buyTxId":"c5f2ffb5e5a85f1785ed8b6566c668d641917cc8","sellTxId":"d5ff9d48ef970bc979dfae796f29bbc4925f2167"
{"id":1554098,"type":"sell","buyer":"gaboamc2393","seller":"andy4475","symbol":"BEER","quantity":"0.73197788","price":"0.16800000","timestamp":1632134325,"volume":"0.12297228","buyTxId":"d6fda5057470752c37d343b76b518810f524d156","sellTxId":"f8b4a5413128cace286636679da5a0d8be986c3b"
{"id":1554218,"type":"buy","buyer":"mmunited","seller":"networkallstar","symbol":"BEER","quantity":"0.38830896","price":"0.17500000","timestamp":1632136707,"volume":"0.06795407","buyTxId":"2e24c620a3a8d46aeb4cc5651c3ee5ff8215b040","sellTxId":"d5ff9d48ef970bc979dfae796f29bbc4925f2167"
{"id":1554350,"type":"sell","buyer":"gaboamc2393","seller":"elricmoonslayer","symbol":"BEER","quantity":"0.63800000","price":"0.16800000","timestamp":1632138171,"volume":"0.10718400","buyTxId":"d6fda5057470752c37d343b76b518810f524d156","sellTxId":"7f92a1955dd350e659f140646e84870f4f94c342"
{"id":1554609,"type":"sell","buyer":"gaboamc2393","seller":"kevmcc","symbol":"BEER","quantity":"1.25000000","price":"0.16800000","timestamp":1632141993,"volume":"0.21000000","buyTxId":"d6fda5057470752c37d343b76b518810f524d156","sellTxId":"efce8a192382d1662ee6a47402d8e663e60ca9fa"
{"id":1554887,"type":"sell","buyer":"gaboamc2393","seller":"soyrosa","symbol":"BEER","quantity":"1.13432978","price":"0.16800000","timestamp":1632145221,"volume":"0.19056740","buyTxId":"d6fda5057470752c37d343b76b518810f524d156","sellTxId":"3ada0a5d31233d50ad8fbd86b0229a6bf88d11a6"
{"id":1554993,"type":"sell","buyer":"gaboamc2393","seller":"andy4475","symbol":"BEER","quantity":"0.22500000","price":"0.16800000","timestamp":1632147162,"volume":"0.03780000","buyTxId":"d6fda5057470752c37d343b76b518810f524d156","sellTxId":"939cc3f5ee57782ec32bbe420962b29496579edc"
{"id":1555945,"type":"buy","buyer":"eythorphoto","seller":"steinreich","symbol":"BEER","quantity":"0.15000000","price":"0.20000000","timestamp":1632159276,"volume":"0.03000000","buyTxId":"1c78817e8106e12e6a3fffc2f911d25f6cdcc4e1","sellTxId":"ba03e81e3a4ec2d4a951c267803c26559e701e37"
{"id":1555946,"type":"buy","buyer":"eythorphoto","seller":"master-lamps","symbol":"BEER","quantity":"0.01250000","price":"0.26000000","timestamp":1632159333,"volume":"0.00325000","buyTxId":"95e3fec57f7947b37942b6edb0df35a6a4aadde5","sellTxId":"f634195bbf443da96bed916de37ac134cb4135e4"
{"id":1555947,"type":"buy","buyer":"eythorphoto","seller":"master-lamps","symbol":"BEER","quantity":"0.04450000","price":"0.26000000","timestamp":1632159333,"volume":"0.01157000","buyTxId":"95e3fec57f7947b37942b6edb0df35a6a4aadde5","sellTxId":"8dd614723ab96000eb9eeb2963dc68ff16b38ac2"
{"id":1555948,"type":"buy","buyer":"eythorphoto","seller":"master-lamps","symbol":"BEER","quantity":"0.01250000","price":"0.26000000","timestamp":1632159333,"volume":"0.00325000","buyTxId":"95e3fec57f7947b37942b6edb0df35a6a4aadde5","sellTxId":"7292d97b5e758ef5548025a2cb4290c1addc22b6"
{"id":1555949,"type":"buy","buyer":"eythorphoto","seller":"harveyword","symbol":"BEER","quantity":"1.50000000","price":"0.26575000","timestamp":1632159333,"volume":"0.39862500","buyTxId":"95e3fec57f7947b37942b6edb0df35a6a4aadde5","sellTxId":"f2935c4616d358642ec3e9ad5c5ad3b25fc54e70"
{"id":1555950,"type":"buy","buyer":"eythorphoto","seller":"soyrosa","symbol":"BEER","quantity":"1.13432978","price":"0.26580000","timestamp":1632159333,"volume":"0.30150486","buyTxId":"95e3fec57f7947b37942b6edb0df35a6a4aadde5","sellTxId":"59b26f4a0ba2de48367fe7282dfb854fb775196c"
{"id":1555951,"type":"buy","buyer":"eythorphoto","seller":"gaboamc2393","symbol":"BEER","quantity":"7.29617022","price":"0.28500000","timestamp":1632159333,"volume":"2.07940851","buyTxId":"95e3fec57f7947b37942b6edb0df35a6a4aadde5","sellTxId":"25ac3061d1d5454555fc4c472357cbeb1a5c2da9"
{"id":1555959,"type":"buy","buyer":"eythorphoto","seller":"gaboamc2393","symbol":"BEER","quantity":"4.00000000","price":"0.28500000","timestamp":1632159504,"volume":"1.14000000","buyTxId":"65d6146f9c24caadc890abc6cc69c1d02403578e","sellTxId":"25ac3061d1d5454555fc4c472357cbeb1a5c2da9"
{"id":1556103,"type":"sell","buyer":"eythorphoto","seller":"elevator09","symbol":"BEER","quantity":"0.03600000","price":"0.20000000","timestamp":1632161631,"volume":"0.00720000","buyTxId":"1c78817e8106e12e6a3fffc2f911d25f6cdcc4e1","sellTxId":"ed62436414ffba1d8b0ff351a60376557b72ead6"
{"id":1556393,"type":"sell","buyer":"eythorphoto","seller":"senstless","symbol":"BEER","quantity":"3.12400000","price":"0.20000000","timestamp":1632165915,"volume":"0.62480000","buyTxId":"1c78817e8106e12e6a3fffc2f911d25f6cdcc4e1","sellTxId":"8a9d7ac78ce2541fedec922f11aeb5fd614a5a13"
{"id":1556608,"type":"sell","buyer":"eythorphoto","seller":"mafia.wallet","symbol":"BEER","quantity":"0.042","price":"0.20000000","timestamp":1632168876,"volume":"0.00840000","buyTxId":"1c78817e8106e12e6a3fffc2f911d25f6cdcc4e1","sellTxId":"b1e39cb444e88e965b964937e23257cfcfdef204-2"
{"id":1556840,"type":"buy","buyer":"eythorphoto","seller":"master-lamps","symbol":"BEER","quantity":"0.08200000","price":"0.28499975","timestamp":1632171579,"volume":"0.02336998","buyTxId":"a320eed7989682e140acb1225660435ba2779e62","sellTxId":"f046f4d6ef6de0db9f4a89a0ccd8288749af11c5"
{"id":1556841,"type":"buy","buyer":"eythorphoto","seller":"master-lamps","symbol":"BEER","quantity":"0.02343750","price":"0.28499975","timestamp":1632171579,"volume":"0.00667968","buyTxId":"a320eed7989682e140acb1225660435ba2779e62","sellTxId":"5c594a4b5b0199aa55a13d15b2c1fe9a12da8ebd"
{"id":1556860,"type":"sell","buyer":"eythorphoto","seller":"harveyword","symbol":"BEER","quantity":"1.00000000","price":"0.28499975","timestamp":1632171954,"volume":"0.28499975","buyTxId":"a320eed7989682e140acb1225660435ba2779e62","sellTxId":"19fc8749995e9d54a212a3b04cfdd7d4887ebef8"
{"id":1556866,"type":"sell","buyer":"eythorphoto","seller":"harveyword","symbol":"BEER","quantity":"0.06298468","price":"0.28499975","timestamp":1632172032,"volume":"0.01795062","buyTxId":"a320eed7989682e140acb1225660435ba2779e62","sellTxId":"acae29bc9e7d620ddb72fa4df8e4ffb0a6c933ba"
{"id":1556960,"type":"sell","buyer":"eythorphoto","seller":"steemstreems","symbol":"BEER","quantity":"0.04","price":"0.20000000","timestamp":1632173913,"volume":"0.00800000","buyTxId":"1c78817e8106e12e6a3fffc2f911d25f6cdcc4e1","sellTxId":"ad692aba91a9a8ee25a258ff4920ab0b87019636"
{"id":1557097,"type":"sell","buyer":"eythorphoto","seller":"steem.services","symbol":"BEER","quantity":"0.00800000","price":"0.20000000","timestamp":1632176331,"volume":"0.00160000","buyTxId":"1c78817e8106e12e6a3fffc2f911d25f6cdcc4e1","sellTxId":"6b6997599fecfbaa2cd139348c71f8d5d3812e13"
{"id":1557098,"type":"sell","buyer":"master-lamps","seller":"steem.services","symbol":"BEER","quantity":"0.10755936","price":"0.16800025","timestamp":1632176331,"volume":"0.01807000","buyTxId":"d56e8b771dd69e804ef9d5f13ff72c4b41eca39d","sellTxId":"6b6997599fecfbaa2cd139348c71f8d5d3812e13"
{"id":1557099,"type":"sell","buyer":"gaboamc2393","seller":"steem.services","symbol":"BEER","quantity":"0.90144064","price":"0.16800000","timestamp":1632176331,"volume":"0.15144203","buyTxId":"d6fda5057470752c37d343b76b518810f524d156","sellTxId":"6b6997599fecfbaa2cd139348c71f8d5d3812e13"