{"index": {"_index":"beer","_id":"3939825"}}
	{"id":3939825,"type":"buy","buyer":"tommyl33","seller":"onlydoge","symbol":"BEER","quantity":"2.76830000","price":"0.12290000","timestamp":1658203728,"volume":"0.34022407","buyTxId":"2e0bac0a4cb42cbf62482cf0a122cc99abe3dc00","sellTxId":"de35fed9c817843375ea088118289b88b257fef9"}
{"index": {"_index":"beer","_id":"3939835"}}
	{"id":3939835,"type":"buy","buyer":"tommyl33","seller":"master-lamps","symbol":"BEER","quantity":"0.12400000","price":"0.12299998","timestamp":1658203890,"volume":"0.01525200","buyTxId":"4f2e0359e1795553878cecb420c28cb940133d84","sellTxId":"8ecd42786cf4925cac709fb7ce9665cb39363551"}
{"index": {"_index":"beer","_id":"3939836"}}
	{"id":3939836,"type":"buy","buyer":"tommyl33","seller":"master-lamps","symbol":"BEER","quantity":"2.07600000","price":"0.12299998","timestamp":1658203890,"volume":"0.25534796","buyTxId":"4f2e0359e1795553878cecb420c28cb940133d84","sellTxId":"a1e75db6fb0ebe76b71fb913e8e556827d58d9e1"}
{"index": {"_index":"beer","_id":"3939928"}}
	{"id":3939928,"type":"sell","buyer":"master-lamps","seller":"laritheghost","symbol":"BEER","quantity":"0.10863014","price":"0.09050001","timestamp":1658205174,"volume":"0.00983103","buyTxId":"c679df5400fbeeda21d1f6dd80cdaca2ceb24d0e","sellTxId":"cec41f97b065fd061f4cb39ff25de6fe43037686"}
{"index": {"_index":"beer","_id":"3941397"}}
	{"id":3941397,"type":"sell","buyer":"master-lamps","seller":"hive-103505","symbol":"BEER","quantity":"0.60190261","price":"0.09050001","timestamp":1658224803,"volume":"0.05447219","buyTxId":"c679df5400fbeeda21d1f6dd80cdaca2ceb24d0e","sellTxId":"d002d5918a1b44ec2750d5b156e6f77d59b4a7a8"}
{"index": {"_index":"beer","_id":"3941683"}}
	{"id":3941683,"type":"sell","buyer":"master-lamps","seller":"steem82868","symbol":"BEER","quantity":"0.01250000","price":"0.09050001","timestamp":1658228961,"volume":"0.00113125","buyTxId":"c679df5400fbeeda21d1f6dd80cdaca2ceb24d0e","sellTxId":"d38ef2ab3b283f026ae22c5fde6250c2697db83a"}
{"index": {"_index":"beer","_id":"3942538"}}
	{"id":3942538,"type":"sell","buyer":"master-lamps","seller":"der-prophet","symbol":"BEER","quantity":"2.40293325","price":"0.09050001","timestamp":1658239677,"volume":"0.21746548","buyTxId":"c679df5400fbeeda21d1f6dd80cdaca2ceb24d0e","sellTxId":"a9a1592efb55a3a4502b633a265f24a432eeb470"}
{"index": {"_index":"beer","_id":"3942539"}}
	{"id":3942539,"type":"sell","buyer":"onlydoge","seller":"der-prophet","symbol":"BEER","quantity":"0.32927175","price":"0.09050000","timestamp":1658239677,"volume":"0.02979909","buyTxId":"4dbca24c2287650577a9e1ac0bbfab37bc3407de","sellTxId":"a9a1592efb55a3a4502b633a265f24a432eeb470"}
{"index": {"_index":"beer","_id":"3943054"}}
	{"id":3943054,"type":"sell","buyer":"nervi","seller":"chekohler","symbol":"BEER","quantity":"1.5e-7","price":"0.09051000","timestamp":1658244453,"volume":"0.00000001","buyTxId":"5b2cb61b51ffb37684873de392164e0162cdb0d1","sellTxId":"ce9b360c0636b981e5ed991c049dd564ff55a583"}
{"index": {"_index":"beer","_id":"3943200"}}
	{"id":3943200,"type":"sell","buyer":"nervi","seller":"bitandi","symbol":"BEER","quantity":"0.16541917","price":"0.09051000","timestamp":1658246559,"volume":"0.01497209","buyTxId":"5b2cb61b51ffb37684873de392164e0162cdb0d1","sellTxId":"08b127bcae4448ed969082ffc5701a7e66214448"}
{"index": {"_index":"beer","_id":"3943238"}}
	{"id":3943238,"type":"sell","buyer":"nervi","seller":"learningenglish","symbol":"BEER","quantity":"14.83458000","price":"0.09051000","timestamp":1658247177,"volume":"1.34267784","buyTxId":"5b2cb61b51ffb37684873de392164e0162cdb0d1","sellTxId":"e367dd7b8d744caf77131825ee42abeeb745c975"}
{"index": {"_index":"beer","_id":"3943239"}}
	{"id":3943239,"type":"sell","buyer":"nervi","seller":"learningenglish","symbol":"BEER","quantity":"0.00000068","price":"0.09051000","timestamp":1658247207,"volume":"0.00000006","buyTxId":"5b2cb61b51ffb37684873de392164e0162cdb0d1","sellTxId":"a82ff3c7a4482974edb2c85528ed6d3b23e20892"}
{"index": {"_index":"beer","_id":"3943240"}}
	{"id":3943240,"type":"sell","buyer":"chetanpadliya","seller":"learningenglish","symbol":"BEER","quantity":"3.81630532","price":"0.09040102","timestamp":1658247207,"volume":"0.34499789","buyTxId":"e71df90402825804559cf79b869b80661eca6072","sellTxId":"a82ff3c7a4482974edb2c85528ed6d3b23e20892"}
{"index": {"_index":"beer","_id":"3943243"}}
	{"id":3943243,"type":"sell","buyer":"chetanpadliya","seller":"learningenglish","symbol":"BEER","quantity":"0.00000150","price":"0.09040102","timestamp":1658247258,"volume":"0.00000014","buyTxId":"e71df90402825804559cf79b869b80661eca6072","sellTxId":"fc670cbdfb6fff49a0e667b1eb9ec3c7b962fb0e"}
{"index": {"_index":"beer","_id":"3943244"}}
	{"id":3943244,"type":"sell","buyer":"mineopoly","seller":"learningenglish","symbol":"BEER","quantity":"0.07365175","price":"0.09030000","timestamp":1658247258,"volume":"0.00665075","buyTxId":"a12fc2e42491f69d9312d23192654e673c5f0a7a","sellTxId":"fc670cbdfb6fff49a0e667b1eb9ec3c7b962fb0e"}
{"index": {"_index":"beer","_id":"3943245"}}
	{"id":3943245,"type":"sell","buyer":"harveyword","seller":"learningenglish","symbol":"BEER","quantity":"1.73696685","price":"0.09000000","timestamp":1658247258,"volume":"0.15632702","buyTxId":"f0848ba7f25115a69f7a5ffcbeed1aa5b1fe13c0","sellTxId":"fc670cbdfb6fff49a0e667b1eb9ec3c7b962fb0e"}
{"index": {"_index":"beer","_id":"3943423"}}
	{"id":3943423,"type":"buy","buyer":"detlev","seller":"master-lamps","symbol":"BEER","quantity":"0.20000000","price":"0.12279999","timestamp":1658248653,"volume":"0.02456000","buyTxId":"54fbc6b5a4cbd0f70c55edfbd7f554830352836a","sellTxId":"a7966a44515b4ef37c4c069b558421dc93c1ca3c"}
{"index": {"_index":"beer","_id":"3943893"}}
	{"id":3943893,"type":"sell","buyer":"harveyword","seller":"automaton","symbol":"BEER","quantity":"1.83300000","price":"0.09000000","timestamp":1658253012,"volume":"0.16497000","buyTxId":"f0848ba7f25115a69f7a5ffcbeed1aa5b1fe13c0","sellTxId":"3e36a0d15e7cf800708466db9d482d9e665e6c6f"}
{"index": {"_index":"beer","_id":"3944309"}}
	{"id":3944309,"type":"sell","buyer":"master-lamps","seller":"crypto-futurist","symbol":"BEER","quantity":"0.00100000","price":"0.09000001","timestamp":1658257368,"volume":"0.00009000","buyTxId":"3c0a86220ceef8f0487c18779ad8d425e652082c","sellTxId":"7ebcccad09c7feaa5147ba0840fdaa68b243f357"}
{"index": {"_index":"beer","_id":"3944597"}}
	{"id":3944597,"type":"sell","buyer":"master-lamps","seller":"poliwalt10","symbol":"BEER","quantity":"0.14100000","price":"0.09000001","timestamp":1658260842,"volume":"0.01269000","buyTxId":"3c0a86220ceef8f0487c18779ad8d425e652082c","sellTxId":"299b6a6436d8b2cae52137b9fc91eae7a84c0c26"}
{"index": {"_index":"beer","_id":"3945205"}}
	{"id":3945205,"type":"buy","buyer":"detlev","seller":"harveyword","symbol":"BEER","quantity":"0.10000000","price":"0.12250000","timestamp":1658269749,"volume":"0.01225000","buyTxId":"4551aa41ef654627bc5dad5db29f91abeb3124be","sellTxId":"38ee152e9cc0a42bd731f86033c18aa54ba92e88"}
{"index": {"_index":"beer","_id":"3945400"}}
	{"id":3945400,"type":"sell","buyer":"master-lamps","seller":"andy4475","symbol":"BEER","quantity":"0.13088884","price":"0.09000001","timestamp":1658272707,"volume":"0.01178000","buyTxId":"3c0a86220ceef8f0487c18779ad8d425e652082c","sellTxId":"01a0775a2f80974a83acf3b038c5b29b4e9d47ba"}
{"index": {"_index":"beer","_id":"3945401"}}
	{"id":3945401,"type":"sell","buyer":"harveyword","seller":"andy4475","symbol":"BEER","quantity":"0.11107160","price":"0.09000000","timestamp":1658272707,"volume":"0.00999644","buyTxId":"f0848ba7f25115a69f7a5ffcbeed1aa5b1fe13c0","sellTxId":"01a0775a2f80974a83acf3b038c5b29b4e9d47ba"}
{"index": {"_index":"beer","_id":"3946006"}}
	{"id":3946006,"type":"sell","buyer":"harveyword","seller":"mafia.wallet","symbol":"BEER","quantity":"0.059","price":"0.09000000","timestamp":1658283255,"volume":"0.00531000","buyTxId":"f0848ba7f25115a69f7a5ffcbeed1aa5b1fe13c0","sellTxId":"6706543f41b4ca83144f40dfe6f584b742f83776-3"}
