{"index": {"_index":"beer","_id":"3545369"}}
	{"id":3545369,"type":"sell","buyer":"gaboamc2393","seller":"laritheghost","symbol":"BEER","quantity":"0.17885058","price":"0.08500000","timestamp":1653690873,"volume":"0.01520230","buyTxId":"73764101bccf236ce4c8e60c208e603cb4b9b8d5","sellTxId":"cae6428c508e7ca497b20cb28e5e102bc0732c29"}
{"index": {"_index":"beer","_id":"3545731"}}
	{"id":3545731,"type":"sell","buyer":"gaboamc2393","seller":"steem82868","symbol":"BEER","quantity":"0.11713422","price":"0.08500000","timestamp":1653695106,"volume":"0.00995641","buyTxId":"73764101bccf236ce4c8e60c208e603cb4b9b8d5","sellTxId":"4734faf03d750d7c26e59da6f46e08b5f49f538d"}
{"index": {"_index":"beer","_id":"3545960"}}
	{"id":3545960,"type":"sell","buyer":"gaboamc2393","seller":"crypto-futurist","symbol":"BEER","quantity":"0.00100000","price":"0.08500000","timestamp":1653697314,"volume":"0.00008500","buyTxId":"73764101bccf236ce4c8e60c208e603cb4b9b8d5","sellTxId":"96e9e7791c71b190194e86d3c846adfa0499930f"}
{"index": {"_index":"beer","_id":"3546128"}}
	{"id":3546128,"type":"sell","buyer":"gaboamc2393","seller":"mafia.wallet","symbol":"BEER","quantity":"0.048","price":"0.08500000","timestamp":1653699627,"volume":"0.00408000","buyTxId":"73764101bccf236ce4c8e60c208e603cb4b9b8d5","sellTxId":"03b5e2b869add8b9790dbb478e02ab832881852c-3"}
{"index": {"_index":"beer","_id":"3546309"}}
	{"id":3546309,"type":"buy","buyer":"swearingradio","seller":"damla","symbol":"BEER","quantity":"0.02850000","price":"0.11038666","timestamp":1653701667,"volume":"0.00314602","buyTxId":"7996afa74383f33c7492a89b3646a0c274b3a0e7","sellTxId":"dbdd14cac0778646ec1fb85f3ffbd2c3882135a2"}
{"index": {"_index":"beer","_id":"3546321"}}
	{"id":3546321,"type":"buy","buyer":"swearingradio","seller":"imagenius.fund","symbol":"BEER","quantity":"3.75828200","price":"0.12760000","timestamp":1653701706,"volume":"0.47955678","buyTxId":"9eb2571dedf5a013625b8c9cf01de07d494cf1cd","sellTxId":"10d9b49cb953dc4af6ac94d389f35073cdd46e02"}
{"index": {"_index":"beer","_id":"3546338"}}
	{"id":3546338,"type":"buy","buyer":"swearingradio","seller":"imagenius.fund","symbol":"BEER","quantity":"0.00000055","price":"0.12760000","timestamp":1653701745,"volume":"0.00000007","buyTxId":"3c8e9efd6ca762235ce11256894519c22a854241","sellTxId":"10d9b49cb953dc4af6ac94d389f35073cdd46e02"}
{"index": {"_index":"beer","_id":"3546339"}}
	{"id":3546339,"type":"buy","buyer":"swearingradio","seller":"onlydoge","symbol":"BEER","quantity":"7.81860774","price":"0.12790000","timestamp":1653701745,"volume":"0.99999993","buyTxId":"3c8e9efd6ca762235ce11256894519c22a854241","sellTxId":"82f8cdc3856e804f9a8ef42d63fd0db766e5032c"}
{"index": {"_index":"beer","_id":"3546346"}}
	{"id":3546346,"type":"buy","buyer":"swearingradio","seller":"onlydoge","symbol":"BEER","quantity":"0.39169226","price":"0.12790000","timestamp":1653701802,"volume":"0.05009744","buyTxId":"9d4e2e339d210c6c4e3f379dca8fe7ef84b5a33a","sellTxId":"82f8cdc3856e804f9a8ef42d63fd0db766e5032c"}
{"index": {"_index":"beer","_id":"3546347"}}
	{"id":3546347,"type":"buy","buyer":"swearingradio","seller":"libertycrypto27","symbol":"BEER","quantity":"5.29670289","price":"0.12799000","timestamp":1653701802,"volume":"0.67792500","buyTxId":"9d4e2e339d210c6c4e3f379dca8fe7ef84b5a33a","sellTxId":"7dd458ad82450765a3f541a38453c707976ca03e"}
{"index": {"_index":"beer","_id":"3546348"}}
	{"id":3546348,"type":"buy","buyer":"swearingradio","seller":"harveyword","symbol":"BEER","quantity":"2.12482468","price":"0.12800000","timestamp":1653701802,"volume":"0.27197756","buyTxId":"9d4e2e339d210c6c4e3f379dca8fe7ef84b5a33a","sellTxId":"af02b5a795bffdda59387a648e2f7838501a2784"}
{"index": {"_index":"beer","_id":"3546365"}}
	{"id":3546365,"type":"buy","buyer":"swearingradio","seller":"harveyword","symbol":"BEER","quantity":"4.58593750","price":"0.12800000","timestamp":1653701916,"volume":"0.587","buyTxId":"eb5bb58a2f30284e1b83a254ade16a5d495f29bf","sellTxId":"af02b5a795bffdda59387a648e2f7838501a2784"}
{"index": {"_index":"beer","_id":"3547364"}}
	{"id":3547364,"type":"buy","buyer":"tommyl33","seller":"wine-cellar","symbol":"BEER","quantity":"5.00000000","price":"0.12760000","timestamp":1653709245,"volume":"0.63800000","buyTxId":"6cb015b63d44f4e330f75092a9a8debd6c344a75","sellTxId":"577f9a48e1e282d536b6c6a5d8076f16d8c302c3"}
{"index": {"_index":"beer","_id":"3548574"}}
	{"id":3548574,"type":"sell","buyer":"onlydoge","seller":"spiritsurge","symbol":"BEER","quantity":"0.15000000","price":"0.08510000","timestamp":1653726036,"volume":"0.01276500","buyTxId":"c87c97392265d73b8c73e9bd04cd74960e23bf61","sellTxId":"567ecb898bc86723248ab32343ecb49ad6dc27b7"}
{"index": {"_index":"beer","_id":"3548974"}}
	{"id":3548974,"type":"sell","buyer":"onlydoge","seller":"poliwalt10","symbol":"BEER","quantity":"0.11600000","price":"0.08510000","timestamp":1653730335,"volume":"0.00987160","buyTxId":"c87c97392265d73b8c73e9bd04cd74960e23bf61","sellTxId":"01c1f7140f43e1103ba79d1bb2277c690f91fc82"}
{"index": {"_index":"beer","_id":"3549045"}}
	{"id":3549045,"type":"sell","buyer":"onlydoge","seller":"marketroll","symbol":"BEER","quantity":"34.98650000","price":"0.08510000","timestamp":1653731049,"volume":"2.97735115","buyTxId":"c87c97392265d73b8c73e9bd04cd74960e23bf61","sellTxId":"99c2c8b6436d8607697315c3681de6e41ea279a0"}
{"index": {"_index":"beer","_id":"3549049"}}
	{"id":3549049,"type":"sell","buyer":"gaboamc2393","seller":"roger.remix","symbol":"BEER","quantity":"27.75562550","price":"0.08500000","timestamp":1653731139,"volume":"2.35922816","buyTxId":"73764101bccf236ce4c8e60c208e603cb4b9b8d5","sellTxId":"ab3b60c96c09ec59d076d10dcf18b757c99a8f18"}
{"index": {"_index":"beer","_id":"3549055"}}
	{"id":3549055,"type":"sell","buyer":"harveyword","seller":"marketroll","symbol":"BEER","quantity":"10.00000000","price":"0.07779999","timestamp":1653731244,"volume":"0.77799990","buyTxId":"2e67f88da7e934519d7e22298f48e00b5fd7f09d","sellTxId":"e98b733cdb73f48bc46bd68fcb9dc0d25a19fe37"}
{"index": {"_index":"beer","_id":"3549064"}}
	{"id":3549064,"type":"sell","buyer":"baconface","seller":"marketroll","symbol":"BEER","quantity":"9.74025847","price":"0.07700001","timestamp":1653731316,"volume":"0.75000000","buyTxId":"100274ab6cfdfc9cb4edb084e14c64f3a9682126","sellTxId":"f0e0960d009e8837f7e086b7c773e54afc030234"}
{"index": {"_index":"beer","_id":"3549069"}}
	{"id":3549069,"type":"sell","buyer":"droida","seller":"marketroll","symbol":"BEER","quantity":"50.00000000","price":"0.07700000","timestamp":1653731373,"volume":"3.85000000","buyTxId":"277c6ed658428c58bb6bd4a076670463f337927b","sellTxId":"95e19bfe6b70617be94e7ae6fce5257aea1c47a0"}
{"index": {"_index":"beer","_id":"3549071"}}
	{"id":3549071,"type":"buy","buyer":"onlydoge","seller":"marketroll","symbol":"BEER","quantity":"1.00000000","price":"0.07700000","timestamp":1653731388,"volume":"0.07700000","buyTxId":"ff29e68a638326a01b18d70f3ab99c3afc38e19d","sellTxId":"95e19bfe6b70617be94e7ae6fce5257aea1c47a0"}
{"index": {"_index":"beer","_id":"3549072"}}
	{"id":3549072,"type":"buy","buyer":"onlydoge","seller":"marketroll","symbol":"BEER","quantity":"0.25974153","price":"0.07700001","timestamp":1653731388,"volume":"0.02000010","buyTxId":"ff29e68a638326a01b18d70f3ab99c3afc38e19d","sellTxId":"f0e0960d009e8837f7e086b7c773e54afc030234"}
{"index": {"_index":"beer","_id":"3549075"}}
	{"id":3549075,"type":"sell","buyer":"onlydoge","seller":"marketroll","symbol":"BEER","quantity":"6.00000000","price":"0.07710000","timestamp":1653731421,"volume":"0.46260000","buyTxId":"ff29e68a638326a01b18d70f3ab99c3afc38e19d","sellTxId":"d722398e8bac2afc53cc8d90f5100037deac471e"}
{"index": {"_index":"beer","_id":"3549085"}}
	{"id":3549085,"type":"sell","buyer":"onlydoge","seller":"marketroll","symbol":"BEER","quantity":"25.28679374","price":"0.07710000","timestamp":1653731526,"volume":"1.94961180","buyTxId":"ff29e68a638326a01b18d70f3ab99c3afc38e19d","sellTxId":"7fb35913bee6f9654d7e2934091efdff461309e5"}
{"index": {"_index":"beer","_id":"3549147"}}
	{"id":3549147,"type":"sell","buyer":"onlydoge","seller":"roger.remix","symbol":"BEER","quantity":"6.36386473","price":"0.07710000","timestamp":1653732282,"volume":"0.49065397","buyTxId":"ff29e68a638326a01b18d70f3ab99c3afc38e19d","sellTxId":"21c2e4c2f42449c293cabc54926d5e6ecf13518f"}
{"index": {"_index":"beer","_id":"3549153"}}
	{"id":3549153,"type":"sell","buyer":"baconface","seller":"roger.remix","symbol":"BEER","quantity":"3.78787879","price":"0.06600000","timestamp":1653732327,"volume":"0.25000000","buyTxId":"0d83ec667a608fd1878a8a0e1d9d9b10f98a10d4","sellTxId":"59c7cce2164d2b05da938e062072e8eb681b017b"}
{"index": {"_index":"beer","_id":"3549154"}}
	{"id":3549154,"type":"sell","buyer":"droida","seller":"roger.remix","symbol":"BEER","quantity":"97.21212121","price":"0.05010001","timestamp":1653732327,"volume":"4.87032824","buyTxId":"c2b9a0a91aaf9b5a32f730db03841d1064b599f9","sellTxId":"59c7cce2164d2b05da938e062072e8eb681b017b"}
{"index": {"_index":"beer","_id":"3549158"}}
	{"id":3549158,"type":"sell","buyer":"droida","seller":"roger.remix","symbol":"BEER","quantity":"2.78787879","price":"0.05010001","timestamp":1653732381,"volume":"0.13967276","buyTxId":"c2b9a0a91aaf9b5a32f730db03841d1064b599f9","sellTxId":"b59c3015edad6a969e90dd6eb9390588e103d759"}
{"index": {"_index":"beer","_id":"3549169"}}
	{"id":3549169,"type":"sell","buyer":"baconface","seller":"roger.remix","symbol":"BEER","quantity":"17.85713435","price":"0.04200002","timestamp":1653732447,"volume":"0.75000000","buyTxId":"8213513e4c23f851327b60d741780bb6023c79b5","sellTxId":"b618db8966735bcf4f0e9a48f6e906713510b1c0"}
{"index": {"_index":"beer","_id":"3549174"}}
	{"id":3549174,"type":"sell","buyer":"droida","seller":"roger.remix","symbol":"BEER","quantity":"100.00000000","price":"0.04200001","timestamp":1653732483,"volume":"4.20000100","buyTxId":"19f18122f1b63f4b4d176080c360c32139e6b2d9","sellTxId":"b5610c02756cb7f2aa4ccd9ea166e459b72cb8ec"}
{"index": {"_index":"beer","_id":"3549831"}}
	{"id":3549831,"type":"buy","buyer":"edkarnie","seller":"roger.remix","symbol":"BEER","quantity":"1.00000000","price":"0.04200001","timestamp":1653740583,"volume":"0.04200001","buyTxId":"9f21fd62272772baf2df3c9f41805f02038a61c0","sellTxId":"b5610c02756cb7f2aa4ccd9ea166e459b72cb8ec"}
{"index": {"_index":"beer","_id":"3549832"}}
	{"id":3549832,"type":"buy","buyer":"edkarnie","seller":"roger.remix","symbol":"BEER","quantity":"2.14286500","price":"0.04200002","timestamp":1653740607,"volume":"0.09000037","buyTxId":"20d325f9da0909d20932f200a7bcfb2be7d613a3","sellTxId":"b618db8966735bcf4f0e9a48f6e906713510b1c0"}
{"index": {"_index":"beer","_id":"3550016"}}
	{"id":3550016,"type":"buy","buyer":"wesphilbin","seller":"roger.remix","symbol":"BEER","quantity":"0.00000065","price":"0.04200002","timestamp":1653743193,"volume":"0.00000003","buyTxId":"34f8cf64f30102aca876a42de55a08d2a9c2b021","sellTxId":"b618db8966735bcf4f0e9a48f6e906713510b1c0"}
{"index": {"_index":"beer","_id":"3550017"}}
	{"id":3550017,"type":"buy","buyer":"wesphilbin","seller":"roger.remix","symbol":"BEER","quantity":"0.21212121","price":"0.05010001","timestamp":1653743193,"volume":"0.01062727","buyTxId":"34f8cf64f30102aca876a42de55a08d2a9c2b021","sellTxId":"b59c3015edad6a969e90dd6eb9390588e103d759"}
{"index": {"_index":"beer","_id":"3550018"}}
	{"id":3550018,"type":"buy","buyer":"wesphilbin","seller":"roger.remix","symbol":"BEER","quantity":"0.63613527","price":"0.07710000","timestamp":1653743193,"volume":"0.04904603","buyTxId":"34f8cf64f30102aca876a42de55a08d2a9c2b021","sellTxId":"21c2e4c2f42449c293cabc54926d5e6ecf13518f"}
{"index": {"_index":"beer","_id":"3550019"}}
	{"id":3550019,"type":"buy","buyer":"wesphilbin","seller":"roger.remix","symbol":"BEER","quantity":"2.24437450","price":"0.08500000","timestamp":1653743193,"volume":"0.19077183","buyTxId":"34f8cf64f30102aca876a42de55a08d2a9c2b021","sellTxId":"ab3b60c96c09ec59d076d10dcf18b757c99a8f18"}
{"index": {"_index":"beer","_id":"3550020"}}
	{"id":3550020,"type":"buy","buyer":"wesphilbin","seller":"onlydoge","symbol":"BEER","quantity":"22.76875488","price":"0.12076000","timestamp":1653743193,"volume":"2.74955484","buyTxId":"34f8cf64f30102aca876a42de55a08d2a9c2b021","sellTxId":"1d1642a1cc676fcfc0164a38cba1cfd4447fc92f"}
{"index": {"_index":"beer","_id":"3550584"}}
	{"id":3550584,"type":"sell","buyer":"edkarnie","seller":"andy4475","symbol":"BEER","quantity":"0.32500000","price":"0.03600000","timestamp":1653749277,"volume":"0.01170000","buyTxId":"8bd9a69802aaed27ae21d66b6903cfe43beb0a2e","sellTxId":"5b459a9195c1688298ba1a946338742cb91c5c7c"}
{"index": {"_index":"beer","_id":"3551433"}}
	{"id":3551433,"type":"buy","buyer":"tommyl33","seller":"onlydoge","symbol":"BEER","quantity":"50.00000000","price":"0.11527000","timestamp":1653757998,"volume":"5.76350000","buyTxId":"ff31a4d4a3756a5c045b8d9b91ac1e1b343e2678","sellTxId":"aed278350d4f5d18bb906e4da71241a8ce5460b7"}
{"index": {"_index":"beer","_id":"3552795"}}
	{"id":3552795,"type":"sell","buyer":"exator","seller":"crypto-futurist","symbol":"BEER","quantity":"0.00100000","price":"0.05130000","timestamp":1653773919,"volume":"0.00005130","buyTxId":"576ac5d682536d957c90126d081dbc1d32321bad","sellTxId":"580db23bc6dccb99295b9245319e5356f6adcf8a"}
{"index": {"_index":"beer","_id":"3552931"}}
	{"id":3552931,"type":"sell","buyer":"exator","seller":"nathanpieters","symbol":"BEER","quantity":"4.60757453","price":"0.05130000","timestamp":1653775803,"volume":"0.23636857","buyTxId":"576ac5d682536d957c90126d081dbc1d32321bad","sellTxId":"6c2c99d5f38e9d7bbd5fd4da5030c58b53dd369b"}
{"index": {"_index":"beer","_id":"3553068"}}
	{"id":3553068,"type":"sell","buyer":"edkarnie","seller":"mafia.wallet","symbol":"BEER","quantity":"0.024","price":"0.05140000","timestamp":1653777084,"volume":"0.00123360","buyTxId":"2f84fb05b10812b0c39097b27b0b3657c18c4bcc","sellTxId":"558b7994157b9b2c41d25f4fd30edd86b60ae31b-3"}
