{"index": {"_index":"beer","_id":"3801208"}}
	{"id":3801208,"type":"sell","buyer":"ultratrain","seller":"frawdielp2","symbol":"BEER","quantity":"0.00745032","price":"0.10990000","timestamp":1656479967,"volume":"0.00081879","buyTxId":"e0518912503d2ae60a12472ff37efb9f2e4038d8","sellTxId":"4e2404a421d7a684b2ceb48ffc57cb48aab3fdd0"}
{"index": {"_index":"beer","_id":"3802154"}}
	{"id":3802154,"type":"sell","buyer":"ultratrain","seller":"entraide.rewards","symbol":"BEER","quantity":"0.02500000","price":"0.10990000","timestamp":1656490470,"volume":"0.00274750","buyTxId":"e0518912503d2ae60a12472ff37efb9f2e4038d8","sellTxId":"ec741d37865b201d1b5dbb1f370defae89e2c5d4"}
{"index": {"_index":"beer","_id":"3802174"}}
	{"id":3802174,"type":"sell","buyer":"ultratrain","seller":"bastionpm","symbol":"BEER","quantity":"0.01250000","price":"0.10990000","timestamp":1656490755,"volume":"0.00137375","buyTxId":"e0518912503d2ae60a12472ff37efb9f2e4038d8","sellTxId":"372d52aa454e4d4d16be661a0659e91613c3a421"}
{"index": {"_index":"beer","_id":"3802415"}}
	{"id":3802415,"type":"sell","buyer":"ultratrain","seller":"mimismartypants","symbol":"BEER","quantity":"22.52181709","price":"0.10990000","timestamp":1656493641,"volume":"2.47514770","buyTxId":"e0518912503d2ae60a12472ff37efb9f2e4038d8","sellTxId":"549259d483234d003e813c3e91cb68d61fe92443"}
{"index": {"_index":"beer","_id":"3803748"}}
	{"id":3803748,"type":"sell","buyer":"ultratrain","seller":"sinjinn","symbol":"BEER","quantity":"2.43323200","price":"0.10990000","timestamp":1656509907,"volume":"0.26741220","buyTxId":"e0518912503d2ae60a12472ff37efb9f2e4038d8","sellTxId":"36c58d0bfe5bece046faa0908560024b9e0f86a7"}
{"index": {"_index":"beer","_id":"3803751"}}
	{"id":3803751,"type":"sell","buyer":"ultratrain","seller":"sinjinn","symbol":"BEER","quantity":"0.00000059","price":"0.10990000","timestamp":1656509934,"volume":"0.00000006","buyTxId":"e0518912503d2ae60a12472ff37efb9f2e4038d8","sellTxId":"2c392349cd3fb0cce407424d88c3f947371da54f"}
{"index": {"_index":"beer","_id":"3803752"}}
	{"id":3803752,"type":"sell","buyer":"gaboamc2393","seller":"sinjinn","symbol":"BEER","quantity":"0.63930670","price":"0.10600000","timestamp":1656509934,"volume":"0.06776651","buyTxId":"54ea13d96d89a904c57dd2ea57a339763c7d797b","sellTxId":"2c392349cd3fb0cce407424d88c3f947371da54f"}
{"index": {"_index":"beer","_id":"3803799"}}
	{"id":3803799,"type":"sell","buyer":"gaboamc2393","seller":"investinthefutur","symbol":"BEER","quantity":"12.57029388","price":"0.10600000","timestamp":1656510369,"volume":"1.33245115","buyTxId":"54ea13d96d89a904c57dd2ea57a339763c7d797b","sellTxId":"6745fe9baf5ae0d75b224bf360175c220d813358"}
{"index": {"_index":"beer","_id":"3804407"}}
	{"id":3804407,"type":"buy","buyer":"davidthompson57","seller":"master-lamps","symbol":"BEER","quantity":"0.01961037","price":"0.12289995","timestamp":1656517107,"volume":"0.00241011","buyTxId":"642cf354414e92aa02d8a2ddff631f9855ccace2","sellTxId":"ac85c1f4a9d6a36ec966dbf0c13f5e9e307571bd"}
{"index": {"_index":"beer","_id":"3804408"}}
	{"id":3804408,"type":"buy","buyer":"davidthompson57","seller":"onlydoge","symbol":"BEER","quantity":"40.66387217","price":"0.12290000","timestamp":1656517107,"volume":"4.99758989","buyTxId":"642cf354414e92aa02d8a2ddff631f9855ccace2","sellTxId":"6596a6a700246ca9a1db5fcbc1183cbea0dbb895"}
{"index": {"_index":"beer","_id":"3805447"}}
	{"id":3805447,"type":"buy","buyer":"dswap","seller":"onlydoge","symbol":"BEER","quantity":"1.24988543","price":"0.12290000","timestamp":1656527919,"volume":"0.15361092","buyTxId":"107b2ee2585923d1029f377d364815d939897443","sellTxId":"6596a6a700246ca9a1db5fcbc1183cbea0dbb895"}
{"index": {"_index":"beer","_id":"3805593"}}
	{"id":3805593,"type":"sell","buyer":"gaboamc2393","seller":"discohedge","symbol":"BEER","quantity":"0.88525042","price":"0.10600000","timestamp":1656529800,"volume":"0.09383654","buyTxId":"54ea13d96d89a904c57dd2ea57a339763c7d797b","sellTxId":"718f35fe346bc730ebbbf411d57b1f4dfefb78bb"}
{"index": {"_index":"beer","_id":"3805780"}}
	{"id":3805780,"type":"sell","buyer":"gaboamc2393","seller":"crypto-futurist","symbol":"BEER","quantity":"0.00100000","price":"0.10600000","timestamp":1656532635,"volume":"0.00010600","buyTxId":"54ea13d96d89a904c57dd2ea57a339763c7d797b","sellTxId":"3c727f1cb642fc76c7915f1cde0050194d841a70"}
{"index": {"_index":"beer","_id":"3805994"}}
	{"id":3805994,"type":"sell","buyer":"gaboamc2393","seller":"enforcer48","symbol":"BEER","quantity":"0.17400000","price":"0.10600000","timestamp":1656535587,"volume":"0.01844400","buyTxId":"54ea13d96d89a904c57dd2ea57a339763c7d797b","sellTxId":"7815d4b5d4e4f1b39687cfd5ec9351fcd4b2a3e3"}
{"index": {"_index":"beer","_id":"3806058"}}
	{"id":3806058,"type":"sell","buyer":"gaboamc2393","seller":"michelmake","symbol":"BEER","quantity":"0.10312500","price":"0.10600000","timestamp":1656536439,"volume":"0.01093125","buyTxId":"54ea13d96d89a904c57dd2ea57a339763c7d797b","sellTxId":"adfbe6519070f3e6c36d5f92afa39e27366f3329"}
{"index": {"_index":"beer","_id":"3806715"}}
	{"id":3806715,"type":"sell","buyer":"gaboamc2393","seller":"poliwalt10","symbol":"BEER","quantity":"0.12800000","price":"0.10600000","timestamp":1656544599,"volume":"0.01356800","buyTxId":"54ea13d96d89a904c57dd2ea57a339763c7d797b","sellTxId":"3ef6b3b5b1f9c4455b9b83d8349bb7d159db8280"}
{"index": {"_index":"beer","_id":"3806846"}}
	{"id":3806846,"type":"sell","buyer":"gaboamc2393","seller":"mafia.wallet","symbol":"BEER","quantity":"0.027","price":"0.10600000","timestamp":1656545568,"volume":"0.00286200","buyTxId":"54ea13d96d89a904c57dd2ea57a339763c7d797b","sellTxId":"b63299a3f6920360e86ca6d9730a555ff07bac48-2"}
