{"index": {"_index":"beer","_id":"3655928"}}
	{"id":3655928,"type":"sell","buyer":"saulos","seller":"thinkrdotexe","symbol":"BEER","quantity":"10.0755138","price":"0.06100000","timestamp":1654909377,"volume":"0.61460634","buyTxId":"39ed5bc256da713e9683819a874ad2b16e69fc40","sellTxId":"03331827d3769cb8f148fb91eeb5c8a2e5bde22a"}
{"index": {"_index":"beer","_id":"3658751"}}
	{"id":3658751,"type":"buy","buyer":"reiseamateur","seller":"onlydoge","symbol":"BEER","quantity":"16.70160442","price":"0.07928000","timestamp":1654944696,"volume":"1.32410320","buyTxId":"5b41a4d449f4ae436c88f93c3ef10ecd718728b7","sellTxId":"685a35cfe028a0e9bfabb01c338de3c5f8ed4e8d"}
{"index": {"_index":"beer","_id":"3658752"}}
	{"id":3658752,"type":"buy","buyer":"reiseamateur","seller":"roger.remix","symbol":"BEER","quantity":"200.00000000","price":"0.07929000","timestamp":1654944696,"volume":"15.85800000","buyTxId":"5b41a4d449f4ae436c88f93c3ef10ecd718728b7","sellTxId":"045e43ab5d9363befef5f8513acc592ac9fdc579"}
{"index": {"_index":"beer","_id":"3658753"}}
	{"id":3658753,"type":"buy","buyer":"reiseamateur","seller":"master-lamps","symbol":"BEER","quantity":"0.07500000","price":"0.07933500","timestamp":1654944696,"volume":"0.00595013","buyTxId":"5b41a4d449f4ae436c88f93c3ef10ecd718728b7","sellTxId":"7d9063d678f218e5c49874166c9f2f72a33f0f98"}
{"index": {"_index":"beer","_id":"3658754"}}
	{"id":3658754,"type":"buy","buyer":"reiseamateur","seller":"roger.remix","symbol":"BEER","quantity":"263.79068177","price":"0.07933500","timestamp":1654944696,"volume":"20.92783374","buyTxId":"5b41a4d449f4ae436c88f93c3ef10ecd718728b7","sellTxId":"c08663330f8c698e91001f16a89786eed80a7ce2"}
{"index": {"_index":"beer","_id":"3658756"}}
	{"id":3658756,"type":"buy","buyer":"reiseamateur","seller":"roger.remix","symbol":"BEER","quantity":"19.70160442","price":"0.07933500","timestamp":1654944738,"volume":"1.56302679","buyTxId":"880571e277d90ace1db28f66138ee8c0f52225d0","sellTxId":"c08663330f8c698e91001f16a89786eed80a7ce2"}
{"index": {"_index":"beer","_id":"3658757"}}
	{"id":3658757,"type":"buy","buyer":"reiseamateur","seller":"roger.remix","symbol":"BEER","quantity":"179.29839558","price":"0.07935100","timestamp":1654944738,"volume":"14.22750699","buyTxId":"880571e277d90ace1db28f66138ee8c0f52225d0","sellTxId":"c181287c475b5b38a15e92379f1fcb65609dcb94"}
{"index": {"_index":"beer","_id":"3658761"}}
	{"id":3658761,"type":"buy","buyer":"reiseamateur","seller":"roger.remix","symbol":"BEER","quantity":"0.70160442","price":"0.07935100","timestamp":1654944810,"volume":"0.05567301","buyTxId":"532a82c1e38014a2295bf7dce0c95aa9f656caaa","sellTxId":"c181287c475b5b38a15e92379f1fcb65609dcb94"}
{"index": {"_index":"beer","_id":"3658762"}}
	{"id":3658762,"type":"buy","buyer":"reiseamateur","seller":"barmbo","symbol":"BEER","quantity":"40.62035082","price":"0.07950000","timestamp":1654944810,"volume":"3.22931789","buyTxId":"532a82c1e38014a2295bf7dce0c95aa9f656caaa","sellTxId":"0fa0bad0c001ea84256376f04d4bbb8ec5715c9a"}
{"index": {"_index":"beer","_id":"3658763"}}
	{"id":3658763,"type":"buy","buyer":"reiseamateur","seller":"kirstin","symbol":"BEER","quantity":"92.67804476","price":"0.07950000","timestamp":1654944810,"volume":"7.36790456","buyTxId":"532a82c1e38014a2295bf7dce0c95aa9f656caaa","sellTxId":"e02472d9e829213c4554fafd144f0c2731747d5d"}
{"index": {"_index":"beer","_id":"3658845"}}
	{"id":3658845,"type":"buy","buyer":"untzuntzuntz","seller":"kirstin","symbol":"BEER","quantity":"5.00000000","price":"0.07950000","timestamp":1654945695,"volume":"0.39750000","buyTxId":"5d3d21c35f355fd20631ddc515b74917a9b65ac2","sellTxId":"e02472d9e829213c4554fafd144f0c2731747d5d"}
{"index": {"_index":"beer","_id":"3659496"}}
	{"id":3659496,"type":"sell","buyer":"onlydoge","seller":"poliwalt10","symbol":"BEER","quantity":"0.12100000","price":"0.06102000","timestamp":1654952571,"volume":"0.00738342","buyTxId":"ac65fa080d9e35916fbbfd563b1fa52340d5506e","sellTxId":"585af684018a0ea392f6525d4dd02e7706a4f441"}
{"index": {"_index":"beer","_id":"3659913"}}
	{"id":3659913,"type":"sell","buyer":"onlydoge","seller":"natti","symbol":"BEER","quantity":"0.87400000","price":"0.06102000","timestamp":1654958100,"volume":"0.05333148","buyTxId":"ac65fa080d9e35916fbbfd563b1fa52340d5506e","sellTxId":"92582e469aae49f0b5e508230058ac10d74c8ac9"}
{"index": {"_index":"beer","_id":"3661534"}}
	{"id":3661534,"type":"sell","buyer":"onlydoge","seller":"iamalivechalleng","symbol":"BEER","quantity":"53.28201335","price":"0.06201000","timestamp":1654971879,"volume":"3.30401765","buyTxId":"b18cfb52da68eaeffd0115e34ff0c9b62d2b5dfe","sellTxId":"6fc482309a70f2d5e95235ea4013bbbcbefc5d28"}
{"index": {"_index":"beer","_id":"3661851"}}
	{"id":3661851,"type":"sell","buyer":"onlydoge","seller":"crypto-futurist","symbol":"BEER","quantity":"0.00100000","price":"0.06201000","timestamp":1654976379,"volume":"0.00006201","buyTxId":"b18cfb52da68eaeffd0115e34ff0c9b62d2b5dfe","sellTxId":"74dcfc2168d5719835b44a3a0fbbd98b9efbfd05"}
{"index": {"_index":"beer","_id":"3662051"}}
	{"id":3662051,"type":"buy","buyer":"mypathtofire","seller":"onlydoge","symbol":"BEER","quantity":"22.00000000","price":"0.07949000","timestamp":1654978869,"volume":"1.74878000","buyTxId":"486522d1078a50509488a09ba45b9703cc4d6711","sellTxId":"14fe50479dd4dd21a2efbe5af851c565c1056b4b"}
{"index": {"_index":"beer","_id":"3662052"}}
	{"id":3662052,"type":"sell","buyer":"onlydoge","seller":"flaxz","symbol":"BEER","quantity":"6.55027796","price":"0.06201000","timestamp":1654978872,"volume":"0.40618274","buyTxId":"b18cfb52da68eaeffd0115e34ff0c9b62d2b5dfe","sellTxId":"f2e6b4709c740ac717ed22ef26e470e8656a29af"}
{"index": {"_index":"beer","_id":"3662651"}}
	{"id":3662651,"type":"buy","buyer":"detlev","seller":"onlydoge","symbol":"BEER","quantity":"32.27701300","price":"0.07949000","timestamp":1654986570,"volume":"2.56569976","buyTxId":"23ab39f554a2cc7538719c1c93535b839d5f23d0","sellTxId":"14fe50479dd4dd21a2efbe5af851c565c1056b4b"}
{"index": {"_index":"beer","_id":"3662652"}}
	{"id":3662652,"type":"buy","buyer":"detlev","seller":"onlydoge","symbol":"BEER","quantity":"0.00000035","price":"0.07949000","timestamp":1654986597,"volume":"0.00000003","buyTxId":"45224ba6166de6c5ae039af9d197302634e24348","sellTxId":"14fe50479dd4dd21a2efbe5af851c565c1056b4b"}
{"index": {"_index":"beer","_id":"3662653"}}
	{"id":3662653,"type":"buy","buyer":"detlev","seller":"kirstin","symbol":"BEER","quantity":"317.16372037","price":"0.07950000","timestamp":1654986597,"volume":"25.21451577","buyTxId":"45224ba6166de6c5ae039af9d197302634e24348","sellTxId":"e02472d9e829213c4554fafd144f0c2731747d5d"}
{"index": {"_index":"beer","_id":"3662654"}}
	{"id":3662654,"type":"buy","buyer":"detlev","seller":"damla","symbol":"BEER","quantity":"0.07968628","price":"0.07950000","timestamp":1654986597,"volume":"0.00633506","buyTxId":"45224ba6166de6c5ae039af9d197302634e24348","sellTxId":"7def25acc6c24c5dbd795e9f349afa2426df9e11"}
{"index": {"_index":"beer","_id":"3662656"}}
	{"id":3662656,"type":"buy","buyer":"detlev","seller":"damla","symbol":"BEER","quantity":"0.00000121","price":"0.07950000","timestamp":1654986618,"volume":"0.00000010","buyTxId":"3503738d04b842ded1e93150a4383dad5619bd26","sellTxId":"7def25acc6c24c5dbd795e9f349afa2426df9e11"}
{"index": {"_index":"beer","_id":"3662657"}}
	{"id":3662657,"type":"buy","buyer":"detlev","seller":"tonytrillions","symbol":"BEER","quantity":"106.10757479","price":"0.08000000","timestamp":1654986618,"volume":"8.48860598","buyTxId":"3503738d04b842ded1e93150a4383dad5619bd26","sellTxId":"62c0403f0c50bdd3de173c8846e4c51671fb82c2"}
{"index": {"_index":"beer","_id":"3662658"}}
	{"id":3662658,"type":"buy","buyer":"detlev","seller":"tonytrillions","symbol":"BEER","quantity":"0.00000211","price":"0.08000000","timestamp":1654986642,"volume":"0.00000017","buyTxId":"af75745ff19bdbd9dd3986741951e984ee8b1af1","sellTxId":"62c0403f0c50bdd3de173c8846e4c51671fb82c2"}
{"index": {"_index":"beer","_id":"3662659"}}
	{"id":3662659,"type":"buy","buyer":"detlev","seller":"master-lamps","symbol":"BEER","quantity":"0.04349565","price":"0.08896370","timestamp":1654986642,"volume":"0.00386953","buyTxId":"af75745ff19bdbd9dd3986741951e984ee8b1af1","sellTxId":"0e35560677edb03ff50998b474b934743d01b585"}
{"index": {"_index":"beer","_id":"3662660"}}
	{"id":3662660,"type":"buy","buyer":"detlev","seller":"master-lamps","symbol":"BEER","quantity":"0.01500000","price":"0.08896370","timestamp":1654986642,"volume":"0.00133446","buyTxId":"af75745ff19bdbd9dd3986741951e984ee8b1af1","sellTxId":"40c97eba83efa4c09e529e64b637eada6127aa62"}
{"index": {"_index":"beer","_id":"3662661"}}
	{"id":3662661,"type":"buy","buyer":"detlev","seller":"master-lamps","symbol":"BEER","quantity":"0.26249724","price":"0.08896370","timestamp":1654986642,"volume":"0.02335273","buyTxId":"af75745ff19bdbd9dd3986741951e984ee8b1af1","sellTxId":"dd5a862bec511a2f67396ac4becc1594845a28ea"}
{"index": {"_index":"beer","_id":"3662663"}}
	{"id":3662663,"type":"buy","buyer":"detlev","seller":"master-lamps","symbol":"BEER","quantity":"0.00000276","price":"0.08896370","timestamp":1654986663,"volume":"0.00000025","buyTxId":"edb17bb751fd4cd61195a6208f4c62cb2af35973","sellTxId":"dd5a862bec511a2f67396ac4becc1594845a28ea"}
{"index": {"_index":"beer","_id":"3662665"}}
	{"id":3662665,"type":"buy","buyer":"detlev","seller":"blockchainleo","symbol":"BEER","quantity":"0.95070200","price":"0.08896375","timestamp":1654986687,"volume":"0.08457802","buyTxId":"4957627348fa2251128e790e037a11189a29dc32","sellTxId":"8983bd2dc12550d947689bd18c5c27b7d6e2ecb6"}
{"index": {"_index":"beer","_id":"3662668"}}
	{"id":3662668,"type":"buy","buyer":"detlev","seller":"blockchainleo","symbol":"BEER","quantity":"0.00000012","price":"0.08896375","timestamp":1654986708,"volume":"0.00000001","buyTxId":"d0052960f3aa81c99433e9e94aeeb8296631a25e","sellTxId":"8983bd2dc12550d947689bd18c5c27b7d6e2ecb6"}
{"index": {"_index":"beer","_id":"3662669"}}
	{"id":3662669,"type":"buy","buyer":"detlev","seller":"mytechtrail","symbol":"BEER","quantity":"0.24032188","price":"0.09521001","timestamp":1654986708,"volume":"0.02288105","buyTxId":"d0052960f3aa81c99433e9e94aeeb8296631a25e","sellTxId":"b1cbc381025ec1ef7b1622b49c749bd1372b21f9"}
{"index": {"_index":"beer","_id":"3662673"}}
	{"id":3662673,"type":"buy","buyer":"detlev","seller":"mytechtrail","symbol":"BEER","quantity":"0.00000062","price":"0.09521001","timestamp":1654986729,"volume":"0.00000006","buyTxId":"15cad6263177191ba0ce9902a4fe1c8903418858","sellTxId":"b1cbc381025ec1ef7b1622b49c749bd1372b21f9"}
{"index": {"_index":"beer","_id":"3662674"}}
	{"id":3662674,"type":"buy","buyer":"detlev","seller":"baconface","symbol":"BEER","quantity":"2.10928938","price":"0.10505670","timestamp":1654986729,"volume":"0.22159498","buyTxId":"15cad6263177191ba0ce9902a4fe1c8903418858","sellTxId":"7ccc09648b45c52ed4d2b8040248afb155b58ec5"}
{"index": {"_index":"beer","_id":"3662675"}}
	{"id":3662675,"type":"buy","buyer":"detlev","seller":"baconface","symbol":"BEER","quantity":"0.00000100","price":"0.10505670","timestamp":1654986759,"volume":"0.00000011","buyTxId":"e6ce8d5b2fce295a1707ffe7cd2832f346bb4935","sellTxId":"7ccc09648b45c52ed4d2b8040248afb155b58ec5"}
{"index": {"_index":"beer","_id":"3662678"}}
	{"id":3662678,"type":"buy","buyer":"detlev","seller":"baconface","symbol":"BEER","quantity":"0.00000012","price":"0.10505670","timestamp":1654986810,"volume":"0.00000001","buyTxId":"e2197eddbc32b5ee185ff9703942658e2b635eaa","sellTxId":"7ccc09648b45c52ed4d2b8040248afb155b58ec5"}
{"index": {"_index":"beer","_id":"3662679"}}
	{"id":3662679,"type":"buy","buyer":"detlev","seller":"camiloferrua","symbol":"BEER","quantity":"0.00000028","price":"0.11527000","timestamp":1654986810,"volume":"0.00000003","buyTxId":"e2197eddbc32b5ee185ff9703942658e2b635eaa","sellTxId":"ac2323a73229467027c45fa30d8e8e80f8d02b44"}
{"index": {"_index":"beer","_id":"3662680"}}
	{"id":3662680,"type":"buy","buyer":"detlev","seller":"master-lamps","symbol":"BEER","quantity":"0.01500000","price":"0.12599995","timestamp":1654986810,"volume":"0.00189000","buyTxId":"e2197eddbc32b5ee185ff9703942658e2b635eaa","sellTxId":"681c51a1bb963ad158d77dee2b317d77d11f0a19"}
{"index": {"_index":"beer","_id":"3662681"}}
	{"id":3662681,"type":"buy","buyer":"detlev","seller":"yintercept","symbol":"BEER","quantity":"0.46379360","price":"0.12599995","timestamp":1654986810,"volume":"0.05843797","buyTxId":"e2197eddbc32b5ee185ff9703942658e2b635eaa","sellTxId":"97d8df5b9ae5ace21bf43848b03f29a8b55ed228"}
{"index": {"_index":"beer","_id":"3662706"}}
	{"id":3662706,"type":"buy","buyer":"detlev","seller":"yintercept","symbol":"BEER","quantity":"0.00000113","price":"0.12599995","timestamp":1654986834,"volume":"0.00000014","buyTxId":"c6eba3b5d8f92c07d4448bb7d085a406b08f5c85","sellTxId":"97d8df5b9ae5ace21bf43848b03f29a8b55ed228"}
{"index": {"_index":"beer","_id":"3662707"}}
	{"id":3662707,"type":"buy","buyer":"detlev","seller":"droida","symbol":"BEER","quantity":"51.81200787","price":"0.12599996","timestamp":1654986834,"volume":"6.52831092","buyTxId":"c6eba3b5d8f92c07d4448bb7d085a406b08f5c85","sellTxId":"6bb0d9f9c48ad87903a4b268877e8c76566a9471"}
{"index": {"_index":"beer","_id":"3662709"}}
	{"id":3662709,"type":"buy","buyer":"detlev","seller":"droida","symbol":"BEER","quantity":"0.00000171","price":"0.12599996","timestamp":1654986861,"volume":"0.00000022","buyTxId":"1b721af3e15d46e97f8abc34f929ea00951da13d","sellTxId":"6bb0d9f9c48ad87903a4b268877e8c76566a9471"}
{"index": {"_index":"beer","_id":"3662710"}}
	{"id":3662710,"type":"buy","buyer":"detlev","seller":"wine-cellar","symbol":"BEER","quantity":"100.00599829","price":"0.12599997","timestamp":1654986861,"volume":"12.60075278","buyTxId":"1b721af3e15d46e97f8abc34f929ea00951da13d","sellTxId":"4ecc011a8f691a7976a852ea6a83cfb22b49668f"}
{"index": {"_index":"beer","_id":"3663048"}}
	{"id":3663048,"type":"sell","buyer":"detlev","seller":"mima2606","symbol":"BEER","quantity":"1.25419262","price":"0.12000000","timestamp":1654990011,"volume":"0.15050311","buyTxId":"8b05cfd63e128257c8122f293e36e3986f47968f","sellTxId":"21070799d639fa17f587806c8302bfb5198b63be"}
{"index": {"_index":"beer","_id":"3663061"}}
	{"id":3663061,"type":"sell","buyer":"detlev","seller":"danewilliams","symbol":"BEER","quantity":"0.11900000","price":"0.12000000","timestamp":1654990194,"volume":"0.01428000","buyTxId":"8b05cfd63e128257c8122f293e36e3986f47968f","sellTxId":"4a803cbf245e8c0ed3eb0c37561eee49ba7f1120"}
{"index": {"_index":"beer","_id":"3663204"}}
	{"id":3663204,"type":"sell","buyer":"detlev","seller":"steem82868","symbol":"BEER","quantity":"0.11713422","price":"0.12000000","timestamp":1654992000,"volume":"0.01405611","buyTxId":"8b05cfd63e128257c8122f293e36e3986f47968f","sellTxId":"2c6a5c15520c4478ec47008bc5b9059b65485625"}
{"index": {"_index":"beer","_id":"3663442"}}
	{"id":3663442,"type":"sell","buyer":"detlev","seller":"whiteboy1234","symbol":"BEER","quantity":"0.50967316","price":"0.12000000","timestamp":1654995168,"volume":"0.06116078","buyTxId":"8b05cfd63e128257c8122f293e36e3986f47968f","sellTxId":"92ff1ae3d9533adf6dcf07d38e3515acd81ebd58"}
{"index": {"_index":"beer","_id":"3663443"}}
	{"id":3663443,"type":"sell","buyer":"detlev","seller":"whiteboy1234","symbol":"BEER","quantity":"24.33362025","price":"0.11080000","timestamp":1654995168,"volume":"2.69616512","buyTxId":"60d67c3d5e216ec91a959d6cdb7b440131615963","sellTxId":"92ff1ae3d9533adf6dcf07d38e3515acd81ebd58"}
