{"index": {"_index":"beer","_id":"2977094"}}
	{"id":2977094,"type":"buy","buyer":"dswap","seller":"master-lamps","symbol":"BEER","quantity":"15.49128264","price":"0.18999991","timestamp":1647322032,"volume":"2.94334231","buyTxId":"641dcefdffc45d9ed3c46d6066339940a5ff349b","sellTxId":"be37cfacfe84c582167813b935a5fd7c253131ca"}
{"index": {"_index":"beer","_id":"2977095"}}
	{"id":2977095,"type":"buy","buyer":"dswap","seller":"princekham","symbol":"BEER","quantity":"0.33250000","price":"0.18999997","timestamp":1647322032,"volume":"0.06317499","buyTxId":"641dcefdffc45d9ed3c46d6066339940a5ff349b","sellTxId":"ab86d7a920fc03b1c2f28479a450a0c91257d0bf"}
{"index": {"_index":"beer","_id":"2977096"}}
	{"id":2977096,"type":"buy","buyer":"dswap","seller":"marketroll","symbol":"BEER","quantity":"4.17622517","price":"0.18999998","timestamp":1647322032,"volume":"0.79348270","buyTxId":"641dcefdffc45d9ed3c46d6066339940a5ff349b","sellTxId":"5b6beb6916649d0e9e948277c5f12fb071fba787"}
{"index": {"_index":"beer","_id":"2977140"}}
	{"id":2977140,"type":"sell","buyer":"master-lamps","seller":"mafia.wallet","symbol":"BEER","quantity":"0.028","price":"0.13070001","timestamp":1647322824,"volume":"0.00365960","buyTxId":"586d3004ae08689c9afe540fb76506c0dd97d7d4","sellTxId":"2587ba80dfca0ad9d9a31234b62b7ca233e6588a-2"}
{"index": {"_index":"beer","_id":"2977322"}}
	{"id":2977322,"type":"sell","buyer":"master-lamps","seller":"cursephantom","symbol":"BEER","quantity":"0.06250000","price":"0.13070001","timestamp":1647325386,"volume":"0.00816875","buyTxId":"586d3004ae08689c9afe540fb76506c0dd97d7d4","sellTxId":"6580b13602557f03db286d12e4a8f866599b857a"}
{"index": {"_index":"beer","_id":"2978405"}}
	{"id":2978405,"type":"sell","buyer":"master-lamps","seller":"dswap","symbol":"BEER","quantity":"17.5188","price":"0.13070001","timestamp":1647342894,"volume":"2.28970734","buyTxId":"586d3004ae08689c9afe540fb76506c0dd97d7d4","sellTxId":"c64435eecb1cbcb4437e2aa47783448df4656aa0"}
{"index": {"_index":"beer","_id":"2978887"}}
	{"id":2978887,"type":"buy","buyer":"master-lamps","seller":"itharagaian","symbol":"BEER","quantity":"0.01362500","price":"0.13070018","timestamp":1647349059,"volume":"0.00178079","buyTxId":"f7bbfd8de1aff225c19edfe17b96a945266bd190","sellTxId":"1222783c1e1225e8cd2ee62bfdb2238c9477268f"}
{"index": {"_index":"beer","_id":"2979218"}}
	{"id":2979218,"type":"sell","buyer":"master-lamps","seller":"wishmaiden","symbol":"BEER","quantity":"0.10000000","price":"0.13070001","timestamp":1647353892,"volume":"0.01307000","buyTxId":"586d3004ae08689c9afe540fb76506c0dd97d7d4","sellTxId":"4177e8f4d704b3188127ebdafacd92a655dcd1bb"}
{"index": {"_index":"beer","_id":"2980181"}}
	{"id":2980181,"type":"sell","buyer":"master-lamps","seller":"rynow","symbol":"BEER","quantity":"4.81053230","price":"0.13070001","timestamp":1647363483,"volume":"0.62873662","buyTxId":"586d3004ae08689c9afe540fb76506c0dd97d7d4","sellTxId":"4e6688a1c9a9179767c73f156fa9be8ec4149835"}
{"index": {"_index":"beer","_id":"2980182"}}
	{"id":2980182,"type":"sell","buyer":"lauwarm","seller":"rynow","symbol":"BEER","quantity":"2.41098650","price":"0.13070001","timestamp":1647363483,"volume":"0.31511596","buyTxId":"4b3503bd211e224e7ebf0fa4248c44757adc65d7","sellTxId":"4e6688a1c9a9179767c73f156fa9be8ec4149835"}
{"index": {"_index":"beer","_id":"2980183"}}
	{"id":2980183,"type":"sell","buyer":"gaboamc2393","seller":"rynow","symbol":"BEER","quantity":"5.77848120","price":"0.13070000","timestamp":1647363483,"volume":"0.75524749","buyTxId":"b06d34b910b42ba00f0eb15bd483cc1cbb47e920","sellTxId":"4e6688a1c9a9179767c73f156fa9be8ec4149835"}
{"index": {"_index":"beer","_id":"2980364"}}
	{"id":2980364,"type":"sell","buyer":"gaboamc2393","seller":"ryanth17","symbol":"BEER","quantity":"3.14168277","price":"0.13070000","timestamp":1647365241,"volume":"0.41061794","buyTxId":"b06d34b910b42ba00f0eb15bd483cc1cbb47e920","sellTxId":"3d0fa0069d4c9dcc276b43474d8611e2b82c62b6"}
{"index": {"_index":"beer","_id":"2981357"}}
	{"id":2981357,"type":"sell","buyer":"gaboamc2393","seller":"mima2606","symbol":"BEER","quantity":"2.80179079","price":"0.13070000","timestamp":1647375561,"volume":"0.36619406","buyTxId":"b06d34b910b42ba00f0eb15bd483cc1cbb47e920","sellTxId":"3e499dd567d42c77d9c2d31c6e967017114aad17"}
{"index": {"_index":"beer","_id":"2981976"}}
	{"id":2981976,"type":"sell","buyer":"idmr500","seller":"balte","symbol":"BEER","quantity":"5.00000000","price":"0.13120000","timestamp":1647382857,"volume":"0.65600000","buyTxId":"83a59b32f09fe4d72e5be453dfba3f2ba6dcaf99","sellTxId":"faee467d49f6d61339d6239586c9704b803ca31f"}
{"index": {"_index":"beer","_id":"2981977"}}
	{"id":2981977,"type":"sell","buyer":"harveyword","seller":"balte","symbol":"BEER","quantity":"10.00000000","price":"0.13100000","timestamp":1647382857,"volume":"1.31000000","buyTxId":"e5e5d1bbaec7106298e6f50c8a664bdf904768fa","sellTxId":"faee467d49f6d61339d6239586c9704b803ca31f"}
{"index": {"_index":"beer","_id":"2981978"}}
	{"id":2981978,"type":"sell","buyer":"gaboamc2393","seller":"balte","symbol":"BEER","quantity":"8.27804524","price":"0.13070000","timestamp":1647382857,"volume":"1.08194051","buyTxId":"b06d34b910b42ba00f0eb15bd483cc1cbb47e920","sellTxId":"faee467d49f6d61339d6239586c9704b803ca31f"}
{"index": {"_index":"beer","_id":"2981979"}}
	{"id":2981979,"type":"sell","buyer":"chaoabunga","seller":"balte","symbol":"BEER","quantity":"12.72195476","price":"0.13056900","timestamp":1647382857,"volume":"1.66109291","buyTxId":"91a5f4b583d2f3df20495b87a8fde4c857d1b62e","sellTxId":"faee467d49f6d61339d6239586c9704b803ca31f"}
{"index": {"_index":"beer","_id":"2982141"}}
	{"id":2982141,"type":"sell","buyer":"chaoabunga","seller":"mafia.wallet","symbol":"BEER","quantity":"0.028","price":"0.13056900","timestamp":1647384783,"volume":"0.00365593","buyTxId":"91a5f4b583d2f3df20495b87a8fde4c857d1b62e","sellTxId":"a12890b7c38849b6c98628b206351380febe1160-3"}
{"index": {"_index":"beer","_id":"2982375"}}
	{"id":2982375,"type":"sell","buyer":"edkarnie","seller":"kevm","symbol":"BEER","quantity":"1.25","price":"0.13100000","timestamp":1647387696,"volume":"0.16375000","buyTxId":"c6a4455da6e97240dc3187b3a72fd5facf8c2d28","sellTxId":"a1d84a21b28b557e0d1e8b2d28d70d20a926b8d8"}
{"index": {"_index":"beer","_id":"2982855"}}
	{"id":2982855,"type":"sell","buyer":"edkarnie","seller":"steemstreems","symbol":"BEER","quantity":"0.01","price":"0.13100000","timestamp":1647393963,"volume":"0.00131000","buyTxId":"c6a4455da6e97240dc3187b3a72fd5facf8c2d28","sellTxId":"79e1c33dafb32fefd4b6a2993ad9e6dd09feffcf"}
