{"index": {"_index":"beer","_id":"2737126"}}
	{"id":2737126,"type":"sell","buyer":"hive.phyowinkoko","seller":"steem.services","symbol":"BEER","quantity":"2.013","price":"0.12300000","timestamp":1644359736,"volume":"0.24759900","buyTxId":"fdad48a1b49917d759ac7ba4c22a7890edd7a8f8","sellTxId":"9f9a757e5d8e9163d17c2bf16674920fa462ea8e"}
{"index": {"_index":"beer","_id":"2737743"}}
	{"id":2737743,"type":"sell","buyer":"hive.phyowinkoko","seller":"evernoticethat","symbol":"BEER","quantity":"0.28800000","price":"0.12300000","timestamp":1644367461,"volume":"0.03542400","buyTxId":"fdad48a1b49917d759ac7ba4c22a7890edd7a8f8","sellTxId":"2e44f24b63a5600d376e832e13ab6493dd2a7609"}
{"index": {"_index":"beer","_id":"2737941"}}
	{"id":2737941,"type":"sell","buyer":"hive.phyowinkoko","seller":"steemstreems","symbol":"BEER","quantity":"0.005","price":"0.12300000","timestamp":1644369984,"volume":"0.00061500","buyTxId":"fdad48a1b49917d759ac7ba4c22a7890edd7a8f8","sellTxId":"bc35bd845cb9c686a6c45d0755d793ebe07afcaa"}
{"index": {"_index":"beer","_id":"2739450"}}
	{"id":2739450,"type":"sell","buyer":"hive.phyowinkoko","seller":"fredfettmeister","symbol":"BEER","quantity":"2.00000000","price":"0.12300000","timestamp":1644393891,"volume":"0.24600000","buyTxId":"fdad48a1b49917d759ac7ba4c22a7890edd7a8f8","sellTxId":"77d058fc027ebb5de40131ad99e869990c63a869"}
{"index": {"_index":"beer","_id":"2739486"}}
	{"id":2739486,"type":"sell","buyer":"hive.phyowinkoko","seller":"alexanderfluke","symbol":"BEER","quantity":"0.01250000","price":"0.12300000","timestamp":1644394269,"volume":"0.00153750","buyTxId":"fdad48a1b49917d759ac7ba4c22a7890edd7a8f8","sellTxId":"510529f80206f65ed4360884299e914564c58960"}
{"index": {"_index":"beer","_id":"2739902"}}
	{"id":2739902,"type":"sell","buyer":"hive.phyowinkoko","seller":"itharagaian","symbol":"BEER","quantity":"0.00100000","price":"0.12300000","timestamp":1644400854,"volume":"0.00012300","buyTxId":"fdad48a1b49917d759ac7ba4c22a7890edd7a8f8","sellTxId":"4cf79ea61e6e775577e50e1d2464662383b0d1a9"}
{"index": {"_index":"beer","_id":"2740150"}}
	{"id":2740150,"type":"sell","buyer":"hive.phyowinkoko","seller":"lrekt01","symbol":"BEER","quantity":"0.01100000","price":"0.12300000","timestamp":1644404841,"volume":"0.00135300","buyTxId":"fdad48a1b49917d759ac7ba4c22a7890edd7a8f8","sellTxId":"f4516d77edcc49313cd55800c9c1cfd3744745a8"}
{"index": {"_index":"beer","_id":"2740772"}}
	{"id":2740772,"type":"sell","buyer":"hive.phyowinkoko","seller":"monsterjamgold","symbol":"BEER","quantity":"0.24000000","price":"0.12300000","timestamp":1644413679,"volume":"0.02952000","buyTxId":"fdad48a1b49917d759ac7ba4c22a7890edd7a8f8","sellTxId":"2ce2098bae98f5b11578af2c53a28d36062ba2ff"}
{"index": {"_index":"beer","_id":"2740938"}}
	{"id":2740938,"type":"sell","buyer":"hive.phyowinkoko","seller":"phortun","symbol":"BEER","quantity":"0.46506411","price":"0.12300000","timestamp":1644415410,"volume":"0.05720289","buyTxId":"fdad48a1b49917d759ac7ba4c22a7890edd7a8f8","sellTxId":"4e2de22d3ff9e63af3ef35712af23e826b6b744b"}
{"index": {"_index":"beer","_id":"2741737"}}
	{"id":2741737,"type":"sell","buyer":"hive.phyowinkoko","seller":"sublimjester","symbol":"BEER","quantity":"3.56381353","price":"0.12300000","timestamp":1644424098,"volume":"0.43834906","buyTxId":"fdad48a1b49917d759ac7ba4c22a7890edd7a8f8","sellTxId":"31dfc259a77076b84d11cbfb5c3bee164c7a73ab"}
{"index": {"_index":"beer","_id":"2742200"}}
	{"id":2742200,"type":"buy","buyer":"nicklewis","seller":"master-lamps","symbol":"BEER","quantity":"0.41659800","price":"0.19999999","timestamp":1644428322,"volume":"0.08331960","buyTxId":"ed024cd87fb3da2bdee490268be6a1b168ed4d08","sellTxId":"2d7643122a96ee9067c63529e16fd007aa819511"}
{"index": {"_index":"beer","_id":"2742570"}}
	{"id":2742570,"type":"sell","buyer":"hive.phyowinkoko","seller":"holybread","symbol":"BEER","quantity":"0.02500000","price":"0.12300000","timestamp":1644431715,"volume":"0.00307500","buyTxId":"fdad48a1b49917d759ac7ba4c22a7890edd7a8f8","sellTxId":"1e28630b2fd919fe8c6b188b6fa99a9491d91b93"}
{"index": {"_index":"beer","_id":"2743318"}}
	{"id":2743318,"type":"sell","buyer":"hive.phyowinkoko","seller":"fantasycrypto","symbol":"BEER","quantity":"0.50800000","price":"0.12300000","timestamp":1644440097,"volume":"0.06248400","buyTxId":"fdad48a1b49917d759ac7ba4c22a7890edd7a8f8","sellTxId":"c2d6c4c52000651ba3ddd70d5f8c95eed28bcb7e"}
{"index": {"_index":"beer","_id":"2743816"}}
	{"id":2743816,"type":"sell","buyer":"hive.phyowinkoko","seller":"magnacarta","symbol":"BEER","quantity":"3.10633925","price":"0.12300000","timestamp":1644442830,"volume":"0.38207973","buyTxId":"fdad48a1b49917d759ac7ba4c22a7890edd7a8f8","sellTxId":"e477089abfb2a7d5b2f8354265c5a5641343ce86"}
{"index": {"_index":"beer","_id":"2744085"}}
	{"id":2744085,"type":"sell","buyer":"hive.phyowinkoko","seller":"steemstreems","symbol":"BEER","quantity":"0.005","price":"0.12300000","timestamp":1644445872,"volume":"0.00061500","buyTxId":"fdad48a1b49917d759ac7ba4c22a7890edd7a8f8","sellTxId":"dc9df2fa6c6259ac7c48734e405dd3e5b48153ca"}
