{"index": {"_index":"beer","_id":"1957140"}}
	{"id":1957140,"type":"sell","buyer":"roger.remix","seller":"steemstreems","symbol":"BEER","quantity":"0.021","price":"0.10635001","timestamp":1636691742,"volume":"0.00223335","buyTxId":"33ca1c4e4b41e6f7d5b602cfd926efc5dc09abb5","sellTxId":"dc6641a6d1cd60057dc0233c083fde4f6f557d1e"}
{"index": {"_index":"beer","_id":"1958663"}}
	{"id":1958663,"type":"sell","buyer":"roger.remix","seller":"itharagaian","symbol":"BEER","quantity":"0.00200000","price":"0.10635001","timestamp":1636702620,"volume":"0.00021270","buyTxId":"33ca1c4e4b41e6f7d5b602cfd926efc5dc09abb5","sellTxId":"271214213ef31e775a3bd30840915f5d501f89a9"}
{"index": {"_index":"beer","_id":"1958664"}}
	{"id":1958664,"type":"sell","buyer":"roger.remix","seller":"globetrottergcc","symbol":"BEER","quantity":"5.65941762","price":"0.10635001","timestamp":1636702623,"volume":"0.60187912","buyTxId":"33ca1c4e4b41e6f7d5b602cfd926efc5dc09abb5","sellTxId":"71dc9235d033cc545ebefa7a1ee767ec891c9e8e"}
{"index": {"_index":"beer","_id":"1958671"}}
	{"id":1958671,"type":"sell","buyer":"cloudblade","seller":"globetrottergcc","symbol":"BEER","quantity":"40.24327016","price":"0.10635000","timestamp":1636702653,"volume":"4.27987178","buyTxId":"398736b10ae449ad3d03ec7ba743dc4a7dbbefec","sellTxId":"61440e590e3522cdc0eaf31f147ee0d8bd561a11"}
{"index": {"_index":"beer","_id":"1958714"}}
	{"id":1958714,"type":"sell","buyer":"cloudblade","seller":"globetrottergcc","symbol":"BEER","quantity":"7.97025772","price":"0.10634000","timestamp":1636703256,"volume":"0.84755721","buyTxId":"133570b4879c5db0d4c3bb17fcfac6a9cfc7f323","sellTxId":"e643d52bdc838ef44a1d54a7b4de1a130400fbcb"}
{"index": {"_index":"beer","_id":"1958741"}}
	{"id":1958741,"type":"sell","buyer":"cloudblade","seller":"fusion.lover","symbol":"BEER","quantity":"0.83782720","price":"0.10634000","timestamp":1636703418,"volume":"0.08909454","buyTxId":"133570b4879c5db0d4c3bb17fcfac6a9cfc7f323","sellTxId":"f0a84db2175398d0b87aa103511de23fbf6a181a"}
{"index": {"_index":"beer","_id":"1959504"}}
	{"id":1959504,"type":"sell","buyer":"cloudblade","seller":"elevator09","symbol":"BEER","quantity":"0.12400000","price":"0.10634000","timestamp":1636710063,"volume":"0.01318616","buyTxId":"133570b4879c5db0d4c3bb17fcfac6a9cfc7f323","sellTxId":"3c74e80e16c1e05eaed982c998ce695dfe989c60"}
{"index": {"_index":"beer","_id":"1959769"}}
	{"id":1959769,"type":"buy","buyer":"detlev","seller":"snaj525","symbol":"BEER","quantity":"5.00000000","price":"0.14000000","timestamp":1636712601,"volume":"0.70000000","buyTxId":"81950fb2b54ab7c99973361dd79610c966fea2f2","sellTxId":"11992a31a1d015788fa8d44c66660d35c4b80e2c"}
{"index": {"_index":"beer","_id":"1959773"}}
	{"id":1959773,"type":"buy","buyer":"detlev","seller":"lologom","symbol":"BEER","quantity":"8.74130000","price":"0.14849000","timestamp":1636712628,"volume":"1.29799564","buyTxId":"98d581da25f92b79c45edc5ded809cf70387f8ba","sellTxId":"62f29140c414dfc65f2c05349ad6766d656cfc61"}
{"index": {"_index":"beer","_id":"1959777"}}
	{"id":1959777,"type":"buy","buyer":"detlev","seller":"libertycrypto27","symbol":"BEER","quantity":"9.76000000","price":"0.14870000","timestamp":1636712670,"volume":"1.45131200","buyTxId":"1b199eb957565c6c30b967d1d25c7c406408172f","sellTxId":"795ae67e8b12dc03f9cef785c7425b62a0c2d2c6"}
{"index": {"_index":"beer","_id":"1959809"}}
	{"id":1959809,"type":"buy","buyer":"fon","seller":"marfonso","symbol":"BEER","quantity":"0.92798931","price":"0.14879999","timestamp":1636712928,"volume":"0.13808480","buyTxId":"36ac940b622a73b700b3c1fafc17c7db2b7224cb","sellTxId":"cbc21f202cd6897085812a24595e143d5ee0b787"}
{"index": {"_index":"beer","_id":"1959811"}}
	{"id":1959811,"type":"buy","buyer":"fon","seller":"cloudblade","symbol":"BEER","quantity":"27.98192816","price":"0.14880000","timestamp":1636712949,"volume":"4.16371091","buyTxId":"da2e2cf6f45152d3e96bbd23867e524425ecc5f8","sellTxId":"407bc8a128912f564d319fef45e03377460f6bbe"}
{"index": {"_index":"beer","_id":"1959814"}}
	{"id":1959814,"type":"buy","buyer":"fon","seller":"foodiess","symbol":"BEER","quantity":"7.28926970","price":"0.15000000","timestamp":1636712970,"volume":"1.09339046","buyTxId":"60e3a2d82ccb6584dee932dd39d6cea690e5c18f","sellTxId":"1aad2a726d4c1293d4048dc4ac326209101dbf8e"}
{"index": {"_index":"beer","_id":"1960296"}}
	{"id":1960296,"type":"sell","buyer":"fon","seller":"cloudblade","symbol":"BEER","quantity":"22.50000000","price":"0.13634000","timestamp":1636717854,"volume":"3.06765000","buyTxId":"670ff3e8588755033940851f8a9e54caf2d1c5f1","sellTxId":"b29689bd9ae17ab8bf83057f8fcec5c4c1202373"}
{"index": {"_index":"beer","_id":"1960297"}}
	{"id":1960297,"type":"sell","buyer":"enthef","seller":"cloudblade","symbol":"BEER","quantity":"1.00000000","price":"0.13634000","timestamp":1636717854,"volume":"0.13634000","buyTxId":"30fadacfb45b2bd063e630dbd4eeff237534af18","sellTxId":"b29689bd9ae17ab8bf83057f8fcec5c4c1202373"}
{"index": {"_index":"beer","_id":"1960419"}}
	{"id":1960419,"type":"sell","buyer":"cloudblade","seller":"raqraq","symbol":"BEER","quantity":"0.41250000","price":"0.10633000","timestamp":1636718607,"volume":"0.04386113","buyTxId":"e7c0905859879539e707318117c7bbd8be187daf","sellTxId":"3c817a66c37ca799f58cffd01158812efe00ed9a"}
{"index": {"_index":"beer","_id":"1960561"}}
	{"id":1960561,"type":"buy","buyer":"fon","seller":"cloudblade","symbol":"BEER","quantity":"89.00000000","price":"0.14979000","timestamp":1636719519,"volume":"13.33131000","buyTxId":"e17f288ce059e4af1510db7502636e98972c9406","sellTxId":"0ce86a03298be1b46c2d9881edeef8394df0a5d7"}
{"index": {"_index":"beer","_id":"1960572"}}
	{"id":1960572,"type":"buy","buyer":"fon","seller":"cloudblade","symbol":"BEER","quantity":"60.00000000","price":"0.14980000","timestamp":1636719621,"volume":"8.98800000","buyTxId":"6eb69c0ed4d1c6632b905eb9be8c59cc0d71c2cf","sellTxId":"cffd5ce567101d90b9075d009aa7cc32f37008d5"}
{"index": {"_index":"beer","_id":"1960574"}}
	{"id":1960574,"type":"buy","buyer":"fon","seller":"elikast","symbol":"BEER","quantity":"10.00000000","price":"0.15000000","timestamp":1636719654,"volume":"1.50000000","buyTxId":"d8193b960e836c4b38ca9ba9fa7b6321dd1e94b1","sellTxId":"e0c3a3717151fc42829fb285bccd81a478e74e05"}
{"index": {"_index":"beer","_id":"1960583"}}
	{"id":1960583,"type":"buy","buyer":"fon","seller":"exator","symbol":"BEER","quantity":"3.00000000","price":"0.15800000","timestamp":1636719738,"volume":"0.47400000","buyTxId":"aa84e0e10d343723ab2b9be370ea838e192275c7","sellTxId":"011e4ba6d8816f927e9bb62061f3d43547263351"}
{"index": {"_index":"beer","_id":"1960585"}}
	{"id":1960585,"type":"buy","buyer":"fon","seller":"kushtia","symbol":"BEER","quantity":"0.04360021","price":"0.15965000","timestamp":1636719759,"volume":"0.00696077","buyTxId":"0a0fb611eecc20b724e64b483c53f4d9487b32ec","sellTxId":"08e2d769b79206192525c1e54e17c92796de8da2"}
{"index": {"_index":"beer","_id":"1960608"}}
	{"id":1960608,"type":"buy","buyer":"coolsurfer","seller":"roger.remix","symbol":"BEER","quantity":"0.10000000","price":"0.16997900","timestamp":1636719972,"volume":"0.01699790","buyTxId":"853da16552f1b5f1df07afe5bc524b0479cc73f5","sellTxId":"544977d0b84d1fe9b26f671b6a776e5b6ef32bca"}
{"index": {"_index":"beer","_id":"1961241"}}
	{"id":1961241,"type":"sell","buyer":"coolsurfer","seller":"candy49","symbol":"BEER","quantity":"0.07500000","price":"0.16200000","timestamp":1636725999,"volume":"0.01215000","buyTxId":"792da7aa853786e0de17ad920760aef28888a54f","sellTxId":"69460bbe29e85352fd46dddd6c64b9f4e484878f"}
{"index": {"_index":"beer","_id":"1961727"}}
	{"id":1961727,"type":"buy","buyer":"muscara","seller":"roger.remix","symbol":"BEER","quantity":"99.90000000","price":"0.16997900","timestamp":1636729605,"volume":"16.98090210","buyTxId":"48e6db3fcadda9c4913e1b9ae047830fdd93e86b","sellTxId":"544977d0b84d1fe9b26f671b6a776e5b6ef32bca"}
{"index": {"_index":"beer","_id":"1962337"}}
	{"id":1962337,"type":"sell","buyer":"muscara","seller":"runningproject","symbol":"BEER","quantity":"0.10000000","price":"0.16997900","timestamp":1636733373,"volume":"0.01699790","buyTxId":"48e6db3fcadda9c4913e1b9ae047830fdd93e86b","sellTxId":"99eca3503057bca046131b041e04261aa6fa1071"}
{"index": {"_index":"beer","_id":"1962346"}}
	{"id":1962346,"type":"sell","buyer":"coolsurfer","seller":"runningproject","symbol":"BEER","quantity":"0.72500000","price":"0.16200000","timestamp":1636733466,"volume":"0.11745000","buyTxId":"792da7aa853786e0de17ad920760aef28888a54f","sellTxId":"0b46f741603a42a1a0392e2db5bfbf53471d4e77"}
{"index": {"_index":"beer","_id":"1962352"}}
	{"id":1962352,"type":"sell","buyer":"fon","seller":"runningproject","symbol":"BEER","quantity":"6.87878172","price":"0.15300000","timestamp":1636733508,"volume":"1.05245360","buyTxId":"2ef63aa2f3102bd9e25086908ba41c1777b61a3e","sellTxId":"8a37bc7e6d2d0d7ba1c029f52c6c4838d2692d33"}
{"index": {"_index":"beer","_id":"1962801"}}
	{"id":1962801,"type":"sell","buyer":"fon","seller":"cloudblade","symbol":"BEER","quantity":"97.12121828","price":"0.15300000","timestamp":1636736739,"volume":"14.85954640","buyTxId":"2ef63aa2f3102bd9e25086908ba41c1777b61a3e","sellTxId":"78d13b07fcc7e19e688292429f3ebf760287681f"}
{"index": {"_index":"beer","_id":"1964234"}}
	{"id":1964234,"type":"buy","buyer":"detlev","seller":"lookplz","symbol":"BEER","quantity":"1.00000000","price":"0.16800000","timestamp":1636745199,"volume":"0.16800000","buyTxId":"540e1b1dc5e47cc0d1c82c97bfc7c265e6f6bdfd","sellTxId":"76ca6e01dfe69ddde960c721ea3667cc608d02bf"}
{"index": {"_index":"beer","_id":"1964245"}}
	{"id":1964245,"type":"sell","buyer":"fon","seller":"thatcryptodave","symbol":"BEER","quantity":"1.09900000","price":"0.13463300","timestamp":1636745283,"volume":"0.14796167","buyTxId":"2e5197d49477e5108c32b6d2da20bc7fb8beb8b2","sellTxId":"63c17bdda5198fd6e06eaaf3c7e15d53ecb7139b"}
{"index": {"_index":"beer","_id":"1964407"}}
	{"id":1964407,"type":"sell","buyer":"fon","seller":"jjprac","symbol":"BEER","quantity":"0.67439900","price":"0.13463300","timestamp":1636746642,"volume":"0.09079636","buyTxId":"2e5197d49477e5108c32b6d2da20bc7fb8beb8b2","sellTxId":"eb914a7a29200af66bcba0ff6b124225266e9232"}
{"index": {"_index":"beer","_id":"1964532"}}
	{"id":1964532,"type":"buy","buyer":"frandolo99","seller":"harveyword","symbol":"BEER","quantity":"1.03960686","price":"0.16780000","timestamp":1636747452,"volume":"0.17444603","buyTxId":"e08d38ecb03079cfff0024e30e3587f918a4ad23","sellTxId":"642631f18d98c71720b7b665a3b1214da2f804d4"}
{"index": {"_index":"beer","_id":"1965109"}}
	{"id":1965109,"type":"sell","buyer":"frandolo99","seller":"evernoticethat","symbol":"BEER","quantity":"0.05100000","price":"0.16780000","timestamp":1636751589,"volume":"0.00855780","buyTxId":"e08d38ecb03079cfff0024e30e3587f918a4ad23","sellTxId":"c5137a7a6f3a16faea17371dae083b157b1e527a"}
{"index": {"_index":"beer","_id":"1965766"}}
	{"id":1965766,"type":"buy","buyer":"roger.remix","seller":"lookplz","symbol":"BEER","quantity":"15.33936021","price":"0.16800000","timestamp":1636757136,"volume":"2.57701252","buyTxId":"a8a6667121a08db7759f7c2d57581e8a8ac0fb85","sellTxId":"76ca6e01dfe69ddde960c721ea3667cc608d02bf"}
{"index": {"_index":"beer","_id":"1965767"}}
	{"id":1965767,"type":"buy","buyer":"roger.remix","seller":"cloudblade","symbol":"BEER","quantity":"52.00000000","price":"0.16998000","timestamp":1636757136,"volume":"8.83896000","buyTxId":"a8a6667121a08db7759f7c2d57581e8a8ac0fb85","sellTxId":"92239c3b01e4395ac38065aa1c2e52e820c45835"}
{"index": {"_index":"beer","_id":"1965768"}}
	{"id":1965768,"type":"buy","buyer":"roger.remix","seller":"master-lamps","symbol":"BEER","quantity":"1.05031250","price":"0.16999489","timestamp":1636757136,"volume":"0.17854776","buyTxId":"a8a6667121a08db7759f7c2d57581e8a8ac0fb85","sellTxId":"2c1307432314883bcc8f938a6cb2038cd3245f49"}
{"index": {"_index":"beer","_id":"1965769"}}
	{"id":1965769,"type":"buy","buyer":"roger.remix","seller":"barski","symbol":"BEER","quantity":"3.96545496","price":"0.16999490","timestamp":1636757136,"volume":"0.67410712","buyTxId":"a8a6667121a08db7759f7c2d57581e8a8ac0fb85","sellTxId":"5fd050028fa45b1d5abb9022d57928ab04b8e9a3"}
{"index": {"_index":"beer","_id":"1965771"}}
	{"id":1965771,"type":"buy","buyer":"roger.remix","seller":"harveyword","symbol":"BEER","quantity":"1.00000000","price":"0.17475000","timestamp":1636757196,"volume":"0.17475000","buyTxId":"2d1cfaa4bbe0727ca91533840bae8b3b1735bbfa","sellTxId":"a1853dbef394f8865f5c3c31ef9272174f37a044"}
{"index": {"_index":"beer","_id":"1966120"}}
	{"id":1966120,"type":"sell","buyer":"roger.remix","seller":"automaton","symbol":"BEER","quantity":"0.71700000","price":"0.16999490","timestamp":1636759893,"volume":"0.12188634","buyTxId":"a8a6667121a08db7759f7c2d57581e8a8ac0fb85","sellTxId":"b838b742641bf06b63d9ac6477f4cfdd61ac3396"}
{"index": {"_index":"beer","_id":"1966587"}}
	{"id":1966587,"type":"buy","buyer":"roger.remix","seller":"roger.remix","symbol":"BEER","quantity":"80.00000000","price":"0.17474900","timestamp":1636763421,"volume":"13.97992000","buyTxId":"1dd3626a37f035ddf2f97e2d54cb88ac85a811de","sellTxId":"b6a6bbff6c506f29372d437ceff868df64dd0100"}
{"index": {"_index":"beer","_id":"1966588"}}
	{"id":1966588,"type":"buy","buyer":"roger.remix","seller":"mariuszkarowski","symbol":"BEER","quantity":"15.92398040","price":"0.17475000","timestamp":1636763421,"volume":"2.78271557","buyTxId":"1dd3626a37f035ddf2f97e2d54cb88ac85a811de","sellTxId":"900ceacdf301cdae5506615b24347e8054316686"}
{"index": {"_index":"beer","_id":"1966589"}}
	{"id":1966589,"type":"buy","buyer":"roger.remix","seller":"roger.remix","symbol":"BEER","quantity":"76.00000000","price":"0.17478500","timestamp":1636763421,"volume":"13.28366000","buyTxId":"1dd3626a37f035ddf2f97e2d54cb88ac85a811de","sellTxId":"8f7d9de0019379af2b5ed04fd0fc2baa3735ee5c"}
{"index": {"_index":"beer","_id":"1966590"}}
	{"id":1966590,"type":"buy","buyer":"roger.remix","seller":"cryptofiloz","symbol":"BEER","quantity":"1.67463953","price":"0.17478501","timestamp":1636763421,"volume":"0.29270189","buyTxId":"1dd3626a37f035ddf2f97e2d54cb88ac85a811de","sellTxId":"bd955f233c8281a0837f964662b1b9ae40305bd9"}
{"index": {"_index":"beer","_id":"1966591"}}
	{"id":1966591,"type":"buy","buyer":"roger.remix","seller":"cloudblade","symbol":"BEER","quantity":"28.00000000","price":"0.17480000","timestamp":1636763421,"volume":"4.89440000","buyTxId":"1dd3626a37f035ddf2f97e2d54cb88ac85a811de","sellTxId":"957eabdf68328ec95b456f956abf54db7ff2cf7a"}
{"index": {"_index":"beer","_id":"1966592"}}
	{"id":1966592,"type":"buy","buyer":"roger.remix","seller":"cloudblade","symbol":"BEER","quantity":"55.00000000","price":"0.17486000","timestamp":1636763421,"volume":"9.61730000","buyTxId":"1dd3626a37f035ddf2f97e2d54cb88ac85a811de","sellTxId":"83a182aef7b06cae27db1a12f327ef98f2da4251"}
{"index": {"_index":"beer","_id":"1966593"}}
	{"id":1966593,"type":"buy","buyer":"roger.remix","seller":"eirik","symbol":"BEER","quantity":"6.00000000","price":"0.17500000","timestamp":1636763421,"volume":"1.05000000","buyTxId":"1dd3626a37f035ddf2f97e2d54cb88ac85a811de","sellTxId":"ae14c3bfdd029623e089446dc3336b04cb959c58"}
{"index": {"_index":"beer","_id":"1966605"}}
	{"id":1966605,"type":"buy","buyer":"roger.remix","seller":"ecoinstant","symbol":"BEER","quantity":"6.90000000","price":"0.18999999","timestamp":1636763493,"volume":"1.31099993","buyTxId":"d6cc9e023270a3819f329a1ea596ffcbb5d76e06","sellTxId":"75f4483e8147d68af540264a4d99cc67916bc8e2"}
{"index": {"_index":"beer","_id":"1966606"}}
	{"id":1966606,"type":"buy","buyer":"roger.remix","seller":"shawkr13","symbol":"BEER","quantity":"0.71100000","price":"0.19000000","timestamp":1636763493,"volume":"0.13509000","buyTxId":"d6cc9e023270a3819f329a1ea596ffcbb5d76e06","sellTxId":"f25953c0dd3f0223a560088ceb8dd049cb7ab6e0"}
{"index": {"_index":"beer","_id":"1966610"}}
	{"id":1966610,"type":"buy","buyer":"roger.remix","seller":"forexbrokr","symbol":"BEER","quantity":"0.01250000","price":"0.20000000","timestamp":1636763520,"volume":"0.00250000","buyTxId":"8549cddcb59c1dd871a8b19db5f2e7f1d17196f9","sellTxId":"07ae0f459ecb03e4073d0567f3c5ce15f7f541c9"}
{"index": {"_index":"beer","_id":"1966615"}}
	{"id":1966615,"type":"buy","buyer":"roger.remix","seller":"homeless-city","symbol":"BEER","quantity":"20.00000000","price":"0.21065000","timestamp":1636763544,"volume":"4.21300000","buyTxId":"2ecf718625eaba285c0d875a6fcd18898cc91e98","sellTxId":"29d3ad20722a237eededc4a77b9701fa191cf6ad"}
{"index": {"_index":"beer","_id":"1966616"}}
	{"id":1966616,"type":"buy","buyer":"roger.remix","seller":"roger.remix","symbol":"BEER","quantity":"1.00000000","price":"0.24799900","timestamp":1636763565,"volume":"0.24799900","buyTxId":"5abf9a8374008eb0b30694b9c99909641cc76b5f","sellTxId":"54b54efffa3f06e49938a7f4270c2a62850f1885"}
{"index": {"_index":"beer","_id":"1966687"}}
	{"id":1966687,"type":"sell","buyer":"roger.remix","seller":"mafia.wallet","symbol":"BEER","quantity":"0.036","price":"0.21065000","timestamp":1636764315,"volume":"0.00758340","buyTxId":"2ecf718625eaba285c0d875a6fcd18898cc91e98","sellTxId":"881893b9019e271db9268a1682ac2a0086e8ccde-3"}
{"index": {"_index":"beer","_id":"1966726"}}
	{"id":1966726,"type":"sell","buyer":"roger.remix","seller":"dotwin1981","symbol":"BEER","quantity":"0.47284806","price":"0.21065000","timestamp":1636764648,"volume":"0.09960544","buyTxId":"2ecf718625eaba285c0d875a6fcd18898cc91e98","sellTxId":"9fcb9eec8af8d4359cbe5ed1bad9549057db73f9"}
{"index": {"_index":"beer","_id":"1966922"}}
	{"id":1966922,"type":"sell","buyer":"roger.remix","seller":"eythorphoto","symbol":"BEER","quantity":"0.01200000","price":"0.21065000","timestamp":1636766307,"volume":"0.00252780","buyTxId":"2ecf718625eaba285c0d875a6fcd18898cc91e98","sellTxId":"c600bca3a2c1aaaeff922b7022c6cd0a7516db64"}
{"index": {"_index":"beer","_id":"1967724"}}
	{"id":1967724,"type":"buy","buyer":"burnsurface","seller":"cloudblade","symbol":"BEER","quantity":"3.84400000","price":"0.24780000","timestamp":1636774926,"volume":"0.95254320","buyTxId":"b21d7987e39e8fa3cdaa345d070e318b52c5c58c","sellTxId":"6518412d05f45ac91b05d931e9977ce8be4ca439"}
{"index": {"_index":"beer","_id":"1967725"}}
	{"id":1967725,"type":"buy","buyer":"burnsurface","seller":"roger.remix","symbol":"BEER","quantity":"20.15600000","price":"0.24799899","timestamp":1636774926,"volume":"4.99866764","buyTxId":"b21d7987e39e8fa3cdaa345d070e318b52c5c58c","sellTxId":"150349d0de1d0bda1a462fa231b1a511cd45c4ae"}
