{"index": {"_index":"beer","_id":"1039900"}}
	{"id":1039900,"type":"sell","buyer":"cloudblade","seller":"jimre1","symbol":"BEER","quantity":"0.02000000","price":"0.18806500","timestamp":1620606711,"volume":"0.00376130","buyTxId":"23bf61e437c4ab64986f1d9f89d12eca0eb5a9f9","sellTxId":"e967abc34004c3ea26871685b78aca0084cae2f9"}
{"index": {"_index":"beer","_id":"1040225"}}
	{"id":1040225,"type":"sell","buyer":"cloudblade","seller":"nftmart.fees","symbol":"BEER","quantity":"22.32530000","price":"0.18806500","timestamp":1620617367,"volume":"4.19860754","buyTxId":"23bf61e437c4ab64986f1d9f89d12eca0eb5a9f9","sellTxId":"329740cd7c0bc272743574a092379def1f53033c"}
{"index": {"_index":"beer","_id":"1040235"}}
	{"id":1040235,"type":"sell","buyer":"cloudblade","seller":"steemstreems","symbol":"BEER","quantity":"0.05806399","price":"0.18806500","timestamp":1620617709,"volume":"0.01091980","buyTxId":"23bf61e437c4ab64986f1d9f89d12eca0eb5a9f9","sellTxId":"a7a9b1566bf962540a175eaf3e5da3fe6b7961bd"}
{"index": {"_index":"beer","_id":"1040390"}}
	{"id":1040390,"type":"sell","buyer":"cloudblade","seller":"fantasycrypto","symbol":"BEER","quantity":"0.61600000","price":"0.18806500","timestamp":1620623526,"volume":"0.11584804","buyTxId":"23bf61e437c4ab64986f1d9f89d12eca0eb5a9f9","sellTxId":"ac235c152809debddea059319febd49d9b876046"}
{"index": {"_index":"beer","_id":"1040728"}}
	{"id":1040728,"type":"sell","buyer":"cloudblade","seller":"thatcryptodave","symbol":"BEER","quantity":"1.23091199","price":"0.18806500","timestamp":1620630330,"volume":"0.23149146","buyTxId":"23bf61e437c4ab64986f1d9f89d12eca0eb5a9f9","sellTxId":"ec861615f838bab023ffd8aa093c0e17fbe05507"}
{"index": {"_index":"beer","_id":"1040730"}}
	{"id":1040730,"type":"buy","buyer":"harveyword","seller":"theia7","symbol":"BEER","quantity":"0.01250112","price":"0.18807000","timestamp":1620630402,"volume":"0.00235109","buyTxId":"6671083ef649a035b0776789876702f0bfd2e8af","sellTxId":"9e17e43eb066ce143dec8cd9af4c9513aa8b0e21"}
{"index": {"_index":"beer","_id":"1041118"}}
	{"id":1041118,"type":"sell","buyer":"cloudblade","seller":"besheda","symbol":"BEER","quantity":"0.28883423","price":"0.18806500","timestamp":1620643842,"volume":"0.05431961","buyTxId":"23bf61e437c4ab64986f1d9f89d12eca0eb5a9f9","sellTxId":"1d25c5611d11c68b71cf930a1884481007163180"}
{"index": {"_index":"beer","_id":"1041122"}}
	{"id":1041122,"type":"sell","buyer":"cloudblade","seller":"itharagaian","symbol":"BEER","quantity":"0.12830000","price":"0.18806500","timestamp":1620644034,"volume":"0.02412874","buyTxId":"23bf61e437c4ab64986f1d9f89d12eca0eb5a9f9","sellTxId":"d31af172773fc5817ee68aeb80aff999b5be41ea"}
{"index": {"_index":"beer","_id":"1041176"}}
	{"id":1041176,"type":"sell","buyer":"cloudblade","seller":"hallmann","symbol":"BEER","quantity":"2.68750000","price":"0.18806500","timestamp":1620645825,"volume":"0.50542469","buyTxId":"23bf61e437c4ab64986f1d9f89d12eca0eb5a9f9","sellTxId":"5b9f1c2cc0ce86cc00178b7f1f761844c853333e"}
{"index": {"_index":"beer","_id":"1041265"}}
	{"id":1041265,"type":"sell","buyer":"exator","seller":"tonytrillions","symbol":"BEER","quantity":"0.00004501","price":"0.18808000","timestamp":1620648405,"volume":"0.00000847","buyTxId":"3a3a8bc7599f6861eefa6115714f946d13c06e2c","sellTxId":"37580ae70e17cefbc00831cc9cdba54117c14e7d"}
{"index": {"_index":"beer","_id":"1041359"}}
	{"id":1041359,"type":"sell","buyer":"exator","seller":"mary.janikowski","symbol":"BEER","quantity":"1.38500000","price":"0.18808000","timestamp":1620651444,"volume":"0.26049080","buyTxId":"3a3a8bc7599f6861eefa6115714f946d13c06e2c","sellTxId":"49c557cbafae72c3e690586044aa6c761fd33611"}
{"index": {"_index":"beer","_id":"1041559"}}
	{"id":1041559,"type":"buy","buyer":"drunksamurai","seller":"lrekt01","symbol":"BEER","quantity":"0.00400000","price":"0.28880000","timestamp":1620654888,"volume":"0.00115520","buyTxId":"6ba0fcd04516a518e6c3448ec3fb6171d4a7f98e","sellTxId":"142b37d2f3267a351d59de28616c23d898f25f0d"}
{"index": {"_index":"beer","_id":"1041587"}}
	{"id":1041587,"type":"sell","buyer":"drunksamurai","seller":"phortun","symbol":"BEER","quantity":"0.42659612","price":"0.28880000","timestamp":1620655635,"volume":"0.12320096","buyTxId":"6ba0fcd04516a518e6c3448ec3fb6171d4a7f98e","sellTxId":"cb94be6864f46ee4c4bfaff454ab4db1c27d1883"}
{"index": {"_index":"beer","_id":"1041648"}}
	{"id":1041648,"type":"sell","buyer":"drunksamurai","seller":"miketr","symbol":"BEER","quantity":"0.56940000","price":"0.28880000","timestamp":1620657336,"volume":"0.16444272","buyTxId":"6ba0fcd04516a518e6c3448ec3fb6171d4a7f98e","sellTxId":"57d8c12b957ba8565864e296159be72663ae0e4c"}
{"index": {"_index":"beer","_id":"1041736"}}
	{"id":1041736,"type":"sell","buyer":"drunksamurai","seller":"foodiess","symbol":"BEER","quantity":"0.00000388","price":"0.28880000","timestamp":1620659187,"volume":"0.00000112","buyTxId":"6ba0fcd04516a518e6c3448ec3fb6171d4a7f98e","sellTxId":"15e6e703747f8a157c76ad36595e33bb115559a7"}
{"index": {"_index":"beer","_id":"1041737"}}
	{"id":1041737,"type":"sell","buyer":"exator","seller":"foodiess","symbol":"BEER","quantity":"8.61495499","price":"0.18808000","timestamp":1620659187,"volume":"1.62030073","buyTxId":"3a3a8bc7599f6861eefa6115714f946d13c06e2c","sellTxId":"15e6e703747f8a157c76ad36595e33bb115559a7"}
{"index": {"_index":"beer","_id":"1042004"}}
	{"id":1042004,"type":"buy","buyer":"horstman5","seller":"foodiess","symbol":"BEER","quantity":"4.87209542","price":"0.18807000","timestamp":1620664413,"volume":"0.91629499","buyTxId":"e95589c27794ca6c0d7e4c6f1f54db228e088314","sellTxId":"15e6e703747f8a157c76ad36595e33bb115559a7"}
{"index": {"_index":"beer","_id":"1042323"}}
	{"id":1042323,"type":"sell","buyer":"horstman5","seller":"mafia.wallet","symbol":"BEER","quantity":"0.072","price":"0.18807000","timestamp":1620672288,"volume":"0.01354104","buyTxId":"e95589c27794ca6c0d7e4c6f1f54db228e088314","sellTxId":"78d6f7fbf71a0180c7b8e8818dd717f0a90c93f8-1"}
{"index": {"_index":"beer","_id":"1042438"}}
	{"id":1042438,"type":"sell","buyer":"horstman5","seller":"tomathomas0","symbol":"BEER","quantity":"0.02000000","price":"0.18807000","timestamp":1620675231,"volume":"0.00376140","buyTxId":"e95589c27794ca6c0d7e4c6f1f54db228e088314","sellTxId":"634f14d27ceef66501ed83879ca82b5938b72e04"}
{"index": {"_index":"beer","_id":"1042630"}}
	{"id":1042630,"type":"sell","buyer":"horstman5","seller":"eythorphoto","symbol":"BEER","quantity":"0.20500000","price":"0.18807000","timestamp":1620678627,"volume":"0.03855435","buyTxId":"e95589c27794ca6c0d7e4c6f1f54db228e088314","sellTxId":"01d2e1d328b4a5652c979c8ad92897b8a5d77f0e"}
{"index": {"_index":"beer","_id":"1042722"}}
	{"id":1042722,"type":"sell","buyer":"horstman5","seller":"deathwing","symbol":"BEER","quantity":"0.009","price":"0.18807000","timestamp":1620680118,"volume":"0.00169263","buyTxId":"e95589c27794ca6c0d7e4c6f1f54db228e088314","sellTxId":"e0ca103277820e026dbb8d2618df4759a5f14cb9-5"}
{"index": {"_index":"beer","_id":"1043364"}}
	{"id":1043364,"type":"sell","buyer":"horstman5","seller":"dotwin1981","symbol":"BEER","quantity":"1.23007109","price":"0.18807000","timestamp":1620692496,"volume":"0.23133947","buyTxId":"e95589c27794ca6c0d7e4c6f1f54db228e088314","sellTxId":"f475bba25028a5e4fbe9a82e73f7c26cc84c5daa"}
