{"id":1533967,"type":"sell","buyer":"exator","seller":"steemstreems","symbol":"BEER","quantity":"0.041","price":"0.15921000","timestamp":1631761245,"volume":"0.00652761","buyTxId":"f7a6f04663b39259ea1f7744b626b79d390d0183","sellTxId":"0e34d074bcaa33d270062b8392b8d4cd1cfd0798"
{"id":1534754,"type":"sell","buyer":"krodash","seller":"damla","symbol":"BEER","quantity":"0.01276799","price":"0.15921001","timestamp":1631779209,"volume":"0.00203279","buyTxId":"738c86e72e206369ded94091f33b04bdafa87a0e","sellTxId":"2e7261f549f7f32d07982147fdea21a1344004e1"
{"id":1534761,"type":"sell","buyer":"krodash","seller":"itharagaian","symbol":"BEER","quantity":"0.00200000","price":"0.15921001","timestamp":1631779494,"volume":"0.00031842","buyTxId":"738c86e72e206369ded94091f33b04bdafa87a0e","sellTxId":"1438a7c2caa553330aa89f2f09973360c11255be"
{"id":1535221,"type":"sell","buyer":"krodash","seller":"alucian","symbol":"BEER","quantity":"2.70000000","price":"0.15921001","timestamp":1631790129,"volume":"0.42986703","buyTxId":"738c86e72e206369ded94091f33b04bdafa87a0e","sellTxId":"98937a65d934b4fa0276b6dab9ac1a8be4b58d63"
{"id":1535244,"type":"sell","buyer":"ugochill","seller":"jjprac","symbol":"BEER","quantity":"0.95036948","price":"0.16200000","timestamp":1631791065,"volume":"0.15395986","buyTxId":"c6d8fdde30c46262c17cfafee8228c60b378ee0b","sellTxId":"dfe583ef655af3c4928fd5c5de1e30f13ed9ff09"
{"id":1535668,"type":"sell","buyer":"ugochill","seller":"dwinblood","symbol":"BEER","quantity":"0.04963052","price":"0.16200000","timestamp":1631800074,"volume":"0.00804014","buyTxId":"c6d8fdde30c46262c17cfafee8228c60b378ee0b","sellTxId":"2ce69293756bdc86e0eb0edaedd545ac2634307d"
{"id":1535669,"type":"sell","buyer":"krodash","seller":"dwinblood","symbol":"BEER","quantity":"0.12536948","price":"0.15921001","timestamp":1631800074,"volume":"0.01996008","buyTxId":"738c86e72e206369ded94091f33b04bdafa87a0e","sellTxId":"2ce69293756bdc86e0eb0edaedd545ac2634307d"
{"id":1536050,"type":"buy","buyer":"visionaer3003","seller":"master-lamps","symbol":"BEER","quantity":"0.01250000","price":"0.20999999","timestamp":1631806515,"volume":"0.00262500","buyTxId":"26c268c364f8eee4adce8fcaa5d719e983492fee","sellTxId":"ccdad0bfdfc2ea6f88eaca54c7d1d7024f30ce13"
{"id":1536051,"type":"buy","buyer":"visionaer3003","seller":"scottshots","symbol":"BEER","quantity":"47.60654761","price":"0.21000000","timestamp":1631806515,"volume":"9.99737500","buyTxId":"26c268c364f8eee4adce8fcaa5d719e983492fee","sellTxId":"6ea0d4b2da2001cb2289bda7dd47ee68e6bc86f1"
{"id":1536286,"type":"sell","buyer":"krodash","seller":"rynow","symbol":"BEER","quantity":"15.15986253","price":"0.15921001","timestamp":1631809476,"volume":"2.41360186","buyTxId":"738c86e72e206369ded94091f33b04bdafa87a0e","sellTxId":"427b0268df0ba7c4c30b988e6f5e1021234d37c9"
{"id":1536323,"type":"buy","buyer":"hatschi0773","seller":"rynow","symbol":"BEER","quantity":"9.84013747","price":"0.15921001","timestamp":1631809749,"volume":"1.56664839","buyTxId":"26f7fa233d53a4291585ccba17ce187043a11a29","sellTxId":"427b0268df0ba7c4c30b988e6f5e1021234d37c9"
{"id":1536324,"type":"buy","buyer":"hatschi0773","seller":"master-lamps","symbol":"BEER","quantity":"0.01250000","price":"0.20999999","timestamp":1631809749,"volume":"0.00262500","buyTxId":"26f7fa233d53a4291585ccba17ce187043a11a29","sellTxId":"8fc89e2d6b3627495aaa0be6364bd6338540b9d4"
{"id":1536325,"type":"buy","buyer":"hatschi0773","seller":"scottshots","symbol":"BEER","quantity":"2.39345239","price":"0.21000000","timestamp":1631809749,"volume":"0.50262500","buyTxId":"26f7fa233d53a4291585ccba17ce187043a11a29","sellTxId":"6ea0d4b2da2001cb2289bda7dd47ee68e6bc86f1"
{"id":1536326,"type":"buy","buyer":"hatschi0773","seller":"drakernoise","symbol":"BEER","quantity":"0.02653921","price":"0.21500000","timestamp":1631809749,"volume":"0.00570593","buyTxId":"26f7fa233d53a4291585ccba17ce187043a11a29","sellTxId":"5901b329ddb3b70d3c64d996aa64bafa1b14697e"
{"id":1536327,"type":"buy","buyer":"hatschi0773","seller":"accelerator","symbol":"BEER","quantity":"0.19687500","price":"0.24350000","timestamp":1631809749,"volume":"0.04793906","buyTxId":"26f7fa233d53a4291585ccba17ce187043a11a29","sellTxId":"aa42cb22350f1f82822f43eeb715760251d988c0"
{"id":1536328,"type":"buy","buyer":"hatschi0773","seller":"gaboamc2393","symbol":"BEER","quantity":"7.60783289","price":"0.24500000","timestamp":1631809749,"volume":"1.86391906","buyTxId":"26f7fa233d53a4291585ccba17ce187043a11a29","sellTxId":"db8c16684960c751f99eef483915e4dba093922d"
{"id":1536812,"type":"sell","buyer":"fon","seller":"myvest","symbol":"BEER","quantity":"0.17500000","price":"0.20500000","timestamp":1631816139,"volume":"0.03587500","buyTxId":"421ab1e80140949ae1d66fe3c258a7c347b23b67","sellTxId":"29fc88f9885974f4dc373194bd415b51199b9451"
{"id":1537019,"type":"sell","buyer":"fon","seller":"bidesign","symbol":"BEER","quantity":"0.10000000","price":"0.20500000","timestamp":1631819133,"volume":"0.02050000","buyTxId":"421ab1e80140949ae1d66fe3c258a7c347b23b67","sellTxId":"70cb28d6ab27a6dd331caa5a65f8ad34e852e17c"
{"id":1537145,"type":"buy","buyer":"nyxlabs","seller":"master-lamps","symbol":"BEER","quantity":"0.04450000","price":"0.24499999","timestamp":1631821506,"volume":"0.01090250","buyTxId":"9dc89f32e386cff4f87d75cfdf03fa9f02698d9f","sellTxId":"a5c10a731693db73c09fc458209495983c96f3fe"
{"id":1537146,"type":"buy","buyer":"nyxlabs","seller":"gaboamc2393","symbol":"BEER","quantity":"3.30657361","price":"0.24500000","timestamp":1631821506,"volume":"0.81011053","buyTxId":"9dc89f32e386cff4f87d75cfdf03fa9f02698d9f","sellTxId":"db8c16684960c751f99eef483915e4dba093922d"
{"id":1537147,"type":"buy","buyer":"nyxlabs","seller":"chekohler","symbol":"BEER","quantity":"1.64892639","price":"0.24500000","timestamp":1631821506,"volume":"0.40398697","buyTxId":"9dc89f32e386cff4f87d75cfdf03fa9f02698d9f","sellTxId":"17ef3abde49e7c06901c0be2ff561b12e3734cd0"
{"id":1537243,"type":"sell","buyer":"fon","seller":"simplegame","symbol":"BEER","quantity":"1.72500000","price":"0.20500000","timestamp":1631823117,"volume":"0.35362500","buyTxId":"421ab1e80140949ae1d66fe3c258a7c347b23b67","sellTxId":"2eb10ff7045784b774942815b848a1e10786a374"
{"id":1537244,"type":"sell","buyer":"exator","seller":"simplegame","symbol":"BEER","quantity":"5.15982807","price":"0.15921000","timestamp":1631823117,"volume":"0.82149623","buyTxId":"f7a6f04663b39259ea1f7744b626b79d390d0183","sellTxId":"2eb10ff7045784b774942815b848a1e10786a374"
{"id":1537332,"type":"buy","buyer":"hatschi0773","seller":"chekohler","symbol":"BEER","quantity":"4.23387102","price":"0.24500000","timestamp":1631824392,"volume":"1.03729840","buyTxId":"9be1ada5b58f0b848fbb665001f5f3a9d0430d18","sellTxId":"17ef3abde49e7c06901c0be2ff561b12e3734cd0"
{"id":1537333,"type":"buy","buyer":"hatschi0773","seller":"demotruk","symbol":"BEER","quantity":"0.03750000","price":"0.24900000","timestamp":1631824392,"volume":"0.00933750","buyTxId":"9be1ada5b58f0b848fbb665001f5f3a9d0430d18","sellTxId":"d98622c2fea4639688df1b5e73a1e0c1b522f718"
{"id":1537334,"type":"buy","buyer":"hatschi0773","seller":"horstman5","symbol":"BEER","quantity":"3.14912894","price":"0.25000000","timestamp":1631824392,"volume":"0.78728224","buyTxId":"9be1ada5b58f0b848fbb665001f5f3a9d0430d18","sellTxId":"62c3c4c13b1de871be4a0c9c9fa4b2f015c4cca0"
{"id":1537335,"type":"buy","buyer":"hatschi0773","seller":"ironshield","symbol":"BEER","quantity":"1.74777626","price":"0.26979000","timestamp":1631824392,"volume":"0.47153256","buyTxId":"9be1ada5b58f0b848fbb665001f5f3a9d0430d18","sellTxId":"2b34502220445867ff3782d110c47fe14ce1b3dc"
{"id":1537336,"type":"buy","buyer":"hatschi0773","seller":"charly.travels","symbol":"BEER","quantity":"15.40000000","price":"0.26980000","timestamp":1631824392,"volume":"4.15492000","buyTxId":"9be1ada5b58f0b848fbb665001f5f3a9d0430d18","sellTxId":"bd7954f5aa0e400ab9cb4f3876485d22957dcbf7"
{"id":1537337,"type":"buy","buyer":"hatschi0773","seller":"chekohler","symbol":"BEER","quantity":"5.88279741","price":"0.26980000","timestamp":1631824392,"volume":"1.58717874","buyTxId":"9be1ada5b58f0b848fbb665001f5f3a9d0430d18","sellTxId":"0bd88ea5413024a95c7af7f2d6a116629ccd2eac"
{"id":1537338,"type":"buy","buyer":"hatschi0773","seller":"detlev","symbol":"BEER","quantity":"28.02982296","price":"0.27798000","timestamp":1631824392,"volume":"7.79173019","buyTxId":"9be1ada5b58f0b848fbb665001f5f3a9d0430d18","sellTxId":"49758212a88ff46ae00361f2d1051c6255327a56"
{"id":1537339,"type":"buy","buyer":"hatschi0773","seller":"fredkese","symbol":"BEER","quantity":"1.55116000","price":"0.31190000","timestamp":1631824392,"volume":"0.48380680","buyTxId":"9be1ada5b58f0b848fbb665001f5f3a9d0430d18","sellTxId":"ff71d66aaefe58fd7eee9834c1346d4aefee9919"
{"id":1537340,"type":"buy","buyer":"hatschi0773","seller":"fon","symbol":"BEER","quantity":"11.78497939","price":"0.31200000","timestamp":1631824392,"volume":"3.67691357","buyTxId":"9be1ada5b58f0b848fbb665001f5f3a9d0430d18","sellTxId":"8df64c58da77815f27546a2cbdd7a8ddd9a8088f"
{"id":1537349,"type":"buy","buyer":"eldonburr","seller":"fon","symbol":"BEER","quantity":"12.82051282","price":"0.31200000","timestamp":1631824767,"volume":"4","buyTxId":"34de0f12328e04a349474fd44f6fdaa6a98c35c6","sellTxId":"8df64c58da77815f27546a2cbdd7a8ddd9a8088f"
{"id":1537552,"type":"sell","buyer":"harveyword","seller":"mafia.wallet","symbol":"BEER","quantity":"0.043","price":"0.16000000","timestamp":1631828919,"volume":"0.00688000","buyTxId":"369c98f92f730bdc1156a8fabb22a5784324adc3","sellTxId":"12322570f551ea44a218338e0dc50f620448c428-2"
{"id":1537775,"type":"buy","buyer":"dreamingirwin","seller":"jacques0829","symbol":"BEER","quantity":"3.78800000","price":"0.30000000","timestamp":1631831634,"volume":"1.13640000","buyTxId":"9f387d66212d88dd48a437248e4ea761b429c181","sellTxId":"1a47929b330e2cc42fff6320ec20293531bca16f"
{"id":1537786,"type":"buy","buyer":"dreamingirwin","seller":"jeanlucsr","symbol":"BEER","quantity":"2.39219000","price":"0.31000000","timestamp":1631831796,"volume":"0.74157890","buyTxId":"810b5db62b4536db9b36b76ffb98d0003ff60ec6","sellTxId":"11142ffe40cdff916adf1fe28fa65cac98fa7645"
{"id":1537829,"type":"sell","buyer":"harveyword","seller":"lrekt01","symbol":"BEER","quantity":"0.01000000","price":"0.16000000","timestamp":1631832726,"volume":"0.00160000","buyTxId":"369c98f92f730bdc1156a8fabb22a5784324adc3","sellTxId":"a35e99bb9238e8e9db192ac9fcb0500e911a7dd1"
{"id":1537949,"type":"sell","buyer":"harveyword","seller":"mima2606","symbol":"BEER","quantity":"2.42184522","price":"0.16000000","timestamp":1631834715,"volume":"0.38749524","buyTxId":"369c98f92f730bdc1156a8fabb22a5784324adc3","sellTxId":"342ad9773a86d3b382bd9b87b4f12bbd11932bad"