{"index": {"_index":"beer","_id":"1058930"}}
	{"id":1058930,"type":"sell","buyer":"detlev","seller":"danewilliams","symbol":"BEER","quantity":"0.20698600","price":"0.24060000","timestamp":1621144956,"volume":"0.04980083","buyTxId":"511ca752663be6eb3aa93088049ca27761eb5e4e","sellTxId":"90304e4ba61272da5d539ce98a2d8786959397de"}
{"index": {"_index":"beer","_id":"1059048"}}
	{"id":1059048,"type":"sell","buyer":"detlev","seller":"madstacks","symbol":"BEER","quantity":"0.78803907","price":"0.24060000","timestamp":1621149879,"volume":"0.18960220","buyTxId":"511ca752663be6eb3aa93088049ca27761eb5e4e","sellTxId":"2083996045a4376917d2e56984baa83eb06d9218"}
{"index": {"_index":"beer","_id":"1059049"}}
	{"id":1059049,"type":"sell","buyer":"detlev","seller":"madstacks","symbol":"BEER","quantity":"2.21160108","price":"0.23040000","timestamp":1621149879,"volume":"0.50955289","buyTxId":"5f8c2a4ed38512afcfe77c2b16d0c86d22334338","sellTxId":"2083996045a4376917d2e56984baa83eb06d9218"}
{"index": {"_index":"beer","_id":"1059154"}}
	{"id":1059154,"type":"sell","buyer":"detlev","seller":"itharagaian","symbol":"BEER","quantity":"0.00300000","price":"0.23040000","timestamp":1621153344,"volume":"0.00069120","buyTxId":"5f8c2a4ed38512afcfe77c2b16d0c86d22334338","sellTxId":"64a77a7ec5bb8273ddc004fa24e92addced1789c"}
{"index": {"_index":"beer","_id":"1059903"}}
	{"id":1059903,"type":"sell","buyer":"detlev","seller":"kcgm","symbol":"BEER","quantity":"1.25000000","price":"0.23040000","timestamp":1621179915,"volume":"0.28800000","buyTxId":"5f8c2a4ed38512afcfe77c2b16d0c86d22334338","sellTxId":"55eee78ff3f763c8854b99eece5dccb2adab2c22"}
{"index": {"_index":"beer","_id":"1060100"}}
	{"id":1060100,"type":"sell","buyer":"detlev","seller":"eythorphoto","symbol":"BEER","quantity":"0.21100000","price":"0.23040000","timestamp":1621184622,"volume":"0.04861440","buyTxId":"5f8c2a4ed38512afcfe77c2b16d0c86d22334338","sellTxId":"125407d49550e348c44c502006f04ede0ffc7ce8"}
{"index": {"_index":"beer","_id":"1060148"}}
	{"id":1060148,"type":"sell","buyer":"detlev","seller":"fantasycrypto","symbol":"BEER","quantity":"0.47600000","price":"0.23040000","timestamp":1621185924,"volume":"0.10967040","buyTxId":"5f8c2a4ed38512afcfe77c2b16d0c86d22334338","sellTxId":"bf3816aacffe2402f103c99d475d94dd013f2452"}
{"index": {"_index":"beer","_id":"1060256"}}
	{"id":1060256,"type":"sell","buyer":"detlev","seller":"thatcryptodave","symbol":"BEER","quantity":"3.84839892","price":"0.23040000","timestamp":1621189632,"volume":"0.88667111","buyTxId":"5f8c2a4ed38512afcfe77c2b16d0c86d22334338","sellTxId":"4709555b3848177f50bb606785129afe37b3319a"}
{"index": {"_index":"beer","_id":"1060465"}}
	{"id":1060465,"type":"sell","buyer":"exator","seller":"aeneas.blog","symbol":"BEER","quantity":"4.01554719","price":"0.18805000","timestamp":1621195185,"volume":"0.75512365","buyTxId":"2f46cd1d7a257a842908172545be6cadf89b8618","sellTxId":"636f99eca5bdaccabbc7d95a579b938dd84bbc46"}
{"index": {"_index":"beer","_id":"1060527"}}
	{"id":1060527,"type":"sell","buyer":"exator","seller":"mafia.wallet","symbol":"BEER","quantity":"0.072","price":"0.18805000","timestamp":1621197204,"volume":"0.01353960","buyTxId":"2f46cd1d7a257a842908172545be6cadf89b8618","sellTxId":"38d88facc1b6a428b8ec8f486d8b708049ad2c3e-2"}
{"index": {"_index":"beer","_id":"1060582"}}
	{"id":1060582,"type":"sell","buyer":"exator","seller":"deathwing","symbol":"BEER","quantity":"0.009","price":"0.18805000","timestamp":1621198506,"volume":"0.00169245","buyTxId":"2f46cd1d7a257a842908172545be6cadf89b8618","sellTxId":"79c290d48c659b1698b9033b2879e0975a45c3b7-4"}
{"index": {"_index":"beer","_id":"1060833"}}
	{"id":1060833,"type":"sell","buyer":"exator","seller":"andy4475","symbol":"BEER","quantity":"0.53853607","price":"0.18805000","timestamp":1621205931,"volume":"0.10127171","buyTxId":"2f46cd1d7a257a842908172545be6cadf89b8618","sellTxId":"925bea441a23b91817d531897c9988efa31338cb"}
{"index": {"_index":"beer","_id":"1061245"}}
	{"id":1061245,"type":"sell","buyer":"exator","seller":"vcelier","symbol":"BEER","quantity":"0.43300000","price":"0.18805000","timestamp":1621217691,"volume":"0.08142565","buyTxId":"2f46cd1d7a257a842908172545be6cadf89b8618","sellTxId":"592f047f15ee380bea9abc0a06c4004e68c1cbc2"}
