{"index": {"_index":"pob","_id":"1090825"}}=	{"id":1090825,"type":"sell","buyer":"solovey6o2","seller":"tlundy47","symbol":"POB","quantity":"0.00094696","price":"1.32491035","timestamp":1622084991,"volume":"0.00125464","buyTxId":"78ed3356aa2822efd31c748f6e914e10b080ea9f","sellTxId":"7c28e2755cbb2a0c56a19af249dc17930bba0106"}
{"index": {"_index":"pob","_id":"1090831"}}=	{"id":1090831,"type":"sell","buyer":"solovey6o2","seller":"clicmaster","symbol":"POB","quantity":"3.48472461","price":"1.32524037","timestamp":1622085375,"volume":"4.61809773","buyTxId":"897c900f8f23128621436c1aa470bc4bb6836174","sellTxId":"fe16abd4f581b0dc435512eb12817e49a6129d3c"}
{"index": {"_index":"pob","_id":"1090847"}}=	{"id":1090847,"type":"sell","buyer":"ctime","seller":"romirspc.tribe","symbol":"POB","quantity":"9.1","price":"1.32591040","timestamp":1622086329,"volume":"12.06578464","buyTxId":"MM-P-7286158-54245370-3-22-0","sellTxId":"e8113df0eb90ee545a1c4719f8eab06abfcd1a93"}
{"index": {"_index":"pob","_id":"1090853"}}=	{"id":1090853,"type":"sell","buyer":"bluesniper","seller":"he-index","symbol":"POB","quantity":"0.01800000","price":"1.32612041","timestamp":1622086563,"volume":"0.02387017","buyTxId":"MM-P-7286222-54245439-3-4-0","sellTxId":"f867f682382c0a7485ccb0da50f9960e2c20b838"}
{"index": {"_index":"pob","_id":"1090860"}}=	{"id":1090860,"type":"sell","buyer":"richardcrill","seller":"bitcoinflood","symbol":"POB","quantity":"47.49517926","price":"1.32645041","timestamp":1622086977,"volume":"63.00000000","buyTxId":"MM-P-7286351-54245585-3-10-0","sellTxId":"9a5eca43a98c8dab0bc590a30506b86a65f62d71"}
{"index": {"_index":"pob","_id":"1090861"}}=	{"id":1090861,"type":"sell","buyer":"ctime","seller":"bitcoinflood","symbol":"POB","quantity":"2.56463639","price":"1.32635041","timestamp":1622086977,"volume":"3.40160653","buyTxId":"MM-P-7286336-54245570-3-22-0","sellTxId":"9a5eca43a98c8dab0bc590a30506b86a65f62d71"}
{"index": {"_index":"pob","_id":"1090872"}}=	{"id":1090872,"type":"sell","buyer":"richardcrill","seller":"arslan.leo","symbol":"POB","quantity":"15.37546499","price":"1.32679043","timestamp":1622087601,"volume":"20.40001981","buyTxId":"MM-P-7286510-54245785-3-10-0","sellTxId":"4eee0b0e84ab5d4c1eb00e582f5ed02cd6daaf5a"}
{"index": {"_index":"pob","_id":"1090873"}}=	{"id":1090873,"type":"sell","buyer":"richardcrill","seller":"pablodare","symbol":"POB","quantity":"1.91674289","price":"1.32679043","timestamp":1622087604,"volume":"2.54311612","buyTxId":"MM-P-7286510-54245785-3-10-0","sellTxId":"27cdec108ae5171d45cfe1473b69b3530816599d"}
{"index": {"_index":"pob","_id":"1090884"}}=	{"id":1090884,"type":"sell","buyer":"bluesniper","seller":"melbourneswest","symbol":"POB","quantity":"10.25783484","price":"1.32712045","timestamp":1622088054,"volume":"13.61338239","buyTxId":"MM-P-7286654-54245939-3-4-0","sellTxId":"05c82bfd40fec804f8f795b598196245897c5f8f"}
{"index": {"_index":"pob","_id":"1090919"}}=	{"id":1090919,"type":"sell","buyer":"richardcrill","seller":"mawit07","symbol":"POB","quantity":"4.55939510","price":"1.32829052","timestamp":1622089746,"volume":"6.05620129","buyTxId":"MM-P-7287160-54246485-3-10-0","sellTxId":"c3408588a4b151e19c5cf56ad325289c3e48d7fa"}
{"index": {"_index":"pob","_id":"1090923"}}=	{"id":1090923,"type":"sell","buyer":"ctime","seller":"nathen007","symbol":"POB","quantity":"5.88387118","price":"1.32841052","timestamp":1622089956,"volume":"7.81619637","buyTxId":"MM-P-7287242-54246570-3-22-0","sellTxId":"eb92a1c24da6c53aa4bdc3f348d2caf466cc9bd0"}
{"index": {"_index":"pob","_id":"1090935"}}=	{"id":1090935,"type":"sell","buyer":"bluesniper","seller":"charcoalbuffet","symbol":"POB","quantity":"2.18579472","price":"1.32852053","timestamp":1622090181,"volume":"2.90387316","buyTxId":"MM-P-7287308-54246639-3-4-0","sellTxId":"ed988f7d956dd9346d34ee0b556efa4cfe8a8d38"}
{"index": {"_index":"pob","_id":"1091006"}}=	{"id":1091006,"type":"sell","buyer":"solovey6o2","seller":"lbi-token","symbol":"POB","quantity":"91.33585285","price":"1.32879056","timestamp":1622091000,"volume":"121.36621906","buyTxId":"6ab52392445d3531cc1199f5e53489336ef1e477","sellTxId":"c7995839f2d6518fd3de99642e60849094b4a92b"}
{"index": {"_index":"pob","_id":"1091012"}}=	{"id":1091012,"type":"sell","buyer":"ctime","seller":"sheila23","symbol":"POB","quantity":"26.33221068","price":"1.32917059","timestamp":1622091849,"volume":"35.00000001","buyTxId":"MM-P-7287776-54247170-3-22-0","sellTxId":"c3973a9d7f396b75958a247a28b76b001e85a001"}
{"index": {"_index":"pob","_id":"1091026"}}=	{"id":1091026,"type":"buy","buyer":"xyba","seller":"solovey6o2","symbol":"POB","quantity":"94.89929300","price":"1.34999999","timestamp":1622092452,"volume":"128.11404460","buyTxId":"b01355a3f4b7d768d16b694e65dda8f850c9a16c","sellTxId":"55ab3944630fc4e54c595c0caa49e07e0bb25a1a"}
{"index": {"_index":"pob","_id":"1091042"}}=	{"id":1091042,"type":"sell","buyer":"bluesniper","seller":"drairinagl7","symbol":"POB","quantity":"26.32250586","price":"1.32966064","timestamp":1622092854,"volume":"34.99999999","buyTxId":"MM-P-7288079-54247538-3-4-0","sellTxId":"3955d4ff4b6293ef3a76726710b5d2ddfe70c60a"}
{"index": {"_index":"pob","_id":"1091043"}}=	{"id":1091043,"type":"sell","buyer":"freebornsociety","seller":"drairinagl7","symbol":"POB","quantity":"15.08220401","price":"1.32965064","timestamp":1622092878,"volume":"20.05406221","buyTxId":"MM-P-7288079-54247538-3-2-0","sellTxId":"42db11deb046c0035725232d49f6a51dd76d21f4"}
{"index": {"_index":"pob","_id":"1091044"}}=	{"id":1091044,"type":"sell","buyer":"ctime","seller":"drairinagl7","symbol":"POB","quantity":"0.92416173","price":"1.32967064","timestamp":1622092947,"volume":"1.22883072","buyTxId":"MM-P-7288108-54247569-3-22-0","sellTxId":"ab2713d38c4a8c2ea45b35f16cac00e3f02b0141"}
{"index": {"_index":"pob","_id":"1091045"}}=	{"id":1091045,"type":"sell","buyer":"solovey6o2","seller":"clicmaster","symbol":"POB","quantity":"1.39070578","price":"1.33000001","timestamp":1622093037,"volume":"1.84963870","buyTxId":"0a7c3c30a09dd644c3b8ddbdd7a2f8d65b46d751","sellTxId":"59b3b437f23308e99cbc0bef37c95498d93a40b1"}
{"index": {"_index":"pob","_id":"1091052"}}=	{"id":1091052,"type":"sell","buyer":"freebornsociety","seller":"juanvegetarian","symbol":"POB","quantity":"0.92332690","price":"1.35024003","timestamp":1622094048,"volume":"1.24671294","buyTxId":"MM-P-7288416-54247938-3-2-0","sellTxId":"8fb9743c43356e6f2282a100dbd1642ef3ce9976"}
{"index": {"_index":"pob","_id":"1091072"}}=	{"id":1091072,"type":"sell","buyer":"freebornsociety","seller":"esecholo","symbol":"POB","quantity":"3.39000000","price":"1.35048006","timestamp":1622094666,"volume":"4.57812740","buyTxId":"MM-P-7288582-54248138-3-2-0","sellTxId":"dc2f668e234fed43a3bcc07011575fbbe2c2b708"}
{"index": {"_index":"pob","_id":"1091073"}}=	{"id":1091073,"type":"sell","buyer":"freebornsociety","seller":"sugandhaseth","symbol":"POB","quantity":"15.00000000","price":"1.35048006","timestamp":1622094681,"volume":"20.25720090","buyTxId":"MM-P-7288582-54248138-3-2-0","sellTxId":"b3e21dead0d54be6067c11c77bea8e26d55a0cc2"}
{"index": {"_index":"pob","_id":"1091093"}}=	{"id":1091093,"type":"sell","buyer":"freebornsociety","seller":"thatgermandude","symbol":"POB","quantity":"0.12193567","price":"1.35048006","timestamp":1622095521,"volume":"0.16467169","buyTxId":"MM-P-7288582-54248138-3-2-0","sellTxId":"cc72957aeeab403d1d9d52c97492ef58926ccda5"}
{"index": {"_index":"pob","_id":"1091094"}}=	{"id":1091094,"type":"sell","buyer":"bluesniper","seller":"thatgermandude","symbol":"POB","quantity":"18.22013651","price":"1.35045008","timestamp":1622095521,"volume":"24.60538481","buyTxId":"MM-P-7288837-54248437-3-4-0","sellTxId":"cc72957aeeab403d1d9d52c97492ef58926ccda5"}
{"index": {"_index":"pob","_id":"1091095"}}=	{"id":1091095,"type":"sell","buyer":"ctime","seller":"thatgermandude","symbol":"POB","quantity":"1.65792782","price":"1.35044008","timestamp":1622095521,"volume":"2.23893218","buyTxId":"MM-P-7288778-54248369-3-22-0","sellTxId":"cc72957aeeab403d1d9d52c97492ef58926ccda5"}
{"index": {"_index":"pob","_id":"1091110"}}=	{"id":1091110,"type":"sell","buyer":"solovey6o2","seller":"fullcoverbetting","symbol":"POB","quantity":"0.00712387","price":"1.35082014","timestamp":1622096712,"volume":"0.00962307","buyTxId":"b06cf09341f18155533cc4da585d04a6c3e0ebd0","sellTxId":"60297234b516ff5990e5015939050bdef01b456f"}
{"index": {"_index":"pob","_id":"1091113"}}=	{"id":1091113,"type":"sell","buyer":"solovey6o2","seller":"chubb149","symbol":"POB","quantity":"11.00000000","price":"1.35094015","timestamp":1622096886,"volume":"14.86034165","buyTxId":"772313523d4009e60ce793de0d43da2d7dfe7571","sellTxId":"f71248558b4d5f718134161bf89d7ffa1114d0bc"}
{"index": {"_index":"pob","_id":"1091117"}}=	{"id":1091117,"type":"sell","buyer":"solovey6o2","seller":"travelgirl","symbol":"POB","quantity":"16.63427353","price":"1.35094015","timestamp":1622096982,"volume":"22.47190798","buyTxId":"772313523d4009e60ce793de0d43da2d7dfe7571","sellTxId":"63d14f222942622ec522716ab0f02b990d754e3b"}
{"index": {"_index":"pob","_id":"1091118"}}=	{"id":1091118,"type":"sell","buyer":"freebornsociety","seller":"charcoalbuffet","symbol":"POB","quantity":"6.08935345","price":"1.35104015","timestamp":1622097060,"volume":"8.22696100","buyTxId":"MM-P-7289248-54248937-3-2-0","sellTxId":"a060f196b9d19233578af6b02087b677f8135142"}
{"index": {"_index":"pob","_id":"1091128"}}=	{"id":1091128,"type":"sell","buyer":"solovey6o2","seller":"achim03","symbol":"POB","quantity":"1.76200000","price":"1.35140020","timestamp":1622097936,"volume":"2.38116715","buyTxId":"1c9a2e35b882b6e78774691ce5ab1406e32bf049","sellTxId":"27e9c68f79a58886957bbbfc43607c463b8e3ce6"}
{"index": {"_index":"pob","_id":"1091129"}}=	{"id":1091129,"type":"sell","buyer":"solovey6o2","seller":"edystringz","symbol":"POB","quantity":"25.90098060","price":"1.35140020","timestamp":1622097951,"volume":"35.00259036","buyTxId":"1c9a2e35b882b6e78774691ce5ab1406e32bf049","sellTxId":"2b51465a253edb6b6338f51501d79c425376b541"}
{"index": {"_index":"pob","_id":"1091131"}}=	{"id":1091131,"type":"sell","buyer":"ctime","seller":"edystringz","symbol":"POB","quantity":"25.89868051","price":"1.35142020","timestamp":1622098014,"volume":"34.99999999","buyTxId":"MM-P-7289502-54249267-3-22-0","sellTxId":"e6818acc53adb3efca54f648d2ecc904899d936d"}
{"index": {"_index":"pob","_id":"1091132"}}=	{"id":1091132,"type":"sell","buyer":"mmmmkkkk311","seller":"edystringz","symbol":"POB","quantity":"24.41893660","price":"1.35141020","timestamp":1622098014,"volume":"32.99999999","buyTxId":"MM-P-7289502-54249267-3-2-0","sellTxId":"e6818acc53adb3efca54f648d2ecc904899d936d"}
{"index": {"_index":"pob","_id":"1091133"}}=	{"id":1091133,"type":"sell","buyer":"solovey6o2","seller":"edystringz","symbol":"POB","quantity":"139.48761988","price":"1.35140020","timestamp":1622098014,"volume":"188.50359740","buyTxId":"1c9a2e35b882b6e78774691ce5ab1406e32bf049","sellTxId":"e6818acc53adb3efca54f648d2ecc904899d936d"}
{"index": {"_index":"pob","_id":"1091141"}}=	{"id":1091141,"type":"sell","buyer":"solovey6o2","seller":"stayten","symbol":"POB","quantity":"1.62171127","price":"1.35150021","timestamp":1622098491,"volume":"2.19174312","buyTxId":"89194e709183f57f81fa290d691d0b847c0ddfa6","sellTxId":"2cd6b9d5beece4f928bd204fbca61e0d2639aa9c"}
{"index": {"_index":"pob","_id":"1091145"}}=	{"id":1091145,"type":"sell","buyer":"ctime","seller":"toofasteddie","symbol":"POB","quantity":"1.08451910","price":"1.35162021","timestamp":1622098629,"volume":"1.46585793","buyTxId":"MM-P-7289662-54249467-3-22-0","sellTxId":"a4537932a6f7a9b8302cd2cc4f3da38c7c7c4489"}
{"index": {"_index":"pob","_id":"1091149"}}=	{"id":1091149,"type":"sell","buyer":"solovey6o2","seller":"leedsunited","symbol":"POB","quantity":"2.52088665","price":"1.35174023","timestamp":1622099037,"volume":"3.40758390","buyTxId":"ea51ad92caa8012bd0f53115a9bccf9b21c47ff9","sellTxId":"abb50109b88e44effc9fbdbc297aa350262e6940"}
{"index": {"_index":"pob","_id":"1091170"}}=	{"id":1091170,"type":"sell","buyer":"ctime","seller":"ahmetay","symbol":"POB","quantity":"0.00348441","price":"1.35234029","timestamp":1622100414,"volume":"0.00471211","buyTxId":"MM-P-7290180-54250067-3-22-0","sellTxId":"928a06affa323a6b647595c899a14d1c95c288be"}
{"index": {"_index":"pob","_id":"1091209"}}=	{"id":1091209,"type":"sell","buyer":"solovey6o2","seller":"juanmiguelsalas","symbol":"POB","quantity":"1.12402590","price":"1.35279035","timestamp":1622101770,"volume":"1.52057139","buyTxId":"4f5b2f227678065e8e73a2a191ac0663e8dc550f","sellTxId":"1a8b258ec5bb984d1eeaaf7cd8a4c0a4c4908d6d"}
{"index": {"_index":"pob","_id":"1091210"}}=	{"id":1091210,"type":"sell","buyer":"solovey6o2","seller":"rezoanulvibes","symbol":"POB","quantity":"2.03501667","price":"1.35279035","timestamp":1622101776,"volume":"2.75295091","buyTxId":"4f5b2f227678065e8e73a2a191ac0663e8dc550f","sellTxId":"f60be878bcd7c5cf83a620ba107581f4c90b5d36"}
{"index": {"_index":"pob","_id":"1091216"}}=	{"id":1091216,"type":"sell","buyer":"solovey6o2","seller":"cwow2","symbol":"POB","quantity":"0.02692609","price":"1.35300037","timestamp":1622102193,"volume":"0.03643101","buyTxId":"e718e48a2fe1558118bf6973522a9a94adb98c19","sellTxId":"c32ff49c08a0cceb52fe97ae5978d7100c70fb13"}
{"index": {"_index":"pob","_id":"1091222"}}=	{"id":1091222,"type":"sell","buyer":"freebornsociety","seller":"acesontop","symbol":"POB","quantity":"11.67496042","price":"1.35310037","timestamp":1622102481,"volume":"15.79739326","buyTxId":"MM-P-7290734-54250735-3-2-0","sellTxId":"e64b3dd235b9f8c8fbd5dc93e256b29fdf779d85"}
{"index": {"_index":"pob","_id":"1091245"}}=	{"id":1091245,"type":"sell","buyer":"solovey6o2","seller":"uwelang","symbol":"POB","quantity":"10.00000000","price":"1.35333040","timestamp":1622103315,"volume":"13.53330400","buyTxId":"7c083ab7d8f31ae18fd76fd46f07daf9c8d8c451","sellTxId":"afb1f8f8cca875e98f6ea628d5be504dc59404e7"}
{"index": {"_index":"pob","_id":"1091262"}}=	{"id":1091262,"type":"sell","buyer":"mmmmkkkk311","seller":"uwelang","symbol":"POB","quantity":"7.38792211","price":"1.35356042","timestamp":1622103807,"volume":"9.99999895","buyTxId":"MM-P-7291062-54251166-3-2-0","sellTxId":"f9d59fa3e7ffde138692fde83625ed80c57c622e"}
{"index": {"_index":"pob","_id":"1091263"}}=	{"id":1091263,"type":"buy","buyer":"lxsxl","seller":"mmmmkkkk311","symbol":"POB","quantity":"2.40000000","price":"1.42278997","timestamp":1622103846,"volume":"3.41469593","buyTxId":"4239dfd35c5258c59df7b3785112e8a9b3dd53ea","sellTxId":"MM-P-7291062-54251166-3-2-1"}
{"index": {"_index":"pob","_id":"1091264"}}=	{"id":1091264,"type":"sell","buyer":"solovey6o2","seller":"jersteemit","symbol":"POB","quantity":"9.34353736","price":"1.35355042","timestamp":1622103855,"volume":"12.64694892","buyTxId":"2ccee8ae9ecfd2efe42b8f7e1adb9e73ab5b9e86","sellTxId":"91581e59cb715194830945e1f92af99eeb4e7d42"}
{"index": {"_index":"pob","_id":"1091279"}}=	{"id":1091279,"type":"sell","buyer":"mmmmkkkk311","seller":"steevc","symbol":"POB","quantity":"1.00000000","price":"1.35388043","timestamp":1622104665,"volume":"1.35388043","buyTxId":"MM-P-7291299-54251466-3-2-0","sellTxId":"36dd4bd48df7eed69ed8aab866b7226398a170a3"}
{"index": {"_index":"pob","_id":"1091281"}}=	{"id":1091281,"type":"sell","buyer":"mmmmkkkk311","seller":"savagetobi","symbol":"POB","quantity":"1.52215474","price":"1.35388043","timestamp":1622104713,"volume":"2.06081551","buyTxId":"MM-P-7291299-54251466-3-2-0","sellTxId":"ad0e7cb594153da7be34a459d943b5b56bf70d5b"}
{"index": {"_index":"pob","_id":"1091282"}}=	{"id":1091282,"type":"sell","buyer":"freebornsociety","seller":"savagetobi","symbol":"POB","quantity":"18.46557798","price":"1.35387043","timestamp":1622104713,"volume":"25.00000000","buyTxId":"MM-P-7291280-54251435-3-2-0","sellTxId":"ad0e7cb594153da7be34a459d943b5b56bf70d5b"}
{"index": {"_index":"pob","_id":"1091283"}}=	{"id":1091283,"type":"sell","buyer":"algotraderx","seller":"savagetobi","symbol":"POB","quantity":"1.00000000","price":"1.35211000","timestamp":1622104713,"volume":"1.35211000","buyTxId":"ca66020b5b731b4e6bf7c38ac1e40f55bf6f9e54","sellTxId":"ad0e7cb594153da7be34a459d943b5b56bf70d5b"}
{"index": {"_index":"pob","_id":"1091284"}}=	{"id":1091284,"type":"sell","buyer":"xyba","seller":"savagetobi","symbol":"POB","quantity":"6.01226728","price":"1.35000000","timestamp":1622104713,"volume":"8.11656083","buyTxId":"1e3be3b9b2d0bb43373815eea076ca83fc7815c7","sellTxId":"ad0e7cb594153da7be34a459d943b5b56bf70d5b"}
{"index": {"_index":"pob","_id":"1091301"}}=	{"id":1091301,"type":"sell","buyer":"solovey6o2","seller":"fullcoverbetting","symbol":"POB","quantity":"0.88427131","price":"1.35033003","timestamp":1622105616,"volume":"1.19405810","buyTxId":"fd1d928219861e3c5e4dbe732ae8115b598a423d","sellTxId":"ec40c01a30f8609d0bab03c1dc6690150524912c"}
{"index": {"_index":"pob","_id":"1091311"}}=	{"id":1091311,"type":"sell","buyer":"ctime","seller":"toofasteddie","symbol":"POB","quantity":"2.00000000","price":"1.35044004","timestamp":1622105934,"volume":"2.70088008","buyTxId":"MM-P-7291621-54251866-3-22-0","sellTxId":"82ebec33a3da346dadfd1b1951536e327a2993cf"}
{"index": {"_index":"pob","_id":"1091320"}}=	{"id":1091320,"type":"sell","buyer":"freebornsociety","seller":"brofi-market","symbol":"POB","quantity":"9.69337228","price":"1.35054005","timestamp":1622106030,"volume":"13.09128748","buyTxId":"MM-P-7291677-54251935-3-2-0","sellTxId":"44cae81ec4cd174772e8f96450a1ef9ecfee6b52"}
{"index": {"_index":"pob","_id":"1091337"}}=	{"id":1091337,"type":"sell","buyer":"freebornsociety","seller":"melbourneswest","symbol":"POB","quantity":"3.00333994","price":"1.35065006","timestamp":1622106372,"volume":"4.05646127","buyTxId":"MM-P-7291761-54252035-3-2-0","sellTxId":"425d516d726a2422283aa1212a51885081eecb10"}
{"index": {"_index":"pob","_id":"1091346"}}=	{"id":1091346,"type":"sell","buyer":"freebornsociety","seller":"romirspc.tribe","symbol":"POB","quantity":"3.6","price":"1.35077007","timestamp":1622106708,"volume":"4.86277225","buyTxId":"MM-P-7291852-54252135-3-2-0","sellTxId":"5a3025aa5ae037da40bc8845a6dbb0c9cffefbf1"}
{"index": {"_index":"pob","_id":"1091380"}}=	{"id":1091380,"type":"sell","buyer":"mmmmkkkk311","seller":"charcoalbuffet","symbol":"POB","quantity":"2.34510514","price":"1.35179019","timestamp":1622109414,"volume":"3.17009012","buyTxId":"MM-P-7292683-54253062-3-2-0","sellTxId":"64dc4dc35cff8816a432d58585abf9281f90107b"}
{"index": {"_index":"pob","_id":"1091393"}}=	{"id":1091393,"type":"sell","buyer":"solovey6o2","seller":"gank","symbol":"POB","quantity":"10.78887991","price":"1.35201022","timestamp":1622110203,"volume":"14.58667590","buyTxId":"da6210465b07a88d4684c8657d7c8c662bc2816e","sellTxId":"fd39202a021a78d00203bfca6a2bce5053ceef8f"}
{"index": {"_index":"pob","_id":"1091394"}}=	{"id":1091394,"type":"sell","buyer":"ahmetay","seller":"gank","symbol":"POB","quantity":"0.00769719","price":"1.35201022","timestamp":1622110203,"volume":"0.01040668","buyTxId":"c5347fa6bdb199e3903e3b1c772f7733ee678337","sellTxId":"fd39202a021a78d00203bfca6a2bce5053ceef8f"}
{"index": {"_index":"pob","_id":"1091395"}}=	{"id":1091395,"type":"sell","buyer":"mmmmkkkk311","seller":"gank","symbol":"POB","quantity":"1.09147319","price":"1.35201021","timestamp":1622110203,"volume":"1.47568290","buyTxId":"MM-P-7292863-54253262-3-2-0","sellTxId":"fd39202a021a78d00203bfca6a2bce5053ceef8f"}
{"index": {"_index":"pob","_id":"1091397"}}=	{"id":1091397,"type":"sell","buyer":"freebornsociety","seller":"ahmetay","symbol":"POB","quantity":"0.00769719","price":"1.35211021","timestamp":1622110224,"volume":"0.01040745","buyTxId":"MM-P-7292921-54253331-3-2-0","sellTxId":"59bd7c8fc144ed1d3fd917528e4827c1591aa51a"}
{"index": {"_index":"pob","_id":"1091398"}}=	{"id":1091398,"type":"sell","buyer":"freebornsociety","seller":"tlundy47","symbol":"POB","quantity":"0.00015359","price":"1.35211021","timestamp":1622110245,"volume":"0.00020767","buyTxId":"MM-P-7292921-54253331-3-2-0","sellTxId":"b2bb9a83908da7a9107fb646f2ef1ac94a2e3a4b"}
{"index": {"_index":"pob","_id":"1091404"}}=	{"id":1091404,"type":"sell","buyer":"freebornsociety","seller":"ahmetay","symbol":"POB","quantity":"0.00769719","price":"1.35211021","timestamp":1622110401,"volume":"0.01040745","buyTxId":"MM-P-7292921-54253331-3-2-0","sellTxId":"8dae4133cc93c86c03eab3ca4a975c6182222634"}
{"index": {"_index":"pob","_id":"1091419"}}=	{"id":1091419,"type":"sell","buyer":"freebornsociety","seller":"scooter77","symbol":"POB","quantity":"18.47406909","price":"1.35211021","timestamp":1622111019,"volume":"24.97897744","buyTxId":"MM-P-7292921-54253331-3-2-0","sellTxId":"bbb8e1ba7f3f50a2e26ce7648ce30e3ce0393c40"}
{"index": {"_index":"pob","_id":"1091420"}}=	{"id":1091420,"type":"sell","buyer":"mmmmkkkk311","seller":"scooter77","symbol":"POB","quantity":"1.52593091","price":"1.35142000","timestamp":1622111019,"volume":"2.06217355","buyTxId":"MM-P-7293125-54253562-3-2-0","sellTxId":"bbb8e1ba7f3f50a2e26ce7648ce30e3ce0393c40"}
{"index": {"_index":"pob","_id":"1091422"}}=	{"id":1091422,"type":"buy","buyer":"offgridlife","seller":"eirik","symbol":"POB","quantity":"1.00000000","price":"1.38000000","timestamp":1622111028,"volume":"1.38000000","buyTxId":"b4483155646fa79a4e0772286b667a82caf55cd1","sellTxId":"bcf2f17345000057c0797367792af068aed1929a"}
{"index": {"_index":"pob","_id":"1091440"}}=	{"id":1091440,"type":"sell","buyer":"mmmmkkkk311","seller":"jlordc","symbol":"POB","quantity":"2.30932289","price":"1.35153000","timestamp":1622111379,"volume":"3.12111917","buyTxId":"MM-P-7293213-54253662-3-2-0","sellTxId":"635cd98bb09b669f304754df69e3c622d17a44f6"}
{"index": {"_index":"pob","_id":"1091444"}}=	{"id":1091444,"type":"sell","buyer":"mmmmkkkk311","seller":"scooter77","symbol":"POB","quantity":"20.00000000","price":"1.35164000","timestamp":1622111601,"volume":"27.03280000","buyTxId":"MM-P-7293294-54253762-3-2-0","sellTxId":"d542c10839927a4eaa688423561c8de3b66c7dbb"}
{"index": {"_index":"pob","_id":"1091476"}}=	{"id":1091476,"type":"sell","buyer":"mmmmkkkk311","seller":"horlaryhiworlar","symbol":"POB","quantity":"0.58025473","price":"1.35164000","timestamp":1622113281,"volume":"0.78429550","buyTxId":"MM-P-7293294-54253762-3-2-0","sellTxId":"a11b2762923593e56285bb4bdbcc4e2f0a9a842f"}
{"index": {"_index":"pob","_id":"1091483"}}=	{"id":1091483,"type":"sell","buyer":"freebornsociety","seller":"fiberfrau","symbol":"POB","quantity":"2.00000000","price":"1.35163000","timestamp":1622113962,"volume":"2.70326000","buyTxId":"MM-P-7293271-54253731-3-2-0","sellTxId":"b45a909b4456a6ccedec8dd451f3bbfa4ce11095"}
{"index": {"_index":"pob","_id":"1091485"}}=	{"id":1091485,"type":"sell","buyer":"freebornsociety","seller":"meesterbrain","symbol":"POB","quantity":"4.99607171","price":"1.35163000","timestamp":1622114019,"volume":"6.75284041","buyTxId":"MM-P-7293271-54253731-3-2-0","sellTxId":"d37b5df87454dad3f24d0e784efb889cbfdac8de"}
{"index": {"_index":"pob","_id":"1091486"}}=	{"id":1091486,"type":"sell","buyer":"freebornsociety","seller":"horlaryhiworlar","symbol":"POB","quantity":"11.50011438","price":"1.35163000","timestamp":1622114049,"volume":"15.54389959","buyTxId":"MM-P-7293271-54253731-3-2-0","sellTxId":"abdbfa26df5b1d3ee9b6193a6127a0524eeb9fd0"}
{"index": {"_index":"pob","_id":"1091489"}}=	{"id":1091489,"type":"sell","buyer":"freebornsociety","seller":"meesterbrain","symbol":"POB","quantity":"4.26376802","price":"1.35160000","timestamp":1622114148,"volume":"5.76290886","buyTxId":"MM-P-7294010-54254630-3-2-0","sellTxId":"ccfd081644eb7cd96c22e67870ac407128ab5aab"}
{"index": {"_index":"pob","_id":"1091491"}}=	{"id":1091491,"type":"sell","buyer":"freebornsociety","seller":"horlaryhiworlar","symbol":"POB","quantity":"5.13640645","price":"1.35160000","timestamp":1622114235,"volume":"6.94236696","buyTxId":"MM-P-7294010-54254630-3-2-0","sellTxId":"4ca0eb9c1e68e2f0781bed5d88aaf16f30f31388"}
{"index": {"_index":"pob","_id":"1091495"}}=	{"id":1091495,"type":"sell","buyer":"freebornsociety","seller":"freeztag","symbol":"POB","quantity":"3.33405738","price":"1.35160000","timestamp":1622114430,"volume":"4.50631195","buyTxId":"MM-P-7294010-54254630-3-2-0","sellTxId":"44beb92d5099fe6ccc568ee09a88765757ecad86"}
{"index": {"_index":"pob","_id":"1091532"}}=	{"id":1091532,"type":"sell","buyer":"freebornsociety","seller":"jaraumoses","symbol":"POB","quantity":"18.47418049","price":"1.35324000","timestamp":1622117448,"volume":"25.00000001","buyTxId":"MM-P-7295106-54255727-3-2-0","sellTxId":"b28d666c3513ad76a190dfe1ea00a76ea6524ca6"}
{"index": {"_index":"pob","_id":"1091533"}}=	{"id":1091533,"type":"sell","buyer":"richardcrill","seller":"jaraumoses","symbol":"POB","quantity":"3.52581951","price":"1.35314000","timestamp":1622117448,"volume":"4.77092741","buyTxId":"MM-P-7295052-54255673-3-10-0","sellTxId":"b28d666c3513ad76a190dfe1ea00a76ea6524ca6"}
{"index": {"_index":"pob","_id":"1091538"}}=	{"id":1091538,"type":"sell","buyer":"mmmmkkkk311","seller":"thatsweeneyguy","symbol":"POB","quantity":"0.87909674","price":"1.35151000","timestamp":1622118114,"volume":"1.18810804","buyTxId":"MM-P-7295337-54255958-3-2-0","sellTxId":"ef7e366a4d740237557d88a7070409780819c99d"}
{"index": {"_index":"pob","_id":"1091602"}}=	{"id":1091602,"type":"sell","buyer":"freebornsociety","seller":"wearealive","symbol":"POB","quantity":"0.00016165","price":"1.35161000","timestamp":1622119050,"volume":"0.00021849","buyTxId":"MM-P-7295406-54256027-3-2-0","sellTxId":"10dc1589f0911501614604bb874abaed59c2eaab"}
{"index": {"_index":"pob","_id":"1091639"}}=	{"id":1091639,"type":"sell","buyer":"freebornsociety","seller":"unmetered","symbol":"POB","quantity":"0.00462001","price":"1.35161000","timestamp":1622119320,"volume":"0.00624445","buyTxId":"MM-P-7295406-54256027-3-2-0","sellTxId":"61c7e343a57a16eec2c4a2813fafa18c524fdf4b"}
{"index": {"_index":"pob","_id":"1091831"}}=	{"id":1091831,"type":"sell","buyer":"mmmmkkkk311","seller":"trumpman","symbol":"POB","quantity":"3.77073307","price":"1.35162000","timestamp":1622121534,"volume":"5.09659823","buyTxId":"MM-P-7296435-54257058-3-2-0","sellTxId":"4c150d596eaeccb992b686595f7d02600c5fb70f"}
{"index": {"_index":"pob","_id":"1091898"}}=	{"id":1091898,"type":"buy","buyer":"richardcrill","seller":"trumpman","symbol":"POB","quantity":"5.22007587","price":"1.35162000","timestamp":1622122356,"volume":"7.05555895","buyTxId":"MM-P-7296732-54257372-3-10-0","sellTxId":"4c150d596eaeccb992b686595f7d02600c5fb70f"}
{"index": {"_index":"pob","_id":"1091903"}}=	{"id":1091903,"type":"buy","buyer":"onealfa.leo","seller":"trumpman","symbol":"POB","quantity":"22.00919106","price":"1.35162000","timestamp":1622122512,"volume":"29.74806282","buyTxId":"f004f7672c2caf03ad9ecfa0b1f9bf0e38d0db89","sellTxId":"4c150d596eaeccb992b686595f7d02600c5fb70f"}
{"index": {"_index":"pob","_id":"1091904"}}=	{"id":1091904,"type":"buy","buyer":"onealfa.leo","seller":"freebornsociety","symbol":"POB","quantity":"0.03823690","price":"1.35829994","timestamp":1622122512,"volume":"0.05193718","buyTxId":"f004f7672c2caf03ad9ecfa0b1f9bf0e38d0db89","sellTxId":"MM-P-7296691-54257326-3-2-0"}
{"index": {"_index":"pob","_id":"1091939"}}=	{"id":1091939,"type":"buy","buyer":"solovey6o2","seller":"freebornsociety","symbol":"POB","quantity":"16.46176310","price":"1.35829994","timestamp":1622123304,"volume":"22.36001183","buyTxId":"37df88daec431ff29e86b6c437967ffdc50ccf70","sellTxId":"MM-P-7296691-54257326-3-2-0"}
{"index": {"_index":"pob","_id":"1091940"}}=	{"id":1091940,"type":"buy","buyer":"solovey6o2","seller":"mmmmkkkk311","symbol":"POB","quantity":"15.00000000","price":"1.35846992","timestamp":1622123304,"volume":"20.37704880","buyTxId":"37df88daec431ff29e86b6c437967ffdc50ccf70","sellTxId":"MM-P-7296806-54257457-3-2-1"}
{"index": {"_index":"pob","_id":"1091941"}}=	{"id":1091941,"type":"sell","buyer":"solovey6o2","seller":"chinorf","symbol":"POB","quantity":"4.63453464","price":"1.35850000","timestamp":1622123322,"volume":"6.29601531","buyTxId":"37df88daec431ff29e86b6c437967ffdc50ccf70","sellTxId":"6ed87286c6d19dd5d536212056a0b54fa620d567"}
{"index": {"_index":"pob","_id":"1091943"}}=	{"id":1091943,"type":"buy","buyer":"solovey6o2","seller":"linkxdx","symbol":"POB","quantity":"6.06000000","price":"1.35900000","timestamp":1622123364,"volume":"8.23554000","buyTxId":"ecba1cb8e333ffc6aa8ddda0a048beec0d712f1a","sellTxId":"cf85f3225f0a431c120b56644644e59e0a5db50a"}
{"index": {"_index":"pob","_id":"1091944"}}=	{"id":1091944,"type":"buy","buyer":"solovey6o2","seller":"abbak7","symbol":"POB","quantity":"1.84264223","price":"1.36000000","timestamp":1622123364,"volume":"2.50599343","buyTxId":"ecba1cb8e333ffc6aa8ddda0a048beec0d712f1a","sellTxId":"7997e817fa0e1d1d553c825fd8410192e965e8b5"}
{"index": {"_index":"pob","_id":"1091947"}}=	{"id":1091947,"type":"buy","buyer":"solovey6o2","seller":"bluesniper","symbol":"POB","quantity":"15.00000000","price":"1.37769970","timestamp":1622123403,"volume":"20.66549550","buyTxId":"cf21cff64d7a7a1ba2a58784e9b0b25de9e38cb2","sellTxId":"MM-P-7296004-54256627-3-4-0"}
{"index": {"_index":"pob","_id":"1091948"}}=	{"id":1091948,"type":"buy","buyer":"solovey6o2","seller":"eirik","symbol":"POB","quantity":"1.45000000","price":"1.38000000","timestamp":1622123403,"volume":"2.00100000","buyTxId":"cf21cff64d7a7a1ba2a58784e9b0b25de9e38cb2","sellTxId":"bcf2f17345000057c0797367792af068aed1929a"}
{"index": {"_index":"pob","_id":"1091949"}}=	{"id":1091949,"type":"buy","buyer":"solovey6o2","seller":"meesterbrain","symbol":"POB","quantity":"5.55000000","price":"1.38000000","timestamp":1622123403,"volume":"7.65900000","buyTxId":"cf21cff64d7a7a1ba2a58784e9b0b25de9e38cb2","sellTxId":"b9b758cc387cf8fd4dfb5aef7a049627adba8ea0"}
{"index": {"_index":"pob","_id":"1091954"}}=	{"id":1091954,"type":"buy","buyer":"solovey6o2","seller":"meesterbrain","symbol":"POB","quantity":"4.45000000","price":"1.38000000","timestamp":1622123514,"volume":"6.14100000","buyTxId":"c21374edbd709c22ddd5f7a63cdf47785a490bf3","sellTxId":"b9b758cc387cf8fd4dfb5aef7a049627adba8ea0"}
{"index": {"_index":"pob","_id":"1091955"}}=	{"id":1091955,"type":"buy","buyer":"solovey6o2","seller":"freebornsociety","symbol":"POB","quantity":"3.55000000","price":"1.39490000","timestamp":1622123514,"volume":"4.95189500","buyTxId":"c21374edbd709c22ddd5f7a63cdf47785a490bf3","sellTxId":"MM-P-7297030-54257726-3-2-1"}
{"index": {"_index":"pob","_id":"1091965"}}=	{"id":1091965,"type":"sell","buyer":"gimme-your-coinz","seller":"aamin","symbol":"POB","quantity":"5.00000000","price":"1.36022005","timestamp":1622123907,"volume":"6.80110025","buyTxId":"e583cadc6969020b659999eeeb6de2d0c171606a","sellTxId":"5e5b7e38a138ed325f2e57abfccc069b59d1cf29"}
{"index": {"_index":"pob","_id":"1091967"}}=	{"id":1091967,"type":"buy","buyer":"gimme-your-coinz","seller":"aamin","symbol":"POB","quantity":"5.00000000","price":"1.36022005","timestamp":1622123925,"volume":"6.80110025","buyTxId":"8506897ad2b1ecab5954209125d7689b288af38e","sellTxId":"5e5b7e38a138ed325f2e57abfccc069b59d1cf29"}
{"index": {"_index":"pob","_id":"1091969"}}=	{"id":1091969,"type":"buy","buyer":"gimme-your-coinz","seller":"aamin","symbol":"POB","quantity":"5.00000000","price":"1.36022005","timestamp":1622123946,"volume":"6.80110025","buyTxId":"af025967a30f73d1728f83daa9003ccb87f45eca","sellTxId":"5e5b7e38a138ed325f2e57abfccc069b59d1cf29"}
{"index": {"_index":"pob","_id":"1091970"}}=	{"id":1091970,"type":"buy","buyer":"gimme-your-coinz","seller":"aamin","symbol":"POB","quantity":"5.00000000","price":"1.36022005","timestamp":1622123964,"volume":"6.80110025","buyTxId":"6aebeea921e8956a7a9927f7b51a585cac0809d9","sellTxId":"5e5b7e38a138ed325f2e57abfccc069b59d1cf29"}
{"index": {"_index":"pob","_id":"1091971"}}=	{"id":1091971,"type":"buy","buyer":"gimme-your-coinz","seller":"aamin","symbol":"POB","quantity":"5.00000000","price":"1.36022005","timestamp":1622123982,"volume":"6.80110025","buyTxId":"77f96cb49cf4d4b2c8127b06594e6fdc6d16e961","sellTxId":"5e5b7e38a138ed325f2e57abfccc069b59d1cf29"}
{"index": {"_index":"pob","_id":"1091973"}}=	{"id":1091973,"type":"buy","buyer":"gimme-your-coinz","seller":"aamin","symbol":"POB","quantity":"1.49181054","price":"1.36022005","timestamp":1622123997,"volume":"2.02919061","buyTxId":"24770cef8f7aef369a017e274af1b118024db7a1","sellTxId":"5e5b7e38a138ed325f2e57abfccc069b59d1cf29"}
{"index": {"_index":"pob","_id":"1091978"}}=	{"id":1091978,"type":"sell","buyer":"mmmmkkkk311","seller":"jeniffer23","symbol":"POB","quantity":"3.73721875","price":"1.36033006","timestamp":1622124132,"volume":"5.08385101","buyTxId":"MM-P-7297248-54257957-3-2-0","sellTxId":"fa8d2d5fd096e380c97076d70f990e854a257186"}
{"index": {"_index":"pob","_id":"1091987"}}=	{"id":1091987,"type":"sell","buyer":"freebornsociety","seller":"tonytrillions","symbol":"POB","quantity":"1.00000000","price":"1.36043007","timestamp":1622124321,"volume":"1.36043007","buyTxId":"MM-P-7297308-54258026-3-2-0","sellTxId":"16e87d16c400215898a6bf991a48fc7cddaa1f9a"}
{"index": {"_index":"pob","_id":"1092014"}}=	{"id":1092014,"type":"sell","buyer":"gimme-your-coinz","seller":"slobberchops","symbol":"POB","quantity":"0.35711635","price":"1.36065012","timestamp":1622125209,"volume":"0.48591040","buyTxId":"1175206b8fc8cd2452e0ff4ea302a0c9323f5c8f","sellTxId":"3baa6526c154e4ee9a6b473bbec91c973e09982a"}
{"index": {"_index":"pob","_id":"1092021"}}=	{"id":1092021,"type":"sell","buyer":"gimme-your-coinz","seller":"chireerocks","symbol":"POB","quantity":"1.20186874","price":"1.36076014","timestamp":1622125413,"volume":"1.63545507","buyTxId":"28d4952a19d5b88144708e98660174f47a3acb5b","sellTxId":"f2fa25f9d88d39d1b0d0a56199587f0a50301fb8"}
{"index": {"_index":"pob","_id":"1092032"}}=	{"id":1092032,"type":"sell","buyer":"gimme-your-coinz","seller":"gungunkrishu","symbol":"POB","quantity":"5.00000000","price":"1.36107017","timestamp":1622125845,"volume":"6.80535085","buyTxId":"e67bd72eb4f9e73554c268ecf51b4274fd1413a2","sellTxId":"2b96605d7a38cb78d62861b9f40207fd2295aca4"}
{"index": {"_index":"pob","_id":"1092033"}}=	{"id":1092033,"type":"sell","buyer":"freebornsociety","seller":"gungunkrishu","symbol":"POB","quantity":"18.36789957","price":"1.36107016","timestamp":1622125845,"volume":"25.00000001","buyTxId":"MM-P-7297743-54258525-3-2-0","sellTxId":"2b96605d7a38cb78d62861b9f40207fd2295aca4"}
{"index": {"_index":"pob","_id":"1092034"}}=	{"id":1092034,"type":"sell","buyer":"richardcrill","seller":"gungunkrishu","symbol":"POB","quantity":"10.03210043","price":"1.36097015","timestamp":1622125845,"volume":"13.65338923","buyTxId":"MM-P-7297693-54258471-3-10-0","sellTxId":"2b96605d7a38cb78d62861b9f40207fd2295aca4"}
{"index": {"_index":"pob","_id":"1092036"}}=	{"id":1092036,"type":"sell","buyer":"mmmmkkkk311","seller":"logicforce","symbol":"POB","quantity":"0.84406496","price":"1.36098016","timestamp":1622125920,"volume":"1.14875566","buyTxId":"MM-P-7297772-54258556-3-2-0","sellTxId":"913cb3edea097b685c88c4ed6222acc40037f10e"}
{"index": {"_index":"pob","_id":"1092046"}}=	{"id":1092046,"type":"sell","buyer":"gimme-your-coinz","seller":"jersteemit","symbol":"POB","quantity":"5.00000000","price":"1.36119019","timestamp":1622126334,"volume":"6.80595095","buyTxId":"fd569fab2ddfc121a83eafe27418a30d84caad0b","sellTxId":"0ce7eb9f28ac67c32b3f8406be8b71d0686f3d1e"}
{"index": {"_index":"pob","_id":"1092047"}}=	{"id":1092047,"type":"sell","buyer":"richardcrill","seller":"jersteemit","symbol":"POB","quantity":"3.51689472","price":"1.36119018","timestamp":1622126334,"volume":"4.78716256","buyTxId":"MM-P-7297873-54258671-3-10-0","sellTxId":"0ce7eb9f28ac67c32b3f8406be8b71d0686f3d1e"}
{"index": {"_index":"pob","_id":"1092052"}}=	{"id":1092052,"type":"buy","buyer":"richardcrill","seller":"bluesniper","symbol":"POB","quantity":"15.00000000","price":"1.39384987","timestamp":1622126544,"volume":"20.90774805","buyTxId":"5b50ee9ad7278a6d869957c55cd8bb19c7ffda3a","sellTxId":"MM-P-7297922-54258724-3-4-0"}
{"index": {"_index":"pob","_id":"1092053"}}=	{"id":1092053,"type":"buy","buyer":"richardcrill","seller":"freebornsociety","symbol":"POB","quantity":"25.00000000","price":"1.39385987","timestamp":1622126544,"volume":"34.84649675","buyTxId":"5b50ee9ad7278a6d869957c55cd8bb19c7ffda3a","sellTxId":"MM-P-7297922-54258724-3-2-1"}
{"index": {"_index":"pob","_id":"1092054"}}=	{"id":1092054,"type":"buy","buyer":"richardcrill","seller":"solovey6o2","symbol":"POB","quantity":"293.00000000","price":"1.39395987","timestamp":1622126544,"volume":"408.43024191","buyTxId":"5b50ee9ad7278a6d869957c55cd8bb19c7ffda3a","sellTxId":"de623678d6eda5aa1dcc607bc47c63ba244c3baf"}
{"index": {"_index":"pob","_id":"1092056"}}=	{"id":1092056,"type":"sell","buyer":"gimme-your-coinz","seller":"ftfund","symbol":"POB","quantity":"5.00000000","price":"1.36140021","timestamp":1622126646,"volume":"6.80700105","buyTxId":"ee421820bce8a358e7a4bed82aea121e158e130d","sellTxId":"f0fa76de744bb9f798e66c187d28cce273fba242"}
{"index": {"_index":"pob","_id":"1092057"}}=	{"id":1092057,"type":"sell","buyer":"solovey6o2","seller":"ftfund","symbol":"POB","quantity":"16.40993942","price":"1.36140021","timestamp":1622126646,"volume":"22.34049497","buyTxId":"e743780918964df203f52b3bfa60944cb30cf67b","sellTxId":"f0fa76de744bb9f798e66c187d28cce273fba242"}
{"index": {"_index":"pob","_id":"1092067"}}=	{"id":1092067,"type":"sell","buyer":"gimme-your-coinz","seller":"butherfly87","symbol":"POB","quantity":"1.49005779","price":"1.36161026","timestamp":1622126904,"volume":"2.02887797","buyTxId":"cd694117a4f7135ad7d5f76641f8efef572149f6","sellTxId":"457fc84d47da473a332285c748e0ec8de5618009"}
{"index": {"_index":"pob","_id":"1092068"}}=	{"id":1092068,"type":"sell","buyer":"gimme-your-coinz","seller":"crypto133","symbol":"POB","quantity":"0.97017381","price":"1.36172027","timestamp":1622127042,"volume":"1.32110534","buyTxId":"8f4405c6b108e42acb3fb7d9ca27eeaab20f3248","sellTxId":"1b0c41fca605f3a52a3343f2be297dca82ae9a8b"}
{"index": {"_index":"pob","_id":"1092070"}}=	{"id":1092070,"type":"sell","buyer":"gimme-your-coinz","seller":"stayten","symbol":"POB","quantity":"3.26058673","price":"1.36172027","timestamp":1622127069,"volume":"4.44000704","buyTxId":"8f4405c6b108e42acb3fb7d9ca27eeaab20f3248","sellTxId":"25737283086111ff9ec7e312fb473ed0840833fb"}
{"index": {"_index":"pob","_id":"1092075"}}=	{"id":1092075,"type":"buy","buyer":"richardcrill","seller":"solovey6o2","symbol":"POB","quantity":"31.93683841","price":"1.39393987","timestamp":1622127177,"volume":"44.51803238","buyTxId":"eaf8b202d80de6dedbaed0c45f1990f68123315f","sellTxId":"c2a848911d00e3763d0b9923c6a1d59a21a3e189"}
{"index": {"_index":"pob","_id":"1092076"}}=	{"id":1092076,"type":"buy","buyer":"richardcrill","seller":"bluesniper","symbol":"POB","quantity":"15.00000000","price":"1.39393988","timestamp":1622127177,"volume":"20.90909820","buyTxId":"eaf8b202d80de6dedbaed0c45f1990f68123315f","sellTxId":"MM-P-7298108-54258923-3-4-1"}
{"index": {"_index":"pob","_id":"1092077"}}=	{"id":1092077,"type":"buy","buyer":"richardcrill","seller":"freebornsociety","symbol":"POB","quantity":"25.00000000","price":"1.39394988","timestamp":1622127177,"volume":"34.84874700","buyTxId":"eaf8b202d80de6dedbaed0c45f1990f68123315f","sellTxId":"MM-P-7298108-54258923-3-2-1"}
{"index": {"_index":"pob","_id":"1092078"}}=	{"id":1092078,"type":"buy","buyer":"richardcrill","seller":"mmmmkkkk311","symbol":"POB","quantity":"15.00000000","price":"1.39415990","timestamp":1622127177,"volume":"20.91239850","buyTxId":"eaf8b202d80de6dedbaed0c45f1990f68123315f","sellTxId":"MM-P-7297950-54258755-3-2-1"}
{"index": {"_index":"pob","_id":"1092079"}}=	{"id":1092079,"type":"buy","buyer":"richardcrill","seller":"anadolu","symbol":"POB","quantity":"17.50000000","price":"1.39500000","timestamp":1622127177,"volume":"24.41250000","buyTxId":"eaf8b202d80de6dedbaed0c45f1990f68123315f","sellTxId":"f3e916f98c1a3d21271c84efebccb34bd7fe0067"}
{"index": {"_index":"pob","_id":"1092080"}}=	{"id":1092080,"type":"buy","buyer":"richardcrill","seller":"brofi-market","symbol":"POB","quantity":"9.69337228","price":"1.39937986","timestamp":1622127177,"volume":"13.56470994","buyTxId":"eaf8b202d80de6dedbaed0c45f1990f68123315f","sellTxId":"c928bab9a874c9fe6f3cdb18c3197bf015fc349a"}
{"index": {"_index":"pob","_id":"1092081"}}=	{"id":1092081,"type":"buy","buyer":"richardcrill","seller":"liotes.voter","symbol":"POB","quantity":"4.10048854","price":"1.39979991","timestamp":1622127177,"volume":"5.73986349","buyTxId":"eaf8b202d80de6dedbaed0c45f1990f68123315f","sellTxId":"503febfa1823e3839166b2ca04245b6c7abb10c3"}
{"index": {"_index":"pob","_id":"1092082"}}=	{"id":1092082,"type":"buy","buyer":"richardcrill","seller":"risingstargame","symbol":"POB","quantity":"5.00000000","price":"1.40000000","timestamp":1622127177,"volume":"7.00000000","buyTxId":"eaf8b202d80de6dedbaed0c45f1990f68123315f","sellTxId":"d32eea5024909db4bb237c80e098b45d9b080508"}
{"index": {"_index":"pob","_id":"1092083"}}=	{"id":1092083,"type":"buy","buyer":"richardcrill","seller":"eirik","symbol":"POB","quantity":"1.00000000","price":"1.40000000","timestamp":1622127177,"volume":"1.40000000","buyTxId":"eaf8b202d80de6dedbaed0c45f1990f68123315f","sellTxId":"908e740d276382c039805934cea03d6a23736b71"}
{"index": {"_index":"pob","_id":"1092084"}}=	{"id":1092084,"type":"buy","buyer":"richardcrill","seller":"thisismylife","symbol":"POB","quantity":"5.06216265","price":"1.42300000","timestamp":1622127177,"volume":"7.20345745","buyTxId":"eaf8b202d80de6dedbaed0c45f1990f68123315f","sellTxId":"edeecde2395ecf2f7469e359afd89dc560896b8e"}
{"index": {"_index":"pob","_id":"1092085"}}=	{"id":1092085,"type":"buy","buyer":"richardcrill","seller":"amigareaction","symbol":"POB","quantity":"0.50000000","price":"1.42500000","timestamp":1622127177,"volume":"0.71250000","buyTxId":"eaf8b202d80de6dedbaed0c45f1990f68123315f","sellTxId":"d56d99d72f4766f9ecb207835f3f109392cc9a7b"}
{"index": {"_index":"pob","_id":"1092086"}}=	{"id":1092086,"type":"buy","buyer":"richardcrill","seller":"scooter77","symbol":"POB","quantity":"20.00000000","price":"1.42632000","timestamp":1622127177,"volume":"28.52640000","buyTxId":"eaf8b202d80de6dedbaed0c45f1990f68123315f","sellTxId":"2b31b298b5b08a8b687a7e558e23284fbf5fbd2d"}
{"index": {"_index":"pob","_id":"1092087"}}=	{"id":1092087,"type":"buy","buyer":"richardcrill","seller":"bashadow","symbol":"POB","quantity":"5.00000000","price":"1.42633002","timestamp":1622127177,"volume":"7.13165010","buyTxId":"eaf8b202d80de6dedbaed0c45f1990f68123315f","sellTxId":"ff8ee775f2dfc0de2d3854f128484367fa33e493"}
{"index": {"_index":"pob","_id":"1092088"}}=	{"id":1092088,"type":"buy","buyer":"richardcrill","seller":"nirvana3003","symbol":"POB","quantity":"20.00000000","price":"1.42633002","timestamp":1622127177,"volume":"28.52660040","buyTxId":"eaf8b202d80de6dedbaed0c45f1990f68123315f","sellTxId":"3bdfbd26247121dbf2665fc23038cd0d7b4f3c03"}
{"index": {"_index":"pob","_id":"1092089"}}=	{"id":1092089,"type":"buy","buyer":"richardcrill","seller":"skylinebuds","symbol":"POB","quantity":"5.00000000","price":"1.44500000","timestamp":1622127177,"volume":"7.22500000","buyTxId":"eaf8b202d80de6dedbaed0c45f1990f68123315f","sellTxId":"bdcf685c1b0386182c44a8a56bd8550c50d7a65b"}
{"index": {"_index":"pob","_id":"1092090"}}=	{"id":1092090,"type":"buy","buyer":"richardcrill","seller":"skylinebuds","symbol":"POB","quantity":"5.00000000","price":"1.44700000","timestamp":1622127177,"volume":"7.23500000","buyTxId":"eaf8b202d80de6dedbaed0c45f1990f68123315f","sellTxId":"e80b73a75c491c82e32c5920ec4b61fd16f0fed7"}
{"index": {"_index":"pob","_id":"1092091"}}=	{"id":1092091,"type":"buy","buyer":"richardcrill","seller":"ironshield","symbol":"POB","quantity":"32.80809045","price":"1.44898000","timestamp":1622127177,"volume":"47.53826690","buyTxId":"eaf8b202d80de6dedbaed0c45f1990f68123315f","sellTxId":"a89f07aad1df160c04aa49998f71c62339d97e94"}
{"index": {"_index":"pob","_id":"1092092"}}=	{"id":1092092,"type":"buy","buyer":"richardcrill","seller":"skylinebuds","symbol":"POB","quantity":"5.00000000","price":"1.44900000","timestamp":1622127177,"volume":"7.24500000","buyTxId":"eaf8b202d80de6dedbaed0c45f1990f68123315f","sellTxId":"b55b36551f7a0d3aa13a33d4b7f966074b39179d"}
{"index": {"_index":"pob","_id":"1092093"}}=	{"id":1092093,"type":"buy","buyer":"richardcrill","seller":"anadolu","symbol":"POB","quantity":"48.00000000","price":"1.44900000","timestamp":1622127177,"volume":"69.55200000","buyTxId":"eaf8b202d80de6dedbaed0c45f1990f68123315f","sellTxId":"0ceba174edea23037ec8ac1c2df6c9be10c3b58d"}
{"index": {"_index":"pob","_id":"1092094"}}=	{"id":1092094,"type":"buy","buyer":"richardcrill","seller":"kemmyb","symbol":"POB","quantity":"5.00000000","price":"1.45000000","timestamp":1622127177,"volume":"7.25000000","buyTxId":"eaf8b202d80de6dedbaed0c45f1990f68123315f","sellTxId":"bd657e6694d03c0aa6b07c13cbe0c10db51bcef1"}
{"index": {"_index":"pob","_id":"1092095"}}=	{"id":1092095,"type":"buy","buyer":"richardcrill","seller":"marvinix","symbol":"POB","quantity":"31.35964288","price":"1.45000000","timestamp":1622127177,"volume":"45.47148218","buyTxId":"eaf8b202d80de6dedbaed0c45f1990f68123315f","sellTxId":"2ba547c580d58fdfc5a4f8629464058153b0fb49"}
{"index": {"_index":"pob","_id":"1092096"}}=	{"id":1092096,"type":"buy","buyer":"richardcrill","seller":"eirik","symbol":"POB","quantity":"0.85000000","price":"1.45000000","timestamp":1622127177,"volume":"1.23250000","buyTxId":"eaf8b202d80de6dedbaed0c45f1990f68123315f","sellTxId":"6c574383f910443fffabd18d7d453f4a6fc4eab0"}
{"index": {"_index":"pob","_id":"1092097"}}=	{"id":1092097,"type":"buy","buyer":"richardcrill","seller":"charcoalbuffet","symbol":"POB","quantity":"18.00000000","price":"1.47999000","timestamp":1622127177,"volume":"26.63982000","buyTxId":"eaf8b202d80de6dedbaed0c45f1990f68123315f","sellTxId":"cc6b80d502348740af6a19c860d92960bc62c090"}
{"index": {"_index":"pob","_id":"1092098"}}=	{"id":1092098,"type":"buy","buyer":"richardcrill","seller":"davedickeyyall","symbol":"POB","quantity":"23.45642973","price":"1.48000000","timestamp":1622127177,"volume":"34.71551600","buyTxId":"eaf8b202d80de6dedbaed0c45f1990f68123315f","sellTxId":"891a95ebdee874c23effffcbc5c25db03bd0fc4e"}
{"index": {"_index":"pob","_id":"1092099"}}=	{"id":1092099,"type":"buy","buyer":"richardcrill","seller":"skylinebuds","symbol":"POB","quantity":"5.00000000","price":"1.48600000","timestamp":1622127177,"volume":"7.43000000","buyTxId":"eaf8b202d80de6dedbaed0c45f1990f68123315f","sellTxId":"6728d88ed9bab6ecc56a87fdd45960cd78219b30"}
{"index": {"_index":"pob","_id":"1092100"}}=	{"id":1092100,"type":"buy","buyer":"richardcrill","seller":"skylinebuds","symbol":"POB","quantity":"5.00000000","price":"1.48800000","timestamp":1622127177,"volume":"7.44000000","buyTxId":"eaf8b202d80de6dedbaed0c45f1990f68123315f","sellTxId":"8ee4f46f0e0033ac43383e08ff2128fb9bae5b25"}
{"index": {"_index":"pob","_id":"1092101"}}=	{"id":1092101,"type":"buy","buyer":"richardcrill","seller":"skylinebuds","symbol":"POB","quantity":"5.00000000","price":"1.48977000","timestamp":1622127177,"volume":"7.44885000","buyTxId":"eaf8b202d80de6dedbaed0c45f1990f68123315f","sellTxId":"646bc6c3a6a6ab6ee9ef5951792d365cda9bb0ec"}
{"index": {"_index":"pob","_id":"1092102"}}=	{"id":1092102,"type":"buy","buyer":"richardcrill","seller":"skylinebuds","symbol":"POB","quantity":"5.00000000","price":"1.49470000","timestamp":1622127177,"volume":"7.47350000","buyTxId":"eaf8b202d80de6dedbaed0c45f1990f68123315f","sellTxId":"24c2fc74c97fd97a3d3293d7328ecdf6053b7cef"}
{"index": {"_index":"pob","_id":"1092103"}}=	{"id":1092103,"type":"buy","buyer":"richardcrill","seller":"faireye","symbol":"POB","quantity":"78.22579452","price":"1.49717000","timestamp":1622127177,"volume":"117.11731278","buyTxId":"eaf8b202d80de6dedbaed0c45f1990f68123315f","sellTxId":"607f1e6f8dcb60e9278dc735291f2ab5d0510f36"}
{"index": {"_index":"pob","_id":"1092104"}}=	{"id":1092104,"type":"buy","buyer":"richardcrill","seller":"skylinebuds","symbol":"POB","quantity":"5.00000000","price":"1.49800000","timestamp":1622127177,"volume":"7.49000000","buyTxId":"eaf8b202d80de6dedbaed0c45f1990f68123315f","sellTxId":"51a8413107ab49aa0c566a9a6563d4b925be039b"}
{"index": {"_index":"pob","_id":"1092105"}}=	{"id":1092105,"type":"buy","buyer":"richardcrill","seller":"tgd-links","symbol":"POB","quantity":"10.00000000","price":"1.50000000","timestamp":1622127177,"volume":"15.00000000","buyTxId":"eaf8b202d80de6dedbaed0c45f1990f68123315f","sellTxId":"a8026ac761176ed6bd186df2b2b26b3ba9056e05"}
{"index": {"_index":"pob","_id":"1092106"}}=	{"id":1092106,"type":"buy","buyer":"richardcrill","seller":"mrnightmare89","symbol":"POB","quantity":"12.50718054","price":"1.50000000","timestamp":1622127177,"volume":"18.76077081","buyTxId":"eaf8b202d80de6dedbaed0c45f1990f68123315f","sellTxId":"115a47690617860633cb4430191a3e6d031b5cfa"}
{"index": {"_index":"pob","_id":"1092132"}}=	{"id":1092132,"type":"sell","buyer":"richardcrill","seller":"coininstant","symbol":"POB","quantity":"1.36999142","price":"1.36226034","timestamp":1622127762,"volume":"1.86628498","buyTxId":"MM-P-7298336-54259169-3-10-0","sellTxId":"08654f23f1b442deebac277fe0ca3364b841de3f"}
{"index": {"_index":"pob","_id":"1092150"}}=	{"id":1092150,"type":"sell","buyer":"gimme-your-coinz","seller":"khazrakh","symbol":"POB","quantity":"1.92218407","price":"1.36247038","timestamp":1622128134,"volume":"2.61891886","buyTxId":"5c5df668c1b8526fa581f2d1dcf9b8b75b59f2da","sellTxId":"7c28c2c1c88a49cea71a509cf4b6edd6ced89ce1"}
{"index": {"_index":"pob","_id":"1092153"}}=	{"id":1092153,"type":"sell","buyer":"gimme-your-coinz","seller":"definethedollar","symbol":"POB","quantity":"3.66243164","price":"1.36268042","timestamp":1622128422,"volume":"4.99072389","buyTxId":"35b899122796d0326114fb1df4b9f375a18c5c8f","sellTxId":"8fe337b167c03e39a6b4b1bdd4b824dfc7c5f4fa"}
{"index": {"_index":"pob","_id":"1092155"}}=	{"id":1092155,"type":"sell","buyer":"gimme-your-coinz","seller":"juanmiguelsalas","symbol":"POB","quantity":"5.00000000","price":"1.36289045","timestamp":1622128716,"volume":"6.81445225","buyTxId":"c2915b5584eab5d3773b1846909efb464e83dcab","sellTxId":"11e70a18dde2c96d0c7d90c77bb8fd44a8f2aa8c"}
{"index": {"_index":"pob","_id":"1092156"}}=	{"id":1092156,"type":"sell","buyer":"gimme-your-coinz","seller":"juanmiguelsalas","symbol":"POB","quantity":"5.00000000","price":"1.36289045","timestamp":1622128743,"volume":"6.81445225","buyTxId":"dc14426c2ef457d62a36c1927bce65d397dc50a4","sellTxId":"3b7cbd617a49b962f493424af9dc955c3aba3964"}
{"index": {"_index":"pob","_id":"1092157"}}=	{"id":1092157,"type":"sell","buyer":"richardcrill","seller":"juanmiguelsalas","symbol":"POB","quantity":"0.08364617","price":"1.36289044","timestamp":1622128743,"volume":"0.11400057","buyTxId":"MM-P-7298607-54259469-3-10-0","sellTxId":"3b7cbd617a49b962f493424af9dc955c3aba3964"}
{"index": {"_index":"pob","_id":"1092159"}}=	{"id":1092159,"type":"sell","buyer":"solovey6o2","seller":"dkid14","symbol":"POB","quantity":"9.08230569","price":"1.36289045","timestamp":1622128800,"volume":"12.37818769","buyTxId":"37be2c76845c95d814795f25038ea54983c14ee4","sellTxId":"0a7020325b55f9229510912a4ce1a153a83f25dc"}
{"index": {"_index":"pob","_id":"1092179"}}=	{"id":1092179,"type":"sell","buyer":"solovey6o2","seller":"jocieprosza","symbol":"POB","quantity":"1.04075524","price":"1.36355050","timestamp":1622129697,"volume":"1.41912233","buyTxId":"d96d96d63f716e8305301cc898b86d0b1f196145","sellTxId":"c18eee94cf2c2847f7aeaae1dfcbaecf08652ca9"}
{"index": {"_index":"pob","_id":"1092185"}}=	{"id":1092185,"type":"sell","buyer":"richardcrill","seller":"thelogicaldude","symbol":"POB","quantity":"3.08487","price":"1.36377050","timestamp":1622129898,"volume":"4.20705470","buyTxId":"MM-P-7298969-54259869-3-10-0","sellTxId":"4b42fb77ede592b3b09dfd0eb53a49b3d6ba7975"}
{"index": {"_index":"pob","_id":"1092217"}}=	{"id":1092217,"type":"sell","buyer":"richardcrill","seller":"andy4475","symbol":"POB","quantity":"8.93547100","price":"1.36421054","timestamp":1622130528,"volume":"12.18986372","buyTxId":"MM-P-7299140-54260069-3-10-0","sellTxId":"dbbb2e84d33fe2b05958cf23508673acf8cd4052"}
{"index": {"_index":"pob","_id":"1092226"}}=	{"id":1092226,"type":"sell","buyer":"mmmmkkkk311","seller":"cibersk8","symbol":"POB","quantity":"0.02426383","price":"1.36433055","timestamp":1622130738,"volume":"0.03310388","buyTxId":"MM-P-7299211-54260154-3-2-0","sellTxId":"604da41f0f6c46e24efff3b3d8d23e7c306da744"}
{"index": {"_index":"pob","_id":"1092241"}}=	{"id":1092241,"type":"sell","buyer":"solovey6o2","seller":"sheila23","symbol":"POB","quantity":"10.00000000","price":"1.37000001","timestamp":1622130924,"volume":"13.70000010","buyTxId":"f707e2c0eec0850c21f9c3d809969d0d993e3ee1","sellTxId":"f01323d43ff47765ca81f449d8a3ed7e76bd1f9a"}
{"index": {"_index":"pob","_id":"1092242"}}=	{"id":1092242,"type":"sell","buyer":"solovey6o2","seller":"sheila23","symbol":"POB","quantity":"22.72420343","price":"1.37000001","timestamp":1622130951,"volume":"31.13215893","buyTxId":"f707e2c0eec0850c21f9c3d809969d0d993e3ee1","sellTxId":"61d36cfb960c2886021990ab942c5a228b940cda"}
{"index": {"_index":"pob","_id":"1092255"}}=	{"id":1092255,"type":"sell","buyer":"solovey6o2","seller":"gracefieldhub","symbol":"POB","quantity":"47.90000000","price":"1.37500001","timestamp":1622131137,"volume":"65.86250048","buyTxId":"359cc5ea409663cc5dc84db8de59be7dfa99afc2","sellTxId":"d181c9e489f93dd15330d7336b491e7a9e0b2a30"}
{"index": {"_index":"pob","_id":"1092267"}}=	{"id":1092267,"type":"sell","buyer":"cookaiss","seller":"hiveonboard","symbol":"POB","quantity":"10.00000000","price":"1.38000000","timestamp":1622131500,"volume":"13.80000000","buyTxId":"3e7ecaf2e4aee5160c7343f8ef3db1ba32725703","sellTxId":"06e80c0d7c76dca29ec0a338aaa64a349db08766"}
{"index": {"_index":"pob","_id":"1092268"}}=	{"id":1092268,"type":"sell","buyer":"solovey6o2","seller":"hiveonboard","symbol":"POB","quantity":"26.98502945","price":"1.37522002","timestamp":1622131500,"volume":"37.11035274","buyTxId":"96e1750f99de18b6399c10d3937b0e7c735fcc0a","sellTxId":"06e80c0d7c76dca29ec0a338aaa64a349db08766"}
{"index": {"_index":"pob","_id":"1092282"}}=	{"id":1092282,"type":"sell","buyer":"bluesniper","seller":"tlundy47","symbol":"POB","quantity":"0.00006313","price":"1.37555004","timestamp":1622131899,"volume":"0.00008684","buyTxId":"MM-P-7299557-54260523-3-4-0","sellTxId":"f70861fca9b885eb9a2f393d11865850b816afcf"}
{"index": {"_index":"pob","_id":"1092295"}}=	{"id":1092295,"type":"sell","buyer":"bluesniper","seller":"curatorcat.pal","symbol":"POB","quantity":"0.24470531","price":"1.37577005","timestamp":1622132154,"volume":"0.33665824","buyTxId":"MM-P-7299650-54260623-3-4-0","sellTxId":"099fa491719df1cc1e1e8a41fb97e41cd00760ce"}
{"index": {"_index":"pob","_id":"1092302"}}=	{"id":1092302,"type":"sell","buyer":"richardcrill","seller":"curatorcat.leo","symbol":"POB","quantity":"0.38831216","price":"1.38010001","timestamp":1622132319,"volume":"0.53590962","buyTxId":"MM-P-7299694-54260669-3-10-0","sellTxId":"7cb0c5bdeadf16a2311491ef903e9b4871505b17"}
{"index": {"_index":"pob","_id":"1092312"}}=	{"id":1092312,"type":"sell","buyer":"gimme-your-coinz","seller":"josediccus","symbol":"POB","quantity":"5.00000000","price":"1.38020003","timestamp":1622132466,"volume":"6.90100015","buyTxId":"6c5524ef31dbb9d365b02cbf8791351dcccb0183","sellTxId":"47ad6b4b4193452ab53ddb6196c7ed1c5099fc1e"}
{"index": {"_index":"pob","_id":"1092313"}}=	{"id":1092313,"type":"sell","buyer":"freebornsociety","seller":"josediccus","symbol":"POB","quantity":"18.11331665","price":"1.38020002","timestamp":1622132466,"volume":"25.00000000","buyTxId":"MM-P-7299744-54260723-3-2-0","sellTxId":"47ad6b4b4193452ab53ddb6196c7ed1c5099fc1e"}
{"index": {"_index":"pob","_id":"1092327"}}=	{"id":1092327,"type":"buy","buyer":"richardcrill","seller":"josediccus","symbol":"POB","quantity":"6.88668335","price":"1.38020002","timestamp":1622132556,"volume":"9.50500050","buyTxId":"MM-P-7299788-54260769-3-10-0","sellTxId":"47ad6b4b4193452ab53ddb6196c7ed1c5099fc1e"}
{"index": {"_index":"pob","_id":"1092335"}}=	{"id":1092335,"type":"sell","buyer":"gimme-your-coinz","seller":"ahmetay","symbol":"POB","quantity":"0.00235538","price":"1.38032006","timestamp":1622132805,"volume":"0.00325118","buyTxId":"6c48a19171315c1160ea6e5925183602bdc18c6c","sellTxId":"1e6e57d485e0cea85892a547508588ba6f941275"}
{"index": {"_index":"pob","_id":"1092371"}}=	{"id":1092371,"type":"sell","buyer":"gimme-your-coinz","seller":"dwinblood","symbol":"POB","quantity":"5.00000000","price":"1.38117020","timestamp":1622133954,"volume":"6.90585100","buyTxId":"bcac71e9a8d9dfee5048c77964946d913a5e485e","sellTxId":"8fc44311979018cf78d21dc58214950991c06195"}
{"index": {"_index":"pob","_id":"1092372"}}=	{"id":1092372,"type":"sell","buyer":"solovey6o2","seller":"dwinblood","symbol":"POB","quantity":"85.25100000","price":"1.38117020","timestamp":1622133954,"volume":"117.74614072","buyTxId":"8e3c95c21a9de11e341062fa980b42402e968bf5","sellTxId":"8fc44311979018cf78d21dc58214950991c06195"}
{"index": {"_index":"pob","_id":"1092397"}}=	{"id":1092397,"type":"sell","buyer":"richardcrill","seller":"zartisht","symbol":"POB","quantity":"11.46324932","price":"1.38170033","timestamp":1622134662,"volume":"15.83877537","buyTxId":"MM-P-7300454-54261468-3-10-0","sellTxId":"42004e236e314bafe70974f9aee474834d86493c"}
{"index": {"_index":"pob","_id":"1092399"}}=	{"id":1092399,"type":"sell","buyer":"gimme-your-coinz","seller":"niallon11","symbol":"POB","quantity":"5.00000000","price":"1.38170036","timestamp":1622134773,"volume":"6.90850180","buyTxId":"73b87a8e97de7b179f13c095ade7fed54289fde0","sellTxId":"2e34c750a8f7325babc5e1518f0b09cac88ba89e"}
{"index": {"_index":"pob","_id":"1092400"}}=	{"id":1092400,"type":"sell","buyer":"solovey6o2","seller":"niallon11","symbol":"POB","quantity":"18.73513681","price":"1.38170035","timestamp":1622134773,"volume":"25.88634509","buyTxId":"c8bbc020f3c13689162ed01b180a06b191f9d138","sellTxId":"2e34c750a8f7325babc5e1518f0b09cac88ba89e"}
{"index": {"_index":"pob","_id":"1092404"}}=	{"id":1092404,"type":"sell","buyer":"gimme-your-coinz","seller":"babytarazkp","symbol":"POB","quantity":"3.38599076","price":"1.38180037","timestamp":1622134845,"volume":"4.67876328","buyTxId":"e045467803b41122d925855f7dc718cb4a4e0476","sellTxId":"cc9764d288d47d58de576d40d8cae5226588a62c"}
{"index": {"_index":"pob","_id":"1092463"}}=	{"id":1092463,"type":"sell","buyer":"gimme-your-coinz","seller":"valor2s","symbol":"POB","quantity":"1.86319008","price":"1.38222042","timestamp":1622135472,"volume":"2.57533937","buyTxId":"bac7c0fe5e639d4ea734628e2af075f061af9a11","sellTxId":"02d39fec8822f3000d3a016dc76f264f4668f0ad"}
{"index": {"_index":"pob","_id":"1092469"}}=	{"id":1092469,"type":"buy","buyer":"eddiespino","seller":"solovey6o2","symbol":"POB","quantity":"0.68800000","price":"1.46808978","timestamp":1622135559,"volume":"1.01004577","buyTxId":"e15b84e8eb83479eed66fa2ac3026b2a912246cc","sellTxId":"67228033e4b8af0edaa1db4a579d76b534810727"}
{"index": {"_index":"pob","_id":"1092475"}}=	{"id":1092475,"type":"sell","buyer":"richardcrill","seller":"stayten","symbol":"POB","quantity":"2.17617914","price":"1.38254044","timestamp":1622135871,"volume":"3.00865567","buyTxId":"MM-P-7300814-54261867-3-10-0","sellTxId":"305dddabc270325e01f73ef2b261a0c1fc256716"}
{"index": {"_index":"pob","_id":"1092480"}}=	{"id":1092480,"type":"sell","buyer":"gimme-your-coinz","seller":"nana03","symbol":"POB","quantity":"5.00000000","price":"1.38264046","timestamp":1622136087,"volume":"6.91320230","buyTxId":"778949016071fba9690b5c329cd0ee9264aff15e","sellTxId":"e4736fbcec0b11966b156ab8111a0371f26461e9"}
{"index": {"_index":"pob","_id":"1092481"}}=	{"id":1092481,"type":"sell","buyer":"freebornsociety","seller":"nana03","symbol":"POB","quantity":"18.08134573","price":"1.38264045","timestamp":1622136087,"volume":"25.00000000","buyTxId":"MM-P-7300851-54261921-3-2-0","sellTxId":"e4736fbcec0b11966b156ab8111a0371f26461e9"}
{"index": {"_index":"pob","_id":"1092482"}}=	{"id":1092482,"type":"sell","buyer":"bluesniper","seller":"nana03","symbol":"POB","quantity":"25.31553206","price":"1.38255044","timestamp":1622136087,"volume":"34.99999999","buyTxId":"MM-P-7300851-54261921-3-4-0","sellTxId":"e4736fbcec0b11966b156ab8111a0371f26461e9"}
{"index": {"_index":"pob","_id":"1092483"}}=	{"id":1092483,"type":"sell","buyer":"richardcrill","seller":"nana03","symbol":"POB","quantity":"31.99814655","price":"1.38254044","timestamp":1622136087,"volume":"44.23873161","buyTxId":"MM-P-7300814-54261867-3-10-0","sellTxId":"e4736fbcec0b11966b156ab8111a0371f26461e9"}
{"index": {"_index":"pob","_id":"1092484"}}=	{"id":1092484,"type":"sell","buyer":"gimme-your-coinz","seller":"tonytrillions","symbol":"POB","quantity":"0.00000364","price":"1.38265046","timestamp":1622136198,"volume":"0.00000503","buyTxId":"abf1e41df7921becacece0fe9de70f232ebbfe18","sellTxId":"a81481e944ad19dc35d76a84fc5be1f4dc0fdcd1"}
{"index": {"_index":"pob","_id":"1092485"}}=	{"id":1092485,"type":"buy","buyer":"solovey6o2","seller":"bluesniper","symbol":"POB","quantity":"15.00000000","price":"1.46786977","timestamp":1622136240,"volume":"22.01804655","buyTxId":"49b471d926eb1e5cee6c62cba0b8a6299d9f8669","sellTxId":"MM-P-7300851-54261921-3-4-1"}
{"index": {"_index":"pob","_id":"1092486"}}=	{"id":1092486,"type":"buy","buyer":"solovey6o2","seller":"freebornsociety","symbol":"POB","quantity":"25.00000000","price":"1.46787977","timestamp":1622136240,"volume":"36.69699425","buyTxId":"49b471d926eb1e5cee6c62cba0b8a6299d9f8669","sellTxId":"MM-P-7300851-54261921-3-2-1"}
{"index": {"_index":"pob","_id":"1092487"}}=	{"id":1092487,"type":"buy","buyer":"solovey6o2","seller":"mmmmkkkk311","symbol":"POB","quantity":"15.00000000","price":"1.46829981","timestamp":1622136240,"volume":"22.02449715","buyTxId":"49b471d926eb1e5cee6c62cba0b8a6299d9f8669","sellTxId":"MM-P-7300799-54261852-3-2-1"}
{"index": {"_index":"pob","_id":"1092488"}}=	{"id":1092488,"type":"buy","buyer":"solovey6o2","seller":"camiloferrua","symbol":"POB","quantity":"1.00000000","price":"1.46889000","timestamp":1622136240,"volume":"1.46889000","buyTxId":"49b471d926eb1e5cee6c62cba0b8a6299d9f8669","sellTxId":"0d860b805ec506cd064feede6d1ae7dd0ec3a17c"}
{"index": {"_index":"pob","_id":"1092493"}}=	{"id":1092493,"type":"sell","buyer":"gimme-your-coinz","seller":"solovey6o2","symbol":"POB","quantity":"5.00000000","price":"1.46889001","timestamp":1622136402,"volume":"7.34445005","buyTxId":"86b860623f439dcdda7fcb252a1f17f8e573bca6","sellTxId":"c903d656e3cc7f0792bf26ca78bb1b109994f784"}
{"index": {"_index":"pob","_id":"1092500"}}=	{"id":1092500,"type":"buy","buyer":"offgridlife","seller":"solovey6o2","symbol":"POB","quantity":"10.00000000","price":"1.46988998","timestamp":1622136525,"volume":"14.69889980","buyTxId":"9743c529e0d7a1e8c18fdecbd91cdfd03245951e","sellTxId":"a3f2b7d64b44f53b02d49de1daab717a1f016a61"}
{"index": {"_index":"pob","_id":"1092583"}}=	{"id":1092583,"type":"sell","buyer":"gimme-your-coinz","seller":"costanza","symbol":"POB","quantity":"3.97114022","price":"1.38519070","timestamp":1622140089,"volume":"5.50078650","buyTxId":"dc2ed8c572d1faa2c9af8ae7cf560a868fa9fc9c","sellTxId":"d991ad8b4a7a74c4b8d4bd67b28495de7fae1162"}
{"index": {"_index":"pob","_id":"1092601"}}=	{"id":1092601,"type":"sell","buyer":"gimme-your-coinz","seller":"urun","symbol":"POB","quantity":"5.00000000","price":"1.38563076","timestamp":1622140851,"volume":"6.92815380","buyTxId":"0867d93ecc20a1c87746ca90fad9c314153c8534","sellTxId":"89b52490a29b363fc4b9eb8a74be9855cc3fcba2"}
{"index": {"_index":"pob","_id":"1092602"}}=	{"id":1092602,"type":"sell","buyer":"freebornsociety","seller":"urun","symbol":"POB","quantity":"3.81381758","price":"1.38563075","timestamp":1622140851,"volume":"5.28454291","buyTxId":"MM-P-7302239-54263513-3-2-0","sellTxId":"89b52490a29b363fc4b9eb8a74be9855cc3fcba2"}
{"index": {"_index":"pob","_id":"1092612"}}=	{"id":1092612,"type":"sell","buyer":"gimme-your-coinz","seller":"bashadow","symbol":"POB","quantity":"3.00000000","price":"1.38587079","timestamp":1622141241,"volume":"4.15761237","buyTxId":"7459eeefe0b60346f6d8ab0d808eed2fad80c642","sellTxId":"ba34b418990f835bc601b56981b458efe266659a"}
{"index": {"_index":"pob","_id":"1092645"}}=	{"id":1092645,"type":"buy","buyer":"jeffjagoe","seller":"bluesniper","symbol":"POB","quantity":"2.32171553","price":"1.44955996","timestamp":1622142096,"volume":"3.36546587","buyTxId":"57217aaa294b776075116d0fec5afe76f83dac54","sellTxId":"MM-P-7302595-54263913-3-4-1"}
{"index": {"_index":"pob","_id":"1092666"}}=	{"id":1092666,"type":"sell","buyer":"gimme-your-coinz","seller":"gubbatv","symbol":"POB","quantity":"5.00000000","price":"1.38655088","timestamp":1622142477,"volume":"6.93275440","buyTxId":"dfe3cb01e14c287cd5ed4693b390ac431f67171d","sellTxId":"a9954fc926d8f4d429ba9b9ed622252425f0e20a"}
{"index": {"_index":"pob","_id":"1092667"}}=	{"id":1092667,"type":"sell","buyer":"ctime","seller":"gubbatv","symbol":"POB","quantity":"3.93259323","price":"1.38655087","timestamp":1622142477,"volume":"5.45274056","buyTxId":"MM-P-7302705-54264044-3-22-0","sellTxId":"a9954fc926d8f4d429ba9b9ed622252425f0e20a"}
{"index": {"_index":"pob","_id":"1092684"}}=	{"id":1092684,"type":"sell","buyer":"gimme-your-coinz","seller":"khazrakh","symbol":"POB","quantity":"2.80342585","price":"1.38687091","timestamp":1622142957,"volume":"3.88798976","buyTxId":"10a00a515731d4faf8cb2ac099f12ad30d5847a9","sellTxId":"f2fdb81cf4b5fed61ebcfe381c9a5820cf66ccad"}
{"index": {"_index":"pob","_id":"1092711"}}=	{"id":1092711,"type":"sell","buyer":"gimme-your-coinz","seller":"blockchainyouth","symbol":"POB","quantity":"0.25875061","price":"1.38765099","timestamp":1622143992,"volume":"0.35905554","buyTxId":"9470daf36cd47f31f8b309764f33deb4d42fc0bb","sellTxId":"7ed2191bcc5e0a6ef3d530a3f513be1a050ef20b"}
{"index": {"_index":"pob","_id":"1092717"}}=	{"id":1092717,"type":"sell","buyer":"ctime","seller":"handtalk5","symbol":"POB","quantity":"0.71456515","price":"1.38777100","timestamp":1622144238,"volume":"0.99165279","buyTxId":"MM-P-7303304-54264644-3-22-0","sellTxId":"deae15b26df56a11d8d8634395a465c4b7f3cfe6"}
{"index": {"_index":"pob","_id":"1092732"}}=	{"id":1092732,"type":"sell","buyer":"gimme-your-coinz","seller":"yintercept","symbol":"POB","quantity":"0.61179893","price":"1.38831105","timestamp":1622144883,"volume":"0.84936721","buyTxId":"fb4a51e9c3f1520cd6fcf0be6a8dcb85ac165ceb","sellTxId":"965014a594100b5ccd905b82830ea225cbea35c5"}
{"index": {"_index":"pob","_id":"1092735"}}=	{"id":1092735,"type":"sell","buyer":"gimme-your-coinz","seller":"filotasriza3","symbol":"POB","quantity":"4.38820107","price":"1.38831105","timestamp":1622144916,"volume":"6.09218804","buyTxId":"fb4a51e9c3f1520cd6fcf0be6a8dcb85ac165ceb","sellTxId":"ea3edba8c9b3d938a35076fe5a8221b3b4ab4470"}
{"index": {"_index":"pob","_id":"1092736"}}=	{"id":1092736,"type":"sell","buyer":"richardcrill","seller":"filotasriza3","symbol":"POB","quantity":"0.99879893","price":"1.38831104","timestamp":1622144916,"volume":"1.38664358","buyTxId":"MM-P-7303511-54264859-3-10-0","sellTxId":"ea3edba8c9b3d938a35076fe5a8221b3b4ab4470"}
{"index": {"_index":"pob","_id":"1092759"}}=	{"id":1092759,"type":"sell","buyer":"gimme-your-coinz","seller":"edystringz","symbol":"POB","quantity":"5.00000000","price":"1.38885110","timestamp":1622145690,"volume":"6.94425550","buyTxId":"449dfa6de4e4594edc0c89e2a474056b2aa57026","sellTxId":"84052e360b9ea9694c8c6d67f6c81f85c95e4804"}
{"index": {"_index":"pob","_id":"1092760"}}=	{"id":1092760,"type":"sell","buyer":"freebornsociety","seller":"edystringz","symbol":"POB","quantity":"13.00048989","price":"1.38885109","timestamp":1622145690,"volume":"18.05574455","buyTxId":"MM-P-7303743-54265113-3-2-0","sellTxId":"84052e360b9ea9694c8c6d67f6c81f85c95e4804"}
{"index": {"_index":"pob","_id":"1092762"}}=	{"id":1092762,"type":"buy","buyer":"onealfa.leo","seller":"mmmmkkkk311","symbol":"POB","quantity":"3.45253841","price":"1.44820981","timestamp":1622145744,"volume":"5","buyTxId":"b955a9e6b4c993db9776856e7e6ec433d3e244d9","sellTxId":"MM-P-7303768-54265144-3-2-1"}
{"index": {"_index":"pob","_id":"1092763"}}=	{"id":1092763,"type":"sell","buyer":"gimme-your-coinz","seller":"edystringz","symbol":"POB","quantity":"5.00000000","price":"1.38887111","timestamp":1622145753,"volume":"6.94435555","buyTxId":"62701fc44daf0e5bf1efc3c1fd76dbf14d46bbac","sellTxId":"60aa56d4a013b6367cc8b0fe2dd34a9546066269"}
{"index": {"_index":"pob","_id":"1092766"}}=	{"id":1092766,"type":"sell","buyer":"gimme-your-coinz","seller":"edystringz","symbol":"POB","quantity":"5.00000000","price":"1.38887111","timestamp":1622145804,"volume":"6.94435555","buyTxId":"132cc8b350f51995291bdb852b0d9c14eebbaa13","sellTxId":"373e5f4e90a3e5df878842a1998e58ccee7403c0"}
{"index": {"_index":"pob","_id":"1092767"}}=	{"id":1092767,"type":"sell","buyer":"ctime","seller":"edystringz","symbol":"POB","quantity":"20.20032277","price":"1.38887110","timestamp":1622145804,"volume":"28.05564451","buyTxId":"MM-P-7303768-54265144-3-22-0","sellTxId":"373e5f4e90a3e5df878842a1998e58ccee7403c0"}
{"index": {"_index":"pob","_id":"1092768"}}=	{"id":1092768,"type":"sell","buyer":"gimme-your-coinz","seller":"edystringz","symbol":"POB","quantity":"5.00000000","price":"1.38887111","timestamp":1622145852,"volume":"6.94435555","buyTxId":"acd768ae7b591c94f268d0135959d19adc48af55","sellTxId":"fe3bce18e093e75f7508555e3ff3cd456557b64d"}
{"index": {"_index":"pob","_id":"1092769"}}=	{"id":1092769,"type":"sell","buyer":"ctime","seller":"edystringz","symbol":"POB","quantity":"5.00000000","price":"1.38887110","timestamp":1622145852,"volume":"6.94435550","buyTxId":"MM-P-7303768-54265144-3-22-0","sellTxId":"fe3bce18e093e75f7508555e3ff3cd456557b64d"}
{"index": {"_index":"pob","_id":"1092770"}}=	{"id":1092770,"type":"sell","buyer":"mmmmkkkk311","seller":"edystringz","symbol":"POB","quantity":"7.74103592","price":"1.38886110","timestamp":1622145852,"volume":"10.75122366","buyTxId":"MM-P-7303768-54265144-3-2-0","sellTxId":"fe3bce18e093e75f7508555e3ff3cd456557b64d"}
{"index": {"_index":"pob","_id":"1092773"}}=	{"id":1092773,"type":"sell","buyer":"freebornsociety","seller":"mehmetfix","symbol":"POB","quantity":"1.03588306","price":"1.38896110","timestamp":1622145981,"volume":"1.43880127","buyTxId":"MM-P-7303836-54265213-3-2-0","sellTxId":"3cfa4b9e0117b27f70294ff2922a23947a4c181e"}
{"index": {"_index":"pob","_id":"1092781"}}=	{"id":1092781,"type":"sell","buyer":"richardcrill","seller":"oblivioncubed","symbol":"POB","quantity":"3.75923364","price":"1.38930110","timestamp":1622146359,"volume":"5.22270743","buyTxId":"MM-P-7303972-54265359-3-10-0","sellTxId":"8d8be7ff2f63e8949ec5851bac433d306af87cf5"}
{"index": {"_index":"pob","_id":"1092803"}}=	{"id":1092803,"type":"sell","buyer":"freebornsociety","seller":"sicarius","symbol":"POB","quantity":"2.06782295","price":"1.39006110","timestamp":1622147481,"volume":"2.87440024","buyTxId":"MM-P-7304298-54265713-3-2-0","sellTxId":"ead15b7788961dfab33473147a7536f418c8491a"}
{"index": {"_index":"pob","_id":"1092804"}}=	{"id":1092804,"type":"sell","buyer":"ctime","seller":"zellypearl","symbol":"POB","quantity":"15.91699800","price":"1.39008110","timestamp":1622147541,"volume":"22.12591809","buyTxId":"MM-P-7304324-54265744-3-22-0","sellTxId":"f7c19bf39c604075cc42733938c5e6ad699f9989"}
{"index": {"_index":"pob","_id":"1092808"}}=	{"id":1092808,"type":"sell","buyer":"richardcrill","seller":"zellypearl","symbol":"POB","quantity":"23.73979288","price":"1.39018110","timestamp":1622147601,"volume":"33.00261138","buyTxId":"MM-P-7304336-54265759-3-10-0","sellTxId":"75fd46db23517c006b20c3f118e977611821591f"}
{"index": {"_index":"pob","_id":"1092811"}}=	{"id":1092811,"type":"sell","buyer":"richardcrill","seller":"zellypearl","symbol":"POB","quantity":"3.25994715","price":"1.39018110","timestamp":1622147661,"volume":"4.53191691","buyTxId":"MM-P-7304336-54265759-3-10-0","sellTxId":"eb1845f306fe3393cc1bdf213dccf8bf321da4e9"}
{"index": {"_index":"pob","_id":"1092817"}}=	{"id":1092817,"type":"buy","buyer":"xyba","seller":"mmmmkkkk311","symbol":"POB","quantity":"15.00000000","price":"1.39998999","timestamp":1622147871,"volume":"20.99984985","buyTxId":"7d06fd69f6ff542636303665bc4892954e0a30e6","sellTxId":"MM-P-7304408-54265844-3-2-1"}
{"index": {"_index":"pob","_id":"1092819"}}=	{"id":1092819,"type":"sell","buyer":"xyba","seller":"solovey6o2","symbol":"POB","quantity":"247.03043000","price":"1.39999999","timestamp":1622147892,"volume":"345.84259953","buyTxId":"7d06fd69f6ff542636303665bc4892954e0a30e6","sellTxId":"ad8c2ca0244be642723ff4a90bcda9099839e2fb"}
{"index": {"_index":"pob","_id":"1092820"}}=	{"id":1092820,"type":"buy","buyer":"xyba","seller":"solovey6o2","symbol":"POB","quantity":"15.00000000","price":"1.39998998","timestamp":1622147910,"volume":"20.99984970","buyTxId":"a5d777e0241a1c09eed0bde52adfb200be426158","sellTxId":"ad8c2ca0244be642723ff4a90bcda9099839e2fb"}
{"index": {"_index":"pob","_id":"1092821"}}=	{"id":1092821,"type":"sell","buyer":"richardcrill","seller":"toofasteddie","symbol":"POB","quantity":"0.75000000","price":"1.39040110","timestamp":1622147913,"volume":"1.04280083","buyTxId":"MM-P-7304418-54265859-3-10-0","sellTxId":"b41368dfd5ba71f051664c4218d4e326a9735a57"}
{"index": {"_index":"pob","_id":"1092873"}}=	{"id":1092873,"type":"sell","buyer":"solovey6o2","seller":"steevc","symbol":"POB","quantity":"1.00000000","price":"1.39118119","timestamp":1622149194,"volume":"1.39118119","buyTxId":"c0ab21dc3aa43ec1371c2c14d0fbe2d60577b825","sellTxId":"ccb5de04bdcda2460655090c36468e5f539183bd"}
{"index": {"_index":"pob","_id":"1092900"}}=	{"id":1092900,"type":"sell","buyer":"richardcrill","seller":"derangedvisions","symbol":"POB","quantity":"11.56602623","price":"1.39162122","timestamp":1622149683,"volume":"16.09552753","buyTxId":"MM-P-7304922-54266457-3-10-0","sellTxId":"4993dcb8c0606069d5cad717c4cef18995709e67"}
{"index": {"_index":"pob","_id":"1092931"}}=	{"id":1092931,"type":"sell","buyer":"bluesniper","seller":"stayten","symbol":"POB","quantity":"1.44359802","price":"1.39217127","timestamp":1622150451,"volume":"2.00973569","buyTxId":"MM-P-7305153-54266711-3-4-0","sellTxId":"cbe8da8526dd02c3b40a31cd6da202257c7f9800"}
{"index": {"_index":"pob","_id":"1092932"}}=	{"id":1092932,"type":"sell","buyer":"bluesniper","seller":"automaton","symbol":"POB","quantity":"6.00000000","price":"1.39217127","timestamp":1622150502,"volume":"8.35302762","buyTxId":"MM-P-7305153-54266711-3-4-0","sellTxId":"8639c21833b1b3337fecad574952c26474cc3104"}
{"index": {"_index":"pob","_id":"1092945"}}=	{"id":1092945,"type":"sell","buyer":"freebornsociety","seller":"mightyrocklee","symbol":"POB","quantity":"0.79188616","price":"1.39284133","timestamp":1622151351,"volume":"1.10297177","buyTxId":"MM-P-7305421-54267011-3-2-0","sellTxId":"6859ec397a71dae84b9a796803ba725f1ca8e7ad"}
{"index": {"_index":"pob","_id":"1092953"}}=	{"id":1092953,"type":"buy","buyer":"jeffjagoe","seller":"maylenasland","symbol":"POB","quantity":"26.23902040","price":"1.43900000","timestamp":1622151609,"volume":"37.75795036","buyTxId":"0cfc8176cc0722c6f012218c62938c732532c4e7","sellTxId":"840a8e145738f9db1ee02da38afe7c7b9ba0c427"}
{"index": {"_index":"pob","_id":"1092954"}}=	{"id":1092954,"type":"buy","buyer":"jeffjagoe","seller":"nirvana3003","symbol":"POB","quantity":"91.00000000","price":"1.43900000","timestamp":1622151639,"volume":"130.94900000","buyTxId":"8f75cabbf5aa9055576a67e168627c4fc9076b59","sellTxId":"22798396e204b2179be46891aa9212adb771670a"}
{"index": {"_index":"pob","_id":"1092955"}}=	{"id":1092955,"type":"sell","buyer":"freebornsociety","seller":"stayten","symbol":"POB","quantity":"0.70962084","price":"1.39306136","timestamp":1622151642,"volume":"0.98854537","buyTxId":"MM-P-7305514-54267111-3-2-0","sellTxId":"e84ff8258e2a6dc115e4f388284f1c4ca548328a"}
{"index": {"_index":"pob","_id":"1092957"}}=	{"id":1092957,"type":"buy","buyer":"jeffjagoe","seller":"bluesniper","symbol":"POB","quantity":"8.96895641","price":"1.44588969","timestamp":1622151672,"volume":"12.96812160","buyTxId":"f24071eaf560393802a3a8adfba5268275733bd5","sellTxId":"MM-P-7305514-54267111-3-4-0"}
{"index": {"_index":"pob","_id":"1092984"}}=	{"id":1092984,"type":"sell","buyer":"freebornsociety","seller":"fabian98","symbol":"POB","quantity":"15.00000000","price":"1.39372141","timestamp":1622152521,"volume":"20.90582115","buyTxId":"MM-P-7305781-54267411-3-2-0","sellTxId":"72f3a87cb7fffb950e9e3c36adbf51b134898a97"}
{"index": {"_index":"pob","_id":"1092989"}}=	{"id":1092989,"type":"sell","buyer":"ctime","seller":"hunter-yogi","symbol":"POB","quantity":"3.20834912","price":"1.39374141","timestamp":1622152623,"volume":"4.47160903","buyTxId":"MM-P-7305811-54267442-3-22-0","sellTxId":"2b8dcb8aa8eaaa5f44bd6065c25232a594e40ef9"}
{"index": {"_index":"pob","_id":"1093005"}}=	{"id":1093005,"type":"buy","buyer":"jeffjagoe","seller":"bluesniper","symbol":"POB","quantity":"15.00000000","price":"1.44544969","timestamp":1622152899,"volume":"21.68174535","buyTxId":"81caaceaeb4b134645fe91017817b17f7c6fff64","sellTxId":"MM-P-7305868-54267511-3-4-1"}
{"index": {"_index":"pob","_id":"1093006"}}=	{"id":1093006,"type":"buy","buyer":"jeffjagoe","seller":"freebornsociety","symbol":"POB","quantity":"25.00000000","price":"1.44545969","timestamp":1622152899,"volume":"36.13649225","buyTxId":"81caaceaeb4b134645fe91017817b17f7c6fff64","sellTxId":"MM-P-7305868-54267511-3-2-1"}
{"index": {"_index":"pob","_id":"1093007"}}=	{"id":1093007,"type":"buy","buyer":"jeffjagoe","seller":"mmmmkkkk311","symbol":"POB","quantity":"15.00000000","price":"1.44599969","timestamp":1622152899,"volume":"21.68999535","buyTxId":"81caaceaeb4b134645fe91017817b17f7c6fff64","sellTxId":"MM-P-7305451-54267042-3-2-1"}
{"index": {"_index":"pob","_id":"1093008"}}=	{"id":1093008,"type":"buy","buyer":"jeffjagoe","seller":"coininstant","symbol":"POB","quantity":"3.07339001","price":"1.44821000","timestamp":1622152899,"volume":"4.45091415","buyTxId":"81caaceaeb4b134645fe91017817b17f7c6fff64","sellTxId":"84b1f1e672cc416287912cf022466e7687ee93e1"}
{"index": {"_index":"pob","_id":"1093009"}}=	{"id":1093009,"type":"buy","buyer":"jeffjagoe","seller":"deanlogic","symbol":"POB","quantity":"10.00000000","price":"1.45000000","timestamp":1622152899,"volume":"14.50000000","buyTxId":"81caaceaeb4b134645fe91017817b17f7c6fff64","sellTxId":"e1ecab4e5a38e2c86730cf433aa0fea8b678d0b8"}
{"index": {"_index":"pob","_id":"1093010"}}=	{"id":1093010,"type":"buy","buyer":"jeffjagoe","seller":"trostparadox","symbol":"POB","quantity":"400.00000000","price":"1.45000000","timestamp":1622152899,"volume":"580.00000000","buyTxId":"81caaceaeb4b134645fe91017817b17f7c6fff64","sellTxId":"195919a65980a82021254dfdb9ed89754ee7d7ac"}
{"index": {"_index":"pob","_id":"1093011"}}=	{"id":1093011,"type":"buy","buyer":"jeffjagoe","seller":"mango-juice","symbol":"POB","quantity":"11.93406092","price":"1.46900000","timestamp":1622152959,"volume":"17.53113549","buyTxId":"6c705d0b6fa18a141b8e1af5022d3e0cbbed0711","sellTxId":"d0a67359152441f31fb3024a1d8c55f55844c09f"}
{"index": {"_index":"pob","_id":"1093012"}}=	{"id":1093012,"type":"buy","buyer":"jeffjagoe","seller":"onealfa.leo","symbol":"POB","quantity":"20.00000000","price":"1.46998800","timestamp":1622152959,"volume":"29.39976000","buyTxId":"6c705d0b6fa18a141b8e1af5022d3e0cbbed0711","sellTxId":"819623388758254bab03c7660a2348ca64c4ecfb"}
{"index": {"_index":"pob","_id":"1093013"}}=	{"id":1093013,"type":"buy","buyer":"jeffjagoe","seller":"kemmyb","symbol":"POB","quantity":"10.00000000","price":"1.47000000","timestamp":1622152959,"volume":"14.70000000","buyTxId":"6c705d0b6fa18a141b8e1af5022d3e0cbbed0711","sellTxId":"db58e2658cb2ee30756dae3588567d4a4430c138"}
{"index": {"_index":"pob","_id":"1093014"}}=	{"id":1093014,"type":"buy","buyer":"jeffjagoe","seller":"harpreetjanda","symbol":"POB","quantity":"17.00000000","price":"1.47000000","timestamp":1622152959,"volume":"24.99000000","buyTxId":"6c705d0b6fa18a141b8e1af5022d3e0cbbed0711","sellTxId":"6b22f83ae7dd6aa6b4b9b1a6e17abed31e8464bd"}
{"index": {"_index":"pob","_id":"1093015"}}=	{"id":1093015,"type":"buy","buyer":"jeffjagoe","seller":"algotraderx","symbol":"POB","quantity":"1.00000000","price":"1.49000000","timestamp":1622152959,"volume":"1.49000000","buyTxId":"6c705d0b6fa18a141b8e1af5022d3e0cbbed0711","sellTxId":"73f5efded599ce9f88e338d501d40dfdbc2f10b3"}
{"index": {"_index":"pob","_id":"1093016"}}=	{"id":1093016,"type":"buy","buyer":"jeffjagoe","seller":"coininstant","symbol":"POB","quantity":"11.00000000","price":"1.49990000","timestamp":1622152959,"volume":"16.49890000","buyTxId":"6c705d0b6fa18a141b8e1af5022d3e0cbbed0711","sellTxId":"d9ea4fd35b23ddd8117188923a622b2a5f1ffe70"}
{"index": {"_index":"pob","_id":"1093017"}}=	{"id":1093017,"type":"buy","buyer":"jeffjagoe","seller":"mrnightmare89","symbol":"POB","quantity":"1.49281946","price":"1.50000000","timestamp":1622152959,"volume":"2.23922919","buyTxId":"6c705d0b6fa18a141b8e1af5022d3e0cbbed0711","sellTxId":"115a47690617860633cb4430191a3e6d031b5cfa"}
{"index": {"_index":"pob","_id":"1093018"}}=	{"id":1093018,"type":"buy","buyer":"jeffjagoe","seller":"eirik","symbol":"POB","quantity":"1.00000000","price":"1.50000000","timestamp":1622152959,"volume":"1.50000000","buyTxId":"6c705d0b6fa18a141b8e1af5022d3e0cbbed0711","sellTxId":"5b80ad47f181d5ccdbae12784422b2845eae3c7e"}
{"index": {"_index":"pob","_id":"1093019"}}=	{"id":1093019,"type":"buy","buyer":"jeffjagoe","seller":"skylinebuds","symbol":"POB","quantity":"5.00000000","price":"1.52000000","timestamp":1622152959,"volume":"7.60000000","buyTxId":"6c705d0b6fa18a141b8e1af5022d3e0cbbed0711","sellTxId":"f48f2056f1d9948271162c281031735c9f78e6a4"}
{"index": {"_index":"pob","_id":"1093020"}}=	{"id":1093020,"type":"buy","buyer":"jeffjagoe","seller":"charcoalbuffet","symbol":"POB","quantity":"15.16718981","price":"1.55000000","timestamp":1622152959,"volume":"23.50914421","buyTxId":"6c705d0b6fa18a141b8e1af5022d3e0cbbed0711","sellTxId":"a027a0d2087912374db6d58c761d4a59f0e76c48"}
{"index": {"_index":"pob","_id":"1093021"}}=	{"id":1093021,"type":"buy","buyer":"jeffjagoe","seller":"skylinebuds","symbol":"POB","quantity":"5.00000000","price":"1.55000000","timestamp":1622152959,"volume":"7.75000000","buyTxId":"6c705d0b6fa18a141b8e1af5022d3e0cbbed0711","sellTxId":"2848e2136c4958267ebf4e7874691eb12ca96c18"}
{"index": {"_index":"pob","_id":"1093022"}}=	{"id":1093022,"type":"buy","buyer":"jeffjagoe","seller":"regenerette","symbol":"POB","quantity":"450.00000000","price":"1.55000000","timestamp":1622152959,"volume":"697.50000000","buyTxId":"6c705d0b6fa18a141b8e1af5022d3e0cbbed0711","sellTxId":"0e7792f89c40329557eb36f096619f61e909fbf2"}
{"index": {"_index":"pob","_id":"1093023"}}=	{"id":1093023,"type":"buy","buyer":"jeffjagoe","seller":"regenerette","symbol":"POB","quantity":"650.00000000","price":"1.55000000","timestamp":1622152959,"volume":"1007.50000000","buyTxId":"6c705d0b6fa18a141b8e1af5022d3e0cbbed0711","sellTxId":"9bf8b254cc95d53d791cab41fc2e0c2f8d156e28"}
{"index": {"_index":"pob","_id":"1093024"}}=	{"id":1093024,"type":"buy","buyer":"jeffjagoe","seller":"regenerette","symbol":"POB","quantity":"353.60873219","price":"1.55000000","timestamp":1622152959,"volume":"548.09353489","buyTxId":"6c705d0b6fa18a141b8e1af5022d3e0cbbed0711","sellTxId":"ca29900fd839672b165b6fb109fc5e1f72f82020"}
{"index": {"_index":"pob","_id":"1093025"}}=	{"id":1093025,"type":"buy","buyer":"jeffjagoe","seller":"regenerette","symbol":"POB","quantity":"196.39126781","price":"1.55000000","timestamp":1622152995,"volume":"304.40646511","buyTxId":"386d5abb3451fe13e34f86ef7c799841d283e377","sellTxId":"ca29900fd839672b165b6fb109fc5e1f72f82020"}
{"index": {"_index":"pob","_id":"1093026"}}=	{"id":1093026,"type":"buy","buyer":"jeffjagoe","seller":"regenerette","symbol":"POB","quantity":"10.43725665","price":"1.55000000","timestamp":1622152995,"volume":"16.17774780","buyTxId":"386d5abb3451fe13e34f86ef7c799841d283e377","sellTxId":"c4c490f5a998117b3adbf72aaa499f503b5545a9"}
{"index": {"_index":"pob","_id":"1093030"}}=	{"id":1093030,"type":"sell","buyer":"ctime","seller":"savagetobi","symbol":"POB","quantity":"25.10397637","price":"1.39420144","timestamp":1622153214,"volume":"35.00000000","buyTxId":"MM-P-7305986-54267642-3-22-0","sellTxId":"990b275b1ea6ede3ae532142fb8596280c1be0cf"}
{"index": {"_index":"pob","_id":"1093031"}}=	{"id":1093031,"type":"sell","buyer":"mmmmkkkk311","seller":"savagetobi","symbol":"POB","quantity":"23.66963320","price":"1.39419144","timestamp":1622153214,"volume":"33.00000000","buyTxId":"MM-P-7305986-54267642-3-2-0","sellTxId":"990b275b1ea6ede3ae532142fb8596280c1be0cf"}
{"index": {"_index":"pob","_id":"1093032"}}=	{"id":1093032,"type":"sell","buyer":"solovey6o2","seller":"savagetobi","symbol":"POB","quantity":"11.05966785","price":"1.39418144","timestamp":1622153214,"volume":"15.41918365","buyTxId":"cbcae4f5e9a4c03d1fa7c00e5913d4b271ea4b9c","sellTxId":"990b275b1ea6ede3ae532142fb8596280c1be0cf"}
{"index": {"_index":"pob","_id":"1093047"}}=	{"id":1093047,"type":"sell","buyer":"solovey6o2","seller":"sillentkiller","symbol":"POB","quantity":"25.03212212","price":"1.39449147","timestamp":1622153691,"volume":"34.90708077","buyTxId":"38560ef24c835fcaeaccc89c12525fa1af73f84c","sellTxId":"1fdad7e81ea84d2de006a3620f7f80534be04ef5"}
{"index": {"_index":"pob","_id":"1093070"}}=	{"id":1093070,"type":"sell","buyer":"ctime","seller":"urun","symbol":"POB","quantity":"0.34111685","price":"1.39482148","timestamp":1622154114,"volume":"0.47579711","buyTxId":"MM-P-7306254-54267942-3-22-0","sellTxId":"0c075e0bdbee9d212c0bed10197fab774dcc5f9d"}
{"index": {"_index":"pob","_id":"1093071"}}=	{"id":1093071,"type":"sell","buyer":"ctime","seller":"andy4475","symbol":"POB","quantity":"2.04800146","price":"1.39482148","timestamp":1622154135,"volume":"2.85659643","buyTxId":"MM-P-7306254-54267942-3-22-0","sellTxId":"b283dcea06b1696af3f98caec9cc8d6c4b23caea"}
{"index": {"_index":"pob","_id":"1093072"}}=	{"id":1093072,"type":"sell","buyer":"ctime","seller":"raka","symbol":"POB","quantity":"14.76890440","price":"1.39482148","timestamp":1622154147,"volume":"20.59998509","buyTxId":"MM-P-7306254-54267942-3-22-0","sellTxId":"5f2dde331ddb5e7adea94716c48d0e306c6272a5"}
{"index": {"_index":"pob","_id":"1093085"}}=	{"id":1093085,"type":"sell","buyer":"ctime","seller":"phusionphil","symbol":"POB","quantity":"7.93359964","price":"1.39503150","timestamp":1622154432,"volume":"11.06762141","buyTxId":"MM-P-7306342-54268042-3-22-0","sellTxId":"40feebb2b23d23b93c226544adb5ef955bd11103"}
{"index": {"_index":"pob","_id":"1093086"}}=	{"id":1093086,"type":"sell","buyer":"bluesniper","seller":"phusionphil","symbol":"POB","quantity":"8.90342340","price":"1.39502149","timestamp":1622154432,"volume":"12.42046698","buyTxId":"MM-P-7306313-54268011-3-4-0","sellTxId":"40feebb2b23d23b93c226544adb5ef955bd11103"}
{"index": {"_index":"pob","_id":"1093097"}}=	{"id":1093097,"type":"sell","buyer":"bluesniper","seller":"trumpikas","symbol":"POB","quantity":"2.66581010","price":"1.39586157","timestamp":1622155545,"volume":"3.72110187","buyTxId":"MM-P-7306637-54268410-3-4-0","sellTxId":"0bc217c268ef4f8640a76202d4ebd3b1c14758ec"}
{"index": {"_index":"pob","_id":"1093131"}}=	{"id":1093131,"type":"sell","buyer":"richardcrill","seller":"jsantana","symbol":"POB","quantity":"18.00000000","price":"1.39695170","timestamp":1622157495,"volume":"25.14513060","buyTxId":"MM-P-7307197-54269056-3-10-0","sellTxId":"d33cd99040be40606788ae0c94b40eb2f6e7a4c8"}
{"index": {"_index":"pob","_id":"1093134"}}=	{"id":1093134,"type":"sell","buyer":"bluesniper","seller":"cliffagreen","symbol":"POB","quantity":"1.16648520","price":"1.39706171","timestamp":1622157696,"volume":"1.62965181","buyTxId":"MM-P-7307244-54269110-3-4-0","sellTxId":"67f1f07c2104713d161968724d661938e72ca3a5"}
{"index": {"_index":"pob","_id":"1093135"}}=	{"id":1093135,"type":"sell","buyer":"ctime","seller":"sembrandounpais","symbol":"POB","quantity":"3.03557025","price":"1.39708171","timestamp":1622157732,"volume":"4.24093968","buyTxId":"MM-P-7307272-54269141-3-22-0","sellTxId":"f8d32f3e064da6c1bc710a827c4d3a21572a9111"}
{"index": {"_index":"pob","_id":"1093163"}}=	{"id":1093163,"type":"sell","buyer":"freebornsociety","seller":"kevinnag58","symbol":"POB","quantity":"12.71239393","price":"1.39751175","timestamp":1622158248,"volume":"17.76571989","buyTxId":"MM-P-7307416-54269310-3-2-0","sellTxId":"962e065ba6324c959ff843ec213cab5baf3524ed"}
{"index": {"_index":"pob","_id":"1093185"}}=	{"id":1093185,"type":"sell","buyer":"solovey6o2","seller":"justinparke","symbol":"POB","quantity":"2.55644667","price":"1.39774179","timestamp":1622158776,"volume":"3.57325234","buyTxId":"b9dd283847d7c80401a6dcc4c7089b4626a23ae5","sellTxId":"dd34a7ffd8c24cb5be48d1a8ddfbadfd4643db66"}
{"index": {"_index":"pob","_id":"1093201"}}=	{"id":1093201,"type":"sell","buyer":"richardcrill","seller":"zonadigital21","symbol":"POB","quantity":"4.72266845","price":"1.39819181","timestamp":1622159301,"volume":"6.60319635","buyTxId":"MM-P-7307731-54269656-3-10-0","sellTxId":"cc9194d46717190ee9031c6113ce7b823fd94f26"}
{"index": {"_index":"pob","_id":"1093236"}}=	{"id":1093236,"type":"buy","buyer":"jeffjagoe","seller":"bluesniper","symbol":"POB","quantity":"15.00000000","price":"1.53819181","timestamp":1622160147,"volume":"23.07287715","buyTxId":"775ddc8fb9fd5e2bceb3e7e410c7a78448125bce","sellTxId":"MM-P-7307958-54269909-3-4-1"}
{"index": {"_index":"pob","_id":"1093237"}}=	{"id":1093237,"type":"buy","buyer":"jeffjagoe","seller":"freebornsociety","symbol":"POB","quantity":"25.00000000","price":"1.53820181","timestamp":1622160147,"volume":"38.45504525","buyTxId":"775ddc8fb9fd5e2bceb3e7e410c7a78448125bce","sellTxId":"MM-P-7307958-54269909-3-2-1"}
{"index": {"_index":"pob","_id":"1093238"}}=	{"id":1093238,"type":"buy","buyer":"jeffjagoe","seller":"failingforwards","symbol":"POB","quantity":"8.86102535","price":"1.53830182","timestamp":1622160147,"volume":"13.63093142","buyTxId":"775ddc8fb9fd5e2bceb3e7e410c7a78448125bce","sellTxId":"2127e82090cb97345c3f96d6ad57bf8b7846fbe3"}
{"index": {"_index":"pob","_id":"1093239"}}=	{"id":1093239,"type":"buy","buyer":"jeffjagoe","seller":"linkxdx","symbol":"POB","quantity":"2.90000000","price":"1.54780000","timestamp":1622160147,"volume":"4.48862000","buyTxId":"775ddc8fb9fd5e2bceb3e7e410c7a78448125bce","sellTxId":"b16eb6978e9f8f74b0f4da69089d6a9e993ce12c"}
{"index": {"_index":"pob","_id":"1093240"}}=	{"id":1093240,"type":"buy","buyer":"jeffjagoe","seller":"mmmmkkkk311","symbol":"POB","quantity":"15.00000000","price":"1.54998999","timestamp":1622160147,"volume":"23.24984985","buyTxId":"775ddc8fb9fd5e2bceb3e7e410c7a78448125bce","sellTxId":"MM-P-7307805-54269741-3-2-1"}
{"index": {"_index":"pob","_id":"1093241"}}=	{"id":1093241,"type":"buy","buyer":"jeffjagoe","seller":"yonnathang","symbol":"POB","quantity":"9.43800000","price":"1.54999999","timestamp":1622160147,"volume":"14.62889991","buyTxId":"775ddc8fb9fd5e2bceb3e7e410c7a78448125bce","sellTxId":"ba21ec0fd43920d0fb172cc756217f35e5ddc94c"}
{"index": {"_index":"pob","_id":"1093242"}}=	{"id":1093242,"type":"buy","buyer":"jeffjagoe","seller":"regenerette","symbol":"POB","quantity":"734.56274335","price":"1.55000000","timestamp":1622160147,"volume":"1138.57225219","buyTxId":"775ddc8fb9fd5e2bceb3e7e410c7a78448125bce","sellTxId":"c4c490f5a998117b3adbf72aaa499f503b5545a9"}
{"index": {"_index":"pob","_id":"1093249"}}=	{"id":1093249,"type":"sell","buyer":"bluesniper","seller":"chubb149","symbol":"POB","quantity":"10.00000000","price":"1.55011001","timestamp":1622160408,"volume":"15.50110010","buyTxId":"MM-P-7308057-54270008-3-4-0","sellTxId":"b4638c26ad201bfae5984386c76adf7cb40b0e11"}
{"index": {"_index":"pob","_id":"1093251"}}=	{"id":1093251,"type":"sell","buyer":"mmmmkkkk311","seller":"ironshield","symbol":"POB","quantity":"0.96751094","price":"1.55012001","timestamp":1622160441,"volume":"1.49975807","buyTxId":"MM-P-7308088-54270039-3-2-0","sellTxId":"8068e5fb636f5688f597bfa5354af2515b34ec26"}
{"index": {"_index":"pob","_id":"1093253"}}=	{"id":1093253,"type":"buy","buyer":"jeffjagoe","seller":"bluesniper","symbol":"POB","quantity":"15.00000000","price":"1.57988999","timestamp":1622160498,"volume":"23.69834985","buyTxId":"8dedc3cc930fd15bbf8b59179b0a55a08c279845","sellTxId":"MM-P-7308057-54270008-3-4-1"}
{"index": {"_index":"pob","_id":"1093254"}}=	{"id":1093254,"type":"buy","buyer":"jeffjagoe","seller":"freebornsociety","symbol":"POB","quantity":"25.00000000","price":"1.57989999","timestamp":1622160498,"volume":"39.49749975","buyTxId":"8dedc3cc930fd15bbf8b59179b0a55a08c279845","sellTxId":"MM-P-7308057-54270008-3-2-1"}
{"index": {"_index":"pob","_id":"1093255"}}=	{"id":1093255,"type":"buy","buyer":"jeffjagoe","seller":"alixspot","symbol":"POB","quantity":"7.50718342","price":"1.58000000","timestamp":1622160498,"volume":"11.86134980","buyTxId":"8dedc3cc930fd15bbf8b59179b0a55a08c279845","sellTxId":"9926d4151d91711a31a5b247e672287f0739c7eb"}
{"index": {"_index":"pob","_id":"1093256"}}=	{"id":1093256,"type":"sell","buyer":"solovey6o2","seller":"corporateay","symbol":"POB","quantity":"173.51855219","price":"1.55022002","timestamp":1622160528,"volume":"268.99193345","buyTxId":"b65b33f5861a4ed7ce3c69f5332162bf07e31397","sellTxId":"a0b3ad922e2cb00dde10e835a9b4ec9008ff86e9"}
{"index": {"_index":"pob","_id":"1093257"}}=	{"id":1093257,"type":"sell","buyer":"richardcrill","seller":"corporateay","symbol":"POB","quantity":"40.63939286","price":"1.55022001","timestamp":1622160528,"volume":"63.00000001","buyTxId":"MM-P-7308103-54270054-3-10-0","sellTxId":"a0b3ad922e2cb00dde10e835a9b4ec9008ff86e9"}
{"index": {"_index":"pob","_id":"1093258"}}=	{"id":1093258,"type":"sell","buyer":"mmmmkkkk311","seller":"corporateay","symbol":"POB","quantity":"20.32116335","price":"1.55012001","timestamp":1622160528,"volume":"31.50024193","buyTxId":"MM-P-7308088-54270039-3-2-0","sellTxId":"a0b3ad922e2cb00dde10e835a9b4ec9008ff86e9"}
{"index": {"_index":"pob","_id":"1093259"}}=	{"id":1093259,"type":"sell","buyer":"bluesniper","seller":"corporateay","symbol":"POB","quantity":"8.92222111","price":"1.55011001","timestamp":1622160528,"volume":"13.83042425","buyTxId":"MM-P-7308057-54270008-3-4-0","sellTxId":"a0b3ad922e2cb00dde10e835a9b4ec9008ff86e9"}
{"index": {"_index":"pob","_id":"1093260"}}=	{"id":1093260,"type":"sell","buyer":"freebornsociety","seller":"corporateay","symbol":"POB","quantity":"11.89086463","price":"1.55010001","timestamp":1622160528,"volume":"18.43202938","buyTxId":"MM-P-7308057-54270008-3-2-0","sellTxId":"a0b3ad922e2cb00dde10e835a9b4ec9008ff86e9"}
{"index": {"_index":"pob","_id":"1093271"}}=	{"id":1093271,"type":"sell","buyer":"freebornsociety","seller":"urun","symbol":"POB","quantity":"4.23712701","price":"1.55010001","timestamp":1622160699,"volume":"6.56797062","buyTxId":"MM-P-7308057-54270008-3-2-0","sellTxId":"a734803b0582aa94cd2307b37122996517461db7"}
{"index": {"_index":"pob","_id":"1093272"}}=	{"id":1093272,"type":"sell","buyer":"jeffjagoe","seller":"urun","symbol":"POB","quantity":"1.78919185","price":"1.55000000","timestamp":1622160699,"volume":"2.77324737","buyTxId":"775ddc8fb9fd5e2bceb3e7e410c7a78448125bce","sellTxId":"a734803b0582aa94cd2307b37122996517461db7"}
{"index": {"_index":"pob","_id":"1093289"}}=	{"id":1093289,"type":"buy","buyer":"jeffjagoe","seller":"solovey6o2","symbol":"POB","quantity":"213.16678945","price":"1.57988998","timestamp":1622160918,"volume":"336.78007472","buyTxId":"c72a33e7c52c05ef497777e4a2c21bf54e55c494","sellTxId":"18f80becfefa5045526b8d076d4a71672423d885"}
{"index": {"_index":"pob","_id":"1093290"}}=	{"id":1093290,"type":"buy","buyer":"jeffjagoe","seller":"bluesniper","symbol":"POB","quantity":"15.00000000","price":"1.57988999","timestamp":1622160918,"volume":"23.69834985","buyTxId":"c72a33e7c52c05ef497777e4a2c21bf54e55c494","sellTxId":"MM-P-7308157-54270108-3-4-1"}
{"index": {"_index":"pob","_id":"1093291"}}=	{"id":1093291,"type":"buy","buyer":"jeffjagoe","seller":"freebornsociety","symbol":"POB","quantity":"25.00000000","price":"1.57989999","timestamp":1622160918,"volume":"39.49749975","buyTxId":"c72a33e7c52c05ef497777e4a2c21bf54e55c494","sellTxId":"MM-P-7308157-54270108-3-2-0"}
{"index": {"_index":"pob","_id":"1093292"}}=	{"id":1093292,"type":"buy","buyer":"jeffjagoe","seller":"mmmmkkkk311","symbol":"POB","quantity":"15.00000000","price":"1.57998999","timestamp":1622160918,"volume":"23.69984985","buyTxId":"c72a33e7c52c05ef497777e4a2c21bf54e55c494","sellTxId":"MM-P-7308188-54270139-3-2-0"}
{"index": {"_index":"pob","_id":"1093293"}}=	{"id":1093293,"type":"buy","buyer":"jeffjagoe","seller":"alixspot","symbol":"POB","quantity":"373.04721813","price":"1.58000000","timestamp":1622160918,"volume":"589.41460465","buyTxId":"c72a33e7c52c05ef497777e4a2c21bf54e55c494","sellTxId":"9926d4151d91711a31a5b247e672287f0739c7eb"}
{"index": {"_index":"pob","_id":"1093294"}}=	{"id":1093294,"type":"buy","buyer":"jeffjagoe","seller":"skylinebuds","symbol":"POB","quantity":"5.00000000","price":"1.58800000","timestamp":1622160918,"volume":"7.94000000","buyTxId":"c72a33e7c52c05ef497777e4a2c21bf54e55c494","sellTxId":"384de433203ec3bf42b766b8d178f9e9959e1eb8"}
{"index": {"_index":"pob","_id":"1093295"}}=	{"id":1093295,"type":"buy","buyer":"jeffjagoe","seller":"idiosyncratic1","symbol":"POB","quantity":"6.05470033","price":"1.59900000","timestamp":1622160918,"volume":"9.68146583","buyTxId":"c72a33e7c52c05ef497777e4a2c21bf54e55c494","sellTxId":"e332acdf93f1a64fd8b67bdce000f84c0d280d43"}
{"index": {"_index":"pob","_id":"1093296"}}=	{"id":1093296,"type":"buy","buyer":"jeffjagoe","seller":"charcoalbuffet","symbol":"POB","quantity":"5.16444782","price":"1.60000000","timestamp":1622160918,"volume":"8.26311651","buyTxId":"c72a33e7c52c05ef497777e4a2c21bf54e55c494","sellTxId":"83be6a9c1252b431a7072a1bd40ffcb37c00924f"}
{"index": {"_index":"pob","_id":"1093297"}}=	{"id":1093297,"type":"buy","buyer":"jeffjagoe","seller":"bubblegif","symbol":"POB","quantity":"0.16265005","price":"1.60000000","timestamp":1622160918,"volume":"0.26024008","buyTxId":"c72a33e7c52c05ef497777e4a2c21bf54e55c494","sellTxId":"387f1ad1a5bb2b478c4ba45b58e34a6bc403e670"}
{"index": {"_index":"pob","_id":"1093298"}}=	{"id":1093298,"type":"buy","buyer":"jeffjagoe","seller":"bilpcoinbpc","symbol":"POB","quantity":"12.00000000","price":"1.60000000","timestamp":1622160918,"volume":"19.20000000","buyTxId":"c72a33e7c52c05ef497777e4a2c21bf54e55c494","sellTxId":"f42e0e79d6ebd34a79f3f6e620a1b7f811fad8b7"}
{"index": {"_index":"pob","_id":"1093299"}}=	{"id":1093299,"type":"buy","buyer":"jeffjagoe","seller":"brainylady","symbol":"POB","quantity":"9.80000000","price":"1.60000000","timestamp":1622160918,"volume":"15.68000000","buyTxId":"c72a33e7c52c05ef497777e4a2c21bf54e55c494","sellTxId":"879bc78ec3b65c04147058bf693d8f3783f2f5ab"}
{"index": {"_index":"pob","_id":"1093300"}}=	{"id":1093300,"type":"buy","buyer":"jeffjagoe","seller":"stemaddict","symbol":"POB","quantity":"6.68000000","price":"1.60000000","timestamp":1622160918,"volume":"10.68800000","buyTxId":"c72a33e7c52c05ef497777e4a2c21bf54e55c494","sellTxId":"6c1c80b7e6197bfcc67948a6a763e5e7b2d35e7f"}
{"index": {"_index":"pob","_id":"1093301"}}=	{"id":1093301,"type":"buy","buyer":"jeffjagoe","seller":"ifecryptos","symbol":"POB","quantity":"9.00000000","price":"1.60000000","timestamp":1622160918,"volume":"14.40000000","buyTxId":"c72a33e7c52c05ef497777e4a2c21bf54e55c494","sellTxId":"d26c117454a30f6c5ae6d4656b44e8984a2ea83a"}
{"index": {"_index":"pob","_id":"1093302"}}=	{"id":1093302,"type":"buy","buyer":"jeffjagoe","seller":"skylinebuds","symbol":"POB","quantity":"5.00000000","price":"1.60000000","timestamp":1622160918,"volume":"8.00000000","buyTxId":"c72a33e7c52c05ef497777e4a2c21bf54e55c494","sellTxId":"a6a7ee38bf355415f1f3a1327d0e398902890f50"}
{"index": {"_index":"pob","_id":"1093303"}}=	{"id":1093303,"type":"buy","buyer":"jeffjagoe","seller":"eirik","symbol":"POB","quantity":"1.00000000","price":"1.60000000","timestamp":1622160918,"volume":"1.60000000","buyTxId":"c72a33e7c52c05ef497777e4a2c21bf54e55c494","sellTxId":"d016a8353bf69fb3c63ae97840ed8d395012f605"}
