{"index": {"_index":"pob","_id":"1167718"}}=	{"id":1167718,"type":"sell","buyer":"freebornsociety","seller":"juanvegetarian","symbol":"POB","quantity":"0.33180143","price":"1.20240072","timestamp":1624503711,"volume":"0.39895828","buyTxId":"MM-P-8072666-55050163-3-3-0","sellTxId":"b6857dc4d8b77f4ea12af31fb918f860abf25512"}
{"index": {"_index":"pob","_id":"1167829"}}=	{"id":1167829,"type":"sell","buyer":"freebornsociety","seller":"ahmetay","symbol":"POB","quantity":"0.01736887","price":"1.20241072","timestamp":1624508859,"volume":"0.02088452","buyTxId":"MM-P-8073162-55050662-3-3-0","sellTxId":"0860ed56aeefa6194e967055c1b1ccd2985cfb75"}
{"index": {"_index":"pob","_id":"1167868"}}=	{"id":1167868,"type":"sell","buyer":"freebornsociety","seller":"failingforwards","symbol":"POB","quantity":"22.71303040","price":"1.20241072","timestamp":1624510683,"volume":"27.31039123","buyTxId":"MM-P-8073162-55050662-3-3-0","sellTxId":"c183f5e6dbf1b0956dab88fbbb980b43d82512a0"}
{"index": {"_index":"pob","_id":"1167874"}}=	{"id":1167874,"type":"buy","buyer":"freebornsociety","seller":"failingforwards","symbol":"POB","quantity":"11.60744244","price":"1.20241072","timestamp":1624510890,"volume":"13.95691322","buyTxId":"MM-P-8075052-55052560-3-3-0","sellTxId":"c183f5e6dbf1b0956dab88fbbb980b43d82512a0"}
{"index": {"_index":"pob","_id":"1167882"}}=	{"id":1167882,"type":"sell","buyer":"freebornsociety","seller":"dera123","symbol":"POB","quantity":"4.70976763","price":"1.20241072","timestamp":1624511535,"volume":"5.66307509","buyTxId":"MM-P-8075052-55052560-3-3-0","sellTxId":"d2c2c9e7e1a41c9c6b3e85efa8ace2fe332a3703"}
{"index": {"_index":"pob","_id":"1167885"}}=	{"id":1167885,"type":"sell","buyer":"freebornsociety","seller":"clixmoney","symbol":"POB","quantity":"8.33230299","price":"1.20241072","timestamp":1624511988,"volume":"10.01885044","buyTxId":"MM-P-8075052-55052560-3-3-0","sellTxId":"3f8811342a988d51e30301b1fc3b59b751541875"}
{"index": {"_index":"pob","_id":"1167887"}}=	{"id":1167887,"type":"sell","buyer":"anadolu","seller":"clixmoney","symbol":"POB","quantity":"23.00000000","price":"1.20240072","timestamp":1624512018,"volume":"27.65521656","buyTxId":"a1d4f0ee1dc6db4bc4e86d016fc4b945122096ea","sellTxId":"9dde20235a99cc3f4c96d7012ea58d613d1fbec7"}
{"index": {"_index":"pob","_id":"1167888"}}=	{"id":1167888,"type":"sell","buyer":"bluesniper","seller":"clixmoney","symbol":"POB","quantity":"13.00000000","price":"1.20239072","timestamp":1624512051,"volume":"15.63107936","buyTxId":"MM-P-8066842-55044271-3-5-0","sellTxId":"e6f9fa9b0eaea96db219465b17fcdfbb4e37a7d4"}
{"index": {"_index":"pob","_id":"1167894"}}=	{"id":1167894,"type":"sell","buyer":"bluesniper","seller":"clixmoney","symbol":"POB","quantity":"0.73909670","price":"1.20239072","timestamp":1624512093,"volume":"0.88868301","buyTxId":"MM-P-8066842-55044271-3-5-0","sellTxId":"e3f0d513151baa8d5deeafc1acd9f06772d4de47"}
{"index": {"_index":"pob","_id":"1167897"}}=	{"id":1167897,"type":"sell","buyer":"bobthebuilder2","seller":"clixmoney","symbol":"POB","quantity":"9.62567353","price":"1.20232000","timestamp":1624512132,"volume":"11.57313980","buyTxId":"7d9cc712c70c1a29999b5a6e30e5cb833c29a1b1","sellTxId":"d93eb6e6394482bedb36e45f8a6716d48d58b2c8"}
{"index": {"_index":"pob","_id":"1167898"}}=	{"id":1167898,"type":"sell","buyer":"sbi-tokens","seller":"clixmoney","symbol":"POB","quantity":"38.87786453","price":"1.20200000","timestamp":1624512183,"volume":"46.73119317","buyTxId":"42f912a006f41542a802fbf209b48cf2b0f7905d","sellTxId":"db77fe3b51b9621a74ff10cca303763e01056acc"}
{"index": {"_index":"pob","_id":"1167900"}}=	{"id":1167900,"type":"sell","buyer":"thranax","seller":"clixmoney","symbol":"POB","quantity":"0.00435175","price":"1.11127000","timestamp":1624512291,"volume":"0.00483597","buyTxId":"005756960100dc3cf75a167af1a1de03ab4ec5cd","sellTxId":"b017ed69b5d3534df8fa7123850bce68e7dd40cb"}
{"index": {"_index":"pob","_id":"1167901"}}=	{"id":1167901,"type":"sell","buyer":"thranax","seller":"clixmoney","symbol":"POB","quantity":"0.00096977","price":"1.11127000","timestamp":1624512291,"volume":"0.00107768","buyTxId":"ed34454c47c3c78773836c1a2f23f2b93274933d","sellTxId":"b017ed69b5d3534df8fa7123850bce68e7dd40cb"}
{"index": {"_index":"pob","_id":"1167903"}}=	{"id":1167903,"type":"sell","buyer":"thranax","seller":"clixmoney","symbol":"POB","quantity":"0.39262226","price":"1.11112000","timestamp":1624512330,"volume":"0.43625045","buyTxId":"e40465051c38c875cafe0ea82f077bb9f58b7f8f","sellTxId":"ec8a9d71a6ffc08d763b581c8f7d07ead1373642"}
{"index": {"_index":"pob","_id":"1167904"}}=	{"id":1167904,"type":"sell","buyer":"thranax","seller":"clixmoney","symbol":"POB","quantity":"0.08753920","price":"1.11112000","timestamp":1624512330,"volume":"0.09726656","buyTxId":"b1eb5081f3b476a366a180a610e7412abcdb76e8","sellTxId":"ec8a9d71a6ffc08d763b581c8f7d07ead1373642"}
{"index": {"_index":"pob","_id":"1167905"}}=	{"id":1167905,"type":"sell","buyer":"thranax","seller":"clixmoney","symbol":"POB","quantity":"0.01951777","price":"1.11112000","timestamp":1624512330,"volume":"0.02168658","buyTxId":"df27520b1e0e022336b2e10a35022886b4a1cf28","sellTxId":"ec8a9d71a6ffc08d763b581c8f7d07ead1373642"}
{"index": {"_index":"pob","_id":"1167906"}}=	{"id":1167906,"type":"sell","buyer":"thranax","seller":"clixmoney","symbol":"POB","quantity":"1.54067949","price":"1.11107000","timestamp":1624512330,"volume":"1.71180276","buyTxId":"305482f2f27289efcbf6baf3bd720e28b7fc259a","sellTxId":"ec8a9d71a6ffc08d763b581c8f7d07ead1373642"}
{"index": {"_index":"pob","_id":"1167907"}}=	{"id":1167907,"type":"sell","buyer":"thranax","seller":"clixmoney","symbol":"POB","quantity":"0.49967923","price":"1.11107000","timestamp":1624512381,"volume":"0.55517860","buyTxId":"305482f2f27289efcbf6baf3bd720e28b7fc259a","sellTxId":"4dc63493800642319d7b5d864cb5b54eecab69a5"}
{"index": {"_index":"pob","_id":"1167908"}}=	{"id":1167908,"type":"sell","buyer":"thranax","seller":"clixmoney","symbol":"POB","quantity":"0.47469892","price":"1.11107000","timestamp":1624512381,"volume":"0.52742373","buyTxId":"88db229c142bbbc90997fc300c895e2c515f8dde","sellTxId":"4dc63493800642319d7b5d864cb5b54eecab69a5"}
{"index": {"_index":"pob","_id":"1167909"}}=	{"id":1167909,"type":"sell","buyer":"thranax","seller":"clixmoney","symbol":"POB","quantity":"0.11044090","price":"1.11107000","timestamp":1624512381,"volume":"0.12270757","buyTxId":"759a25216a85bac05f570d97b15d6af1331e500a","sellTxId":"4dc63493800642319d7b5d864cb5b54eecab69a5"}
{"index": {"_index":"pob","_id":"1167910"}}=	{"id":1167910,"type":"sell","buyer":"thranax","seller":"clixmoney","symbol":"POB","quantity":"0.00007527","price":"1.11107000","timestamp":1624512381,"volume":"0.00008363","buyTxId":"d7a9a30ab8d12560eb0b4559bbf2edab75cebf0f","sellTxId":"4dc63493800642319d7b5d864cb5b54eecab69a5"}
{"index": {"_index":"pob","_id":"1167911"}}=	{"id":1167911,"type":"sell","buyer":"thranax","seller":"clixmoney","symbol":"POB","quantity":"0.00001751","price":"1.11107000","timestamp":1624512381,"volume":"0.00001945","buyTxId":"7ec336ee70f46292504c41bf8680253ecc874b64","sellTxId":"4dc63493800642319d7b5d864cb5b54eecab69a5"}
{"index": {"_index":"pob","_id":"1167912"}}=	{"id":1167912,"type":"sell","buyer":"thranax","seller":"clixmoney","symbol":"POB","quantity":"0.00000408","price":"1.11107000","timestamp":1624512381,"volume":"0.00000453","buyTxId":"4feb1f8659a5cdb6663143fb3e51d526e742b506","sellTxId":"4dc63493800642319d7b5d864cb5b54eecab69a5"}
{"index": {"_index":"pob","_id":"1167913"}}=	{"id":1167913,"type":"sell","buyer":"thranax","seller":"clixmoney","symbol":"POB","quantity":"0.00000095","price":"1.11107000","timestamp":1624512381,"volume":"0.00000106","buyTxId":"b42aa94074b30bef1e3116713edb26cfc7962b5f","sellTxId":"4dc63493800642319d7b5d864cb5b54eecab69a5"}
{"index": {"_index":"pob","_id":"1167914"}}=	{"id":1167914,"type":"sell","buyer":"eirik","seller":"clixmoney","symbol":"POB","quantity":"2.00000000","price":"1.10000000","timestamp":1624512381,"volume":"2.20000000","buyTxId":"726ac9cd661ded1091a4704d69e6652549c04a81","sellTxId":"4dc63493800642319d7b5d864cb5b54eecab69a5"}
{"index": {"_index":"pob","_id":"1167915"}}=	{"id":1167915,"type":"sell","buyer":"eirik","seller":"clixmoney","symbol":"POB","quantity":"2.00000000","price":"1.00000000","timestamp":1624512492,"volume":"2.00000000","buyTxId":"16cbbdaf871642dbcd6dd33e845bd004fda88ded","sellTxId":"b125707ba1f333c1ec634da070cadc57d32be102"}
{"index": {"_index":"pob","_id":"1167928"}}=	{"id":1167928,"type":"sell","buyer":"freebornsociety","seller":"heruvim1978","symbol":"POB","quantity":"7.86498735","price":"0.96201000","timestamp":1624513182,"volume":"7.56619648","buyTxId":"MM-P-8075551-55053060-3-3-0","sellTxId":"b8639f365839d0489caed2b63eb10edd7919ea5e"}
{"index": {"_index":"pob","_id":"1167952"}}=	{"id":1167952,"type":"sell","buyer":"freebornsociety","seller":"revisesociology","symbol":"POB","quantity":"8.30000000","price":"0.96201000","timestamp":1624515078,"volume":"7.98468300","buyTxId":"MM-P-8075551-55053060-3-3-0","sellTxId":"af8f465be219ea00b53adb4874383eceed060795"}
{"index": {"_index":"pob","_id":"1167967"}}=	{"id":1167967,"type":"sell","buyer":"freebornsociety","seller":"risingstargame","symbol":"POB","quantity":"1.81151566","price":"0.96201000","timestamp":1624515654,"volume":"1.74269618","buyTxId":"MM-P-8075551-55053060-3-3-0","sellTxId":"6d3b69acaa86e8d28cc5189ef1d36e102344e892"}
{"index": {"_index":"pob","_id":"1167969"}}=	{"id":1167969,"type":"buy","buyer":"gimme-your-coinz","seller":"risingstargame","symbol":"POB","quantity":"4.41280395","price":"0.96201000","timestamp":1624515906,"volume":"4.24516153","buyTxId":"d53c757fa130625f5a33d270a3aba051ea773314","sellTxId":"6d3b69acaa86e8d28cc5189ef1d36e102344e892"}
{"index": {"_index":"pob","_id":"1167970"}}=	{"id":1167970,"type":"buy","buyer":"gimme-your-coinz","seller":"clixmoney","symbol":"POB","quantity":"0.04985315","price":"1.10000000","timestamp":1624515906,"volume":"0.05483847","buyTxId":"d53c757fa130625f5a33d270a3aba051ea773314","sellTxId":"4dc63493800642319d7b5d864cb5b54eecab69a5"}
{"index": {"_index":"pob","_id":"1167982"}}=	{"id":1167982,"type":"sell","buyer":"meesterboom","seller":"trumpman","symbol":"POB","quantity":"31.00000000","price":"0.96200000","timestamp":1624516464,"volume":"29.82200000","buyTxId":"fbc3f4fa518ddd40e7535b8eef3d627c84c933fd","sellTxId":"d87195599d64623e308cc837dafb3dfa1bda60ec"}
{"index": {"_index":"pob","_id":"1167983"}}=	{"id":1167983,"type":"sell","buyer":"mmmmkkkk311","seller":"trumpman","symbol":"POB","quantity":"6.00000000","price":"0.96157000","timestamp":1624516464,"volume":"5.76942000","buyTxId":"MM-P-8076896-55054413-3-2-0","sellTxId":"d87195599d64623e308cc837dafb3dfa1bda60ec"}
{"index": {"_index":"pob","_id":"1168005"}}=	{"id":1168005,"type":"sell","buyer":"richardcrill","seller":"belemo","symbol":"POB","quantity":"11.70478753","price":"0.96167000","timestamp":1624517601,"volume":"11.25614302","buyTxId":"MM-P-8076906-55054423-3-10-0","sellTxId":"65b64d3f9aa58978c1e21ee8183bbd2b0ceafb64"}
{"index": {"_index":"pob","_id":"1168013"}}=	{"id":1168013,"type":"sell","buyer":"richardcrill","seller":"turkiye","symbol":"POB","quantity":"0.76063098","price":"0.96167000","timestamp":1624517835,"volume":"0.73147599","buyTxId":"MM-P-8076906-55054423-3-10-0","sellTxId":"8ee4edd38ce4886da04717e01a7b52bb249d0f27"}
{"index": {"_index":"pob","_id":"1168055"}}=	{"id":1168055,"type":"sell","buyer":"richardcrill","seller":"acesontop","symbol":"POB","quantity":"8.21314834","price":"0.96187000","timestamp":1624520124,"volume":"7.89998099","buyTxId":"MM-P-8077892-55055422-3-10-0","sellTxId":"f7fd365bee9cc15cb61144729e2f3e389734bf77"}
{"index": {"_index":"pob","_id":"1168056"}}=	{"id":1168056,"type":"buy","buyer":"anadolu","seller":"acesontop","symbol":"POB","quantity":"10.58543665","price":"0.96187000","timestamp":1624520193,"volume":"10.18181395","buyTxId":"0b6dbada7fada5d0108d40ead59c88f0f9fe42e2","sellTxId":"f7fd365bee9cc15cb61144729e2f3e389734bf77"}
{"index": {"_index":"pob","_id":"1168067"}}=	{"id":1168067,"type":"sell","buyer":"freebornsociety","seller":"ctrpch","symbol":"POB","quantity":"0.13724145","price":"0.96201001","timestamp":1624520508,"volume":"0.13202765","buyTxId":"MM-P-8078225-55055758-3-3-0","sellTxId":"bd5ca1a47d4adfb2ba5467fd6a4b1e940b07fde1"}
{"index": {"_index":"pob","_id":"1168090"}}=	{"id":1168090,"type":"sell","buyer":"solovey6o2","seller":"melbourneswest","symbol":"POB","quantity":"3.00044164","price":"0.96204003","timestamp":1624521066,"volume":"2.88654497","buyTxId":"e5edda7cbb9464a2cbf70042d2126687f5578736","sellTxId":"702efc8f2f9db9c15e1561faddeefa87e91fd46d"}
{"index": {"_index":"pob","_id":"1168136"}}=	{"id":1168136,"type":"sell","buyer":"solovey6o2","seller":"dragosroua","symbol":"POB","quantity":"1.81757598","price":"0.96217009","timestamp":1624523040,"volume":"1.74881724","buyTxId":"4016a24c57d4a9ada5e68fd865770c23004baa2c","sellTxId":"99de10d8c57fa7ecd6debc251802f8c17906067e"}
{"index": {"_index":"pob","_id":"1168160"}}=	{"id":1168160,"type":"sell","buyer":"solovey6o2","seller":"kaminchan","symbol":"POB","quantity":"1.63357015","price":"0.96226013","timestamp":1624524390,"volume":"1.57191942","buyTxId":"9d13b6d32c4d1d1db9f797195a11cb775650b5c0","sellTxId":"8536c4eeed79f82e267e35ddc375351bfb266cc9"}
{"index": {"_index":"pob","_id":"1168215"}}=	{"id":1168215,"type":"sell","buyer":"mmmmkkkk311","seller":"iamchuks","symbol":"POB","quantity":"5.61448355","price":"0.96242019","timestamp":1624526712,"volume":"5.40349232","buyTxId":"MM-P-8080249-55057809-3-2-0","sellTxId":"9a76413daa9e012f37da2129d47b241c0b14ca75"}
{"index": {"_index":"pob","_id":"1168231"}}=	{"id":1168231,"type":"sell","buyer":"solovey6o2","seller":"felipejoys","symbol":"POB","quantity":"2.30000000","price":"0.96248023","timestamp":1624527660,"volume":"2.21370453","buyTxId":"64525b03d0e02cd02459be4a5915eb805a3cf22b","sellTxId":"c7361b76338b4a66c54661206b65d8aa1effafe7"}
{"index": {"_index":"pob","_id":"1168279"}}=	{"id":1168279,"type":"sell","buyer":"mmmmkkkk311","seller":"citimillz","symbol":"POB","quantity":"0.76458640","price":"0.96268031","timestamp":1624530567,"volume":"0.73605227","buyTxId":"MM-P-8081517-55059109-3-2-0","sellTxId":"843ace3759faf2b93a8307e14e54d4bc4a8a5d6f"}
{"index": {"_index":"pob","_id":"1168282"}}=	{"id":1168282,"type":"buy","buyer":"cookaiss","seller":"saulos","symbol":"POB","quantity":"0.00050429","price":"0.99900000","timestamp":1624530948,"volume":"0.00050379","buyTxId":"ae2cc60f806d6273ff6472f82c9b2056c7e177c9","sellTxId":"914d3ee16e023dbd0f98f2d6c0425400c07f5e00"}
{"index": {"_index":"pob","_id":"1168286"}}=	{"id":1168286,"type":"buy","buyer":"anadolu","seller":"shebe","symbol":"POB","quantity":"0.50032615","price":"1.00000000","timestamp":1624531074,"volume":"0.50032615","buyTxId":"fa72d7b4df504681ddc0c67df052470bb22c74ad","sellTxId":"daa0f1c39919e81604030867633bc4562daf2935"}
{"index": {"_index":"pob","_id":"1168312"}}=	{"id":1168312,"type":"buy","buyer":"offgridlife","seller":"clixmoney","symbol":"POB","quantity":"0.10000000","price":"1.10000000","timestamp":1624532007,"volume":"0.11000000","buyTxId":"e1e475b6e8ef578dd49885279697f95a51f44eb5","sellTxId":"4dc63493800642319d7b5d864cb5b54eecab69a5"}
{"index": {"_index":"pob","_id":"1168313"}}=	{"id":1168313,"type":"buy","buyer":"offgridlife","seller":"clixmoney","symbol":"POB","quantity":"0.10000000","price":"1.10000000","timestamp":1624532019,"volume":"0.11000000","buyTxId":"898b0a2f57fed500afd765a0bc9a026f0f00aaad","sellTxId":"4dc63493800642319d7b5d864cb5b54eecab69a5"}
{"index": {"_index":"pob","_id":"1168315"}}=	{"id":1168315,"type":"buy","buyer":"offgridlife","seller":"clixmoney","symbol":"POB","quantity":"0.10000000","price":"1.10000000","timestamp":1624532028,"volume":"0.11000000","buyTxId":"dcc2b4b5dfc9dd60a2bc7977702933f83e1c15e2","sellTxId":"4dc63493800642319d7b5d864cb5b54eecab69a5"}
{"index": {"_index":"pob","_id":"1168317"}}=	{"id":1168317,"type":"buy","buyer":"gimme-your-coinz","seller":"clixmoney","symbol":"POB","quantity":"0.56522999","price":"1.10000000","timestamp":1624532124,"volume":"0.62175299","buyTxId":"8fd6c317bc9854c82a03fbd3d9a051f35f36193f","sellTxId":"4dc63493800642319d7b5d864cb5b54eecab69a5"}
{"index": {"_index":"pob","_id":"1168318"}}=	{"id":1168318,"type":"buy","buyer":"gimme-your-coinz","seller":"clixmoney","symbol":"POB","quantity":"0.99467848","price":"1.11127000","timestamp":1624532124,"volume":"1.10535635","buyTxId":"8fd6c317bc9854c82a03fbd3d9a051f35f36193f","sellTxId":"b017ed69b5d3534df8fa7123850bce68e7dd40cb"}
{"index": {"_index":"pob","_id":"1168319"}}=	{"id":1168319,"type":"buy","buyer":"gimme-your-coinz","seller":"solovey6o2","symbol":"POB","quantity":"0.00240564","price":"1.20161484","timestamp":1624532124,"volume":"0.00289066","buyTxId":"8fd6c317bc9854c82a03fbd3d9a051f35f36193f","sellTxId":"8fd8a2717b8b2b5114727842ece3f215af6ed030"}
{"index": {"_index":"pob","_id":"1168325"}}=	{"id":1168325,"type":"sell","buyer":"gimme-your-coinz","seller":"andy4475","symbol":"POB","quantity":"2.79612577","price":"1.00010009","timestamp":1624532751,"volume":"2.79640563","buyTxId":"94d90a70685b1fcdc3ff413679060f2661a47f7f","sellTxId":"58248dc8863acdbc850acff3185ba8aee339d36b"}
{"index": {"_index":"pob","_id":"1168326"}}=	{"id":1168326,"type":"sell","buyer":"gimme-your-coinz","seller":"phusionphil","symbol":"POB","quantity":"22.00000000","price":"1.00011012","timestamp":1624532859,"volume":"22.00242264","buyTxId":"2a0f60b5ce73337424cd9175822dbaf3f1f4b3a8","sellTxId":"3ef66316a178f517d86ed2bc9e780b1916500576"}
{"index": {"_index":"pob","_id":"1168327"}}=	{"id":1168327,"type":"sell","buyer":"freebornsociety","seller":"phusionphil","symbol":"POB","quantity":"26.58910285","price":"1.00011011","timestamp":1624532859,"volume":"26.59203058","buyTxId":"MM-P-8082255-55059856-3-3-0","sellTxId":"3ef66316a178f517d86ed2bc9e780b1916500576"}
{"index": {"_index":"pob","_id":"1168329"}}=	{"id":1168329,"type":"sell","buyer":"gimme-your-coinz","seller":"finguru","symbol":"POB","quantity":"6.50000000","price":"1.00013015","timestamp":1624533165,"volume":"6.50084598","buyTxId":"4f739ace4dcaa8147259781697181ec79d3c1ddd","sellTxId":"94f28fe5d2742d4bd9eb953c04f842208f817ce0"}
{"index": {"_index":"pob","_id":"1168338"}}=	{"id":1168338,"type":"sell","buyer":"gimme-your-coinz","seller":"tarazkp","symbol":"POB","quantity":"17.79820593","price":"1.00015022","timestamp":1624533534,"volume":"17.80087958","buyTxId":"2e7ed3eb470e7b5a00764f5ad8e7500ed1359b0f","sellTxId":"218a3e75227dae360b3c8be1ff14ce7a90ee5441"}
{"index": {"_index":"pob","_id":"1168344"}}=	{"id":1168344,"type":"sell","buyer":"gimme-your-coinz","seller":"scooter77","symbol":"POB","quantity":"20.00000000","price":"1.00018029","timestamp":1624533981,"volume":"20.00360580","buyTxId":"7d78e59a9da8c66ca180505056bd9127e02fce25","sellTxId":"c98412d5adc7944f4a0e374d867c32268cf7a64d"}
{"index": {"_index":"pob","_id":"1168366"}}=	{"id":1168366,"type":"sell","buyer":"gimme-your-coinz","seller":"junkfeathers","symbol":"POB","quantity":"20.00000000","price":"1.00029053","timestamp":1624535520,"volume":"20.00581060","buyTxId":"819870f697a5050bea47dfbf17a9abe405f131e8","sellTxId":"6298acd761be97dee7ddf339be670a2d09475c15"}
{"index": {"_index":"pob","_id":"1168397"}}=	{"id":1168397,"type":"buy","buyer":"absolutfreedom","seller":"take-my-coinz","symbol":"POB","quantity":"2.07280501","price":"1.20121267","timestamp":1624537929,"volume":"2.48987965","buyTxId":"f61a7004240e246d4f93d012a8aefebf7ff20ace","sellTxId":"f3bb58c6ade246668bc70cd3074ffd28c86f686d"}
{"index": {"_index":"pob","_id":"1168409"}}=	{"id":1168409,"type":"buy","buyer":"offgridlife","seller":"take-my-coinz","symbol":"POB","quantity":"0.10000000","price":"1.20119998","timestamp":1624538121,"volume":"0.12012000","buyTxId":"fd6771f3fe75cb47daf7aa0087feb0f11bf55628","sellTxId":"b0452bc80301919e47ec8e5e0b9c1c23a64c9b0d"}
{"index": {"_index":"pob","_id":"1168410"}}=	{"id":1168410,"type":"buy","buyer":"offgridlife","seller":"solovey6o2","symbol":"POB","quantity":"0.10000000","price":"1.20119997","timestamp":1624538130,"volume":"0.12012000","buyTxId":"348ae0d15c9968d146aa4d890c253c20f946c719","sellTxId":"fe8a595a19987306d2fa2b0060872ff9978ba5c1"}
{"index": {"_index":"pob","_id":"1168438"}}=	{"id":1168438,"type":"sell","buyer":"gimme-your-coinz","seller":"chireerocks","symbol":"POB","quantity":"2.92948974","price":"1.00052018","timestamp":1624538943,"volume":"2.93101360","buyTxId":"f9c709ce202851cd2948063d96a5d92983421fbf","sellTxId":"4ee647c75476c289a99aa62102d32bb3b91c2c99"}
{"index": {"_index":"pob","_id":"1168451"}}=	{"id":1168451,"type":"sell","buyer":"gimme-your-coinz","seller":"mawit07","symbol":"POB","quantity":"5.49136691","price":"1.00054021","timestamp":1624539144,"volume":"5.49433340","buyTxId":"eae11e422931dfc08dc315bff82cdd61623e7ad0","sellTxId":"2917f539075e156a8ce6f628f12988f95e08dd75"}
{"index": {"_index":"pob","_id":"1168455"}}=	{"id":1168455,"type":"buy","buyer":"offgridlife","seller":"solovey6o2","symbol":"POB","quantity":"0.10000000","price":"1.20111959","timestamp":1624539189,"volume":"0.12011196","buyTxId":"44b7bc237773eb7bd1098d73d55491cd1f569a1d","sellTxId":"d7dd1f3562fe41b1f46ab5efd6029baf80a5e97d"}
{"index": {"_index":"pob","_id":"1168456"}}=	{"id":1168456,"type":"buy","buyer":"offgridlife","seller":"solovey6o2","symbol":"POB","quantity":"0.10000000","price":"1.20111959","timestamp":1624539198,"volume":"0.12011196","buyTxId":"0d40c4850a81a1d1008b7fd03e31dceffea7252b","sellTxId":"d7dd1f3562fe41b1f46ab5efd6029baf80a5e97d"}
{"index": {"_index":"pob","_id":"1168457"}}=	{"id":1168457,"type":"buy","buyer":"offgridlife","seller":"take-my-coinz","symbol":"POB","quantity":"0.10000000","price":"1.20111957","timestamp":1624539207,"volume":"0.12011196","buyTxId":"41a05b04d7282974d28bd9dcd76983a655f6a981","sellTxId":"ef66bd05189f8fc9e2c1f335d3e5de80e03c99f6"}
{"index": {"_index":"pob","_id":"1168458"}}=	{"id":1168458,"type":"buy","buyer":"offgridlife","seller":"take-my-coinz","symbol":"POB","quantity":"0.10000000","price":"1.20111957","timestamp":1624539216,"volume":"0.12011196","buyTxId":"606134178dfd823fae074e37600fb1b219f316fb","sellTxId":"ef66bd05189f8fc9e2c1f335d3e5de80e03c99f6"}
{"index": {"_index":"pob","_id":"1168460"}}=	{"id":1168460,"type":"buy","buyer":"offgridlife","seller":"take-my-coinz","symbol":"POB","quantity":"0.10000000","price":"1.20111957","timestamp":1624539225,"volume":"0.12011196","buyTxId":"e53b22357623d4b691815bb423874e9bc671d56c","sellTxId":"ef66bd05189f8fc9e2c1f335d3e5de80e03c99f6"}
{"index": {"_index":"pob","_id":"1168463"}}=	{"id":1168463,"type":"sell","buyer":"gimme-your-coinz","seller":"steevc","symbol":"POB","quantity":"1.00000000","price":"1.00055022","timestamp":1624539333,"volume":"1.00055022","buyTxId":"892dcaf50ae5dc469e3f74785faade5226b69c47","sellTxId":"87a8748a5313223dc6eab81417b16dcfa7bfe898"}
{"index": {"_index":"pob","_id":"1168476"}}=	{"id":1168476,"type":"sell","buyer":"gimme-your-coinz","seller":"preparedwombat","symbol":"POB","quantity":"12.63834089","price":"1.00060037","timestamp":1624540134,"volume":"12.64592857","buyTxId":"fb3f14030feab9cfde763f1d8992bf186d60ad57","sellTxId":"667ad6faa5331d0aa0f135ca2ad53f3802cae19b"}
{"index": {"_index":"pob","_id":"1168477"}}=	{"id":1168477,"type":"sell","buyer":"mmmmkkkk311","seller":"stickupboys","symbol":"POB","quantity":"4.13733081","price":"1.00061034","timestamp":1624540167,"volume":"4.13985599","buyTxId":"MM-P-8084703-55062305-3-2-0","sellTxId":"99096e35461c742e146708d78df3be12140845a8"}
{"index": {"_index":"pob","_id":"1168523"}}=	{"id":1168523,"type":"sell","buyer":"gimme-your-coinz","seller":"gubbatv","symbol":"POB","quantity":"5.59713068","price":"1.00072062","timestamp":1624541913,"volume":"5.60116408","buyTxId":"420748e0d76ca7170fec2bf2864ef9cc2a018f29","sellTxId":"97db2dd5fbfe26beec156fedeee7c3e45937a61e"}
{"index": {"_index":"pob","_id":"1168529"}}=	{"id":1168529,"type":"sell","buyer":"solovey6o2","seller":"elricmoonslayer","symbol":"POB","quantity":"10.00000000","price":"1.00073065","timestamp":1624542057,"volume":"10.00730650","buyTxId":"f2f503c506b6334e93bcf7ee55a3e462f2146815","sellTxId":"ca4a7e0058ea588a50eb987bb318c21e2c2f25ec"}
{"index": {"_index":"pob","_id":"1168538"}}=	{"id":1168538,"type":"sell","buyer":"gimme-your-coinz","seller":"thegoliath","symbol":"POB","quantity":"2.94482651","price":"1.00074067","timestamp":1624542213,"volume":"2.94700765","buyTxId":"092ab6fb215bfd99a81b24019ad99c54050e5747","sellTxId":"29e6041cd1dec1d0f9d4adaef2895f12a6432fba"}
{"index": {"_index":"pob","_id":"1168564"}}=	{"id":1168564,"type":"sell","buyer":"gimme-your-coinz","seller":"meesterbrain","symbol":"POB","quantity":"6.41229161","price":"1.00080070","timestamp":1624543035,"volume":"6.41742593","buyTxId":"168d2a929966a507d306ae62ea5a6543d2ff799e","sellTxId":"0a678a97014775795898dfa6a045fa972f170c32"}
{"index": {"_index":"pob","_id":"1168585"}}=	{"id":1168585,"type":"sell","buyer":"gimme-your-coinz","seller":"ftfund","symbol":"POB","quantity":"5.30204287","price":"1.00103073","timestamp":1624543530,"volume":"5.30750784","buyTxId":"019da04964ce2e768114fe4563bff8d458a7cb46","sellTxId":"c6adc840747e1595f4a6e2ad318d9ec04cad9f80"}
{"index": {"_index":"pob","_id":"1168588"}}=	{"id":1168588,"type":"sell","buyer":"gimme-your-coinz","seller":"gadrian","symbol":"POB","quantity":"22.00000000","price":"1.00115075","timestamp":1624543803,"volume":"22.02531650","buyTxId":"7eb75407eea72a58ef4f32b159ebbc08f0730679","sellTxId":"fed1dd5953eb252daf4e4772a788ebdca6be44ed"}
{"index": {"_index":"pob","_id":"1168589"}}=	{"id":1168589,"type":"sell","buyer":"richardcrill","seller":"gadrian","symbol":"POB","quantity":"19.86513268","price":"1.00115074","timestamp":1624543803,"volume":"19.88799228","buyTxId":"MM-P-8085911-55063513-3-10-0","sellTxId":"fed1dd5953eb252daf4e4772a788ebdca6be44ed"}
{"index": {"_index":"pob","_id":"1168590"}}=	{"id":1168590,"type":"sell","buyer":"gimme-your-coinz","seller":"gadrian","symbol":"POB","quantity":"8.13486732","price":"1.00105074","timestamp":1624543803,"volume":"8.14341495","buyTxId":"67713a7903d8236815dac3a57ef9bf768500be8f","sellTxId":"fed1dd5953eb252daf4e4772a788ebdca6be44ed"}
{"index": {"_index":"pob","_id":"1168593"}}=	{"id":1168593,"type":"sell","buyer":"gimme-your-coinz","seller":"bozz","symbol":"POB","quantity":"20.49826777","price":"1.00107075","timestamp":1624544118,"volume":"20.52021629","buyTxId":"f123279741903c71980b95a69b2ade86436703dd","sellTxId":"6da18f48628b8a9aafbc9f7e48c7f13cb09a8d6f"}
{"index": {"_index":"pob","_id":"1168595"}}=	{"id":1168595,"type":"sell","buyer":"gimme-your-coinz","seller":"kraken99","symbol":"POB","quantity":"3.73837769","price":"1.00108077","timestamp":1624544250,"volume":"3.74241802","buyTxId":"51026ba0dd7434d2f72e2d535e78b403f6af4503","sellTxId":"00c14d37bbfa0203408baa2027b9598d112e72f0"}
{"index": {"_index":"pob","_id":"1168604"}}=	{"id":1168604,"type":"sell","buyer":"gimme-your-coinz","seller":"elirosales181","symbol":"POB","quantity":"0.81728807","price":"1.00112079","timestamp":1624544847,"volume":"0.81820408","buyTxId":"2c12f5400048485a66c400182a198f8754b43d3e","sellTxId":"ea05d52875bc93711470798004b5eb0df09cb245"}
{"index": {"_index":"pob","_id":"1168623"}}=	{"id":1168623,"type":"sell","buyer":"gimme-your-coinz","seller":"mykos","symbol":"POB","quantity":"0.94893811","price":"1.00118084","timestamp":1624545846,"volume":"0.95005865","buyTxId":"29efa5269243e0694eff7a29f0e6a3230446a83d","sellTxId":"6c416a03b80da965c0bf0f135f38a6afafdf2979"}
{"index": {"_index":"pob","_id":"1168640"}}=	{"id":1168640,"type":"sell","buyer":"gimme-your-coinz","seller":"saachi.list","symbol":"POB","quantity":"13.80976761","price":"1.00125087","timestamp":1624546791,"volume":"13.82704183","buyTxId":"ecaeccc36b0bdc76d2a60d3e8b290679f1ae97f6","sellTxId":"559738c3e924a3177b28a9d44c29299fac6fb8bb"}
{"index": {"_index":"pob","_id":"1168641"}}=	{"id":1168641,"type":"sell","buyer":"gimme-your-coinz","seller":"finguru","symbol":"POB","quantity":"7.46246531","price":"1.00126088","timestamp":1624546926,"volume":"7.47187458","buyTxId":"b9a1feac69d65c7c6770144ed8126a50a82f85bc","sellTxId":"c41c009ab9edf9cdbb9b3364a4f8b59fcd8de78f"}
{"index": {"_index":"pob","_id":"1168643"}}=	{"id":1168643,"type":"sell","buyer":"gimme-your-coinz","seller":"daniky","symbol":"POB","quantity":"8.20000000","price":"1.00126088","timestamp":1624546971,"volume":"8.21033922","buyTxId":"b9a1feac69d65c7c6770144ed8126a50a82f85bc","sellTxId":"f9b0baf753aec8a791ffbc9285b42548454f7404"}
{"index": {"_index":"pob","_id":"1168650"}}=	{"id":1168650,"type":"sell","buyer":"gimme-your-coinz","seller":"fullcoverbetting","symbol":"POB","quantity":"0.70000000","price":"1.00127088","timestamp":1624547133,"volume":"0.70088962","buyTxId":"fc7dc9d4233a3d2b097efb80352a6c97b6a1747d","sellTxId":"92c3a31ab1a9ff2906d9cd6d63b15b596271b5e9"}
{"index": {"_index":"pob","_id":"1168654"}}=	{"id":1168654,"type":"sell","buyer":"gimme-your-coinz","seller":"bearbear613","symbol":"POB","quantity":"13.75000000","price":"1.00128089","timestamp":1624547316,"volume":"13.76761224","buyTxId":"76bf7386245a4db4425eef8f5ca23f36f7e6b562","sellTxId":"913b3f3afec37859de41e789cbf0c7e0a8a28896"}
{"index": {"_index":"pob","_id":"1168672"}}=	{"id":1168672,"type":"sell","buyer":"freebornsociety","seller":"daniky","symbol":"POB","quantity":"30.00000000","price":"1.00130089","timestamp":1624547508,"volume":"30.03902670","buyTxId":"MM-P-8087147-55064749-3-3-0","sellTxId":"72c5e4a79d0a85bccf15b6e72eb4f8389c9d92d4"}
{"index": {"_index":"pob","_id":"1168692"}}=	{"id":1168692,"type":"sell","buyer":"gimme-your-coinz","seller":"lunaticpandora","symbol":"POB","quantity":"18.36861531","price":"1.00132092","timestamp":1624548267,"volume":"18.39287878","buyTxId":"2ca0647f4904a6354f38896b150d7e30e25047a9","sellTxId":"cbbe9479d3d0b581ef8eb03a524f52de0e18d7cd"}
{"index": {"_index":"pob","_id":"1168721"}}=	{"id":1168721,"type":"sell","buyer":"gimme-your-coinz","seller":"ebingo","symbol":"POB","quantity":"0.89907241","price":"1.00132092","timestamp":1624549584,"volume":"0.90026001","buyTxId":"2ca0647f4904a6354f38896b150d7e30e25047a9","sellTxId":"010f979890c1fb0d827dcb632a344927d221d686"}
{"index": {"_index":"pob","_id":"1168727"}}=	{"id":1168727,"type":"sell","buyer":"gimme-your-coinz","seller":"eythorphoto","symbol":"POB","quantity":"0.17548931","price":"1.00132092","timestamp":1624549977,"volume":"0.17572112","buyTxId":"2ca0647f4904a6354f38896b150d7e30e25047a9","sellTxId":"17062a95ae816f179dfd9e8434b9130f664b66a1"}
{"index": {"_index":"pob","_id":"1168766"}}=	{"id":1168766,"type":"sell","buyer":"gimme-your-coinz","seller":"flaxz","symbol":"POB","quantity":"0.722","price":"1.00201002","timestamp":1624551525,"volume":"0.72345123","buyTxId":"2bb4132bed751c2aea626b0822b4d86f0b333836","sellTxId":"ea80988b4f915d0fb0f2607a0abf2624c270104a"}
{"index": {"_index":"pob","_id":"1168841"}}=	{"id":1168841,"type":"sell","buyer":"mmmmkkkk311","seller":"wearealive","symbol":"POB","quantity":"0.81417848","price":"1.00216009","timestamp":1624553655,"volume":"0.81593718","buyTxId":"MM-P-8089183-55066800-3-2-0","sellTxId":"98bc2782e0be3fed23a443790b3de873dae589a2"}
{"index": {"_index":"pob","_id":"1168854"}}=	{"id":1168854,"type":"sell","buyer":"gimme-your-coinz","seller":"automaton","symbol":"POB","quantity":"4.00000000","price":"1.00219012","timestamp":1624554147,"volume":"4.00876048","buyTxId":"ae642dbb7bd00536ac35f9e793d2165e79da05be","sellTxId":"bafddd06ffcfccfdb7ef4e5cbfb4498ec6d2ceb1"}
{"index": {"_index":"pob","_id":"1168860"}}=	{"id":1168860,"type":"sell","buyer":"gimme-your-coinz","seller":"bitandi","symbol":"POB","quantity":"0.41857464","price":"1.00220012","timestamp":1624554444,"volume":"0.41949555","buyTxId":"06330a8a30d79115f3fa99a89ec28a3ffd314a95","sellTxId":"23e1d79bd3b11c31fff9a9c8d792fc344b0ba85f"}
{"index": {"_index":"pob","_id":"1168879"}}=	{"id":1168879,"type":"buy","buyer":"offgridlife","seller":"take-my-coinz","symbol":"POB","quantity":"0.10000000","price":"1.19924376","timestamp":1624555008,"volume":"0.11992438","buyTxId":"b7ffb8a4f11f5fc0d81fb382b18bb78c8adb41b1","sellTxId":"8cf4b1a2f91d53477e43fd250dbe4b798b68874c"}
{"index": {"_index":"pob","_id":"1168883"}}=	{"id":1168883,"type":"buy","buyer":"offgridlife","seller":"take-my-coinz","symbol":"POB","quantity":"0.01000000","price":"1.19924376","timestamp":1624555071,"volume":"0.01199244","buyTxId":"27a7a544414e5ddaf57f701720ee68478c71fbe0","sellTxId":"8cf4b1a2f91d53477e43fd250dbe4b798b68874c"}
{"index": {"_index":"pob","_id":"1168884"}}=	{"id":1168884,"type":"buy","buyer":"offgridlife","seller":"take-my-coinz","symbol":"POB","quantity":"0.01000000","price":"1.19924376","timestamp":1624555083,"volume":"0.01199244","buyTxId":"1d17a20e149adf6a6cc38b2ff366b015319914cd","sellTxId":"8cf4b1a2f91d53477e43fd250dbe4b798b68874c"}
{"index": {"_index":"pob","_id":"1168885"}}=	{"id":1168885,"type":"buy","buyer":"offgridlife","seller":"solovey6o2","symbol":"POB","quantity":"0.01000000","price":"1.19924375","timestamp":1624555095,"volume":"0.01199244","buyTxId":"709e89972635a54d6cbc890f571ef1732af36da3","sellTxId":"8e2098bb0858144d616ec87d39076a887bdd3e66"}
{"index": {"_index":"pob","_id":"1169129"}}=	{"id":1169129,"type":"sell","buyer":"mmmmkkkk311","seller":"asia-pl","symbol":"POB","quantity":"16.18205702","price":"1.00250879","timestamp":1624561155,"volume":"16.22265440","buyTxId":"MM-P-8091668-55069299-3-2-0","sellTxId":"80c2762c24d66728be80fa15d9928a9cf838d092"}
{"index": {"_index":"pob","_id":"1169144"}}=	{"id":1169144,"type":"sell","buyer":"gimme-your-coinz","seller":"mad-runner","symbol":"POB","quantity":"0.95197835","price":"1.00254299","timestamp":1624562256,"volume":"0.95439922","buyTxId":"7d400e9cec3dd24492498b63007a387c4b1ebd9d","sellTxId":"c133da836d37dcffedd68889b272bd0134283f06"}
{"index": {"_index":"pob","_id":"1169220"}}=	{"id":1169220,"type":"sell","buyer":"freebornsociety","seller":"jonyoudyer","symbol":"POB","quantity":"24.93576422","price":"1.00257605","timestamp":1624563099,"volume":"25.00000000","buyTxId":"MM-P-8092298-55069944-3-3-0","sellTxId":"c7a05e3373c6048681ba5f7d8292abf85b85512e"}
{"index": {"_index":"pob","_id":"1169221"}}=	{"id":1169221,"type":"sell","buyer":"gimme-your-coinz","seller":"jonyoudyer","symbol":"POB","quantity":"2.61240131","price":"1.00257505","timestamp":1624563099,"volume":"2.61912837","buyTxId":"7d6aa8de4c39ef4b0ba4d34b49fa61d12cb075df","sellTxId":"c7a05e3373c6048681ba5f7d8292abf85b85512e"}
{"index": {"_index":"pob","_id":"1169330"}}=	{"id":1169330,"type":"buy","buyer":"mmmmkkkk311","seller":"ruth-girl","symbol":"POB","quantity":"16.33076238","price":"1.00258606","timestamp":1624566252,"volume":"16.37299471","buyTxId":"MM-P-8093342-55070995-3-2-0","sellTxId":"b92001bdb818b00f6fd8853590ea383917ce9a8d"}
{"index": {"_index":"pob","_id":"1169335"}}=	{"id":1169335,"type":"sell","buyer":"gimme-your-coinz","seller":"cliffagreen","symbol":"POB","quantity":"0.03394640","price":"1.00258810","timestamp":1624566444,"volume":"0.03403426","buyTxId":"d7a4659ea170d359a39b88c7c99488f3432d7835","sellTxId":"713acff6a6042ebad25221a456b92d1d94ec6fdc"}
{"index": {"_index":"pob","_id":"1169377"}}=	{"id":1169377,"type":"sell","buyer":"mmmmkkkk311","seller":"cryptoandcoffee","symbol":"POB","quantity":"9.00000000","price":"1.00263112","timestamp":1624567461,"volume":"9.02368008","buyTxId":"MM-P-8093735-55071395-3-2-0","sellTxId":"40b1a007bdcae4aaba8e58921b697a51e4d910a4"}
{"index": {"_index":"pob","_id":"1169381"}}=	{"id":1169381,"type":"sell","buyer":"freebornsociety","seller":"panosdada.pob","symbol":"POB","quantity":"0.17051308","price":"1.00263213","timestamp":1624567662,"volume":"0.17096189","buyTxId":"MM-P-8093781-55071441-3-3-0","sellTxId":"f837fcbc3171d53995d3028f4793bc3e5ba69a6b"}
{"index": {"_index":"pob","_id":"1169390"}}=	{"id":1169390,"type":"sell","buyer":"freebornsociety","seller":"alexvan","symbol":"POB","quantity":"9.16475918","price":"1.00264314","timestamp":1624567962,"volume":"9.18898292","buyTxId":"MM-P-8093881-55071541-3-3-0","sellTxId":"aa7fc2918b53c3f7db798c1750aae08781390ba6"}
{"index": {"_index":"pob","_id":"1169416"}}=	{"id":1169416,"type":"sell","buyer":"solovey6o2","seller":"andy4475","symbol":"POB","quantity":"0.91603301","price":"1.00266517","timestamp":1624568559,"volume":"0.91847439","buyTxId":"4a9dec2a5981d8dc98e0017a4d4b2ac093b2d299","sellTxId":"f81465c5744d53a0dfd12acd247a019633ce4e13"}
{"index": {"_index":"pob","_id":"1169448"}}=	{"id":1169448,"type":"buy","buyer":"offgridlife","seller":"solovey6o2","symbol":"POB","quantity":"1.00000000","price":"1.15986787","timestamp":1624569921,"volume":"1.15986787","buyTxId":"f7836f738743ed106a417b527838f67adfc7e57c","sellTxId":"aadd4b123657ca1b4d74ca073d593d043c0eda6e"}
{"index": {"_index":"pob","_id":"1169449"}}=	{"id":1169449,"type":"buy","buyer":"offgridlife","seller":"solovey6o2","symbol":"POB","quantity":"1.00000000","price":"1.15986787","timestamp":1624569930,"volume":"1.15986787","buyTxId":"51453354984fd4ecb351a91bd1036dae68a92020","sellTxId":"aadd4b123657ca1b4d74ca073d593d043c0eda6e"}
{"index": {"_index":"pob","_id":"1169450"}}=	{"id":1169450,"type":"buy","buyer":"offgridlife","seller":"solovey6o2","symbol":"POB","quantity":"1.00000000","price":"1.15986787","timestamp":1624569939,"volume":"1.15986787","buyTxId":"1b3c95bf88d5a20a3297e1c2fe2eae2f86ea34c6","sellTxId":"aadd4b123657ca1b4d74ca073d593d043c0eda6e"}
{"index": {"_index":"pob","_id":"1169451"}}=	{"id":1169451,"type":"buy","buyer":"offgridlife","seller":"solovey6o2","symbol":"POB","quantity":"1.00000000","price":"1.15986787","timestamp":1624569951,"volume":"1.15986787","buyTxId":"8aff9f8a360a40a604c67266309103ad247367aa","sellTxId":"aadd4b123657ca1b4d74ca073d593d043c0eda6e"}
{"index": {"_index":"pob","_id":"1169452"}}=	{"id":1169452,"type":"buy","buyer":"offgridlife","seller":"faireye","symbol":"POB","quantity":"1.00000000","price":"1.05000000","timestamp":1624569960,"volume":"1.05000000","buyTxId":"ca37650c2ae3c04423f031ddd7118ab4e0664d8b","sellTxId":"3b4c3335548ed209aad274e178dd1e898908389c"}
{"index": {"_index":"pob","_id":"1169453"}}=	{"id":1169453,"type":"buy","buyer":"offgridlife","seller":"faireye","symbol":"POB","quantity":"1.00000000","price":"1.05000000","timestamp":1624569969,"volume":"1.05000000","buyTxId":"5958cd435518a8f54715f8da35a4d12bd0e64c50","sellTxId":"3b4c3335548ed209aad274e178dd1e898908389c"}
{"index": {"_index":"pob","_id":"1169455"}}=	{"id":1169455,"type":"buy","buyer":"offgridlife","seller":"faireye","symbol":"POB","quantity":"1.00000000","price":"1.05000000","timestamp":1624569981,"volume":"1.05000000","buyTxId":"c33c971eb7b26d5e5d76e4511b08b10e65e19eab","sellTxId":"3b4c3335548ed209aad274e178dd1e898908389c"}
{"index": {"_index":"pob","_id":"1169456"}}=	{"id":1169456,"type":"buy","buyer":"offgridlife","seller":"faireye","symbol":"POB","quantity":"1.00000000","price":"1.05000000","timestamp":1624569996,"volume":"1.05000000","buyTxId":"b82d152fcc530cdbc6c0485fb2bb8dbb24fd090c","sellTxId":"3b4c3335548ed209aad274e178dd1e898908389c"}
{"index": {"_index":"pob","_id":"1169502"}}=	{"id":1169502,"type":"sell","buyer":"faireye","seller":"automaton","symbol":"POB","quantity":"1.00000000","price":"1.05263000","timestamp":1624572333,"volume":"1.05263000","buyTxId":"6edf4e989a8c3daf5030659f495ee9db2e093c9d","sellTxId":"c23195a4130fdb33fd5f2791bd448b1c6c6b9b4a"}
{"index": {"_index":"pob","_id":"1169529"}}=	{"id":1169529,"type":"buy","buyer":"offgridlife","seller":"solovey6o2","symbol":"POB","quantity":"2.00000000","price":"1.15690090","timestamp":1624572873,"volume":"2.31380180","buyTxId":"86b21db0dc4e78330586f10a00461118f421d0ea","sellTxId":"e558ae17b0d1d0e41aeaf08a34db8e46e7e3ad77"}
{"index": {"_index":"pob","_id":"1169531"}}=	{"id":1169531,"type":"buy","buyer":"offgridlife","seller":"solovey6o2","symbol":"POB","quantity":"2.00000000","price":"1.15690090","timestamp":1624572882,"volume":"2.31380180","buyTxId":"9fb3f14b90297bcbd3d17bc737700000cb73f2bd","sellTxId":"e558ae17b0d1d0e41aeaf08a34db8e46e7e3ad77"}
{"index": {"_index":"pob","_id":"1169532"}}=	{"id":1169532,"type":"buy","buyer":"offgridlife","seller":"solovey6o2","symbol":"POB","quantity":"2.00000000","price":"1.15690090","timestamp":1624572891,"volume":"2.31380180","buyTxId":"e0fe58c583b3067b4c3ea3b069e9038e3f25edf5","sellTxId":"e558ae17b0d1d0e41aeaf08a34db8e46e7e3ad77"}
{"index": {"_index":"pob","_id":"1169614"}}=	{"id":1169614,"type":"sell","buyer":"richardcrill","seller":"urun","symbol":"POB","quantity":"5.19316121","price":"1.00466611","timestamp":1624578285,"volume":"5.21739307","buyTxId":"MM-P-8097309-55075004-3-10-0","sellTxId":"e8bd4012130e2b60a7162277a23c7123ab89e148"}
{"index": {"_index":"pob","_id":"1169717"}}=	{"id":1169717,"type":"sell","buyer":"richardcrill","seller":"tokensonline","symbol":"POB","quantity":"14.95090663","price":"1.00598615","timestamp":1624581903,"volume":"15.04040500","buyTxId":"MM-P-8098497-55076201-3-10-0","sellTxId":"dcdd1fca17616fec18e5df35d8c789abd4309359"}
{"index": {"_index":"pob","_id":"1169718"}}=	{"id":1169718,"type":"sell","buyer":"solovey6o2","seller":"tokensonline","symbol":"POB","quantity":"0.54909337","price":"1.00588616","timestamp":1624581903,"volume":"0.55232542","buyTxId":"3b68a334f0e8b8f59d3f91843255a1f45d99eecd","sellTxId":"dcdd1fca17616fec18e5df35d8c789abd4309359"}
{"index": {"_index":"pob","_id":"1169732"}}=	{"id":1169732,"type":"sell","buyer":"freebornsociety","seller":"absolutfreedom","symbol":"POB","quantity":"0.99414730","price":"1.00588716","timestamp":1624582704,"volume":"1.00000000","buyTxId":"MM-P-8098533-55076237-3-3-0","sellTxId":"02468e3f15344912467bd98b6d4d1deb662c38ca"}
{"index": {"_index":"pob","_id":"1169733"}}=	{"id":1169733,"type":"sell","buyer":"gimme-your-coinz","seller":"absolutfreedom","symbol":"POB","quantity":"1.00585270","price":"1.00262012","timestamp":1624582704,"volume":"1.00848815","buyTxId":"dced2d3581be7b6e4b2b5c8248744150a9adebdb","sellTxId":"02468e3f15344912467bd98b6d4d1deb662c38ca"}
{"index": {"_index":"pob","_id":"1169777"}}=	{"id":1169777,"type":"sell","buyer":"freebornsociety","seller":"mima2606","symbol":"POB","quantity":"0.99737976","price":"1.00262712","timestamp":1624585002,"volume":"1.00000000","buyTxId":"MM-P-8099131-55076836-3-3-0","sellTxId":"741338f8fcf4802b9d9b365b5463bc5d710169e6"}
{"index": {"_index":"pob","_id":"1169798"}}=	{"id":1169798,"type":"buy","buyer":"freebornsociety","seller":"mima2606","symbol":"POB","quantity":"0.99737976","price":"1.00262712","timestamp":1624586193,"volume":"1.00000000","buyTxId":"MM-P-8099914-55077635-3-3-0","sellTxId":"741338f8fcf4802b9d9b365b5463bc5d710169e6"}
{"index": {"_index":"pob","_id":"1169812"}}=	{"id":1169812,"type":"sell","buyer":"solovey6o2","seller":"patrickulrich","symbol":"POB","quantity":"0.54856905","price":"1.00262612","timestamp":1624586955,"volume":"0.55000966","buyTxId":"327772891a58bb82dfdf274baeb2a1241a3836a9","sellTxId":"fe6b310fb333c84e5e430efb3012f261c0293cd1"}
{"index": {"_index":"pob","_id":"1169821"}}=	{"id":1169821,"type":"buy","buyer":"freebornsociety","seller":"mima2606","symbol":"POB","quantity":"0.99737976","price":"1.00262712","timestamp":1624587093,"volume":"1.00000000","buyTxId":"MM-P-8100212-55077935-3-3-0","sellTxId":"741338f8fcf4802b9d9b365b5463bc5d710169e6"}
{"index": {"_index":"pob","_id":"1169829"}}=	{"id":1169829,"type":"buy","buyer":"freebornsociety","seller":"mima2606","symbol":"POB","quantity":"0.59273753","price":"1.00262712","timestamp":1624587393,"volume":"0.59429472","buyTxId":"MM-P-8100312-55078035-3-3-0","sellTxId":"741338f8fcf4802b9d9b365b5463bc5d710169e6"}
{"index": {"_index":"pob","_id":"1169834"}}=	{"id":1169834,"type":"sell","buyer":"turkiye","seller":"juanvegetarian","symbol":"POB","quantity":"6.30000000","price":"1.10000000","timestamp":1624588038,"volume":"6.93000000","buyTxId":"b45b5ae773f53cb157ea16e8cb520dd0827391d0","sellTxId":"6466889fef96b675c5d851623d4bc2aef2c61f85"}
{"index": {"_index":"pob","_id":"1169840"}}=	{"id":1169840,"type":"sell","buyer":"freebornsociety","seller":"juanvegetarian","symbol":"POB","quantity":"0.99737976","price":"1.00262712","timestamp":1624588284,"volume":"1.00000000","buyTxId":"MM-P-8100511-55078235-3-3-0","sellTxId":"3093ae2e0790c50207aa65d6180ed63c1c5e84b4"}
{"index": {"_index":"pob","_id":"1169847"}}=	{"id":1169847,"type":"sell","buyer":"freebornsociety","seller":"juanvegetarian","symbol":"POB","quantity":"0.20262024","price":"1.00262712","timestamp":1624588446,"volume":"0.20315255","buyTxId":"MM-P-8100611-55078335-3-3-0","sellTxId":"93fce52337f5afe01e23f00fdb0fa684c18930e6"}
{"index": {"_index":"pob","_id":"1169865"}}=	{"id":1169865,"type":"sell","buyer":"freebornsociety","seller":"anthony2019","symbol":"POB","quantity":"0.79475952","price":"1.00262712","timestamp":1624589157,"volume":"0.79684745","buyTxId":"MM-P-8100611-55078335-3-3-0","sellTxId":"0411d6430414b92f12c6da958ffed313c19cc5a4"}
