{"index": {"_index":"pob","_id":"2676580"}}
	{"id":2676580,"type":"sell","buyer":"richardcrill","seller":"victoriabsb","symbol":"POB","quantity":"3.91566743","price":"0.03910000","timestamp":1643604105,"volume":"0.15310260","buyTxId":"MM-P-14410395-61397653-3-11-0","sellTxId":"32b5de8686f43820521a5a1e5a26867bb0e0ff36"}
{"index": {"_index":"pob","_id":"2676621"}}
	{"id":2676621,"type":"sell","buyer":"richardcrill","seller":"interpretation","symbol":"POB","quantity":"81.68067727","price":"0.03910000","timestamp":1643604825,"volume":"3.19371448","buyTxId":"MM-P-14410395-61397653-3-11-0","sellTxId":"d694b6fe476fee404054cc7dd04629b069b973cc"}
{"index": {"_index":"pob","_id":"2677009"}}
	{"id":2677009,"type":"sell","buyer":"richardcrill","seller":"no-advice","symbol":"POB","quantity":"125.85632429","price":"0.03910000","timestamp":1643610072,"volume":"4.92098228","buyTxId":"MM-P-14410395-61397653-3-11-0","sellTxId":"af298529bd70177ccb5ab89964133c282625b73d"}
{"index": {"_index":"pob","_id":"2677078"}}
	{"id":2677078,"type":"buy","buyer":"evernoticethat","seller":"take-my-coinz","symbol":"POB","quantity":"18.00000000","price":"0.07999386","timestamp":1643610663,"volume":"1.43988948","buyTxId":"da500e34b1cca326dd1ad737f9c0498a4226cc6e","sellTxId":"c9d4bf16059e8d96614a9199cfd4be0e67294726"}
{"index": {"_index":"pob","_id":"2677079"}}
	{"id":2677079,"type":"buy","buyer":"evernoticethat","seller":"balina","symbol":"POB","quantity":"36.50000000","price":"0.07999388","timestamp":1643610663,"volume":"2.91977662","buyTxId":"da500e34b1cca326dd1ad737f9c0498a4226cc6e","sellTxId":"MM-P-14414507-61401766-3-1-1"}
{"index": {"_index":"pob","_id":"2677101"}}
	{"id":2677101,"type":"sell","buyer":"richardcrill","seller":"revisesociology","symbol":"POB","quantity":"28.00000000","price":"0.03910000","timestamp":1643611053,"volume":"1.09480000","buyTxId":"MM-P-14410395-61397653-3-11-0","sellTxId":"08df191998eab226ab6225faeb4fac55f9a17ca3"}
{"index": {"_index":"pob","_id":"2677135"}}
	{"id":2677135,"type":"sell","buyer":"richardcrill","seller":"mawit07","symbol":"POB","quantity":"13.26327565","price":"0.03910000","timestamp":1643611635,"volume":"0.51859408","buyTxId":"MM-P-14410395-61397653-3-11-0","sellTxId":"87ae5b2840e3fd748f66202d166dffa5cefd0019"}
{"index": {"_index":"pob","_id":"2677245"}}
	{"id":2677245,"type":"sell","buyer":"richardcrill","seller":"vanillavow","symbol":"POB","quantity":"5.18997441","price":"0.03910000","timestamp":1643613264,"volume":"0.20292800","buyTxId":"MM-P-14410395-61397653-3-11-0","sellTxId":"012a35fcd117c81b7845278f88dc671251a0834b"}
{"index": {"_index":"pob","_id":"2677403"}}
	{"id":2677403,"type":"buy","buyer":"panosdada.pob","seller":"take-my-coinz","symbol":"POB","quantity":"10.00175173","price":"0.06998774","timestamp":1643615220,"volume":"0.7","buyTxId":"6299a1a049b3ac6ab612ea5a12d4667814611d5f","sellTxId":"7a3612f699f2c51125e7729392a1b010358821fa"}
{"index": {"_index":"pob","_id":"2677501"}}
	{"id":2677501,"type":"sell","buyer":"balina","seller":"freeztag","symbol":"POB","quantity":"4.51996382","price":"0.03910200","timestamp":1643616702,"volume":"0.17673963","buyTxId":"MM-P-14416305-61403564-3-1-0","sellTxId":"0822f10fdcbe4f09cc907a830276b43a7b2e47f8"}
{"index": {"_index":"pob","_id":"2677544"}}
	{"id":2677544,"type":"sell","buyer":"balina","seller":"nevies","symbol":"POB","quantity":"108.17863920","price":"0.03910200","timestamp":1643617107,"volume":"4.23000115","buyTxId":"MM-P-14416305-61403564-3-1-0","sellTxId":"3f00f61c783af7f73350c5444f54fe17bbb7b04f"}
{"index": {"_index":"pob","_id":"2677755"}}
	{"id":2677755,"type":"sell","buyer":"balina","seller":"dswap","symbol":"POB","quantity":"17.08","price":"0.03910200","timestamp":1643620245,"volume":"0.66786216","buyTxId":"MM-P-14416305-61403564-3-1-0","sellTxId":"39d5f23876d6987049277558fb0ddcf42586fbc7"}
{"index": {"_index":"pob","_id":"2677835"}}
	{"id":2677835,"type":"sell","buyer":"balina","seller":"brunonacif","symbol":"POB","quantity":"6.28344083","price":"0.03910200","timestamp":1643621700,"volume":"0.24569510","buyTxId":"MM-P-14416305-61403564-3-1-0","sellTxId":"5f5dd12c454d0911f95c19cfec1b121fbc959beb"}
{"index": {"_index":"pob","_id":"2677946"}}
	{"id":2677946,"type":"sell","buyer":"balina","seller":"fiberfrau","symbol":"POB","quantity":"0.51222692","price":"0.03910200","timestamp":1643623758,"volume":"0.02002910","buyTxId":"MM-P-14416305-61403564-3-1-0","sellTxId":"c185d89a9d8c059a605eb6a011b91750edb3b3c0"}
{"index": {"_index":"pob","_id":"2678027"}}
	{"id":2678027,"type":"sell","buyer":"eirik","seller":"hive-id","symbol":"POB","quantity":"1.69000000","price":"0.04000000","timestamp":1643625252,"volume":"0.06760000","buyTxId":"efab1e353693ab53b3df354f7b938ee64b519881","sellTxId":"604771fac301b49064c158c23dc8be76e9539d4f"}
{"index": {"_index":"pob","_id":"2678064"}}
	{"id":2678064,"type":"sell","buyer":"eirik","seller":"merthin","symbol":"POB","quantity":"0.10837962","price":"0.04000000","timestamp":1643625651,"volume":"0.00433518","buyTxId":"efab1e353693ab53b3df354f7b938ee64b519881","sellTxId":"49854b40a1e705b5e51910b3388f7c960290fedd"}
{"index": {"_index":"pob","_id":"2678167"}}
	{"id":2678167,"type":"sell","buyer":"eirik","seller":"bluerobo","symbol":"POB","quantity":"1.89205771","price":"0.04000000","timestamp":1643627034,"volume":"0.07568231","buyTxId":"efab1e353693ab53b3df354f7b938ee64b519881","sellTxId":"f4f1d3551ff817ccee216e3ae33e6738c76a9984"}
{"index": {"_index":"pob","_id":"2678330"}}
	{"id":2678330,"type":"sell","buyer":"eirik","seller":"thatcryptodave","symbol":"POB","quantity":"10.00000000","price":"0.04000000","timestamp":1643629344,"volume":"0.40000000","buyTxId":"efab1e353693ab53b3df354f7b938ee64b519881","sellTxId":"a6a28b9f8192de8873def6c7276a21960a62cc8e"}
{"index": {"_index":"pob","_id":"2678418"}}
	{"id":2678418,"type":"sell","buyer":"eirik","seller":"ugochill","symbol":"POB","quantity":"0.00898885","price":"0.04000000","timestamp":1643630634,"volume":"0.00035955","buyTxId":"efab1e353693ab53b3df354f7b938ee64b519881","sellTxId":"f5fae06a9306ee692cf264a56db53984c5b9778e"}
{"index": {"_index":"pob","_id":"2678482"}}
	{"id":2678482,"type":"sell","buyer":"eirik","seller":"brofi-market","symbol":"POB","quantity":"4.79322836","price":"0.04000000","timestamp":1643631300,"volume":"0.19172913","buyTxId":"efab1e353693ab53b3df354f7b938ee64b519881","sellTxId":"027a3f4466dede2c2f41f60d2a199ca5231ff3fb"}
{"index": {"_index":"pob","_id":"2678508"}}
	{"id":2678508,"type":"sell","buyer":"eirik","seller":"jorge234nv","symbol":"POB","quantity":"1.19306806","price":"0.04000000","timestamp":1643631561,"volume":"0.04772272","buyTxId":"efab1e353693ab53b3df354f7b938ee64b519881","sellTxId":"0520c2f7b89b88f64c547823ff89a2ee4054a86e"}
{"index": {"_index":"pob","_id":"2678593"}}
	{"id":2678593,"type":"sell","buyer":"eirik","seller":"dhedge-drips","symbol":"POB","quantity":"0.51356018","price":"0.04000000","timestamp":1643633202,"volume":"0.02054241","buyTxId":"efab1e353693ab53b3df354f7b938ee64b519881","sellTxId":"5dec0a96e1c7cca64c38d7f0161e55320b2495bc"}
{"index": {"_index":"pob","_id":"2678685"}}
	{"id":2678685,"type":"sell","buyer":"eirik","seller":"skylinebuds","symbol":"POB","quantity":"4.80071722","price":"0.04000000","timestamp":1643634012,"volume":"0.19202869","buyTxId":"efab1e353693ab53b3df354f7b938ee64b519881","sellTxId":"d43da8ee3af4b38d846f4a926167e259c402f7a0"}
{"index": {"_index":"pob","_id":"2678686"}}
	{"id":2678686,"type":"sell","buyer":"master-lamps","seller":"skylinebuds","symbol":"POB","quantity":"3.45500000","price":"0.03910201","timestamp":1643634012,"volume":"0.13509744","buyTxId":"7a97f4b6c44fcb8a5544643ec64db24506b320d8","sellTxId":"d43da8ee3af4b38d846f4a926167e259c402f7a0"}
{"index": {"_index":"pob","_id":"2678687"}}
	{"id":2678687,"type":"sell","buyer":"balina","seller":"skylinebuds","symbol":"POB","quantity":"86.49928278","price":"0.03910200","timestamp":1643634012,"volume":"3.38229496","buyTxId":"MM-P-14422197-61409456-3-1-0","sellTxId":"d43da8ee3af4b38d846f4a926167e259c402f7a0"}
{"index": {"_index":"pob","_id":"2678692"}}
	{"id":2678692,"type":"buy","buyer":"lebah","seller":"kemmyb","symbol":"POB","quantity":"15.00000000","price":"0.04200000","timestamp":1643634168,"volume":"0.63000000","buyTxId":"b709c163cd304dfb7d86e7dec1464ee50c246dea","sellTxId":"9dd9c4e66229e0a10cd722f95cc49a2f4e5c7c2b"}
{"index": {"_index":"pob","_id":"2678693"}}
	{"id":2678693,"type":"buy","buyer":"lebah","seller":"brofi-market","symbol":"POB","quantity":"4.79322836","price":"0.04200000","timestamp":1643634168,"volume":"0.20131559","buyTxId":"b709c163cd304dfb7d86e7dec1464ee50c246dea","sellTxId":"32642f9ad6dc6b18e7e3d7d516bfaeb9d3d3fbd6"}
{"index": {"_index":"pob","_id":"2678694"}}
	{"id":2678694,"type":"buy","buyer":"lebah","seller":"dhedge-drips","symbol":"POB","quantity":"0.51356018","price":"0.04200000","timestamp":1643634168,"volume":"0.02156953","buyTxId":"b709c163cd304dfb7d86e7dec1464ee50c246dea","sellTxId":"048b0fc46f84a44960eebb18f58755ead6eb1313"}
{"index": {"_index":"pob","_id":"2678695"}}
	{"id":2678695,"type":"buy","buyer":"lebah","seller":"balina","symbol":"POB","quantity":"225.00000000","price":"0.04498700","timestamp":1643634168,"volume":"10.12207500","buyTxId":"b709c163cd304dfb7d86e7dec1464ee50c246dea","sellTxId":"MM-P-14422297-61409556-3-1-0"}
{"index": {"_index":"pob","_id":"2678696"}}
	{"id":2678696,"type":"buy","buyer":"lebah","seller":"kemmyb","symbol":"POB","quantity":"15.00000000","price":"0.04500000","timestamp":1643634168,"volume":"0.67500000","buyTxId":"b709c163cd304dfb7d86e7dec1464ee50c246dea","sellTxId":"cd6f2df8e5bca17e282f720bbeebbcac41542a47"}
{"index": {"_index":"pob","_id":"2678772"}}
	{"id":2678772,"type":"sell","buyer":"lebah","seller":"firstborn.pob","symbol":"POB","quantity":"4.69321146","price":"0.04500000","timestamp":1643635047,"volume":"0.21119452","buyTxId":"b709c163cd304dfb7d86e7dec1464ee50c246dea","sellTxId":"de7b5a946132bcdea4978cd244594b06bcdf7294"}
{"index": {"_index":"pob","_id":"2678839"}}
	{"id":2678839,"type":"buy","buyer":"lebah","seller":"firstborn.pob","symbol":"POB","quantity":"38.30678800","price":"0.04000000","timestamp":1643636127,"volume":"1.53227152","buyTxId":"be74b5bad5c5d295f9f83b688f5e0e568a075cad","sellTxId":"de7b5a946132bcdea4978cd244594b06bcdf7294"}
{"index": {"_index":"pob","_id":"2678910"}}
	{"id":2678910,"type":"sell","buyer":"balina","seller":"darmst5339","symbol":"POB","quantity":"0.38270414","price":"0.03910200","timestamp":1643637201,"volume":"0.01496450","buyTxId":"MM-P-14422197-61409456-3-1-0","sellTxId":"54dbadb13c6df7ffc02527d6b0f4e1c37e00a731"}
{"index": {"_index":"pob","_id":"2679099"}}
	{"id":2679099,"type":"sell","buyer":"balina","seller":"nrg","symbol":"POB","quantity":"87.59072229","price":"0.03910200","timestamp":1643639037,"volume":"3.42497242","buyTxId":"MM-P-14422197-61409456-3-1-0","sellTxId":"6e0900636e5850d217552c4604aa8a9394788805-18"}
{"index": {"_index":"pob","_id":"2679125"}}
	{"id":2679125,"type":"sell","buyer":"balina","seller":"vanillavow","symbol":"POB","quantity":"3.56039158","price":"0.03910200","timestamp":1643639169,"volume":"0.13921843","buyTxId":"MM-P-14422197-61409456-3-1-0","sellTxId":"06287ff29036463a56b23dca41d1e7897107d08a"}
{"index": {"_index":"pob","_id":"2679210"}}
	{"id":2679210,"type":"sell","buyer":"balina","seller":"cinetalkies","symbol":"POB","quantity":"2.97711708","price":"0.03910200","timestamp":1643639952,"volume":"0.11641123","buyTxId":"MM-P-14422197-61409456-3-1-0","sellTxId":"7f093332427ef96b7cd90af2bb932c4d9fecf868"}
{"index": {"_index":"pob","_id":"2679338"}}
	{"id":2679338,"type":"sell","buyer":"balina","seller":"juancar347","symbol":"POB","quantity":"4.12312257","price":"0.03910200","timestamp":1643641128,"volume":"0.16122234","buyTxId":"MM-P-14422197-61409456-3-1-0","sellTxId":"60caa4bcd98a6a94f0f959c477acbe4b3d26d900"}
{"index": {"_index":"pob","_id":"2679359"}}
	{"id":2679359,"type":"sell","buyer":"balina","seller":"firstborn.pob","symbol":"POB","quantity":"2.12807147","price":"0.03910200","timestamp":1643641311,"volume":"0.08321185","buyTxId":"MM-P-14422197-61409456-3-1-0","sellTxId":"2c0ed8959fb6ee5d29e0abf93fd6762323ca5c83"}
{"index": {"_index":"pob","_id":"2679393"}}
	{"id":2679393,"type":"buy","buyer":"lebah","seller":"master-lamps","symbol":"POB","quantity":"3.49390800","price":"0.03999997","timestamp":1643641581,"volume":"0.13975622","buyTxId":"a51f4e6b8ef27e394a125690b91265c87928ec44","sellTxId":"cae50b6f2aa026d0eb1bcbcf1767967d385a6169"}
{"index": {"_index":"pob","_id":"2679408"}}
	{"id":2679408,"type":"sell","buyer":"balina","seller":"theguru.photos","symbol":"POB","quantity":"22.62327435","price":"0.03910200","timestamp":1643641680,"volume":"0.88461527","buyTxId":"MM-P-14422197-61409456-3-1-0","sellTxId":"4d678883a4eb11cc92bcea71f21b53ca5a44f5ee"}
{"index": {"_index":"pob","_id":"2679415"}}
	{"id":2679415,"type":"sell","buyer":"balina","seller":"johndieo","symbol":"POB","quantity":"0.12270639","price":"0.03910200","timestamp":1643641737,"volume":"0.00479807","buyTxId":"MM-P-14422197-61409456-3-1-0","sellTxId":"d4415d3ea1cca87ee4861ea50789ebef34d8c397"}
{"index": {"_index":"pob","_id":"2679493"}}
	{"id":2679493,"type":"sell","buyer":"balina","seller":"yova","symbol":"POB","quantity":"2.85200112","price":"0.03910200","timestamp":1643642955,"volume":"0.11151895","buyTxId":"MM-P-14422197-61409456-3-1-0","sellTxId":"bc8fb74e18e04e9c65c335f91ce1a162d8382435"}
{"index": {"_index":"pob","_id":"2679538"}}
	{"id":2679538,"type":"sell","buyer":"balina","seller":"threesteps","symbol":"POB","quantity":"6.30459192","price":"0.03910200","timestamp":1643643465,"volume":"0.24652215","buyTxId":"MM-P-14422197-61409456-3-1-0","sellTxId":"8ab1ba70c6be590365273bab31016a86c03a754a"}
{"index": {"_index":"pob","_id":"2679830"}}
	{"id":2679830,"type":"sell","buyer":"balina","seller":"esmeesmith","symbol":"POB","quantity":"13.03317726","price":"0.03910200","timestamp":1643647539,"volume":"0.50962330","buyTxId":"MM-P-14422197-61409456-3-1-0","sellTxId":"c56c6084a4175a7c9bbb2ad2d7423d781e3b0ae9"}
{"index": {"_index":"pob","_id":"2679933"}}
	{"id":2679933,"type":"sell","buyer":"balina","seller":"lotusies","symbol":"POB","quantity":"7.03460199","price":"0.03910200","timestamp":1643648430,"volume":"0.27506701","buyTxId":"MM-P-14422197-61409456-3-1-0","sellTxId":"ef74425cee2130d7d36641c38d57261a3f76af61"}
{"index": {"_index":"pob","_id":"2680041"}}
	{"id":2680041,"type":"sell","buyer":"balina","seller":"halukshananah","symbol":"POB","quantity":"0.98956707","price":"0.03910200","timestamp":1643649207,"volume":"0.03869405","buyTxId":"MM-P-14422197-61409456-3-1-0","sellTxId":"2281fedf23cb4c9938b0b6651c94e3c8b2e03b3d"}
{"index": {"_index":"pob","_id":"2680367"}}
	{"id":2680367,"type":"sell","buyer":"richardcrill","seller":"florenceboens","symbol":"POB","quantity":"0.04768302","price":"0.03950000","timestamp":1643652303,"volume":"0.00188348","buyTxId":"MM-P-14428329-61415612-3-11-0","sellTxId":"d6243df9bb13371d7726598b7094b08dc68af0a6"}
{"index": {"_index":"pob","_id":"2680441"}}
	{"id":2680441,"type":"sell","buyer":"dailyspam","seller":"gadrian","symbol":"POB","quantity":"6.27392558","price":"0.03910100","timestamp":1643652870,"volume":"0.24531676","buyTxId":"49bb7358d061fb9d0e5b5d07f063a626e3de69e0","sellTxId":"b295267a976cee5b481d0dc0c2333caf9daed543"}
{"index": {"_index":"pob","_id":"2680556"}}
	{"id":2680556,"type":"sell","buyer":"dailyspam","seller":"travelwritemoney","symbol":"POB","quantity":"0.25645842","price":"0.03910100","timestamp":1643654205,"volume":"0.01002778","buyTxId":"49bb7358d061fb9d0e5b5d07f063a626e3de69e0","sellTxId":"8fbb74d96871798fa9e11ab663e9a46c5cf2ff6b"}
{"index": {"_index":"pob","_id":"2680576"}}
	{"id":2680576,"type":"sell","buyer":"dailyspam","seller":"bitcoinflood","symbol":"POB","quantity":"3.46961600","price":"0.03910100","timestamp":1643654517,"volume":"0.13566546","buyTxId":"49bb7358d061fb9d0e5b5d07f063a626e3de69e0","sellTxId":"2224773dfaf1fd34a0e63abe51faa032adf1901d"}
{"index": {"_index":"pob","_id":"2680673"}}
	{"id":2680673,"type":"sell","buyer":"richardcrill","seller":"ekotmordemy","symbol":"POB","quantity":"41.33956118","price":"0.03910000","timestamp":1643655516,"volume":"1.61637684","buyTxId":"MM-P-14429428-61416711-3-11-0","sellTxId":"e1e6da82ae4f5511aaec200833c9bf9b7f639f2f"}
{"index": {"_index":"pob","_id":"2680793"}}
	{"id":2680793,"type":"sell","buyer":"richardcrill","seller":"flexyg","symbol":"POB","quantity":"40.25","price":"0.03910000","timestamp":1643656977,"volume":"1.57377500","buyTxId":"MM-P-14429428-61416711-3-11-0","sellTxId":"77c5202a34266ad0fcea43e9f29eb699ce4f2f2d"}
{"index": {"_index":"pob","_id":"2680899"}}
	{"id":2680899,"type":"sell","buyer":"richardcrill","seller":"thelogicaldude","symbol":"POB","quantity":"14.6288858","price":"0.03910000","timestamp":1643657670,"volume":"0.57198943","buyTxId":"MM-P-14429428-61416711-3-11-0","sellTxId":"fa208ad949a25dee4bc137bdaf71cca3ba3b59eb"}
{"index": {"_index":"pob","_id":"2680905"}}
	{"id":2680905,"type":"sell","buyer":"richardcrill","seller":"savagetobi","symbol":"POB","quantity":"5.22205737","price":"0.03910000","timestamp":1643657700,"volume":"0.20418244","buyTxId":"MM-P-14429428-61416711-3-11-0","sellTxId":"f28a458161be85f2368b193458876ebedbed347b"}
{"index": {"_index":"pob","_id":"2681396"}}
	{"id":2681396,"type":"sell","buyer":"richardcrill","seller":"elricmoonslayer","symbol":"POB","quantity":"2.56022335","price":"0.03910000","timestamp":1643660745,"volume":"0.10010473","buyTxId":"MM-P-14429428-61416711-3-11-0","sellTxId":"967ed33df56b254dccfd54cbf8aeb0291b03d4c8"}
{"index": {"_index":"pob","_id":"2681495"}}
	{"id":2681495,"type":"buy","buyer":"shanhenry","seller":"bitcoinflood","symbol":"POB","quantity":"1.27723200","price":"0.03910100","timestamp":1643661801,"volume":"0.04994105","buyTxId":"f7a6a15823153a8b352c886fc30f5b46540a45f0","sellTxId":"2224773dfaf1fd34a0e63abe51faa032adf1901d"}
{"index": {"_index":"pob","_id":"2681502"}}
	{"id":2681502,"type":"sell","buyer":"richardcrill","seller":"ahmetay","symbol":"POB","quantity":"78.06709103","price":"0.03910000","timestamp":1643661864,"volume":"3.05242326","buyTxId":"MM-P-14429428-61416711-3-11-0","sellTxId":"3538f5c0bb2e429ee2d139a9c07adcdceb4d83f2"}
{"index": {"_index":"pob","_id":"2681508"}}
	{"id":2681508,"type":"buy","buyer":"shanhenry","seller":"bitcoinflood","symbol":"POB","quantity":"0.00000023","price":"0.03910100","timestamp":1643662005,"volume":"0.00000001","buyTxId":"ac773ee6a21604a35c6a1bcba0a80e58f50cbf05","sellTxId":"2224773dfaf1fd34a0e63abe51faa032adf1901d"}
{"index": {"_index":"pob","_id":"2681513"}}
	{"id":2681513,"type":"buy","buyer":"shanhenry","seller":"holovision","symbol":"POB","quantity":"1.07165400","price":"0.04000000","timestamp":1643662122,"volume":"0.04286616","buyTxId":"7a82467f7671499021c0cca320378f7c11d76d78","sellTxId":"408052672048c3f9391e572b61104f3b9a4f6125"}
{"index": {"_index":"pob","_id":"2681540"}}
	{"id":2681540,"type":"sell","buyer":"shanhenry","seller":"deathwing","symbol":"POB","quantity":"0.026","price":"0.03930000","timestamp":1643662506,"volume":"0.00102180","buyTxId":"ac773ee6a21604a35c6a1bcba0a80e58f50cbf05","sellTxId":"df126acad5d113ce1a687d46bf757347e15868a1-0"}
{"index": {"_index":"pob","_id":"2681544"}}
	{"id":2681544,"type":"sell","buyer":"shanhenry","seller":"travelwritemoney","symbol":"POB","quantity":"0.19470756","price":"0.03930000","timestamp":1643662527,"volume":"0.00765201","buyTxId":"ac773ee6a21604a35c6a1bcba0a80e58f50cbf05","sellTxId":"e076b0def163b87bd9f1259292536de4570db227"}
{"index": {"_index":"pob","_id":"2681678"}}
	{"id":2681678,"type":"sell","buyer":"richardcrill","seller":"darth-azrael","symbol":"POB","quantity":"1.00000000","price":"0.03980000","timestamp":1643664225,"volume":"0.03980000","buyTxId":"MM-P-14432123-61419406-3-11-0","sellTxId":"db9d761d2af22d942fa064d74babf42b727a6f42"}
{"index": {"_index":"pob","_id":"2681792"}}
	{"id":2681792,"type":"buy","buyer":"andy4475","seller":"droida","symbol":"POB","quantity":"0.32167302","price":"0.04499500","timestamp":1643665266,"volume":"0.01447368","buyTxId":"d8d3a263935122ccf14ab2815e8369a50e369498","sellTxId":"125c8c43b241b4c97066276ec9dccb5cdcef0e3b"}
{"index": {"_index":"pob","_id":"2681793"}}
	{"id":2681793,"type":"buy","buyer":"andy4475","seller":"quicktrades","symbol":"POB","quantity":"0.74998098","price":"0.04499500","timestamp":1643665266,"volume":"0.03374539","buyTxId":"d8d3a263935122ccf14ab2815e8369a50e369498","sellTxId":"d0c5d47e4261bb4543cb8fcbd636e2e4e7863c34"}
{"index": {"_index":"pob","_id":"2681794"}}
	{"id":2681794,"type":"buy","buyer":"andy4475","seller":"kemmyb","symbol":"POB","quantity":"25.00000000","price":"0.04500000","timestamp":1643665266,"volume":"1.12500000","buyTxId":"d8d3a263935122ccf14ab2815e8369a50e369498","sellTxId":"352a6560220e6a813908894a59bc0ebed1edfe58"}
{"index": {"_index":"pob","_id":"2681795"}}
	{"id":2681795,"type":"buy","buyer":"andy4475","seller":"fragozar01","symbol":"POB","quantity":"3.92834600","price":"0.04500000","timestamp":1643665266,"volume":"0.17677557","buyTxId":"d8d3a263935122ccf14ab2815e8369a50e369498","sellTxId":"997e05184bd6110737bb6ea189ce58768f439cad"}
{"index": {"_index":"pob","_id":"2681802"}}
	{"id":2681802,"type":"buy","buyer":"andy4475","seller":"fragozar01","symbol":"POB","quantity":"9.07165400","price":"0.04500000","timestamp":1643665353,"volume":"0.40822443","buyTxId":"03249e8d3588762aae2c89b9116a07b725ed4a1b","sellTxId":"997e05184bd6110737bb6ea189ce58768f439cad"}
{"index": {"_index":"pob","_id":"2681803"}}
	{"id":2681803,"type":"buy","buyer":"andy4475","seller":"balina","symbol":"POB","quantity":"30.92834600","price":"0.05199200","timestamp":1643665353,"volume":"1.60802657","buyTxId":"03249e8d3588762aae2c89b9116a07b725ed4a1b","sellTxId":"MM-P-14432644-61419927-3-1-1"}
{"index": {"_index":"pob","_id":"2681804"}}
	{"id":2681804,"type":"buy","buyer":"andy4475","seller":"balina","symbol":"POB","quantity":"11.92923815","price":"0.05199200","timestamp":1643665389,"volume":"0.62022495","buyTxId":"3adfda0a8deb87859cfdcd91c0a12a6a5ca8a4fc","sellTxId":"MM-P-14432644-61419927-3-1-1"}
{"index": {"_index":"pob","_id":"2681852"}}
	{"id":2681852,"type":"sell","buyer":"richardcrill","seller":"m0rph","symbol":"POB","quantity":"1.01470905","price":"0.04010000","timestamp":1643665836,"volume":"0.04068983","buyTxId":"MM-P-14432823-61420106-3-11-0","sellTxId":"227eb451068d9257b8d9cc1f7995561f182adb05"}
{"index": {"_index":"pob","_id":"2681944"}}
	{"id":2681944,"type":"buy","buyer":"terminado","seller":"forexbrokr","symbol":"POB","quantity":"1.56307357","price":"0.05000000","timestamp":1643666868,"volume":"0.07815368","buyTxId":"a26a97d58a6e50e699152b1172ced2b76a38a557","sellTxId":"87482e535f35b277d400135295442a2164f86c27"}
{"index": {"_index":"pob","_id":"2681945"}}
	{"id":2681945,"type":"buy","buyer":"terminado","seller":"chorock","symbol":"POB","quantity":"177.00000000","price":"0.05200000","timestamp":1643666868,"volume":"9.20400000","buyTxId":"a26a97d58a6e50e699152b1172ced2b76a38a557","sellTxId":"c145a4d2fa6672fcee1055199626be85f09511db"}
{"index": {"_index":"pob","_id":"2681946"}}
	{"id":2681946,"type":"buy","buyer":"terminado","seller":"balina","symbol":"POB","quantity":"225.00000000","price":"0.05898600","timestamp":1643666868,"volume":"13.27185000","buyTxId":"a26a97d58a6e50e699152b1172ced2b76a38a557","sellTxId":"MM-P-14433143-61420427-3-1-1"}
{"index": {"_index":"pob","_id":"2681947"}}
	{"id":2681947,"type":"buy","buyer":"terminado","seller":"dailyspam","symbol":"POB","quantity":"20.00000000","price":"0.05899000","timestamp":1643666868,"volume":"1.17980000","buyTxId":"a26a97d58a6e50e699152b1172ced2b76a38a557","sellTxId":"5e7933da62f0ebed6307012a988eda3c5694587e"}
{"index": {"_index":"pob","_id":"2681948"}}
	{"id":2681948,"type":"buy","buyer":"terminado","seller":"lebah","symbol":"POB","quantity":"260.00000000","price":"0.05900000","timestamp":1643666868,"volume":"15.34000000","buyTxId":"a26a97d58a6e50e699152b1172ced2b76a38a557","sellTxId":"ec78bf3695dd10775ceca1876f33af413b723100"}
{"index": {"_index":"pob","_id":"2681949"}}
	{"id":2681949,"type":"buy","buyer":"terminado","seller":"mein-senf-dazu","symbol":"POB","quantity":"5.09000000","price":"0.05909999","timestamp":1643666868,"volume":"0.30081895","buyTxId":"a26a97d58a6e50e699152b1172ced2b76a38a557","sellTxId":"0f2e030c367a3f09508e1d59fc6cfce7cc165813"}
{"index": {"_index":"pob","_id":"2681950"}}
	{"id":2681950,"type":"buy","buyer":"terminado","seller":"nonsowrites","symbol":"POB","quantity":"33.93872312","price":"0.05910000","timestamp":1643666868,"volume":"2.00577854","buyTxId":"a26a97d58a6e50e699152b1172ced2b76a38a557","sellTxId":"ed060c89fad5b06554051b02bcbceafe1d462281"}
{"index": {"_index":"pob","_id":"2681951"}}
	{"id":2681951,"type":"buy","buyer":"terminado","seller":"insight.pob","symbol":"POB","quantity":"12.44000000","price":"0.05910000","timestamp":1643666868,"volume":"0.73520400","buyTxId":"a26a97d58a6e50e699152b1172ced2b76a38a557","sellTxId":"747f1e401e6072d2e40ff2ae5303deb49db04f44"}
{"index": {"_index":"pob","_id":"2681952"}}
	{"id":2681952,"type":"buy","buyer":"terminado","seller":"lebah","symbol":"POB","quantity":"38.30678800","price":"0.05910000","timestamp":1643666868,"volume":"2.26393117","buyTxId":"a26a97d58a6e50e699152b1172ced2b76a38a557","sellTxId":"5c3b9272afd6bc7087ab03b11d8600725b5b6cdd"}
{"index": {"_index":"pob","_id":"2681953"}}
	{"id":2681953,"type":"buy","buyer":"terminado","seller":"eirik","symbol":"POB","quantity":"16.00000000","price":"0.06000000","timestamp":1643666868,"volume":"0.96000000","buyTxId":"a26a97d58a6e50e699152b1172ced2b76a38a557","sellTxId":"496af2dad9864b3db0114d3bfef3581bea398fcb"}
{"index": {"_index":"pob","_id":"2681954"}}
	{"id":2681954,"type":"buy","buyer":"terminado","seller":"scooter77","symbol":"POB","quantity":"167.66141531","price":"0.06000000","timestamp":1643666868,"volume":"10.05968492","buyTxId":"a26a97d58a6e50e699152b1172ced2b76a38a557","sellTxId":"ae11f276d92229d24615e42746d3c475ffc24848"}
{"index": {"_index":"pob","_id":"2681996"}}
	{"id":2681996,"type":"sell","buyer":"richardcrill","seller":"thoughts-in-time","symbol":"POB","quantity":"250.64195657","price":"0.04010000","timestamp":1643667372,"volume":"10.05074246","buyTxId":"MM-P-14432823-61420106-3-11-0","sellTxId":"fd921898ad13a3a642d287743f6a8a8bdd8fd5a4"}
{"index": {"_index":"pob","_id":"2682075"}}
	{"id":2682075,"type":"sell","buyer":"richardcrill","seller":"jesustiano","symbol":"POB","quantity":"100.00000000","price":"0.04010000","timestamp":1643668272,"volume":"4.01000000","buyTxId":"MM-P-14432823-61420106-3-11-0","sellTxId":"1fb70e115450b3698dfe80fe531f35a2e096e906"}
{"index": {"_index":"pob","_id":"2682105"}}
	{"id":2682105,"type":"sell","buyer":"richardcrill","seller":"altor","symbol":"POB","quantity":"8.59000000","price":"0.04010000","timestamp":1643668731,"volume":"0.34445900","buyTxId":"MM-P-14432823-61420106-3-11-0","sellTxId":"851934e317c863b0bdd74936516ff62b9e1d8831"}
{"index": {"_index":"pob","_id":"2682111"}}
	{"id":2682111,"type":"sell","buyer":"richardcrill","seller":"cursephantom","symbol":"POB","quantity":"0.07672160","price":"0.04010000","timestamp":1643668800,"volume":"0.00307654","buyTxId":"MM-P-14432823-61420106-3-11-0","sellTxId":"150f4c88be7d32782094bf97c9dc74612345d5ef"}
{"index": {"_index":"pob","_id":"2682124"}}
	{"id":2682124,"type":"sell","buyer":"richardcrill","seller":"fiberfrau","symbol":"POB","quantity":"0.66849268","price":"0.04010000","timestamp":1643668917,"volume":"0.02680656","buyTxId":"MM-P-14432823-61420106-3-11-0","sellTxId":"bbaab0ed1934f2363b717cd4ab0465bdb79a2ed4"}
{"index": {"_index":"pob","_id":"2682212"}}
	{"id":2682212,"type":"sell","buyer":"richardcrill","seller":"he-index","symbol":"POB","quantity":"0.09600000","price":"0.04010000","timestamp":1643670069,"volume":"0.00384960","buyTxId":"MM-P-14432823-61420106-3-11-0","sellTxId":"25d07d69db1266cd91af2930f6b3afaa8d2ffe42"}
{"index": {"_index":"pob","_id":"2682381"}}
	{"id":2682381,"type":"sell","buyer":"richardcrill","seller":"thisisawesome","symbol":"POB","quantity":"4.26724822","price":"0.04010000","timestamp":1643672565,"volume":"0.17111665","buyTxId":"MM-P-14432823-61420106-3-11-0","sellTxId":"9ebc7d6f83fdc14c0019911d7f390cd8dcdf2d5c"}
{"index": {"_index":"pob","_id":"2682601"}}
	{"id":2682601,"type":"sell","buyer":"richardcrill","seller":"fiberfrau","symbol":"POB","quantity":"0.49634682","price":"0.04010000","timestamp":1643674923,"volume":"0.01990351","buyTxId":"MM-P-14432823-61420106-3-11-0","sellTxId":"e6bb2a892ed58d38721243ee793da71e944cf94a"}
{"index": {"_index":"pob","_id":"2682684"}}
	{"id":2682684,"type":"sell","buyer":"richardcrill","seller":"hitmeasap","symbol":"POB","quantity":"6.00975074","price":"0.04010000","timestamp":1643676174,"volume":"0.24099100","buyTxId":"MM-P-14432823-61420106-3-11-0","sellTxId":"b5de396ed3c482d46c0b445d65376bb4ed354892"}
{"index": {"_index":"pob","_id":"2682836"}}
	{"id":2682836,"type":"sell","buyer":"sevenoh-fiveoh","seller":"adhammer","symbol":"POB","quantity":"5.03577415","price":"0.04100000","timestamp":1643677875,"volume":"0.20646674","buyTxId":"4545bb3a0abc75b3bfd665a86618ee5cf467c7c4","sellTxId":"bed67622be276d38067ed984cbdb2ccf68a1ad88"}
{"index": {"_index":"pob","_id":"2683115"}}
	{"id":2683115,"type":"sell","buyer":"andy4475","seller":"hilbyguy","symbol":"POB","quantity":"0.47113559","price":"0.04200000","timestamp":1643681703,"volume":"0.01978769","buyTxId":"969c9942889fea1ed2e2277488693c508b61818c","sellTxId":"6e36fa481ba7ee823a48d41dfb8f831d882818f2"}
{"index": {"_index":"pob","_id":"2683192"}}
	{"id":2683192,"type":"buy","buyer":"richardcrill","seller":"scooter77","symbol":"POB","quantity":"0.33858469","price":"0.06000000","timestamp":1643682966,"volume":"0.02031508","buyTxId":"8bcdcb9daf50fa46ce1f81805a8947430e18700b","sellTxId":"ae11f276d92229d24615e42746d3c475ffc24848"}
{"index": {"_index":"pob","_id":"2683193"}}
	{"id":2683193,"type":"buy","buyer":"richardcrill","seller":"insight.pob","symbol":"POB","quantity":"20.00000000","price":"0.06000000","timestamp":1643682966,"volume":"1.20000000","buyTxId":"8bcdcb9daf50fa46ce1f81805a8947430e18700b","sellTxId":"53fa6daf264faf29ea0385398907ece3b224ad61"}
{"index": {"_index":"pob","_id":"2683194"}}
	{"id":2683194,"type":"buy","buyer":"richardcrill","seller":"pixelfan","symbol":"POB","quantity":"5.00000000","price":"0.06100000","timestamp":1643682966,"volume":"0.30500000","buyTxId":"8bcdcb9daf50fa46ce1f81805a8947430e18700b","sellTxId":"4aec1b9335ff47566af1a2126147d5c6f95dc6a5"}
{"index": {"_index":"pob","_id":"2683195"}}
	{"id":2683195,"type":"buy","buyer":"richardcrill","seller":"pixelfan","symbol":"POB","quantity":"1.00000000","price":"0.06100000","timestamp":1643682966,"volume":"0.06100000","buyTxId":"8bcdcb9daf50fa46ce1f81805a8947430e18700b","sellTxId":"b1ea09c1f889bea1b26a8f641117296dec9ebf8d"}
{"index": {"_index":"pob","_id":"2683210"}}
	{"id":2683210,"type":"buy","buyer":"richardcrill","seller":"take-my-coinz","symbol":"POB","quantity":"18.00000000","price":"0.06797498","timestamp":1643683095,"volume":"1.22354964","buyTxId":"040b38bedd9cc9e0561acfec8c87ee100abc2df7","sellTxId":"5ca52be33ae5774ccb40eec97124f14b4d8fc79b"}
{"index": {"_index":"pob","_id":"2683211"}}
	{"id":2683211,"type":"buy","buyer":"richardcrill","seller":"balina","symbol":"POB","quantity":"207.00000000","price":"0.06797500","timestamp":1643683095,"volume":"14.07082500","buyTxId":"040b38bedd9cc9e0561acfec8c87ee100abc2df7","sellTxId":"MM-P-14438530-61425815-3-1-1"}
{"index": {"_index":"pob","_id":"2683293"}}
	{"id":2683293,"type":"sell","buyer":"richardcrill","seller":"haseeb-asif-khan","symbol":"POB","quantity":"2.90526084","price":"0.04210000","timestamp":1643684538,"volume":"0.12231148","buyTxId":"MM-P-14438509-61425794-3-11-0","sellTxId":"e6bf8d55bb01b6d4470d2a4babf4a603491abb3a"}
{"index": {"_index":"pob","_id":"2683396"}}
	{"id":2683396,"type":"buy","buyer":"dswap","seller":"forexbrokr","symbol":"POB","quantity":"5.30689019","price":"0.05000000","timestamp":1643686467,"volume":"0.26534451","buyTxId":"3b28a244c948571cee4c26437aa4557a066846e6","sellTxId":"de138957105a98ebc12854b95e4e8b14adf97eab"}
{"index": {"_index":"pob","_id":"2683397"}}
	{"id":2683397,"type":"buy","buyer":"dswap","seller":"balina","symbol":"POB","quantity":"45.09310973","price":"0.06796282","timestamp":1643686467,"volume":"3.06465490","buyTxId":"3b28a244c948571cee4c26437aa4557a066846e6","sellTxId":"MM-P-14439728-61427013-3-1-1"}
{"index": {"_index":"pob","_id":"2683435"}}
	{"id":2683435,"type":"sell","buyer":"richardcrill","seller":"stader","symbol":"POB","quantity":"40.00000000","price":"0.04210000","timestamp":1643687166,"volume":"1.68400000","buyTxId":"MM-P-14438509-61425794-3-11-0","sellTxId":"54b1893ce843b711536534761fd8dfbbef318bab"}
