{"index": {"_index":"pob","_id":"1680015"}}
	{"id":1680015,"type":"buy","buyer":"trostparadox.pob","seller":"coffeelovers","symbol":"POB","quantity":"3.54164389","price":"0.18533100","timestamp":1633920933,"volume":"0.65637640","buyTxId":"4e28f94b3c4ed67d4d3a9ea203a3f451fcc9948f","sellTxId":"2c6d3d4c2370c8054849767eb264c99d868d8802"}
{"index": {"_index":"pob","_id":"1680016"}}
	{"id":1680016,"type":"buy","buyer":"trostparadox.pob","seller":"charcoalbuffet","symbol":"POB","quantity":"10.31774047","price":"0.18534000","timestamp":1633920933,"volume":"1.91229002","buyTxId":"4e28f94b3c4ed67d4d3a9ea203a3f451fcc9948f","sellTxId":"ff3eb047f5000a11fb78542ffb6b330e0ddf5a6e"}
{"index": {"_index":"pob","_id":"1680404"}}
	{"id":1680404,"type":"sell","buyer":"mmmmkkkk311","seller":"zainalbakri","symbol":"POB","quantity":"7.55250143","price":"0.18533100","timestamp":1633928208,"volume":"1.39971264","buyTxId":"MM-P-11195483-58180587-3-19-0","sellTxId":"9606d79a3fe0fee0b46cf7122b1b9d51a61204e6"}
{"index": {"_index":"pob","_id":"1680547"}}
	{"id":1680547,"type":"sell","buyer":"mmmmkkkk311","seller":"maskuncoro","symbol":"POB","quantity":"2.85341984","price":"0.18533100","timestamp":1633931103,"volume":"0.52882715","buyTxId":"MM-P-11195483-58180587-3-19-0","sellTxId":"941fb8b0b51d3c891f785be7406d4a293045d453"}
{"index": {"_index":"pob","_id":"1680603"}}
	{"id":1680603,"type":"sell","buyer":"mmmmkkkk311","seller":"emma001","symbol":"POB","quantity":"3.37280522","price":"0.18533100","timestamp":1633932033,"volume":"0.62508536","buyTxId":"MM-P-11195483-58180587-3-19-0","sellTxId":"07afaec6a03ade516a76470786083f7a4abc68d0"}
{"index": {"_index":"pob","_id":"1680615"}}
	{"id":1680615,"type":"sell","buyer":"mmmmkkkk311","seller":"joemark","symbol":"POB","quantity":"2.32638147","price":"0.18533100","timestamp":1633932234,"volume":"0.43115060","buyTxId":"MM-P-11195483-58180587-3-19-0","sellTxId":"46ef18f10a58914352ad028ff238a0b83d066ac5"}
{"index": {"_index":"pob","_id":"1680643"}}
	{"id":1680643,"type":"sell","buyer":"mmmmkkkk311","seller":"jersteemit","symbol":"POB","quantity":"5.47789758","price":"0.18533100","timestamp":1633932720,"volume":"1.01522424","buyTxId":"MM-P-11195483-58180587-3-19-0","sellTxId":"8d4c1f9b43012d7e8b4d28430a2675a8581db853"}
{"index": {"_index":"pob","_id":"1680644"}}
	{"id":1680644,"type":"sell","buyer":"ctime","seller":"jersteemit","symbol":"POB","quantity":"24.52210242","price":"0.18532100","timestamp":1633932720,"volume":"4.54446054","buyTxId":"MM-P-11188393-58173497-3-50-0","sellTxId":"8d4c1f9b43012d7e8b4d28430a2675a8581db853"}
{"index": {"_index":"pob","_id":"1680669"}}
	{"id":1680669,"type":"sell","buyer":"mmmmkkkk311","seller":"trumpman","symbol":"POB","quantity":"18.19897074","price":"0.18533100","timestamp":1633933233,"volume":"3.37283345","buyTxId":"MM-P-11199375-58184480-3-19-0","sellTxId":"6c2109874cb44b4bff9c5543fa91828d48c899f2"}
{"index": {"_index":"pob","_id":"1680695"}}
	{"id":1680695,"type":"sell","buyer":"mmmmkkkk311","seller":"chronocrypto","symbol":"POB","quantity":"3.38403480","price":"0.18533100","timestamp":1633933743,"volume":"0.62716655","buyTxId":"MM-P-11199375-58184480-3-19-0","sellTxId":"ca965b0b9cb4b70edd49f242e4b4239aaf7c3072"}
{"index": {"_index":"pob","_id":"1680696"}}
	{"id":1680696,"type":"sell","buyer":"ctime","seller":"chronocrypto","symbol":"POB","quantity":"53.21529842","price":"0.18532100","timestamp":1633933743,"volume":"9.86191232","buyTxId":"MM-P-11188393-58173497-3-50-0","sellTxId":"ca965b0b9cb4b70edd49f242e4b4239aaf7c3072"}
{"index": {"_index":"pob","_id":"1680697"}}
	{"id":1680697,"type":"sell","buyer":"bluesniper","seller":"chronocrypto","symbol":"POB","quantity":"32.37625525","price":"0.18532100","timestamp":1633933743,"volume":"6.00000000","buyTxId":"MM-P-11196214-58181319-3-7-0","sellTxId":"ca965b0b9cb4b70edd49f242e4b4239aaf7c3072"}
{"index": {"_index":"pob","_id":"1680698"}}
	{"id":1680698,"type":"sell","buyer":"onealfa.leo","seller":"chronocrypto","symbol":"POB","quantity":"35.03021587","price":"0.18531100","timestamp":1633933743,"volume":"6.49148433","buyTxId":"60c138aba253bfb59dffc6751fcc1a83bfc5b773","sellTxId":"ca965b0b9cb4b70edd49f242e4b4239aaf7c3072"}
{"index": {"_index":"pob","_id":"1680721"}}
	{"id":1680721,"type":"sell","buyer":"mmmmkkkk311","seller":"lxsxl","symbol":"POB","quantity":"3.46685871","price":"0.18532100","timestamp":1633934346,"volume":"0.64248172","buyTxId":"MM-P-11199875-58184980-3-19-0","sellTxId":"70ab0d4012893e0a66143c815caf91bb353a545a"}
{"index": {"_index":"pob","_id":"1680756"}}
	{"id":1680756,"type":"sell","buyer":"mmmmkkkk311","seller":"jongolson","symbol":"POB","quantity":"2.60446518","price":"0.18533100","timestamp":1633934910,"volume":"0.48268814","buyTxId":"MM-P-11199975-58185080-3-19-0","sellTxId":"3a242d6e31f94541b19ee06fd8b76520b75d001b"}
{"index": {"_index":"pob","_id":"1680778"}}
	{"id":1680778,"type":"sell","buyer":"mmmmkkkk311","seller":"oscarpower55","symbol":"POB","quantity":"2.25453050","price":"0.18533100","timestamp":1633935351,"volume":"0.41783439","buyTxId":"MM-P-11199975-58185080-3-19-0","sellTxId":"2ac0bcfdbd7b1c3ebcd82f7f54dfcabc648a1468"}
{"index": {"_index":"pob","_id":"1680803"}}
	{"id":1680803,"type":"buy","buyer":"interpretation","seller":"simbianly","symbol":"POB","quantity":"5.70513065","price":"0.20000000","timestamp":1633935750,"volume":"1.14102613","buyTxId":"5e84dab6c892f21b77553f3fb0240b420ed05b15","sellTxId":"7ef6ac2e3366269967a3bfde60dc5230cab02426"}
{"index": {"_index":"pob","_id":"1680865"}}
	{"id":1680865,"type":"sell","buyer":"mmmmkkkk311","seller":"cryptoandcoffee","symbol":"POB","quantity":"5.00000000","price":"0.18533100","timestamp":1633937034,"volume":"0.92665500","buyTxId":"MM-P-11199975-58185080-3-19-0","sellTxId":"8b15f8cd929aed875836830b2ba8834c3c019156"}
{"index": {"_index":"pob","_id":"1680878"}}
	{"id":1680878,"type":"sell","buyer":"mmmmkkkk311","seller":"fullcoverbetting","symbol":"POB","quantity":"0.54797276","price":"0.18533100","timestamp":1633937319,"volume":"0.10155634","buyTxId":"MM-P-11199975-58185080-3-19-0","sellTxId":"a738ad0666f6d88e1b0d2c5c7eb8581241773cee"}
{"index": {"_index":"pob","_id":"1680942"}}
	{"id":1680942,"type":"sell","buyer":"mmmmkkkk311","seller":"monsterbuster","symbol":"POB","quantity":"2.36516993","price":"0.18533100","timestamp":1633938822,"volume":"0.43833931","buyTxId":"MM-P-11199975-58185080-3-19-0","sellTxId":"9a72dcafcf9c42654ff81581c719501492299087"}
{"index": {"_index":"pob","_id":"1680987"}}
	{"id":1680987,"type":"sell","buyer":"mmmmkkkk311","seller":"globetrottergcc","symbol":"POB","quantity":"0.13650702","price":"0.18533100","timestamp":1633940115,"volume":"0.02529898","buyTxId":"MM-P-11199975-58185080-3-19-0","sellTxId":"39f573b9346fa85dba40967e173b6be888284143"}
{"index": {"_index":"pob","_id":"1681026"}}
	{"id":1681026,"type":"sell","buyer":"mmmmkkkk311","seller":"citimillz","symbol":"POB","quantity":"1.21256434","price":"0.18533100","timestamp":1633940685,"volume":"0.22472576","buyTxId":"MM-P-11199975-58185080-3-19-0","sellTxId":"d03cbbb6beadeff83ffad2be0281bbed2a68226a"}
{"index": {"_index":"pob","_id":"1681207"}}
	{"id":1681207,"type":"sell","buyer":"mmmmkkkk311","seller":"fjcalduch","symbol":"POB","quantity":"5.0538142","price":"0.18533100","timestamp":1633944480,"volume":"0.93662844","buyTxId":"MM-P-11199975-58185080-3-19-0","sellTxId":"e9fde0725dd825e0602078e1c3c32073fc6fc956"}
{"index": {"_index":"pob","_id":"1681314"}}
	{"id":1681314,"type":"sell","buyer":"mmmmkkkk311","seller":"scooter77","symbol":"POB","quantity":"2.40798161","price":"0.18533100","timestamp":1633946580,"volume":"0.44627364","buyTxId":"MM-P-11199975-58185080-3-19-0","sellTxId":"0ce4ca0225a6a4f893a9bd55c1cd73bde3f51776"}
{"index": {"_index":"pob","_id":"1681315"}}
	{"id":1681315,"type":"sell","buyer":"ctime","seller":"scooter77","symbol":"POB","quantity":"13.20197953","price":"0.18532100","timestamp":1633946580,"volume":"2.44660405","buyTxId":"MM-P-11199875-58184980-3-50-0","sellTxId":"0ce4ca0225a6a4f893a9bd55c1cd73bde3f51776"}
{"index": {"_index":"pob","_id":"1681335"}}
	{"id":1681335,"type":"sell","buyer":"mmmmkkkk311","seller":"flexyg","symbol":"POB","quantity":"21.58300554","price":"0.18533100","timestamp":1633947135,"volume":"4.00000000","buyTxId":"MM-P-11204065-58189172-3-19-0","sellTxId":"e07d81cd8a952c3ebdf151907ab1eb2dffbc88f0"}
{"index": {"_index":"pob","_id":"1681336"}}
	{"id":1681336,"type":"sell","buyer":"ctime","seller":"flexyg","symbol":"POB","quantity":"3.41699446","price":"0.18532100","timestamp":1633947135,"volume":"0.63324083","buyTxId":"MM-P-11199875-58184980-3-50-0","sellTxId":"e07d81cd8a952c3ebdf151907ab1eb2dffbc88f0"}
{"index": {"_index":"pob","_id":"1681353"}}
	{"id":1681353,"type":"sell","buyer":"mmmmkkkk311","seller":"ervin-lemark","symbol":"POB","quantity":"2.22549867","price":"0.18533100","timestamp":1633947603,"volume":"0.41245389","buyTxId":"MM-P-11204265-58189372-3-19-0","sellTxId":"110a541b81452c1b5f95f1fc69c61587c200aab1"}
{"index": {"_index":"pob","_id":"1681358"}}
	{"id":1681358,"type":"sell","buyer":"mmmmkkkk311","seller":"itharagaian","symbol":"POB","quantity":"0.88900000","price":"0.18533100","timestamp":1633947639,"volume":"0.16475926","buyTxId":"MM-P-11204265-58189372-3-19-0","sellTxId":"d7d8add991c1738bebf5d8a6faa34e9c9af91918"}
{"index": {"_index":"pob","_id":"1681387"}}
	{"id":1681387,"type":"sell","buyer":"mmmmkkkk311","seller":"stickupboys","symbol":"POB","quantity":"3.15020389","price":"0.18533100","timestamp":1633947909,"volume":"0.58383044","buyTxId":"MM-P-11204265-58189372-3-19-0","sellTxId":"5baa5a8d72654061d604f26156ed9384727f785d"}
{"index": {"_index":"pob","_id":"1681434"}}
	{"id":1681434,"type":"sell","buyer":"mmmmkkkk311","seller":"fragmentarion","symbol":"POB","quantity":"1.01625513","price":"0.18533100","timestamp":1633948587,"volume":"0.18834358","buyTxId":"MM-P-11204265-58189372-3-19-0","sellTxId":"9c050bb1ff02e8a47267d2b8746771e5380d06d2"}
{"index": {"_index":"pob","_id":"1681485"}}
	{"id":1681485,"type":"sell","buyer":"mmmmkkkk311","seller":"hive-143869","symbol":"POB","quantity":"3.68100000","price":"0.18533100","timestamp":1633948923,"volume":"0.68220341","buyTxId":"MM-P-11204265-58189372-3-19-0","sellTxId":"d5511b5a6fbe9721551c2d4f22282d54aff72db1"}
{"index": {"_index":"pob","_id":"1681502"}}
	{"id":1681502,"type":"sell","buyer":"mmmmkkkk311","seller":"tonytrillions","symbol":"POB","quantity":"3.92215743","price":"0.18533100","timestamp":1633949124,"volume":"0.72689736","buyTxId":"MM-P-11204265-58189372-3-19-0","sellTxId":"2416200eb77012d159785a30173ca0c0b093f245"}
{"index": {"_index":"pob","_id":"1681509"}}
	{"id":1681509,"type":"buy","buyer":"mmmmkkkk311","seller":"tonytrillions","symbol":"POB","quantity":"19.81417470","price":"0.18533100","timestamp":1633949232,"volume":"3.67218081","buyTxId":"MM-P-11204864-58189971-3-19-0","sellTxId":"2416200eb77012d159785a30173ca0c0b093f245"}
{"index": {"_index":"pob","_id":"1681586"}}
	{"id":1681586,"type":"sell","buyer":"mmmmkkkk311","seller":"ugochill","symbol":"POB","quantity":"0.00733000","price":"0.18533100","timestamp":1633950777,"volume":"0.00135848","buyTxId":"MM-P-11204864-58189971-3-19-0","sellTxId":"5b2f9f137fff545dbdbf64a24e1889a779c2cb4c"}
{"index": {"_index":"pob","_id":"1681608"}}
	{"id":1681608,"type":"sell","buyer":"mmmmkkkk311","seller":"liotes","symbol":"POB","quantity":"1.76150084","price":"0.18533100","timestamp":1633951338,"volume":"0.32646071","buyTxId":"MM-P-11204864-58189971-3-19-0","sellTxId":"441c47dfc95a5eab589f35122070a4a23e6a3023"}
{"index": {"_index":"pob","_id":"1681609"}}
	{"id":1681609,"type":"sell","buyer":"ctime","seller":"liotes","symbol":"POB","quantity":"1.63449916","price":"0.18532100","timestamp":1633951338,"volume":"0.30290702","buyTxId":"MM-P-11199875-58184980-3-50-0","sellTxId":"441c47dfc95a5eab589f35122070a4a23e6a3023"}
{"index": {"_index":"pob","_id":"1681644"}}
	{"id":1681644,"type":"buy","buyer":"pixelfan","seller":"risingstargame","symbol":"POB","quantity":"19.31790090","price":"0.19999000","timestamp":1633952292,"volume":"3.86338700","buyTxId":"f25bea1999f5161a831ec776127729d7a830fe22","sellTxId":"41033d6bc94e97d9e218ff881e088e23dca6f01d"}
{"index": {"_index":"pob","_id":"1681646"}}
	{"id":1681646,"type":"buy","buyer":"pixelfan","seller":"simbianly","symbol":"POB","quantity":"0.68209910","price":"0.20000000","timestamp":1633952340,"volume":"0.13641982","buyTxId":"859d6a9e05d238ce658549868b272fbb59245265","sellTxId":"7ef6ac2e3366269967a3bfde60dc5230cab02426"}
{"index": {"_index":"pob","_id":"1681651"}}
	{"id":1681651,"type":"sell","buyer":"mmmmkkkk311","seller":"stickupofficial1","symbol":"POB","quantity":"2.27125937","price":"0.18533100","timestamp":1633952442,"volume":"0.42093477","buyTxId":"MM-P-11205664-58190771-3-19-0","sellTxId":"63d067ebbc304cd1d2627fb54feacfe96b0fded1"}
{"index": {"_index":"pob","_id":"1681653"}}
	{"id":1681653,"type":"sell","buyer":"mmmmkkkk311","seller":"akertxu","symbol":"POB","quantity":"2.14712568","price":"0.18533100","timestamp":1633952448,"volume":"0.39792895","buyTxId":"MM-P-11205664-58190771-3-19-0","sellTxId":"fd8e3e098d9b342dcd48a7cc37891ad1763b3611"}
{"index": {"_index":"pob","_id":"1681734"}}
	{"id":1681734,"type":"sell","buyer":"mmmmkkkk311","seller":"repayme4568","symbol":"POB","quantity":"1.31262460","price":"0.18533100","timestamp":1633953732,"volume":"0.24327003","buyTxId":"MM-P-11205664-58190771-3-19-0","sellTxId":"3f97d7fbe02a7ac4fe1aafcb4e82180a42695ab3"}
{"index": {"_index":"pob","_id":"1681747"}}
	{"id":1681747,"type":"sell","buyer":"mmmmkkkk311","seller":"bilpcoinbpc","symbol":"POB","quantity":"10.00300000","price":"0.18533100","timestamp":1633954170,"volume":"1.85386599","buyTxId":"MM-P-11205664-58190771-3-19-0","sellTxId":"b453370d5d4e4d73a9b58eda80245d6acdba847d"}
{"index": {"_index":"pob","_id":"1681748"}}
	{"id":1681748,"type":"sell","buyer":"mmmmkkkk311","seller":"captaincryptic","symbol":"POB","quantity":"5.84899589","price":"0.18533100","timestamp":1633954188,"volume":"1.08400026","buyTxId":"MM-P-11205664-58190771-3-19-0","sellTxId":"fc8bb5c03e697fe18f811893c69518525410b8f8"}
{"index": {"_index":"pob","_id":"1681749"}}
	{"id":1681749,"type":"sell","buyer":"ctime","seller":"captaincryptic","symbol":"POB","quantity":"13.18405202","price":"0.18532100","timestamp":1633954188,"volume":"2.44328170","buyTxId":"MM-P-11199875-58184980-3-50-0","sellTxId":"fc8bb5c03e697fe18f811893c69518525410b8f8"}
{"index": {"_index":"pob","_id":"1681772"}}
	{"id":1681772,"type":"sell","buyer":"ctime","seller":"tonytrillions","symbol":"POB","quantity":"0.02731627","price":"0.18532100","timestamp":1633954425,"volume":"0.00506228","buyTxId":"MM-P-11199875-58184980-3-50-0","sellTxId":"67c349b0c680777cc1069cdd634f5026bf7215e3"}
{"index": {"_index":"pob","_id":"1681814"}}
	{"id":1681814,"type":"sell","buyer":"ctime","seller":"damla","symbol":"POB","quantity":"1.02566977","price":"0.18532100","timestamp":1633954941,"volume":"0.19007815","buyTxId":"MM-P-11199875-58184980-3-50-0","sellTxId":"add4c679b29b0f73b275ec4b5218c485f45f9c4e"}
{"index": {"_index":"pob","_id":"1681895"}}
	{"id":1681895,"type":"sell","buyer":"mmmmkkkk311","seller":"josediccus","symbol":"POB","quantity":"21.58300554","price":"0.18533100","timestamp":1633956048,"volume":"4.00000000","buyTxId":"MM-P-11206860-58191968-3-19-0","sellTxId":"cabf3ec2bf7322c13513a9c3128026f850a3aab5"}
{"index": {"_index":"pob","_id":"1681934"}}
	{"id":1681934,"type":"sell","buyer":"ctime","seller":"sayago","symbol":"POB","quantity":"6.81752856","price":"0.18532100","timestamp":1633956489,"volume":"1.26343121","buyTxId":"MM-P-11199875-58184980-3-50-0","sellTxId":"d7e8bca6cf6e93ea19ed48b745a808f0d18061c5"}
{"index": {"_index":"pob","_id":"1681950"}}
	{"id":1681950,"type":"buy","buyer":"trayan","seller":"josediccus","symbol":"POB","quantity":"4.71726711","price":"0.18533100","timestamp":1633956615,"volume":"0.87425583","buyTxId":"e4bb802ef23e2973de65b9deaa37c1053e15deb7","sellTxId":"cabf3ec2bf7322c13513a9c3128026f850a3aab5"}
{"index": {"_index":"pob","_id":"1682043"}}
	{"id":1682043,"type":"sell","buyer":"trayan","seller":"shebe","symbol":"POB","quantity":"0.66136528","price":"0.18533100","timestamp":1633958034,"volume":"0.12257149","buyTxId":"e4bb802ef23e2973de65b9deaa37c1053e15deb7","sellTxId":"9e9e332f3a4f64075646acae29c0cef0d498b64c"}
{"index": {"_index":"pob","_id":"1682065"}}
	{"id":1682065,"type":"buy","buyer":"darmst5339","seller":"tonytrillions","symbol":"POB","quantity":"0.02722448","price":"0.19000000","timestamp":1633958301,"volume":"0.00517265","buyTxId":"fe663518cf30319bac936952831d1f1c3504db57","sellTxId":"d8ef12c03f7650045cbb6b7c1724f16380db5a48"}
{"index": {"_index":"pob","_id":"1682066"}}
	{"id":1682066,"type":"sell","buyer":"darmst5339","seller":"repayme4568","symbol":"POB","quantity":"0.18533100","price":"0.19000000","timestamp":1633958316,"volume":"0.03521289","buyTxId":"fe663518cf30319bac936952831d1f1c3504db57","sellTxId":"fc79880730a44cd20a867669c3fd122d86e4817d"}
{"index": {"_index":"pob","_id":"1682068"}}
	{"id":1682068,"type":"buy","buyer":"darmst5339","seller":"bilpcoinbpc","symbol":"POB","quantity":"0.26624462","price":"0.19000000","timestamp":1633958379,"volume":"0.05058648","buyTxId":"40e080c622471520eaf1e802e4357b18d43cd3c5","sellTxId":"c7d281229cded6920462dce97348ab136673af6f"}
{"index": {"_index":"pob","_id":"1682070"}}
	{"id":1682070,"type":"buy","buyer":"darmst5339","seller":"simbianly","symbol":"POB","quantity":"0.52000000","price":"0.20000000","timestamp":1633958451,"volume":"0.10400000","buyTxId":"f5931b9049a2d942049027d1157a7eaac0b52e2c","sellTxId":"7ef6ac2e3366269967a3bfde60dc5230cab02426"}
{"index": {"_index":"pob","_id":"1682078"}}
	{"id":1682078,"type":"sell","buyer":"trayan","seller":"kevinnag58","symbol":"POB","quantity":"3.65390334","price":"0.18533100","timestamp":1633958574,"volume":"0.67718156","buyTxId":"e4bb802ef23e2973de65b9deaa37c1053e15deb7","sellTxId":"b5f85e326255df86a675028b9c1f118262229f4c"}
{"index": {"_index":"pob","_id":"1682079"}}
	{"id":1682079,"type":"sell","buyer":"mmmmkkkk311","seller":"kevinnag58","symbol":"POB","quantity":"21.58300554","price":"0.18533100","timestamp":1633958574,"volume":"4.00000000","buyTxId":"MM-P-11207458-58192566-3-19-0","sellTxId":"b5f85e326255df86a675028b9c1f118262229f4c"}
{"index": {"_index":"pob","_id":"1682080"}}
	{"id":1682080,"type":"sell","buyer":"ctime","seller":"kevinnag58","symbol":"POB","quantity":"1.59707685","price":"0.18532100","timestamp":1633958574,"volume":"0.29597188","buyTxId":"MM-P-11199875-58184980-3-50-0","sellTxId":"b5f85e326255df86a675028b9c1f118262229f4c"}
{"index": {"_index":"pob","_id":"1682113"}}
	{"id":1682113,"type":"sell","buyer":"mmmmkkkk311","seller":"candy49","symbol":"POB","quantity":"3.35197728","price":"0.18543100","timestamp":1633959198,"volume":"0.62156050","buyTxId":"MM-P-11208155-58193264-3-19-0","sellTxId":"3893022e6eb8f7fda94226c60814347fd11a9c8c"}
{"index": {"_index":"pob","_id":"1682139"}}
	{"id":1682139,"type":"sell","buyer":"mmmmkkkk311","seller":"charcoalbuffet","symbol":"POB","quantity":"1.87926271","price":"0.18543100","timestamp":1633959669,"volume":"0.34847356","buyTxId":"MM-P-11208155-58193264-3-19-0","sellTxId":"734a2ed8dc3c5098a06928d48238d141bfd803b1"}
{"index": {"_index":"pob","_id":"1682176"}}
	{"id":1682176,"type":"sell","buyer":"mmmmkkkk311","seller":"tonytrillions","symbol":"POB","quantity":"0.02716073","price":"0.18543100","timestamp":1633960140,"volume":"0.00503644","buyTxId":"MM-P-11208155-58193264-3-19-0","sellTxId":"7c9621017a28d17259718df7b1ea190edf03025b"}
{"index": {"_index":"pob","_id":"1682181"}}
	{"id":1682181,"type":"sell","buyer":"mmmmkkkk311","seller":"coffeelovers","symbol":"POB","quantity":"5.74831515","price":"0.18543100","timestamp":1633960173,"volume":"1.06591583","buyTxId":"MM-P-11208155-58193264-3-19-0","sellTxId":"a85dc209f80e12fa972abb35bed8dcff1b614a9f"}
{"index": {"_index":"pob","_id":"1682293"}}
	{"id":1682293,"type":"sell","buyer":"mmmmkkkk311","seller":"darth-azrael","symbol":"POB","quantity":"1.00000000","price":"0.18543100","timestamp":1633961760,"volume":"0.18543100","buyTxId":"MM-P-11208155-58193264-3-19-0","sellTxId":"aba6dab18087bcdb585b53b2799e862dd31d0b91"}
{"index": {"_index":"pob","_id":"1682340"}}
	{"id":1682340,"type":"sell","buyer":"mmmmkkkk311","seller":"readthisplease","symbol":"POB","quantity":"7.00000000","price":"0.18543100","timestamp":1633962432,"volume":"1.29801700","buyTxId":"MM-P-11208155-58193264-3-19-0","sellTxId":"def813d4510a3032a9fb9e5b4156c24f79c544cb"}
{"index": {"_index":"pob","_id":"1682374"}}
	{"id":1682374,"type":"sell","buyer":"mmmmkkkk311","seller":"littledisciples","symbol":"POB","quantity":"2.56465030","price":"0.18543100","timestamp":1633962822,"volume":"0.47556567","buyTxId":"MM-P-11208155-58193264-3-19-0","sellTxId":"5e5c22d4ebc7dc6ce19bbcfd0a30b59c7648be18"}
{"index": {"_index":"pob","_id":"1682406"}}
	{"id":1682406,"type":"sell","buyer":"richardcrill","seller":"kevmcc","symbol":"POB","quantity":"4.00150536","price":"0.18542100","timestamp":1633963161,"volume":"0.74196313","buyTxId":"MM-P-11208155-58193264-3-11-0","sellTxId":"e45345afa378c3dddd14e98b3e692c2379acf798"}
{"index": {"_index":"pob","_id":"1682443"}}
	{"id":1682443,"type":"sell","buyer":"richardcrill","seller":"apoloo1","symbol":"POB","quantity":"0.64777316","price":"0.18542100","timestamp":1633963737,"volume":"0.12011075","buyTxId":"MM-P-11208155-58193264-3-11-0","sellTxId":"4d21426f55d0112c061e650b233937ba3154dab2"}
{"index": {"_index":"pob","_id":"1682477"}}
	{"id":1682477,"type":"buy","buyer":"pixelfan","seller":"skylinebuds","symbol":"POB","quantity":"6.00000000","price":"0.19900000","timestamp":1633963935,"volume":"1.19400000","buyTxId":"070bc7e78d924ac240358424c7ccb9738b6979e6","sellTxId":"9eb05099028f96dfd57b4a40e5e1005e3809ebeb"}
{"index": {"_index":"pob","_id":"1682479"}}
	{"id":1682479,"type":"sell","buyer":"richardcrill","seller":"littledisciples","symbol":"POB","quantity":"65.79155475","price":"0.18542100","timestamp":1633963947,"volume":"12.19913587","buyTxId":"MM-P-11208155-58193264-3-11-0","sellTxId":"a070643b0e8684dabf85a71791306db2a87eb689"}
{"index": {"_index":"pob","_id":"1682488"}}
	{"id":1682488,"type":"sell","buyer":"richardcrill","seller":"pablodare","symbol":"POB","quantity":"1.10235838","price":"0.18542100","timestamp":1633964016,"volume":"0.20440039","buyTxId":"MM-P-11208155-58193264-3-11-0","sellTxId":"587905288c2bbb04b4ac52a11b105c71cf2a206c"}
{"index": {"_index":"pob","_id":"1682507"}}
	{"id":1682507,"type":"sell","buyer":"richardcrill","seller":"mad-runner","symbol":"POB","quantity":"0.56151675","price":"0.18542100","timestamp":1633964325,"volume":"0.10411700","buyTxId":"MM-P-11208155-58193264-3-11-0","sellTxId":"e92b36a0bf36cb16b3bf69c8d96994f41e850555"}
{"index": {"_index":"pob","_id":"1682692"}}
	{"id":1682692,"type":"sell","buyer":"mmmmkkkk311","seller":"andy4475","symbol":"POB","quantity":"1.04876741","price":"0.18565100","timestamp":1633966425,"volume":"0.19470472","buyTxId":"MM-P-11210551-58195661-3-19-0","sellTxId":"b8f5a29624f1805d372e8bab49534513d9af237e"}
{"index": {"_index":"pob","_id":"1682700"}}
	{"id":1682700,"type":"sell","buyer":"mmmmkkkk311","seller":"tonytrillions","symbol":"POB","quantity":"0.03368418","price":"0.18565100","timestamp":1633966527,"volume":"0.00625350","buyTxId":"MM-P-11210551-58195661-3-19-0","sellTxId":"8fb1adff321dc33d73ed0d0268fdebc442eb5153"}
{"index": {"_index":"pob","_id":"1682758"}}
	{"id":1682758,"type":"buy","buyer":"tipy","seller":"specialfeelings","symbol":"POB","quantity":"0.00202631","price":"0.19000000","timestamp":1633967133,"volume":"0.00038500","buyTxId":"013fcc197ed1e9194eb6a54a6e0ada6e9c19d064","sellTxId":"22dd99e29d868b357956ec070e0c6604f4be32cd"}
{"index": {"_index":"pob","_id":"1683023"}}
	{"id":1683023,"type":"sell","buyer":"mmmmkkkk311","seller":"gamezine","symbol":"POB","quantity":"14.51405122","price":"0.18565100","timestamp":1633969419,"volume":"2.69454812","buyTxId":"MM-P-11210551-58195661-3-19-0","sellTxId":"9b7021d56777f2c70a4aef2895f9e097d4233ad5"}
{"index": {"_index":"pob","_id":"1683125"}}
	{"id":1683125,"type":"sell","buyer":"mmmmkkkk311","seller":"andy4475","symbol":"POB","quantity":"1.92507761","price":"0.18565100","timestamp":1633970190,"volume":"0.35739258","buyTxId":"MM-P-11210551-58195661-3-19-0","sellTxId":"1aca7afd00336c6c4b2d9150c5232280deb1980a"}
{"index": {"_index":"pob","_id":"1683192"}}
	{"id":1683192,"type":"sell","buyer":"mmmmkkkk311","seller":"vanillavow","symbol":"POB","quantity":"4.02422327","price":"0.18565100","timestamp":1633970811,"volume":"0.74710107","buyTxId":"MM-P-11210551-58195661-3-19-0","sellTxId":"8f19899aaf566d6997d3f49e6d07cde550cb0827"}
{"index": {"_index":"pob","_id":"1683242"}}
	{"id":1683242,"type":"sell","buyer":"mmmmkkkk311","seller":"clixy","symbol":"POB","quantity":"8.40879270","price":"0.18543100","timestamp":1633971156,"volume":"1.55925084","buyTxId":"MM-P-11212044-58197154-3-19-0","sellTxId":"8a9f7ac6c8078b5a4d77ba92a1fd153c6aa89709"}
{"index": {"_index":"pob","_id":"1683307"}}
	{"id":1683307,"type":"sell","buyer":"richardcrill","seller":"mummyrio","symbol":"POB","quantity":"2.00000000","price":"0.18542100","timestamp":1633971540,"volume":"0.37084200","buyTxId":"MM-P-11210749-58195859-3-11-0","sellTxId":"0959facb97730de4f0ff74c2337115cbc080fd4d"}
{"index": {"_index":"pob","_id":"1683320"}}
	{"id":1683320,"type":"sell","buyer":"richardcrill","seller":"gubbatv","symbol":"POB","quantity":"0.91121028","price":"0.18542100","timestamp":1633971630,"volume":"0.16895752","buyTxId":"MM-P-11210749-58195859-3-11-0","sellTxId":"58f743eee4f2d3e6295d201f4b3f5f33516cb5b6"}
{"index": {"_index":"pob","_id":"1683331"}}
	{"id":1683331,"type":"buy","buyer":"mmmmkkkk311","seller":"clixy","symbol":"POB","quantity":"7.86984905","price":"0.18543000","timestamp":1633971732,"volume":"1.45930611","buyTxId":"MM-P-11212344-58197454-3-19-0","sellTxId":"8a9f7ac6c8078b5a4d77ba92a1fd153c6aa89709"}
{"index": {"_index":"pob","_id":"1683339"}}
	{"id":1683339,"type":"sell","buyer":"mmmmkkkk311","seller":"ugochill","symbol":"POB","quantity":"0.00549000","price":"0.18543100","timestamp":1633971816,"volume":"0.00101802","buyTxId":"MM-P-11212344-58197454-3-19-0","sellTxId":"7af9c09bfca45cf6f462433c862a0274537dd736"}
{"index": {"_index":"pob","_id":"1683372"}}
	{"id":1683372,"type":"sell","buyer":"mmmmkkkk311","seller":"acesontop","symbol":"POB","quantity":"13.69602712","price":"0.18543100","timestamp":1633972230,"volume":"2.53966800","buyTxId":"MM-P-11212344-58197454-3-19-0","sellTxId":"82259c19c379ae14919d2966f9adcec790c34ef0"}
{"index": {"_index":"pob","_id":"1683376"}}
	{"id":1683376,"type":"buy","buyer":"mmmmkkkk311","seller":"acesontop","symbol":"POB","quantity":"9.90744306","price":"0.18543100","timestamp":1633972332,"volume":"1.83714707","buyTxId":"MM-P-11212544-58197654-3-19-0","sellTxId":"82259c19c379ae14919d2966f9adcec790c34ef0"}
{"index": {"_index":"pob","_id":"1683486"}}
	{"id":1683486,"type":"buy","buyer":"mmmmkkkk311","seller":"vanillavow","symbol":"POB","quantity":"5.14383395","price":"0.18565100","timestamp":1633972932,"volume":"0.95495792","buyTxId":"MM-P-11212744-58197854-3-19-0","sellTxId":"8f19899aaf566d6997d3f49e6d07cde550cb0827"}
{"index": {"_index":"pob","_id":"1683520"}}
	{"id":1683520,"type":"buy","buyer":"abundance.tribe","seller":"specialfeelings","symbol":"POB","quantity":"1.25658909","price":"0.19000000","timestamp":1633973187,"volume":"0.23875193","buyTxId":"de095d242229b72791e334c67726e5b941081d4e","sellTxId":"22dd99e29d868b357956ec070e0c6604f4be32cd"}
{"index": {"_index":"pob","_id":"1683521"}}
	{"id":1683521,"type":"buy","buyer":"abundance.tribe","seller":"simbianly","symbol":"POB","quantity":"21.39277025","price":"0.20000000","timestamp":1633973187,"volume":"4.27855405","buyTxId":"de095d242229b72791e334c67726e5b941081d4e","sellTxId":"7ef6ac2e3366269967a3bfde60dc5230cab02426"}
{"index": {"_index":"pob","_id":"1683522"}}
	{"id":1683522,"type":"buy","buyer":"abundance.tribe","seller":"zirochka","symbol":"POB","quantity":"0.03548142","price":"0.20000000","timestamp":1633973187,"volume":"0.00709628","buyTxId":"de095d242229b72791e334c67726e5b941081d4e","sellTxId":"1d3885bd5413cd17275599a11b8363f3ea626bb2"}
{"index": {"_index":"pob","_id":"1683803"}}
	{"id":1683803,"type":"sell","buyer":"abundance.tribe","seller":"emeka4","symbol":"POB","quantity":"5.29349168","price":"0.20000000","timestamp":1633975893,"volume":"1.05869834","buyTxId":"de095d242229b72791e334c67726e5b941081d4e","sellTxId":"6cb8e474e9cc3b8e01b5b2fa79fb93e8e1a874cc"}
{"index": {"_index":"pob","_id":"1683819"}}
	{"id":1683819,"type":"sell","buyer":"abundance.tribe","seller":"tobetada","symbol":"POB","quantity":"18.02166756","price":"0.20000000","timestamp":1633976106,"volume":"3.60433351","buyTxId":"de095d242229b72791e334c67726e5b941081d4e","sellTxId":"a20587665b57c6211cab420ad6444ced0af33330"}
{"index": {"_index":"pob","_id":"1683863"}}
	{"id":1683863,"type":"sell","buyer":"mmmmkkkk311","seller":"bitcoinflood","symbol":"POB","quantity":"21.39380649","price":"0.18697000","timestamp":1633976625,"volume":"4.00000000","buyTxId":"MM-P-11213942-58199052-3-19-0","sellTxId":"88a90b668f86ca608ac02b4178b83b2de836f44b"}
{"index": {"_index":"pob","_id":"1683918"}}
	{"id":1683918,"type":"sell","buyer":"desertfox88","seller":"revisesociology","symbol":"POB","quantity":"11.00000000","price":"0.18565000","timestamp":1633976946,"volume":"2.04215000","buyTxId":"d3e1c5091d94632411da6d9067ac909bb2421066","sellTxId":"7a119ecfb012661815b69ffa9e200cb209ee2604"}
{"index": {"_index":"pob","_id":"1684006"}}
	{"id":1684006,"type":"buy","buyer":"mistakili","seller":"bitcoinflood","symbol":"POB","quantity":"3.00552310","price":"0.18697000","timestamp":1633977759,"volume":"0.56194265","buyTxId":"888893d37ec55b5384aaea0177b9a3ec49cd301c","sellTxId":"88a90b668f86ca608ac02b4178b83b2de836f44b"}
{"index": {"_index":"pob","_id":"1684057"}}
	{"id":1684057,"type":"sell","buyer":"mistakili","seller":"andy4475","symbol":"POB","quantity":"0.59903311","price":"0.18697000","timestamp":1633978485,"volume":"0.11200122","buyTxId":"888893d37ec55b5384aaea0177b9a3ec49cd301c","sellTxId":"ea1e7e140a5f01d371a4a34206eec6affcd43a4d"}
{"index": {"_index":"pob","_id":"1684076"}}
	{"id":1684076,"type":"sell","buyer":"mistakili","seller":"oscarpower55","symbol":"POB","quantity":"0.15599292","price":"0.18697000","timestamp":1633978863,"volume":"0.02916600","buyTxId":"888893d37ec55b5384aaea0177b9a3ec49cd301c","sellTxId":"581516497822a5c319ec43234e4eedb1cd6d7ddc"}
{"index": {"_index":"pob","_id":"1684107"}}
	{"id":1684107,"type":"sell","buyer":"mistakili","seller":"aiuna","symbol":"POB","quantity":"16.23945087","price":"0.18697000","timestamp":1633979187,"volume":"3.03629013","buyTxId":"888893d37ec55b5384aaea0177b9a3ec49cd301c","sellTxId":"a50499eb6a1eb6cc44fb07765128cf5cc0402205"}
{"index": {"_index":"pob","_id":"1684185"}}
	{"id":1684185,"type":"sell","buyer":"richardcrill","seller":"judicious","symbol":"POB","quantity":"177.65814266","price":"0.18575000","timestamp":1633979961,"volume":"33.00000000","buyTxId":"MM-P-11214340-58199450-3-11-0","sellTxId":"116bfa5d7772a9239476f52025e0756d23b88778"}
{"index": {"_index":"pob","_id":"1684186"}}
	{"id":1684186,"type":"sell","buyer":"desertfox88","seller":"judicious","symbol":"POB","quantity":"96.53100829","price":"0.18565000","timestamp":1633979961,"volume":"17.92098169","buyTxId":"d3e1c5091d94632411da6d9067ac909bb2421066","sellTxId":"116bfa5d7772a9239476f52025e0756d23b88778"}
{"index": {"_index":"pob","_id":"1684187"}}
	{"id":1684187,"type":"sell","buyer":"ctime","seller":"judicious","symbol":"POB","quantity":"82.81084905","price":"0.18544000","timestamp":1633979961,"volume":"15.35644385","buyTxId":"MM-P-11212744-58197854-3-50-0","sellTxId":"116bfa5d7772a9239476f52025e0756d23b88778"}
{"index": {"_index":"pob","_id":"1684228"}}
	{"id":1684228,"type":"sell","buyer":"richardcrill","seller":"informationvault","symbol":"POB","quantity":"31.30000000","price":"0.18553000","timestamp":1633980585,"volume":"5.80708900","buyTxId":"MM-P-11215236-58200346-3-11-0","sellTxId":"701c000514d452522f89f99297411382455dd572"}
{"index": {"_index":"pob","_id":"1684244"}}
	{"id":1684244,"type":"sell","buyer":"richardcrill","seller":"cwow2","symbol":"POB","quantity":"0.52200355","price":"0.18553000","timestamp":1633980933,"volume":"0.09684732","buyTxId":"MM-P-11215236-58200346-3-11-0","sellTxId":"8d15a3e94b1540eeb1e2408b2131d25bd9b77132"}
{"index": {"_index":"pob","_id":"1684272"}}
	{"id":1684272,"type":"sell","buyer":"richardcrill","seller":"gocada","symbol":"POB","quantity":"5.67000000","price":"0.18553000","timestamp":1633981203,"volume":"1.05195510","buyTxId":"MM-P-11215236-58200346-3-11-0","sellTxId":"d893d61f9bdf3f17db8abdb757007a8acd3c8ef7"}
{"index": {"_index":"pob","_id":"1684357"}}
	{"id":1684357,"type":"sell","buyer":"richardcrill","seller":"trumpman","symbol":"POB","quantity":"15.87791887","price":"0.18553000","timestamp":1633982277,"volume":"2.94583029","buyTxId":"MM-P-11215236-58200346-3-11-0","sellTxId":"c36605515c24e81418004cb1db9b7350e4b48fc6"}
{"index": {"_index":"pob","_id":"1684393"}}
	{"id":1684393,"type":"sell","buyer":"mmmmkkkk311","seller":"alexvan","symbol":"POB","quantity":"21.55869354","price":"0.18554000","timestamp":1633982577,"volume":"4.00000000","buyTxId":"MM-P-11215935-58201045-3-19-0","sellTxId":"3c4fbbaa6fa5a5f27ead7e1656663177d15cb49b"}
{"index": {"_index":"pob","_id":"1684497"}}
	{"id":1684497,"type":"buy","buyer":"mmmmkkkk311","seller":"alexvan","symbol":"POB","quantity":"8.20462164","price":"0.18554000","timestamp":1633983732,"volume":"1.52228550","buyTxId":"MM-P-11216334-58201444-3-19-0","sellTxId":"3c4fbbaa6fa5a5f27ead7e1656663177d15cb49b"}
{"index": {"_index":"pob","_id":"1684621"}}
	{"id":1684621,"type":"sell","buyer":"mmmmkkkk311","seller":"ugochill","symbol":"POB","quantity":"0.00188000","price":"0.18554000","timestamp":1633985061,"volume":"0.00034882","buyTxId":"MM-P-11216334-58201444-3-19-0","sellTxId":"17990b44296e990dace6a26e02772868448d0fcd"}
{"index": {"_index":"pob","_id":"1684649"}}
	{"id":1684649,"type":"sell","buyer":"mmmmkkkk311","seller":"thisisawesome","symbol":"POB","quantity":"2.2693","price":"0.18554000","timestamp":1633985412,"volume":"0.42104592","buyTxId":"MM-P-11216334-58201444-3-19-0","sellTxId":"1bcde87bb77f2ea48d9c82a92115d10b18f1c0ce"}
{"index": {"_index":"pob","_id":"1684682"}}
	{"id":1684682,"type":"sell","buyer":"mmmmkkkk311","seller":"mad-runner","symbol":"POB","quantity":"1.06191503","price":"0.18554000","timestamp":1633985736,"volume":"0.19702771","buyTxId":"MM-P-11216334-58201444-3-19-0","sellTxId":"ac899a0fec1e9bdcb8e8cc4ae0cf8ac022a110ef"}
{"index": {"_index":"pob","_id":"1684806"}}
	{"id":1684806,"type":"sell","buyer":"mmmmkkkk311","seller":"saimaali","symbol":"POB","quantity":"10.02097687","price":"0.18554000","timestamp":1633987479,"volume":"1.85929205","buyTxId":"MM-P-11216334-58201444-3-19-0","sellTxId":"90d384780f0a3291e08ebba7a2e55a0b8ed524ee"}
{"index": {"_index":"pob","_id":"1684820"}}
	{"id":1684820,"type":"buy","buyer":"mmmmkkkk311","seller":"saimaali","symbol":"POB","quantity":"8.47902313","price":"0.18554000","timestamp":1633987632,"volume":"1.57319795","buyTxId":"MM-P-11217631-58202741-3-19-0","sellTxId":"90d384780f0a3291e08ebba7a2e55a0b8ed524ee"}
{"index": {"_index":"pob","_id":"1684876"}}
	{"id":1684876,"type":"sell","buyer":"mmmmkkkk311","seller":"hivecoffee","symbol":"POB","quantity":"13.07967041","price":"0.18554000","timestamp":1633988283,"volume":"2.42680205","buyTxId":"MM-P-11217631-58202741-3-19-0","sellTxId":"6df8dbf10db53b266610694132ddca58d697dd9a"}
{"index": {"_index":"pob","_id":"1684878"}}
	{"id":1684878,"type":"sell","buyer":"richardcrill","seller":"hivecoffee","symbol":"POB","quantity":"22.00000000","price":"0.18553000","timestamp":1633988316,"volume":"4.08166000","buyTxId":"MM-P-11215236-58200346-3-11-0","sellTxId":"9cc553f4c02c169504ff1ca2037bfe607aa19260"}
{"index": {"_index":"pob","_id":"1684899"}}
	{"id":1684899,"type":"buy","buyer":"mistakili","seller":"toofasteddie","symbol":"POB","quantity":"6.26119980","price":"0.19999000","timestamp":1633988622,"volume":"1.25217735","buyTxId":"6fc0e73b08a123de627194fbeb9695c7122e1b65","sellTxId":"3c38420a6576c9d4cfb7d53ec678df0cd349d2cc"}
{"index": {"_index":"pob","_id":"1684930"}}
	{"id":1684930,"type":"sell","buyer":"mistakili","seller":"eddiespino","symbol":"POB","quantity":"2.68857789","price":"0.19999000","timestamp":1633989150,"volume":"0.53768869","buyTxId":"6fc0e73b08a123de627194fbeb9695c7122e1b65","sellTxId":"8028bbe5c26fac34839ebd31b456b7ef07547965"}
{"index": {"_index":"pob","_id":"1685051"}}
	{"id":1685051,"type":"sell","buyer":"mistakili","seller":"bashadow","symbol":"POB","quantity":"2.26925224","price":"0.19999000","timestamp":1633990899,"volume":"0.45382776","buyTxId":"6fc0e73b08a123de627194fbeb9695c7122e1b65","sellTxId":"d449b7dbcbf6f50eebfbb5a63b3b6dc7997d3ac1"}
{"index": {"_index":"pob","_id":"1685074"}}
	{"id":1685074,"type":"buy","buyer":"pixelfan","seller":"tobetada","symbol":"POB","quantity":"0.23156969","price":"0.20000000","timestamp":1633991259,"volume":"0.04631394","buyTxId":"d603b38bcd8e6546a73ff07a82eecad2f3077b20","sellTxId":"a20587665b57c6211cab420ad6444ced0af33330"}
{"index": {"_index":"pob","_id":"1685105"}}
	{"id":1685105,"type":"sell","buyer":"mistakili","seller":"sztorm","symbol":"POB","quantity":"9.86779271","price":"0.19999000","timestamp":1633991550,"volume":"1.97345986","buyTxId":"6fc0e73b08a123de627194fbeb9695c7122e1b65","sellTxId":"8770929c8a7221e4e22fc12721dab5b74e66e54d"}
{"index": {"_index":"pob","_id":"1685124"}}
	{"id":1685124,"type":"sell","buyer":"mmmmkkkk311","seller":"andy4475","symbol":"POB","quantity":"0.73493068","price":"0.18664000","timestamp":1633991766,"volume":"0.13716746","buyTxId":"MM-P-11218931-58204041-3-19-0","sellTxId":"cd0283252c01dfbdb41e33c62101a2651b01d79b"}
{"index": {"_index":"pob","_id":"1685138"}}
	{"id":1685138,"type":"sell","buyer":"mmmmkkkk311","seller":"paulmoon410","symbol":"POB","quantity":"0.98923578","price":"0.18664000","timestamp":1633991925,"volume":"0.18463097","buyTxId":"MM-P-11218931-58204041-3-19-0","sellTxId":"60d2bddc423de2148d212d087a0d931964d756b5"}
{"index": {"_index":"pob","_id":"1685155"}}
	{"id":1685155,"type":"sell","buyer":"mmmmkkkk311","seller":"jongolson","symbol":"POB","quantity":"19.70746663","price":"0.18664000","timestamp":1633992129,"volume":"3.67820157","buyTxId":"MM-P-11218931-58204041-3-19-0","sellTxId":"150b9ffad3190ba6a09c7c0da7e0e170c660036a"}
{"index": {"_index":"pob","_id":"1685156"}}
	{"id":1685156,"type":"sell","buyer":"ctime","seller":"jongolson","symbol":"POB","quantity":"19.98409773","price":"0.18544000","timestamp":1633992129,"volume":"3.70585108","buyTxId":"MM-P-11212744-58197854-3-50-0","sellTxId":"150b9ffad3190ba6a09c7c0da7e0e170c660036a"}
{"index": {"_index":"pob","_id":"1685157"}}
	{"id":1685157,"type":"sell","buyer":"desertfox88","seller":"jongolson","symbol":"POB","quantity":"162.09118003","price":"0.18543000","timestamp":1633992129,"volume":"30.05656751","buyTxId":"a26f8aa913594670c4535e3a883dcd5d776c0cc3","sellTxId":"150b9ffad3190ba6a09c7c0da7e0e170c660036a"}
{"index": {"_index":"pob","_id":"1685287"}}
	{"id":1685287,"type":"sell","buyer":"mmmmkkkk311","seller":"liaminit1","symbol":"POB","quantity":"3.15565285","price":"0.18620000","timestamp":1633994355,"volume":"0.58758256","buyTxId":"MM-P-11219830-58204940-3-19-0","sellTxId":"883f21276e7352421bc1924d7b855e777e4d8874"}
{"index": {"_index":"pob","_id":"1685378"}}
	{"id":1685378,"type":"sell","buyer":"mmmmkkkk311","seller":"jongolson","symbol":"POB","quantity":"2.06113831","price":"0.18620000","timestamp":1633995891,"volume":"0.38378395","buyTxId":"MM-P-11219830-58204940-3-19-0","sellTxId":"5983152861eae4c9077bd443a6706e7cd7911ba4"}
{"index": {"_index":"pob","_id":"1685410"}}
	{"id":1685410,"type":"sell","buyer":"mmmmkkkk311","seller":"elianaicgomes","symbol":"POB","quantity":"3.82115526","price":"0.18620000","timestamp":1633996293,"volume":"0.71149911","buyTxId":"MM-P-11219830-58204940-3-19-0","sellTxId":"84aba75313381f39e520b22c744c38129cd41e6f"}
{"index": {"_index":"pob","_id":"1685459"}}
	{"id":1685459,"type":"sell","buyer":"mmmmkkkk311","seller":"galenkp","symbol":"POB","quantity":"8.67490307","price":"0.18620000","timestamp":1633996674,"volume":"1.61526695","buyTxId":"MM-P-11219830-58204940-3-19-0","sellTxId":"cd64014f1a8751c2da1c5ef6b3506551ef3df823"}
{"index": {"_index":"pob","_id":"1685510"}}
	{"id":1685510,"type":"sell","buyer":"mmmmkkkk311","seller":"dpunk","symbol":"POB","quantity":"0.68923029","price":"0.18620000","timestamp":1633997469,"volume":"0.12833468","buyTxId":"MM-P-11219830-58204940-3-19-0","sellTxId":"b641ea7a4c402a46d49d5c4d6644d56c5c460e0f"}
{"index": {"_index":"pob","_id":"1685512"}}
	{"id":1685512,"type":"sell","buyer":"mmmmkkkk311","seller":"melbourneswest","symbol":"POB","quantity":"3.08019734","price":"0.18620000","timestamp":1633997502,"volume":"0.57353274","buyTxId":"MM-P-11219830-58204940-3-19-0","sellTxId":"24531a5f974a6eb5cd5a8fd19428a2d562e82c6d"}
{"index": {"_index":"pob","_id":"1685539"}}
	{"id":1685539,"type":"sell","buyer":"mmmmkkkk311","seller":"brofi-market","symbol":"POB","quantity":"0.37061265","price":"0.18554000","timestamp":1633997637,"volume":"0.06876347","buyTxId":"MM-P-11220928-58206038-3-19-0","sellTxId":"914ae6b4179d182399e27826bdfa63347aebeafd"}
{"index": {"_index":"pob","_id":"1685607"}}
	{"id":1685607,"type":"sell","buyer":"mmmmkkkk311","seller":"lebah","symbol":"POB","quantity":"14.00000000","price":"0.18587000","timestamp":1633998489,"volume":"2.60218000","buyTxId":"MM-P-11221227-58206337-3-19-0","sellTxId":"6b5a1cc0755411b41d89246b3bc474953ff58fd4"}
{"index": {"_index":"pob","_id":"1685659"}}
	{"id":1685659,"type":"sell","buyer":"mmmmkkkk311","seller":"valor2s","symbol":"POB","quantity":"1.34384778","price":"0.18587000","timestamp":1633999152,"volume":"0.24978099","buyTxId":"MM-P-11221227-58206337-3-19-0","sellTxId":"c5446f5bc4560f373820ac7dad820227b9851924"}
{"index": {"_index":"pob","_id":"1685706"}}
	{"id":1685706,"type":"sell","buyer":"mmmmkkkk311","seller":"notak","symbol":"POB","quantity":"6.17656972","price":"0.18587000","timestamp":1633999758,"volume":"1.14803901","buyTxId":"MM-P-11221227-58206337-3-19-0","sellTxId":"cd5b5513a8bc146a58f21edb23d5cf8c2d644591"}
{"index": {"_index":"pob","_id":"1685707"}}
	{"id":1685707,"type":"sell","buyer":"richardcrill","seller":"notak","symbol":"POB","quantity":"13.48369449","price":"0.18553000","timestamp":1633999758,"volume":"2.50162984","buyTxId":"MM-P-11221527-58206637-3-11-0","sellTxId":"cd5b5513a8bc146a58f21edb23d5cf8c2d644591"}
{"index": {"_index":"pob","_id":"1685827"}}
	{"id":1685827,"type":"buy","buyer":"mmmmkkkk311","seller":"melbourneswest","symbol":"POB","quantity":"2.96598752","price":"0.18620000","timestamp":1634001732,"volume":"0.55226688","buyTxId":"MM-P-11222326-58207437-3-19-0","sellTxId":"24531a5f974a6eb5cd5a8fd19428a2d562e82c6d"}
{"index": {"_index":"pob","_id":"1685828"}}
	{"id":1685828,"type":"buy","buyer":"mmmmkkkk311","seller":"brofi-market","symbol":"POB","quantity":"0.37061265","price":"0.18620000","timestamp":1634001732,"volume":"0.06900808","buyTxId":"MM-P-11222326-58207437-3-19-0","sellTxId":"3826b4d25b1c2db238972e44ad00c92fa2708143"}
{"index": {"_index":"pob","_id":"1685966"}}
	{"id":1685966,"type":"sell","buyer":"mmmmkkkk311","seller":"hivecoffee","symbol":"POB","quantity":"18.14567695","price":"0.18620000","timestamp":1634002836,"volume":"3.37872504","buyTxId":"MM-P-11222326-58207437-3-19-0","sellTxId":"1122ce316b4bce056033f215ac5330d4681f029c"}
{"index": {"_index":"pob","_id":"1686067"}}
	{"id":1686067,"type":"buy","buyer":"mmmmkkkk311","seller":"he-index","symbol":"POB","quantity":"0.11300000","price":"0.18620000","timestamp":1634004732,"volume":"0.02104060","buyTxId":"MM-P-11223324-58208436-3-19-0","sellTxId":"f24c4a5c7952d05529f15fff46e7d262759d9bed"}
{"index": {"_index":"pob","_id":"1686097"}}
	{"id":1686097,"type":"sell","buyer":"mmmmkkkk311","seller":"barbarabezina","symbol":"POB","quantity":"1.22935787","price":"0.18642000","timestamp":1634005368,"volume":"0.22917689","buyTxId":"MM-P-11223524-58208636-3-19-0","sellTxId":"8c57ead53b1b857a113acfff7a26c5c840798518"}
{"index": {"_index":"pob","_id":"1686116"}}
	{"id":1686116,"type":"sell","buyer":"mmmmkkkk311","seller":"razack-pulo","symbol":"POB","quantity":"11.19009244","price":"0.18642000","timestamp":1634005611,"volume":"2.08605703","buyTxId":"MM-P-11223524-58208636-3-19-0","sellTxId":"8d991fcfc464350a488abf50529c5797b82308bd"}
{"index": {"_index":"pob","_id":"1686207"}}
	{"id":1686207,"type":"sell","buyer":"mmmmkkkk311","seller":"revisesociology","symbol":"POB","quantity":"9.03747491","price":"0.18642000","timestamp":1634006622,"volume":"1.68476607","buyTxId":"MM-P-11223524-58208636-3-19-0","sellTxId":"34718b1650b36b85d139d26c8ed163471f9cf42d"}
