{"index": {"_index":"pob","_id":"1074222"}}
	{"id":1074222,"type":"sell","buyer":"freebornsociety","seller":"siniceku","symbol":"POB","quantity":"1.88762000","price":"1.64301003","timestamp":1621565703,"volume":"3.10137859","buyTxId":"MM-P-7132217-54072069-3-1-0","sellTxId":"0082369009eadf3b528a327b5327e6c572d723ce"}
{"index": {"_index":"pob","_id":"1074256"}}
	{"id":1074256,"type":"sell","buyer":"solovey6o2","seller":"mawit07","symbol":"POB","quantity":"5.45741367","price":"1.64702009","timestamp":1621567143,"volume":"8.98846995","buyTxId":"b01ddea12828e5455a3a83fc4ea1e92ecb7e27cc","sellTxId":"b0d90e976fb13fa8ab89b1e9498f0096194f3c57"}
{"index": {"_index":"pob","_id":"1074266"}}
	{"id":1074266,"type":"sell","buyer":"solovey6o2","seller":"melbourneswest","symbol":"POB","quantity":"2.00000000","price":"1.64804011","timestamp":1621567404,"volume":"3.29608022","buyTxId":"b215644077353845a526595d0ab30353f0030e2f","sellTxId":"660f6b54075bfc49d44b806e1f063d9b87660c77"}
{"index": {"_index":"pob","_id":"1074270"}}
	{"id":1074270,"type":"sell","buyer":"solovey6o2","seller":"trumpman","symbol":"POB","quantity":"43.23321766","price":"1.64905013","timestamp":1621567632,"volume":"71.29374320","buyTxId":"6587fa14a354d76efd7e686c1a5233873dd06d2f","sellTxId":"320f60bde71fb9595f976978dbf59e165f855401"}
{"index": {"_index":"pob","_id":"1074296"}}
	{"id":1074296,"type":"sell","buyer":"freebornsociety","seller":"espandorr","symbol":"POB","quantity":"6.06060606","price":"1.65000000","timestamp":1621567911,"volume":"10.00000000","buyTxId":"MM-P-7132842-54072769-3-1-0","sellTxId":"07d7a2f45103a97481217e48dbcf5618f004788f"}
{"index": {"_index":"pob","_id":"1074297"}}
	{"id":1074297,"type":"sell","buyer":"mmmmkkkk311","seller":"gank","symbol":"POB","quantity":"10.30728379","price":"1.64906012","timestamp":1621567923,"volume":"16.99733064","buyTxId":"MM-P-7132866-54072793-3-2-0","sellTxId":"5eb320dd76d7d91154c1d187fb90c999b3b393d7"}
{"index": {"_index":"pob","_id":"1074298"}}
	{"id":1074298,"type":"sell","buyer":"mmmmkkkk311","seller":"espandorr","symbol":"POB","quantity":"9.70411519","price":"1.64906012","timestamp":1621567971,"volume":"16.00266936","buyTxId":"MM-P-7132866-54072793-3-2-0","sellTxId":"bb2e976a3d3b3424902cf43d80f14e4dcf38ae23"}
{"index": {"_index":"pob","_id":"1074300"}}
	{"id":1074300,"type":"sell","buyer":"solovey6o2","seller":"espandorr","symbol":"POB","quantity":"100.00000000","price":"1.64805012","timestamp":1621568022,"volume":"164.80501200","buyTxId":"eef8c3127752d3fd7b28fdd3d0726aa3f3ddff88","sellTxId":"0f1f8adbcf8754a698d4dfaf113e9d4c570d1212"}
{"index": {"_index":"pob","_id":"1074310"}}
	{"id":1074310,"type":"sell","buyer":"bluesniper","seller":"freebornsociety","symbol":"POB","quantity":"8.50000000","price":"1.64805011","timestamp":1621568388,"volume":"14.00842594","buyTxId":"MM-B-7132868-54072795-3-0-0","sellTxId":"MM-P-7133029-54072968-3-1-1"}
{"index": {"_index":"pob","_id":"1074354"}}
	{"id":1074354,"type":"sell","buyer":"frot","seller":"pablodare","symbol":"POB","quantity":"4.24461419","price":"1.64000000","timestamp":1621569333,"volume":"6.96116727","buyTxId":"e5f751957f26fa6d77054ac314c48df3fb4dd125","sellTxId":"b3285bb430b938b0047af7f900b76184d9d47725"}
{"index": {"_index":"pob","_id":"1074366"}}
	{"id":1074366,"type":"buy","buyer":"bluesniper","seller":"freebornsociety","symbol":"POB","quantity":"8.50000000","price":"1.64603000","timestamp":1621570041,"volume":"13.99125500","buyTxId":"09a4494f146339dc55ee3a7802cf7ac0a72bba9f","sellTxId":"MM-P-7133220-54073168-3-1-1"}
{"index": {"_index":"pob","_id":"1074367"}}
	{"id":1074367,"type":"buy","buyer":"bluesniper","seller":"amr008.cold","symbol":"POB","quantity":"4.00000000","price":"1.64620000","timestamp":1621570041,"volume":"6.58480000","buyTxId":"09a4494f146339dc55ee3a7802cf7ac0a72bba9f","sellTxId":"442f73650ac598d2cc27684ff79a83f541d9f9cc"}
{"index": {"_index":"pob","_id":"1074368"}}
	{"id":1074368,"type":"buy","buyer":"bluesniper","seller":"espandorr","symbol":"POB","quantity":"4.23454916","price":"1.64805012","timestamp":1621570041,"volume":"6.97874925","buyTxId":"09a4494f146339dc55ee3a7802cf7ac0a72bba9f","sellTxId":"3defe19557275ade2c8356026da61a29b892db9f"}
{"index": {"_index":"pob","_id":"1074369"}}
	{"id":1074369,"type":"buy","buyer":"bluesniper","seller":"bluesniper","symbol":"POB","quantity":"15.00000000","price":"1.64902010","timestamp":1621570041,"volume":"24.73530150","buyTxId":"09a4494f146339dc55ee3a7802cf7ac0a72bba9f","sellTxId":"MM-B-7133428-54073394-3-0-1"}
{"index": {"_index":"pob","_id":"1074370"}}
	{"id":1074370,"type":"buy","buyer":"bluesniper","seller":"mmmmkkkk311","symbol":"POB","quantity":"15.00000000","price":"1.64903010","timestamp":1621570041,"volume":"24.73545150","buyTxId":"09a4494f146339dc55ee3a7802cf7ac0a72bba9f","sellTxId":"MM-P-7133335-54073292-3-2-0"}
{"index": {"_index":"pob","_id":"1074371"}}
	{"id":1074371,"type":"buy","buyer":"bluesniper","seller":"espandorr","symbol":"POB","quantity":"10.30728379","price":"1.64906012","timestamp":1621570041,"volume":"16.99733064","buyTxId":"09a4494f146339dc55ee3a7802cf7ac0a72bba9f","sellTxId":"bb2e976a3d3b3424902cf43d80f14e4dcf38ae23"}
{"index": {"_index":"pob","_id":"1074372"}}
	{"id":1074372,"type":"buy","buyer":"bluesniper","seller":"solovey6o2","symbol":"POB","quantity":"150.69063134","price":"1.66006005","timestamp":1621570041,"volume":"250.15549700","buyTxId":"09a4494f146339dc55ee3a7802cf7ac0a72bba9f","sellTxId":"e724664243da10f25e24f9e77f49c3d6eceaa420"}
{"index": {"_index":"pob","_id":"1074373"}}
	{"id":1074373,"type":"buy","buyer":"bluesniper","seller":"brofi-market","symbol":"POB","quantity":"5.99321800","price":"1.66006006","timestamp":1621570041,"volume":"9.94910183","buyTxId":"09a4494f146339dc55ee3a7802cf7ac0a72bba9f","sellTxId":"4d2f7ec5b9cabe60f5884bbc9fe0aafa7b45db30"}
{"index": {"_index":"pob","_id":"1074374"}}
	{"id":1074374,"type":"buy","buyer":"bluesniper","seller":"brofi-market","symbol":"POB","quantity":"0.42171558","price":"1.67999992","timestamp":1621570041,"volume":"0.70848214","buyTxId":"09a4494f146339dc55ee3a7802cf7ac0a72bba9f","sellTxId":"4a7bb17ff5fb27941925b3ef0b6d0ebced634cbc"}
{"index": {"_index":"pob","_id":"1074375"}}
	{"id":1074375,"type":"buy","buyer":"bluesniper","seller":"dhedge-drips","symbol":"POB","quantity":"1.54444892","price":"1.67999992","timestamp":1621570041,"volume":"2.59467406","buyTxId":"09a4494f146339dc55ee3a7802cf7ac0a72bba9f","sellTxId":"c23a2cd9ca3935ee0e401178a14b5ac6be540994"}
{"index": {"_index":"pob","_id":"1074376"}}
	{"id":1074376,"type":"buy","buyer":"bluesniper","seller":"scooter77","symbol":"POB","quantity":"20.00000000","price":"1.68880000","timestamp":1621570041,"volume":"33.77600000","buyTxId":"09a4494f146339dc55ee3a7802cf7ac0a72bba9f","sellTxId":"0c33d3e2ff75073805de22a12ca4937d6f0f7484"}
{"index": {"_index":"pob","_id":"1074377"}}
	{"id":1074377,"type":"buy","buyer":"bluesniper","seller":"eirik","symbol":"POB","quantity":"0.85000000","price":"1.70000000","timestamp":1621570140,"volume":"1.44500000","buyTxId":"ebc9ac4bad5503e1fe795ca5f6228b21e2d5d4cc","sellTxId":"a093beada2608ce3b9b30f92989ab6e7f6a54fe1"}
{"index": {"_index":"pob","_id":"1074378"}}
	{"id":1074378,"type":"buy","buyer":"bluesniper","seller":"linkxdx","symbol":"POB","quantity":"4.79000000","price":"1.70000000","timestamp":1621570140,"volume":"8.14300000","buyTxId":"ebc9ac4bad5503e1fe795ca5f6228b21e2d5d4cc","sellTxId":"34ecd051ca6e9abe78823fcde675118b3e3795e4"}
{"index": {"_index":"pob","_id":"1074379"}}
	{"id":1074379,"type":"buy","buyer":"bluesniper","seller":"junkfeathers","symbol":"POB","quantity":"15.00000000","price":"1.75000000","timestamp":1621570140,"volume":"26.25000000","buyTxId":"ebc9ac4bad5503e1fe795ca5f6228b21e2d5d4cc","sellTxId":"83691870c586c45300a680dc67eadf37102d6c43"}
{"index": {"_index":"pob","_id":"1074380"}}
	{"id":1074380,"type":"buy","buyer":"bluesniper","seller":"liotes.voter","symbol":"POB","quantity":"29.33330000","price":"1.75998501","timestamp":1621570140,"volume":"51.62616829","buyTxId":"ebc9ac4bad5503e1fe795ca5f6228b21e2d5d4cc","sellTxId":"1427038fb5f97e5c02726deab7caf7645e190655"}
{"index": {"_index":"pob","_id":"1074381"}}
	{"id":1074381,"type":"buy","buyer":"bluesniper","seller":"olddessauer","symbol":"POB","quantity":"0.14578973","price":"1.75999000","timestamp":1621570140,"volume":"0.25658847","buyTxId":"ebc9ac4bad5503e1fe795ca5f6228b21e2d5d4cc","sellTxId":"0377010cb70bf3a1d007a0b8bc4bd4b695714896"}
{"index": {"_index":"pob","_id":"1074382"}}
	{"id":1074382,"type":"buy","buyer":"bluesniper","seller":"charcoalbuffet","symbol":"POB","quantity":"4.88091027","price":"1.76000000","timestamp":1621570140,"volume":"8.59040208","buyTxId":"ebc9ac4bad5503e1fe795ca5f6228b21e2d5d4cc","sellTxId":"c81067e5a6ba02cd7b1453d85141d34e545395fa"}
{"index": {"_index":"pob","_id":"1074383"}}
	{"id":1074383,"type":"buy","buyer":"bluesniper","seller":"charcoalbuffet","symbol":"POB","quantity":"0.11908973","price":"1.76000000","timestamp":1621570194,"volume":"0.20959792","buyTxId":"3802e27d932a1e6061a58378d7edb577b26e39c0","sellTxId":"c81067e5a6ba02cd7b1453d85141d34e545395fa"}
{"index": {"_index":"pob","_id":"1074384"}}
	{"id":1074384,"type":"buy","buyer":"bluesniper","seller":"coininstant","symbol":"POB","quantity":"4.92345319","price":"1.76669000","timestamp":1621570194,"volume":"8.69821552","buyTxId":"3802e27d932a1e6061a58378d7edb577b26e39c0","sellTxId":"ba734694871ee44f2aeced26d9f402fa053fb7d5"}
{"index": {"_index":"pob","_id":"1074385"}}
	{"id":1074385,"type":"buy","buyer":"bluesniper","seller":"freebornsociety","symbol":"POB","quantity":"8.50000000","price":"1.78800000","timestamp":1621570194,"volume":"15.19800000","buyTxId":"3802e27d932a1e6061a58378d7edb577b26e39c0","sellTxId":"MM-P-7133591-54073568-3-1-0"}
{"index": {"_index":"pob","_id":"1074386"}}
	{"id":1074386,"type":"buy","buyer":"bluesniper","seller":"thisismylife","symbol":"POB","quantity":"1.13366583","price":"1.78900000","timestamp":1621570194,"volume":"2.02812817","buyTxId":"3802e27d932a1e6061a58378d7edb577b26e39c0","sellTxId":"f99d4196bb900ca3aa6aa69c4a1de897f2faa086"}
{"index": {"_index":"pob","_id":"1074387"}}
	{"id":1074387,"type":"buy","buyer":"bluesniper","seller":"bilpcoinbpc","symbol":"POB","quantity":"0.00488000","price":"1.80000000","timestamp":1621570194,"volume":"0.00878400","buyTxId":"3802e27d932a1e6061a58378d7edb577b26e39c0","sellTxId":"2f34986e1eab762d19a518d6ab88bea14790cbce"}
{"index": {"_index":"pob","_id":"1074388"}}
	{"id":1074388,"type":"buy","buyer":"bluesniper","seller":"bilpcoinbpc","symbol":"POB","quantity":"1.19070000","price":"1.80000000","timestamp":1621570194,"volume":"2.14326000","buyTxId":"3802e27d932a1e6061a58378d7edb577b26e39c0","sellTxId":"6baf535e89e1460befc0c647bb7c9b4fbca3cc22"}
{"index": {"_index":"pob","_id":"1074389"}}
	{"id":1074389,"type":"buy","buyer":"bluesniper","seller":"bilpcoinbpc","symbol":"POB","quantity":"2.50000000","price":"1.85990000","timestamp":1621570194,"volume":"4.64975000","buyTxId":"3802e27d932a1e6061a58378d7edb577b26e39c0","sellTxId":"ee3bf8658500521c10a31503b07652ed4409fa06"}
{"index": {"_index":"pob","_id":"1074390"}}
	{"id":1074390,"type":"buy","buyer":"bluesniper","seller":"bilpcoinbpc","symbol":"POB","quantity":"1.00000000","price":"1.86000000","timestamp":1621570194,"volume":"1.86000000","buyTxId":"3802e27d932a1e6061a58378d7edb577b26e39c0","sellTxId":"d70f04baad36132d3922e5dfc93ebf0deb830027"}
{"index": {"_index":"pob","_id":"1074391"}}
	{"id":1074391,"type":"buy","buyer":"bluesniper","seller":"rentmoney","symbol":"POB","quantity":"0.37787635","price":"1.89990000","timestamp":1621570194,"volume":"0.71792728","buyTxId":"3802e27d932a1e6061a58378d7edb577b26e39c0","sellTxId":"31401e88d490196f567691f8635cb896f9a83f90"}
{"index": {"_index":"pob","_id":"1074392"}}
	{"id":1074392,"type":"buy","buyer":"bluesniper","seller":"tgd-links","symbol":"POB","quantity":"8.00000000","price":"1.90000000","timestamp":1621570194,"volume":"15.20000000","buyTxId":"3802e27d932a1e6061a58378d7edb577b26e39c0","sellTxId":"e5652df6429b261e7950d8b444894c2f90bc1a4c"}
{"index": {"_index":"pob","_id":"1074393"}}
	{"id":1074393,"type":"buy","buyer":"bluesniper","seller":"eirik","symbol":"POB","quantity":"0.45000000","price":"1.90000000","timestamp":1621570194,"volume":"0.85500000","buyTxId":"3802e27d932a1e6061a58378d7edb577b26e39c0","sellTxId":"0a8ae69b83880dfdcf044381bece8b20dd81d858"}
{"index": {"_index":"pob","_id":"1074394"}}
	{"id":1074394,"type":"buy","buyer":"bluesniper","seller":"master-lamps","symbol":"POB","quantity":"0.23861366","price":"1.90500000","timestamp":1621570194,"volume":"0.45455902","buyTxId":"3802e27d932a1e6061a58378d7edb577b26e39c0","sellTxId":"667ce11c1e5d22d2f729205382ae24088a4411f9"}
{"index": {"_index":"pob","_id":"1074395"}}
	{"id":1074395,"type":"buy","buyer":"bluesniper","seller":"sondershausen","symbol":"POB","quantity":"0.51230819","price":"1.90500000","timestamp":1621570194,"volume":"0.97594710","buyTxId":"3802e27d932a1e6061a58378d7edb577b26e39c0","sellTxId":"3dcd2afc579c047ee50d6d54b6db3861a8d44be8"}
{"index": {"_index":"pob","_id":"1074396"}}
	{"id":1074396,"type":"buy","buyer":"bluesniper","seller":"master-lamps","symbol":"POB","quantity":"0.53579049","price":"1.90500000","timestamp":1621570194,"volume":"1.02068088","buyTxId":"3802e27d932a1e6061a58378d7edb577b26e39c0","sellTxId":"102a484144ab46e8119bd3b0ab4a0f4e89aabca5"}
{"index": {"_index":"pob","_id":"1074397"}}
	{"id":1074397,"type":"buy","buyer":"bluesniper","seller":"regenerette","symbol":"POB","quantity":"58.51362256","price":"1.91000000","timestamp":1621570194,"volume":"111.76101909","buyTxId":"3802e27d932a1e6061a58378d7edb577b26e39c0","sellTxId":"2221f8099311136b6ec2c352c578941356d49ead"}
{"index": {"_index":"pob","_id":"1074559"}}
	{"id":1074559,"type":"sell","buyer":"amr008.cold","seller":"bashadow","symbol":"POB","quantity":"5.00000000","price":"1.69560000","timestamp":1621572462,"volume":"8.47800000","buyTxId":"7ab66889e6c66a788ea00420d6eba13a666297ee","sellTxId":"bb3b15ff8f8a04c3ae5e050c46590253ddf97f70"}
{"index": {"_index":"pob","_id":"1074588"}}
	{"id":1074588,"type":"sell","buyer":"bluesniper","seller":"charcoalbuffet","symbol":"POB","quantity":"2.15059991","price":"1.69427003","timestamp":1621573428,"volume":"3.64369697","buyTxId":"MM-B-7134567-54074594-3-0-0","sellTxId":"4981bfcc614280587622d9528de2c4fd0326d0a6"}
{"index": {"_index":"pob","_id":"1074618"}}
	{"id":1074618,"type":"sell","buyer":"bluesniper","seller":"leedsunited","symbol":"POB","quantity":"2.89524829","price":"1.69431003","timestamp":1621575036,"volume":"4.90544822","buyTxId":"MM-B-7134897-54074993-3-0-0","sellTxId":"c1bdadd1d3c97cbdb2c01d06a7b85a92fb70b9ad"}
{"index": {"_index":"pob","_id":"1074625"}}
	{"id":1074625,"type":"sell","buyer":"solovey6o2","seller":"logicforce","symbol":"POB","quantity":"0.70873981","price":"1.64220002","timestamp":1621575465,"volume":"1.16389253","buyTxId":"93fcf522d23b84c11fbf5a016629551d8e0c170c","sellTxId":"c9cddc74e8a7b348038aec05b6ba553137fcb7f7"}
{"index": {"_index":"pob","_id":"1074642"}}
	{"id":1074642,"type":"sell","buyer":"freebornsociety","seller":"dalz","symbol":"POB","quantity":"6.07448508","price":"1.64623007","timestamp":1621576506,"volume":"10.00000000","buyTxId":"MM-P-7135504-54075667-3-1-0","sellTxId":"111c1571e584d908e70287c723f4d0cb3ca8b504"}
{"index": {"_index":"pob","_id":"1074643"}}
	{"id":1074643,"type":"sell","buyer":"solovey6o2","seller":"dalz","symbol":"POB","quantity":"33.92551492","price":"1.64523007","timestamp":1621576506,"volume":"55.81527729","buyTxId":"9cad1fedee9acf791412bb92ae168d832ebee6fa","sellTxId":"111c1571e584d908e70287c723f4d0cb3ca8b504"}
{"index": {"_index":"pob","_id":"1074644"}}
	{"id":1074644,"type":"buy","buyer":"solovey6o2","seller":"achim03","symbol":"POB","quantity":"1.72000000","price":"1.64523007","timestamp":1621576533,"volume":"2.82979572","buyTxId":"d7849431ce533d5aefc80e3f69ca8b980dddc1b6","sellTxId":"dbdae7d3adefa4d196fdc6d731e7dbdffa460199"}
{"index": {"_index":"pob","_id":"1074647"}}
	{"id":1074647,"type":"sell","buyer":"solovey6o2","seller":"stayten","symbol":"POB","quantity":"1.68947818","price":"1.64524008","timestamp":1621576788,"volume":"2.77959722","buyTxId":"98e18eef77ef0acde331491c96cae149406a83b1","sellTxId":"615686d08e44e0698c9be402178e6d69533b58fa"}
{"index": {"_index":"pob","_id":"1074654"}}
	{"id":1074654,"type":"buy","buyer":"frot","seller":"phusionphil","symbol":"POB","quantity":"1.25000000","price":"1.67600000","timestamp":1621576923,"volume":"2.09500000","buyTxId":"67cd77fb6098bede73515afb474241c7e0d91418","sellTxId":"b6743099bd7b3165b8cfff37f223670280b5ec4a"}
{"index": {"_index":"pob","_id":"1074655"}}
	{"id":1074655,"type":"buy","buyer":"frot","seller":"solovey6o2","symbol":"POB","quantity":"3.40947817","price":"1.69099998","timestamp":1621576923,"volume":"5.76542752","buyTxId":"67cd77fb6098bede73515afb474241c7e0d91418","sellTxId":"532ad987dac88dcc1c74b3d9b3d951c01e538b07"}
{"index": {"_index":"pob","_id":"1074656"}}
	{"id":1074656,"type":"buy","buyer":"frot","seller":"solovey6o2","symbol":"POB","quantity":"34.63425474","price":"1.69099998","timestamp":1621576923,"volume":"58.56652407","buyTxId":"67cd77fb6098bede73515afb474241c7e0d91418","sellTxId":"adb74fb240a5e7005182db13f4cf6b95c2194300"}
{"index": {"_index":"pob","_id":"1074657"}}
	{"id":1074657,"type":"buy","buyer":"frot","seller":"freebornsociety","symbol":"POB","quantity":"3.70626709","price":"1.69099999","timestamp":1621576923,"volume":"6.26729761","buyTxId":"67cd77fb6098bede73515afb474241c7e0d91418","sellTxId":"MM-P-7135589-54075767-3-1-1"}
{"index": {"_index":"pob","_id":"1074671"}}
	{"id":1074671,"type":"sell","buyer":"freebornsociety","seller":"lunaticpandora","symbol":"POB","quantity":"6.06321457","price":"1.64929014","timestamp":1621577703,"volume":"10.00000001","buyTxId":"MM-P-7135867-54076066-3-1-0","sellTxId":"f53ae8804ea2f8d5be35b5d353afc3c3362c014a"}
{"index": {"_index":"pob","_id":"1074672"}}
	{"id":1074672,"type":"sell","buyer":"solovey6o2","seller":"lunaticpandora","symbol":"POB","quantity":"67.33319386","price":"1.64829014","timestamp":1621577703,"volume":"110.98463953","buyTxId":"c7a4e43586cecd852947d0defd7b4fd11fb1c67d","sellTxId":"f53ae8804ea2f8d5be35b5d353afc3c3362c014a"}
{"index": {"_index":"pob","_id":"1074674"}}
	{"id":1074674,"type":"sell","buyer":"mmmmkkkk311","seller":"valor2s","symbol":"POB","quantity":"2.17569861","price":"1.64830014","timestamp":1621577775,"volume":"3.58620432","buyTxId":"MM-P-7135889-54076090-3-2-0","sellTxId":"a2c695dc899dd63b573eef12da419e4dbd615bc2"}
{"index": {"_index":"pob","_id":"1074682"}}
	{"id":1074682,"type":"buy","buyer":"frot","seller":"solovey6o2","symbol":"POB","quantity":"67.33319385","price":"1.69199995","timestamp":1621578477,"volume":"113.92776063","buyTxId":"3a6d57dfcfb37cc888d4b0db7b23e79f5b8ec59f","sellTxId":"d42dd65aca75699b3dc2cc4c2fda8cdb9bda4585"}
{"index": {"_index":"pob","_id":"1074683"}}
	{"id":1074683,"type":"buy","buyer":"frot","seller":"freebornsociety","symbol":"POB","quantity":"6.66680615","price":"1.69199996","timestamp":1621578477,"volume":"11.28023574","buyTxId":"3a6d57dfcfb37cc888d4b0db7b23e79f5b8ec59f","sellTxId":"MM-P-7136046-54076264-3-1-1"}
{"index": {"_index":"pob","_id":"1074689"}}
	{"id":1074689,"type":"sell","buyer":"amr008.cold","seller":"stickupboys","symbol":"POB","quantity":"4.00000000","price":"1.65100000","timestamp":1621578780,"volume":"6.60400000","buyTxId":"5c22ab7986b4c78e72740876d867fddc9344af5c","sellTxId":"92730fd2e4d4e35f078051931eeda752b84b0baf"}
{"index": {"_index":"pob","_id":"1074690"}}
	{"id":1074690,"type":"buy","buyer":"solovey6o2","seller":"stickupboys","symbol":"POB","quantity":"1.00000000","price":"1.65100000","timestamp":1621578780,"volume":"1.65100000","buyTxId":"de14747fa137bf25c142005430b794b39cf7ceb3","sellTxId":"92730fd2e4d4e35f078051931eeda752b84b0baf"}
{"index": {"_index":"pob","_id":"1074692"}}
	{"id":1074692,"type":"sell","buyer":"solovey6o2","seller":"josediccus","symbol":"POB","quantity":"5.00000000","price":"1.65062002","timestamp":1621578846,"volume":"8.25310010","buyTxId":"37eff079eea5309ccdcd6d29d8073a7a334a4e54","sellTxId":"ecdb9798e351cb38fd065db3f4b304b7bd355d74"}
{"index": {"_index":"pob","_id":"1074702"}}
	{"id":1074702,"type":"sell","buyer":"solovey6o2","seller":"chubb149","symbol":"POB","quantity":"6.00000000","price":"1.65068006","timestamp":1621579950,"volume":"9.90408036","buyTxId":"39b9e69dfd3c51aef0cf4a623202777ecb090856","sellTxId":"9ece06906c0c5b9ac341afb9213122a8018f95c2"}
{"index": {"_index":"pob","_id":"1074708"}}
	{"id":1074708,"type":"sell","buyer":"solovey6o2","seller":"stayten","symbol":"POB","quantity":"0.92979865","price":"1.65069007","timestamp":1621580364,"volume":"1.53480940","buyTxId":"9caab8597bffff4b6880beb9435d8e5503545ff1","sellTxId":"353b7a1bc17517f1fe4641d8258fea90335454ac"}
{"index": {"_index":"pob","_id":"1074729"}}
	{"id":1074729,"type":"sell","buyer":"solovey6o2","seller":"ahmetay","symbol":"POB","quantity":"0.00345942","price":"1.65071009","timestamp":1621581534,"volume":"0.00571050","buyTxId":"c6a848a26014455e8ca9d6108facf4e967b3ecba","sellTxId":"689bfe01bc0cb0810dd07e4702a2d1cccc68209d"}
{"index": {"_index":"pob","_id":"1074732"}}
	{"id":1074732,"type":"sell","buyer":"solovey6o2","seller":"failingforwards","symbol":"POB","quantity":"35.47637748","price":"1.65071009","timestamp":1621581630,"volume":"58.56121426","buyTxId":"c6a848a26014455e8ca9d6108facf4e967b3ecba","sellTxId":"a3d7d638abf06979e39c27da5f649ce348a6eb74"}
{"index": {"_index":"pob","_id":"1074745"}}
	{"id":1074745,"type":"sell","buyer":"bluesniper","seller":"steevc","symbol":"POB","quantity":"2.00000000","price":"1.65073010","timestamp":1621582284,"volume":"3.30146020","buyTxId":"MM-B-7137212-54077588-3-0-0","sellTxId":"f9beff0c4baa0c6153cff709bbade40866489a03"}
{"index": {"_index":"pob","_id":"1074774"}}
	{"id":1074774,"type":"sell","buyer":"solovey6o2","seller":"thegoliath","symbol":"POB","quantity":"12.32983984","price":"1.65074012","timestamp":1621583055,"volume":"20.35336130","buyTxId":"7b3d3109f956801a7faefffcf19e0ea2b0036517","sellTxId":"155fbe4894fa8c8378fddaa8e9c58010f44e6f0e"}
{"index": {"_index":"pob","_id":"1074778"}}
	{"id":1074778,"type":"sell","buyer":"mmmmkkkk311","seller":"jersteemit","symbol":"POB","quantity":"1.04439912","price":"1.65075012","timestamp":1621583166,"volume":"1.72404197","buyTxId":"MM-P-7137484-54077886-3-2-0","sellTxId":"77ceae6bac3e720a9e290b6433789d84180ac867"}
{"index": {"_index":"pob","_id":"1074785"}}
	{"id":1074785,"type":"sell","buyer":"mmmmkkkk311","seller":"savagetobi","symbol":"POB","quantity":"1.02349787","price":"1.65075012","timestamp":1621583376,"volume":"1.68953923","buyTxId":"MM-P-7137484-54077886-3-2-0","sellTxId":"cf421a5197511a9f6e53b32e49e5b8e922c93b8b"}
{"index": {"_index":"pob","_id":"1074786"}}
	{"id":1074786,"type":"sell","buyer":"solovey6o2","seller":"savagetobi","symbol":"POB","quantity":"0.49793621","price":"1.65074012","timestamp":1621583376,"volume":"0.82196328","buyTxId":"7b3d3109f956801a7faefffcf19e0ea2b0036517","sellTxId":"cf421a5197511a9f6e53b32e49e5b8e922c93b8b"}
{"index": {"_index":"pob","_id":"1074819"}}
	{"id":1074819,"type":"sell","buyer":"solovey6o2","seller":"dhedge-drips","symbol":"POB","quantity":"1.35231955","price":"1.65075013","timestamp":1621583928,"volume":"2.23234167","buyTxId":"460c3bb75a1d53b9bcad6b375f27289008d42750","sellTxId":"d5742e5468bdd9bb9a32e34b87d1449565619527"}
{"index": {"_index":"pob","_id":"1074921"}}
	{"id":1074921,"type":"sell","buyer":"solovey6o2","seller":"evegrace","symbol":"POB","quantity":"21.00000000","price":"1.65085023","timestamp":1621587240,"volume":"34.66785483","buyTxId":"d7fb94c6ff45320d01abb416ef407d53fa23ec66","sellTxId":"4bc20a7dea6b481503a434fb3200814e6e955c98"}
{"index": {"_index":"pob","_id":"1074936"}}
	{"id":1074936,"type":"sell","buyer":"solovey6o2","seller":"flexyg","symbol":"POB","quantity":"7.8","price":"1.65087025","timestamp":1621587930,"volume":"12.87678795","buyTxId":"0cc360fa2e02ec98164a2af73f4413032b921c94","sellTxId":"bec320fae0ddbb24560e30660e2ed80813e3c0cd"}
{"index": {"_index":"pob","_id":"1074952"}}
	{"id":1074952,"type":"sell","buyer":"solovey6o2","seller":"ddn688","symbol":"POB","quantity":"0.54543665","price":"1.65089027","timestamp":1621588524,"volume":"0.90045606","buyTxId":"302fd506de2c4045cbfcfe31be03cf08ee8486da","sellTxId":"4b27cb48bd52123ddc98425fc9ac732c96399bfa"}
{"index": {"_index":"pob","_id":"1074982"}}
	{"id":1074982,"type":"sell","buyer":"freebornsociety","seller":"nathen007","symbol":"POB","quantity":"1.06080460","price":"1.65000000","timestamp":1621589889,"volume":"1.75032759","buyTxId":"MM-P-7136046-54076264-3-1-0","sellTxId":"6585705a9cb39af630ae022698f9c722e9d4e5c8"}
{"index": {"_index":"pob","_id":"1074993"}}
	{"id":1074993,"type":"sell","buyer":"solovey6o2","seller":"romirspc","symbol":"POB","quantity":"12","price":"1.63703007","timestamp":1621590825,"volume":"19.64436084","buyTxId":"2a0e5a4e2ecb17a9712d945687b2a51bf192f12c","sellTxId":"5a0b91d79fdf723e08cd320613643bfe1f2584c9"}
{"index": {"_index":"pob","_id":"1075007"}}
	{"id":1075007,"type":"sell","buyer":"freebornsociety","seller":"elricmoonslayer","symbol":"POB","quantity":"4.40226769","price":"1.64103010","timestamp":1621591809,"volume":"7.22425379","buyTxId":"MM-P-7140007-54080760-3-1-0","sellTxId":"c477f0f22378717984868054cd415dcab3905074"}
{"index": {"_index":"pob","_id":"1075014"}}
	{"id":1075014,"type":"buy","buyer":"offgridlife","seller":"freebornsociety","symbol":"POB","quantity":"0.01000000","price":"1.64920989","timestamp":1621592130,"volume":"0.01649210","buyTxId":"d57ee1c2e73b94141d4b8fdb4715db6b9eeb9c21","sellTxId":"MM-P-7140086-54080860-3-1-0"}
{"index": {"_index":"pob","_id":"1075048"}}
	{"id":1075048,"type":"buy","buyer":"captaincryptic","seller":"mmmmkkkk311","symbol":"POB","quantity":"2.33156644","price":"1.64514980","timestamp":1621594398,"volume":"3.83577606","buyTxId":"36f5109b7285dd844da39e9f8b29f174af743ea7","sellTxId":"MM-P-7140515-54081383-3-2-1"}
{"index": {"_index":"pob","_id":"1075049"}}
	{"id":1075049,"type":"sell","buyer":"freebornsociety","seller":"andy4475","symbol":"POB","quantity":"2.32830634","price":"1.63711010","timestamp":1621594584,"volume":"3.81169383","buyTxId":"MM-P-7140575-54081458-3-1-0","sellTxId":"367f8cd65674b4891f787e0b8b17c5e7776f290f"}
{"index": {"_index":"pob","_id":"1075059"}}
	{"id":1075059,"type":"sell","buyer":"freebornsociety","seller":"slobberchops","symbol":"POB","quantity":"0.50720532","price":"1.63711010","timestamp":1621594959,"volume":"0.83035095","buyTxId":"MM-P-7140575-54081458-3-1-0","sellTxId":"6332bd444af0632818b8b83ed94eb9b0dbd0b806"}
{"index": {"_index":"pob","_id":"1075071"}}
	{"id":1075071,"type":"sell","buyer":"solovey6o2","seller":"mary-me","symbol":"POB","quantity":"3.43774060","price":"1.63502004","timestamp":1621595328,"volume":"5.62077477","buyTxId":"55f1f852fd385242ec547fa63087717a62727eba","sellTxId":"b30b0313e760e25eb7b5a007d4e706c75852d369"}
{"index": {"_index":"pob","_id":"1075075"}}
	{"id":1075075,"type":"sell","buyer":"freebornsociety","seller":"wochenblick","symbol":"POB","quantity":"4.22589197","price":"1.63602004","timestamp":1621595427,"volume":"6.91364395","buyTxId":"MM-P-7141024-54081957-3-1-0","sellTxId":"4a92052e743956d1e5462f48c6f977b160aeafdb"}
{"index": {"_index":"pob","_id":"1075094"}}
	{"id":1075094,"type":"sell","buyer":"he-index","seller":"liaminit1","symbol":"POB","quantity":"0.56719050","price":"1.63502003","timestamp":1621596186,"volume":"0.92736783","buyTxId":"40273ec2aad1353ecf5c2a45525c969cebf533c7","sellTxId":"6816801bccd329b7012619ef775ca7fc8f27581d"}
{"index": {"_index":"pob","_id":"1075100"}}
	{"id":1075100,"type":"sell","buyer":"he-index","seller":"tonytrillions","symbol":"POB","quantity":"0.00002259","price":"1.63502003","timestamp":1621596288,"volume":"0.00003694","buyTxId":"40273ec2aad1353ecf5c2a45525c969cebf533c7","sellTxId":"cde6dbada938c21fd0a3a05286af356d5e19b388"}
{"index": {"_index":"pob","_id":"1075108"}}
	{"id":1075108,"type":"sell","buyer":"he-index","seller":"aliveprojects","symbol":"POB","quantity":"0.00078149","price":"1.63502003","timestamp":1621596459,"volume":"0.00127775","buyTxId":"40273ec2aad1353ecf5c2a45525c969cebf533c7","sellTxId":"a7adf2ec2e519e7405b3f40c1a49bc3d241a8225"}
{"index": {"_index":"pob","_id":"1075132"}}
	{"id":1075132,"type":"buy","buyer":"offgridlife","seller":"freebornsociety","symbol":"POB","quantity":"0.01000000","price":"1.64313978","timestamp":1621597053,"volume":"0.01643140","buyTxId":"d6005e25e7f57a00e0b8cdf50b65234baab08298","sellTxId":"MM-P-7141024-54081957-3-1-1"}
{"index": {"_index":"pob","_id":"1075133"}}
	{"id":1075133,"type":"buy","buyer":"offgridlife","seller":"freebornsociety","symbol":"POB","quantity":"0.01000000","price":"1.64313978","timestamp":1621597062,"volume":"0.01643140","buyTxId":"a11a6323b688dd5a710776894b74357c558b2e58","sellTxId":"MM-P-7141024-54081957-3-1-1"}
{"index": {"_index":"pob","_id":"1075135"}}
	{"id":1075135,"type":"buy","buyer":"offgridlife","seller":"freebornsociety","symbol":"POB","quantity":"0.01000000","price":"1.64313978","timestamp":1621597071,"volume":"0.01643140","buyTxId":"bd70352cc7b0ed57799aaf82bc4e32e203ccc78b","sellTxId":"MM-P-7141024-54081957-3-1-1"}
{"index": {"_index":"pob","_id":"1075136"}}
	{"id":1075136,"type":"sell","buyer":"he-index","seller":"gubbatv","symbol":"POB","quantity":"10.46637646","price":"1.63502003","timestamp":1621597245,"volume":"17.11273515","buyTxId":"40273ec2aad1353ecf5c2a45525c969cebf533c7","sellTxId":"43808f06122196c2c2f3d987122e131b2183b1db"}
{"index": {"_index":"pob","_id":"1075138"}}
	{"id":1075138,"type":"sell","buyer":"he-index","seller":"brutalmonkey","symbol":"POB","quantity":"1.98000000","price":"1.63502003","timestamp":1621597902,"volume":"3.23733966","buyTxId":"40273ec2aad1353ecf5c2a45525c969cebf533c7","sellTxId":"975d2b43df333d15be589d1645a5ee932dbb33da"}
{"index": {"_index":"pob","_id":"1075141"}}
	{"id":1075141,"type":"sell","buyer":"he-index","seller":"justinparke","symbol":"POB","quantity":"2.68029742","price":"1.63502003","timestamp":1621598196,"volume":"4.38233997","buyTxId":"40273ec2aad1353ecf5c2a45525c969cebf533c7","sellTxId":"78fecf2535de6ecde2723d537d02cbf4921e96b8"}
{"index": {"_index":"pob","_id":"1075165"}}
	{"id":1075165,"type":"buy","buyer":"ezrider","seller":"solovey6o2","symbol":"POB","quantity":"107.37290840","price":"1.63910970","timestamp":1621599588,"volume":"175.99597568","buyTxId":"7c94e1b3f8ddb252c9eee42705b9c9a5811c185a","sellTxId":"fc27a005c8ff948830f31c75ea9e24e52cc77848"}
{"index": {"_index":"pob","_id":"1075166"}}
	{"id":1075166,"type":"buy","buyer":"ezrider","seller":"freebornsociety","symbol":"POB","quantity":"7.00000000","price":"1.63910971","timestamp":1621599588,"volume":"11.47376797","buyTxId":"7c94e1b3f8ddb252c9eee42705b9c9a5811c185a","sellTxId":"MM-P-7142318-54083255-3-1-1"}
{"index": {"_index":"pob","_id":"1075167"}}
	{"id":1075167,"type":"buy","buyer":"ezrider","seller":"mmmmkkkk311","symbol":"POB","quantity":"7.62709160","price":"1.64010972","timestamp":1621599588,"volume":"12.50926707","buyTxId":"7c94e1b3f8ddb252c9eee42705b9c9a5811c185a","sellTxId":"MM-P-7142243-54083180-3-2-0"}
{"index": {"_index":"pob","_id":"1075172"}}
	{"id":1075172,"type":"sell","buyer":"he-index","seller":"drunksamurai","symbol":"POB","quantity":"1.07333154","price":"1.63502003","timestamp":1621600086,"volume":"1.75491856","buyTxId":"40273ec2aad1353ecf5c2a45525c969cebf533c7","sellTxId":"91ada62f61ce901f2be5e9e8ee2a845da18a48b9"}
{"index": {"_index":"pob","_id":"1075179"}}
	{"id":1075179,"type":"buy","buyer":"scholaris","seller":"drunksamurai","symbol":"POB","quantity":"1.59016148","price":"1.63502003","timestamp":1621600236,"volume":"2.59994587","buyTxId":"24d4513796c12d617397efa921a156242315c3d3","sellTxId":"91ada62f61ce901f2be5e9e8ee2a845da18a48b9"}
{"index": {"_index":"pob","_id":"1075180"}}
	{"id":1075180,"type":"buy","buyer":"scholaris","seller":"mmmmkkkk311","symbol":"POB","quantity":"0.95828750","price":"1.64010972","timestamp":1621600236,"volume":"1.57169664","buyTxId":"24d4513796c12d617397efa921a156242315c3d3","sellTxId":"MM-P-7142243-54083180-3-2-0"}
{"index": {"_index":"pob","_id":"1075181"}}
	{"id":1075181,"type":"buy","buyer":"scholaris","seller":"freebornsociety","symbol":"POB","quantity":"7.00000000","price":"1.64542000","timestamp":1621600236,"volume":"11.51794000","buyTxId":"24d4513796c12d617397efa921a156242315c3d3","sellTxId":"MM-P-7142618-54083555-3-1-1"}
{"index": {"_index":"pob","_id":"1075182"}}
	{"id":1075182,"type":"buy","buyer":"scholaris","seller":"happyfrog420-new","symbol":"POB","quantity":"1.18361100","price":"1.64642000","timestamp":1621600236,"volume":"1.94872082","buyTxId":"24d4513796c12d617397efa921a156242315c3d3","sellTxId":"37c7c2852443339d84241d71621fd2ccf894399f"}
{"index": {"_index":"pob","_id":"1075183"}}
	{"id":1075183,"type":"buy","buyer":"scholaris","seller":"amr008.cold","symbol":"POB","quantity":"4.00000000","price":"1.65600000","timestamp":1621600236,"volume":"6.62400000","buyTxId":"24d4513796c12d617397efa921a156242315c3d3","sellTxId":"bbbb904c87bf9412631e7af98725e8432869ec43"}
{"index": {"_index":"pob","_id":"1075184"}}
	{"id":1075184,"type":"buy","buyer":"scholaris","seller":"dhedge-drips","symbol":"POB","quantity":"1.35231955","price":"1.67896999","timestamp":1621600236,"volume":"2.27050394","buyTxId":"24d4513796c12d617397efa921a156242315c3d3","sellTxId":"b50865b5653ff11351c643460aec39a22b0cfb67"}
{"index": {"_index":"pob","_id":"1075185"}}
	{"id":1075185,"type":"buy","buyer":"scholaris","seller":"phusionphil","symbol":"POB","quantity":"1.25000000","price":"1.69500000","timestamp":1621600236,"volume":"2.11875000","buyTxId":"24d4513796c12d617397efa921a156242315c3d3","sellTxId":"52d31b4bdf07c69027c045c643e0664cfa092b26"}
{"index": {"_index":"pob","_id":"1075186"}}
	{"id":1075186,"type":"buy","buyer":"scholaris","seller":"nolyoi","symbol":"POB","quantity":"0.05304977","price":"1.69560001","timestamp":1621600236,"volume":"0.08995119","buyTxId":"24d4513796c12d617397efa921a156242315c3d3","sellTxId":"d752fea48457b780a4efeaf77ac225fb725b20b0"}
{"index": {"_index":"pob","_id":"1075187"}}
	{"id":1075187,"type":"buy","buyer":"scholaris","seller":"phusionphil","symbol":"POB","quantity":"1.25000000","price":"1.71900000","timestamp":1621600236,"volume":"2.14875000","buyTxId":"24d4513796c12d617397efa921a156242315c3d3","sellTxId":"3c929da5cea49331197a6c0be1069a6605c8f0ab"}
{"index": {"_index":"pob","_id":"1075188"}}
	{"id":1075188,"type":"buy","buyer":"scholaris","seller":"phusionphil","symbol":"POB","quantity":"1.25000000","price":"1.73800000","timestamp":1621600236,"volume":"2.17250000","buyTxId":"24d4513796c12d617397efa921a156242315c3d3","sellTxId":"758db791347b6a0dffb0e1d8746ff6601691b318"}
{"index": {"_index":"pob","_id":"1075189"}}
	{"id":1075189,"type":"buy","buyer":"scholaris","seller":"phusionphil","symbol":"POB","quantity":"1.25000000","price":"1.75700000","timestamp":1621600236,"volume":"2.19625000","buyTxId":"24d4513796c12d617397efa921a156242315c3d3","sellTxId":"e00891c42a5fda07ec19e484c67583dff7d0bfa2"}
{"index": {"_index":"pob","_id":"1075190"}}
	{"id":1075190,"type":"buy","buyer":"scholaris","seller":"phusionphil","symbol":"POB","quantity":"2.50000000","price":"1.77600000","timestamp":1621600236,"volume":"4.44000000","buyTxId":"24d4513796c12d617397efa921a156242315c3d3","sellTxId":"a59ddc2a11f16fff78b50564c86b1f65bd0b8588"}
{"index": {"_index":"pob","_id":"1075191"}}
	{"id":1075191,"type":"buy","buyer":"scholaris","seller":"phusionphil","symbol":"POB","quantity":"2.50000000","price":"1.79500000","timestamp":1621600236,"volume":"4.48750000","buyTxId":"24d4513796c12d617397efa921a156242315c3d3","sellTxId":"4b95c731167813a8655137563f0146caf28c7ec4"}
{"index": {"_index":"pob","_id":"1075192"}}
	{"id":1075192,"type":"buy","buyer":"scholaris","seller":"antonym","symbol":"POB","quantity":"5.24347013","price":"1.80000000","timestamp":1621600236,"volume":"9.43824623","buyTxId":"24d4513796c12d617397efa921a156242315c3d3","sellTxId":"c074c8127594db6e6a69b4f584916b76f2addbcd"}
{"index": {"_index":"pob","_id":"1075193"}}
	{"id":1075193,"type":"buy","buyer":"scholaris","seller":"phusionphil","symbol":"POB","quantity":"2.50000000","price":"1.81900000","timestamp":1621600236,"volume":"4.54750000","buyTxId":"24d4513796c12d617397efa921a156242315c3d3","sellTxId":"ff714867cf2eedd7d75814ae38326deb7ee958ae"}
{"index": {"_index":"pob","_id":"1075194"}}
	{"id":1075194,"type":"buy","buyer":"scholaris","seller":"phusionphil","symbol":"POB","quantity":"2.50000000","price":"1.83800000","timestamp":1621600236,"volume":"4.59500000","buyTxId":"24d4513796c12d617397efa921a156242315c3d3","sellTxId":"71dd2691092498897958cd92fe66674f054485da"}
{"index": {"_index":"pob","_id":"1075195"}}
	{"id":1075195,"type":"buy","buyer":"scholaris","seller":"algotraderx","symbol":"POB","quantity":"1.00000000","price":"1.83800000","timestamp":1621600236,"volume":"1.83800000","buyTxId":"24d4513796c12d617397efa921a156242315c3d3","sellTxId":"535820af73c2f9425c9f4f77cd1721ee165c33ca"}
{"index": {"_index":"pob","_id":"1075196"}}
	{"id":1075196,"type":"buy","buyer":"scholaris","seller":"antonym","symbol":"POB","quantity":"3.32945716","price":"1.85000000","timestamp":1621600236,"volume":"6.15949575","buyTxId":"24d4513796c12d617397efa921a156242315c3d3","sellTxId":"a4dcd6c06069963da0103d8dd562e03bd7c577a7"}
{"index": {"_index":"pob","_id":"1075197"}}
	{"id":1075197,"type":"buy","buyer":"scholaris","seller":"phusionphil","symbol":"POB","quantity":"2.50000000","price":"1.85700000","timestamp":1621600236,"volume":"4.64250000","buyTxId":"24d4513796c12d617397efa921a156242315c3d3","sellTxId":"4ebe92433df1b0ed31772cdba3253aa1ca4ae4e2"}
{"index": {"_index":"pob","_id":"1075198"}}
	{"id":1075198,"type":"buy","buyer":"scholaris","seller":"marvinix","symbol":"POB","quantity":"1.70000000","price":"1.86297000","timestamp":1621600236,"volume":"3.16704900","buyTxId":"24d4513796c12d617397efa921a156242315c3d3","sellTxId":"c6f102dde179bd8e971d069fb563f1f7307d1042"}
{"index": {"_index":"pob","_id":"1075199"}}
	{"id":1075199,"type":"buy","buyer":"scholaris","seller":"phusionphil","symbol":"POB","quantity":"2.50000000","price":"1.87600000","timestamp":1621600236,"volume":"4.69000000","buyTxId":"24d4513796c12d617397efa921a156242315c3d3","sellTxId":"d5c6ef32335acc4a0e64f69a6be87381baf52470"}
{"index": {"_index":"pob","_id":"1075200"}}
	{"id":1075200,"type":"buy","buyer":"scholaris","seller":"bluesniper","symbol":"POB","quantity":"15.00000000","price":"1.87999000","timestamp":1621600236,"volume":"28.19985000","buyTxId":"24d4513796c12d617397efa921a156242315c3d3","sellTxId":"MM-B-7142244-54083181-3-0-1"}
{"index": {"_index":"pob","_id":"1075201"}}
	{"id":1075201,"type":"buy","buyer":"scholaris","seller":"scooter77","symbol":"POB","quantity":"20.00000000","price":"1.88000000","timestamp":1621600236,"volume":"37.60000000","buyTxId":"24d4513796c12d617397efa921a156242315c3d3","sellTxId":"2ed70ba99cfba5ac704aa363606eba838d54d9ed"}
{"index": {"_index":"pob","_id":"1075202"}}
	{"id":1075202,"type":"buy","buyer":"scholaris","seller":"phusionphil","symbol":"POB","quantity":"2.50000000","price":"1.89500000","timestamp":1621600236,"volume":"4.73750000","buyTxId":"24d4513796c12d617397efa921a156242315c3d3","sellTxId":"ed4ca019d2a92d9cfceb8399cb4a139f83461b12"}
{"index": {"_index":"pob","_id":"1075203"}}
	{"id":1075203,"type":"buy","buyer":"scholaris","seller":"liotes.voter","symbol":"POB","quantity":"6.63866820","price":"1.89999501","timestamp":1621600236,"volume":"12.61343645","buyTxId":"24d4513796c12d617397efa921a156242315c3d3","sellTxId":"71fdc9196744ad33de0b44786f5d2f07479805c2"}
{"index": {"_index":"pob","_id":"1075204"}}
	{"id":1075204,"type":"buy","buyer":"scholaris","seller":"antonym","symbol":"POB","quantity":"2.23311655","price":"1.90000000","timestamp":1621600236,"volume":"4.24292145","buyTxId":"24d4513796c12d617397efa921a156242315c3d3","sellTxId":"83d0897a9ceee69c526a111b65a814ae4d013507"}
{"index": {"_index":"pob","_id":"1075205"}}
	{"id":1075205,"type":"buy","buyer":"scholaris","seller":"cookaiss","symbol":"POB","quantity":"10.00000000","price":"1.90999999","timestamp":1621600236,"volume":"19.09999990","buyTxId":"24d4513796c12d617397efa921a156242315c3d3","sellTxId":"91e9be18189e9f2a974d082c61820eb6a45c636f"}
{"index": {"_index":"pob","_id":"1075206"}}
	{"id":1075206,"type":"buy","buyer":"scholaris","seller":"regenerette","symbol":"POB","quantity":"441.48637744","price":"1.91000000","timestamp":1621600236,"volume":"843.23898091","buyTxId":"24d4513796c12d617397efa921a156242315c3d3","sellTxId":"2221f8099311136b6ec2c352c578941356d49ead"}
{"index": {"_index":"pob","_id":"1075207"}}
	{"id":1075207,"type":"buy","buyer":"scholaris","seller":"he-index","symbol":"POB","quantity":"0.01800000","price":"1.91000000","timestamp":1621600236,"volume":"0.03438000","buyTxId":"24d4513796c12d617397efa921a156242315c3d3","sellTxId":"189d3520eb1fef13cca263b4023a5d3f8ec57e18"}
{"index": {"_index":"pob","_id":"1075208"}}
	{"id":1075208,"type":"buy","buyer":"scholaris","seller":"phusionphil","symbol":"POB","quantity":"2.50000000","price":"1.91900000","timestamp":1621600236,"volume":"4.79750000","buyTxId":"24d4513796c12d617397efa921a156242315c3d3","sellTxId":"3d539f250872223a16516169a9b809d6526e1416"}
{"index": {"_index":"pob","_id":"1075209"}}
	{"id":1075209,"type":"buy","buyer":"scholaris","seller":"regenerette","symbol":"POB","quantity":"35.90319367","price":"1.92000000","timestamp":1621600236,"volume":"68.93413185","buyTxId":"24d4513796c12d617397efa921a156242315c3d3","sellTxId":"d4a81231d6b166d0aca666aaa597ecb3976851cb"}
{"index": {"_index":"pob","_id":"1075213"}}
	{"id":1075213,"type":"buy","buyer":"jeffjagoe","seller":"regenerette","symbol":"POB","quantity":"7.67765671","price":"1.92000000","timestamp":1621600458,"volume":"14.74110088","buyTxId":"4efd63592d1040d79fe09d53fafee72393267de5","sellTxId":"d4a81231d6b166d0aca666aaa597ecb3976851cb"}
{"index": {"_index":"pob","_id":"1075222"}}
	{"id":1075222,"type":"buy","buyer":"he-index","seller":"regenerette","symbol":"POB","quantity":"1.40500000","price":"1.92000000","timestamp":1621600692,"volume":"2.69760000","buyTxId":"08fcc7912f5e037668a1b22c68236ca6704170fc","sellTxId":"d4a81231d6b166d0aca666aaa597ecb3976851cb"}
{"index": {"_index":"pob","_id":"1075262"}}
	{"id":1075262,"type":"sell","buyer":"amr008.cold","seller":"liaminit1","symbol":"POB","quantity":"1.43826467","price":"1.62440000","timestamp":1621601724,"volume":"2.33631713","buyTxId":"485b8671ea07c58d66018695e3300b9226a91aaf","sellTxId":"3046c609e9d568941c1fd77912e018e31d8f6368"}
{"index": {"_index":"pob","_id":"1075274"}}
	{"id":1075274,"type":"buy","buyer":"jeffjagoe","seller":"gungunkrishu","symbol":"POB","quantity":"3.00000000","price":"1.78000000","timestamp":1621602522,"volume":"5.34000000","buyTxId":"d69bf1775c0878ab8a69782014bcdee09684c667","sellTxId":"83f36edc1a405d548262524982ddecb8227bff75"}
{"index": {"_index":"pob","_id":"1075275"}}
	{"id":1075275,"type":"buy","buyer":"jeffjagoe","seller":"elricmoonslayer","symbol":"POB","quantity":"21.40020092","price":"1.79000000","timestamp":1621602552,"volume":"38.30635965","buyTxId":"1bcf5867da927f9b470fef6492503c7790ceb50f","sellTxId":"30a3272a1287980b04006d8289118b65ac2c72a9"}
{"index": {"_index":"pob","_id":"1075278"}}
	{"id":1075278,"type":"buy","buyer":"jeffjagoe","seller":"freebornsociety","symbol":"POB","quantity":"7.00000000","price":"1.79800000","timestamp":1621602582,"volume":"12.58600000","buyTxId":"14f74b17b1fa046ca66d59212331431c425a36b5","sellTxId":"MM-P-7143316-54084254-3-1-1"}
{"index": {"_index":"pob","_id":"1075279"}}
	{"id":1075279,"type":"buy","buyer":"jeffjagoe","seller":"melbourneswest","symbol":"POB","quantity":"6.41449530","price":"1.80000000","timestamp":1621602582,"volume":"11.54609154","buyTxId":"14f74b17b1fa046ca66d59212331431c425a36b5","sellTxId":"3c19b55a890000d27ffd47e07fc064c3e7b4cc9f"}
{"index": {"_index":"pob","_id":"1075280"}}
	{"id":1075280,"type":"buy","buyer":"jeffjagoe","seller":"bluesniper","symbol":"POB","quantity":"15.00000000","price":"1.91899000","timestamp":1621602582,"volume":"28.78485000","buyTxId":"14f74b17b1fa046ca66d59212331431c425a36b5","sellTxId":"MM-B-7143242-54084180-3-0-1"}
{"index": {"_index":"pob","_id":"1075281"}}
	{"id":1075281,"type":"buy","buyer":"jeffjagoe","seller":"daniky","symbol":"POB","quantity":"38.00000000","price":"1.91900000","timestamp":1621602582,"volume":"72.92200000","buyTxId":"14f74b17b1fa046ca66d59212331431c425a36b5","sellTxId":"a6dd934deb293bdb7b158c126032429045eae30d"}
{"index": {"_index":"pob","_id":"1075282"}}
	{"id":1075282,"type":"buy","buyer":"jeffjagoe","seller":"regenerette","symbol":"POB","quantity":"173.58550470","price":"1.92000000","timestamp":1621602582,"volume":"333.28416902","buyTxId":"14f74b17b1fa046ca66d59212331431c425a36b5","sellTxId":"d4a81231d6b166d0aca666aaa597ecb3976851cb"}
{"index": {"_index":"pob","_id":"1075285"}}
	{"id":1075285,"type":"buy","buyer":"jeffjagoe","seller":"regenerette","symbol":"POB","quantity":"65.42864492","price":"1.92000000","timestamp":1621602630,"volume":"125.62299825","buyTxId":"1185fbc15d4850a79db07c9c59491c7e45b18d62","sellTxId":"d4a81231d6b166d0aca666aaa597ecb3976851cb"}
{"index": {"_index":"pob","_id":"1075286"}}
	{"id":1075286,"type":"buy","buyer":"jeffjagoe","seller":"freebornsociety","symbol":"POB","quantity":"7.00000000","price":"1.93700000","timestamp":1621602630,"volume":"13.55900000","buyTxId":"1185fbc15d4850a79db07c9c59491c7e45b18d62","sellTxId":"MM-P-7143416-54084354-3-1-0"}
{"index": {"_index":"pob","_id":"1075287"}}
	{"id":1075287,"type":"buy","buyer":"jeffjagoe","seller":"phusionphil","symbol":"POB","quantity":"2.50000000","price":"1.93800000","timestamp":1621602630,"volume":"4.84500000","buyTxId":"1185fbc15d4850a79db07c9c59491c7e45b18d62","sellTxId":"b750a9f3974cfee5c458d1f49b4f8d58f13e3e67"}
{"index": {"_index":"pob","_id":"1075288"}}
	{"id":1075288,"type":"buy","buyer":"jeffjagoe","seller":"cookaiss","symbol":"POB","quantity":"5.44914244","price":"1.95000000","timestamp":1621602630,"volume":"10.62582776","buyTxId":"1185fbc15d4850a79db07c9c59491c7e45b18d62","sellTxId":"33dda658ed092835dfc4f9f4e604d23a112d1222"}
{"index": {"_index":"pob","_id":"1075289"}}
	{"id":1075289,"type":"buy","buyer":"jeffjagoe","seller":"hranhuk","symbol":"POB","quantity":"92.00000000","price":"1.95000000","timestamp":1621602630,"volume":"179.40000000","buyTxId":"1185fbc15d4850a79db07c9c59491c7e45b18d62","sellTxId":"028096f4022f3a52ea8d7a6b3e8a69d25ea20e18"}
{"index": {"_index":"pob","_id":"1075290"}}
	{"id":1075290,"type":"buy","buyer":"jeffjagoe","seller":"phusionphil","symbol":"POB","quantity":"2.50000000","price":"1.95700000","timestamp":1621602630,"volume":"4.89250000","buyTxId":"1185fbc15d4850a79db07c9c59491c7e45b18d62","sellTxId":"3238d95c779647feb13c7b1d8acb9e78cd248c92"}
{"index": {"_index":"pob","_id":"1075291"}}
	{"id":1075291,"type":"buy","buyer":"jeffjagoe","seller":"phusionphil","symbol":"POB","quantity":"2.50000000","price":"1.97600000","timestamp":1621602630,"volume":"4.94000000","buyTxId":"1185fbc15d4850a79db07c9c59491c7e45b18d62","sellTxId":"4a7aaf3abc24e3f3fc32923ffe1673b9537b3107"}
{"index": {"_index":"pob","_id":"1075292"}}
	{"id":1075292,"type":"buy","buyer":"jeffjagoe","seller":"scooter77","symbol":"POB","quantity":"20.00000000","price":"1.98998000","timestamp":1621602630,"volume":"39.79960000","buyTxId":"1185fbc15d4850a79db07c9c59491c7e45b18d62","sellTxId":"1625c831ffaf1eea463e1dfd338e98d162ebeeb5"}
{"index": {"_index":"pob","_id":"1075293"}}
	{"id":1075293,"type":"buy","buyer":"jeffjagoe","seller":"thatgermandude","symbol":"POB","quantity":"30.00000000","price":"1.99000000","timestamp":1621602630,"volume":"59.70000000","buyTxId":"1185fbc15d4850a79db07c9c59491c7e45b18d62","sellTxId":"53f5a6cbc46b71c5137b7a08de3158178a2d7dfa"}
{"index": {"_index":"pob","_id":"1075294"}}
	{"id":1075294,"type":"buy","buyer":"jeffjagoe","seller":"quekery","symbol":"POB","quantity":"2.78402269","price":"1.99000000","timestamp":1621602630,"volume":"5.54020515","buyTxId":"1185fbc15d4850a79db07c9c59491c7e45b18d62","sellTxId":"9adc035578b9998b518e227af02fe96d3e1733dc"}
{"index": {"_index":"pob","_id":"1075295"}}
	{"id":1075295,"type":"buy","buyer":"jeffjagoe","seller":"phusionphil","symbol":"POB","quantity":"2.50000000","price":"1.99500000","timestamp":1621602630,"volume":"4.98750000","buyTxId":"1185fbc15d4850a79db07c9c59491c7e45b18d62","sellTxId":"892460404edc2c113a3913149bcbffb8c3f9c802"}
{"index": {"_index":"pob","_id":"1075296"}}
	{"id":1075296,"type":"buy","buyer":"jeffjagoe","seller":"hansvonkatte","symbol":"POB","quantity":"1.99028351","price":"1.99700000","timestamp":1621602630,"volume":"3.97459617","buyTxId":"1185fbc15d4850a79db07c9c59491c7e45b18d62","sellTxId":"eb626be6a3bed6936cfb34971dba841cd6ef1b39"}
{"index": {"_index":"pob","_id":"1075297"}}
	{"id":1075297,"type":"buy","buyer":"jeffjagoe","seller":"hansvonkatte","symbol":"POB","quantity":"0.28688736","price":"1.99800000","timestamp":1621602630,"volume":"0.57320095","buyTxId":"1185fbc15d4850a79db07c9c59491c7e45b18d62","sellTxId":"f1b2b490478ccf921a31e102e76a29bf1f13139a"}
{"index": {"_index":"pob","_id":"1075298"}}
	{"id":1075298,"type":"buy","buyer":"jeffjagoe","seller":"neshk","symbol":"POB","quantity":"0.88465589","price":"1.99997000","timestamp":1621602630,"volume":"1.76928524","buyTxId":"1185fbc15d4850a79db07c9c59491c7e45b18d62","sellTxId":"ba751e02bd66a3777b767098fa3e901306f02cc9"}
{"index": {"_index":"pob","_id":"1075299"}}
	{"id":1075299,"type":"buy","buyer":"jeffjagoe","seller":"brofi-market","symbol":"POB","quantity":"22.33585476","price":"1.99999400","timestamp":1621602630,"volume":"44.67157550","buyTxId":"1185fbc15d4850a79db07c9c59491c7e45b18d62","sellTxId":"4b0f6bd13f6590209ab1348de9b19049920d39f3"}
{"index": {"_index":"pob","_id":"1075300"}}
	{"id":1075300,"type":"buy","buyer":"jeffjagoe","seller":"leprechaun","symbol":"POB","quantity":"492.40190919","price":"2.00000000","timestamp":1621602630,"volume":"984.80381838","buyTxId":"1185fbc15d4850a79db07c9c59491c7e45b18d62","sellTxId":"adc60d8a89bc5dfeb6fcd4b7071dd8636fa7a7b5"}
{"index": {"_index":"pob","_id":"1075301"}}
	{"id":1075301,"type":"buy","buyer":"jeffjagoe","seller":"leprechaun","symbol":"POB","quantity":"44.80539103","price":"2.00000000","timestamp":1621602660,"volume":"89.61078206","buyTxId":"aa219ac0cff1e4492dd1a66dcf848ef28afe0d98","sellTxId":"adc60d8a89bc5dfeb6fcd4b7071dd8636fa7a7b5"}
{"index": {"_index":"pob","_id":"1075311"}}
	{"id":1075311,"type":"sell","buyer":"amr008.cold","seller":"chireerocks","symbol":"POB","quantity":"0.67259319","price":"1.79200000","timestamp":1621603086,"volume":"1.20528700","buyTxId":"525226d27cc3ea46ea2db205fd329eac58e9843f","sellTxId":"4094568187e2afecf5793416be0701014090bab3"}
{"index": {"_index":"pob","_id":"1075313"}}
	{"id":1075313,"type":"sell","buyer":"solovey6o2","seller":"hallmann","symbol":"POB","quantity":"3.37272231","price":"1.79000001","timestamp":1621603164,"volume":"6.03717297","buyTxId":"ee7a299272bbd158a77cb088d350335ff0048e0d","sellTxId":"4746b17a7f3f20fbcbaf8252bb122593284c3dac"}
{"index": {"_index":"pob","_id":"1075338"}}
	{"id":1075338,"type":"sell","buyer":"mmmmkkkk311","seller":"tonytrillions","symbol":"POB","quantity":"0.00000710","price":"1.79003002","timestamp":1621603572,"volume":"0.00001271","buyTxId":"MM-P-7143741-54084679-3-2-0","sellTxId":"733fcc77818b02a6bd5c0ef72f5774f63541e88d"}
{"index": {"_index":"pob","_id":"1075341"}}
	{"id":1075341,"type":"sell","buyer":"solovey6o2","seller":"liaminit1","symbol":"POB","quantity":"0.81852680","price":"1.79003003","timestamp":1621603644,"volume":"1.46518755","buyTxId":"a99fe25864b484e25b2be48a6670373378bb4f2c","sellTxId":"af7d7367c0e7c9b27acdefeef5069e3c970801f9"}
{"index": {"_index":"pob","_id":"1075343"}}
	{"id":1075343,"type":"sell","buyer":"solovey6o2","seller":"thelogicaldude","symbol":"POB","quantity":"125.10619281","price":"1.79003003","timestamp":1621603689,"volume":"223.94384207","buyTxId":"a99fe25864b484e25b2be48a6670373378bb4f2c","sellTxId":"e62e7780d60484fe1f0acfd9de3855e7e13279fb"}
{"index": {"_index":"pob","_id":"1075365"}}
	{"id":1075365,"type":"sell","buyer":"solovey6o2","seller":"juanmiguelsalas","symbol":"POB","quantity":"0.94494815","price":"1.79008006","timestamp":1621604544,"volume":"1.69153284","buyTxId":"63d52ca9ed701dda9224c409299846d115efbfac","sellTxId":"e50271d99f14b8befd8e7aa61edef08c57a54321"}
{"index": {"_index":"pob","_id":"1075366"}}
	{"id":1075366,"type":"sell","buyer":"solovey6o2","seller":"weirdestwolf","symbol":"POB","quantity":"1.7","price":"1.79008006","timestamp":1621604544,"volume":"3.04313610","buyTxId":"63d52ca9ed701dda9224c409299846d115efbfac","sellTxId":"995fdd15f8aa625e6cc9ea58a2a4865fb41ff0bd"}
{"index": {"_index":"pob","_id":"1075374"}}
	{"id":1075374,"type":"sell","buyer":"solovey6o2","seller":"mykos","symbol":"POB","quantity":"0.62419289","price":"1.79009007","timestamp":1621604841,"volume":"1.11736149","buyTxId":"f01aa2d32387195dc9167a75d7f76cee4867bc10","sellTxId":"9e8a2e7ed9affba87c21629ef5a508a3ce30798f"}
{"index": {"_index":"pob","_id":"1075375"}}
	{"id":1075375,"type":"sell","buyer":"solovey6o2","seller":"erhan92","symbol":"POB","quantity":"0.02300000","price":"1.79009007","timestamp":1621604853,"volume":"0.04117207","buyTxId":"f01aa2d32387195dc9167a75d7f76cee4867bc10","sellTxId":"9d4008a43eb072b7637fc3a1eac28b59f695f428"}
{"index": {"_index":"pob","_id":"1075392"}}
	{"id":1075392,"type":"sell","buyer":"solovey6o2","seller":"charcoalbuffet","symbol":"POB","quantity":"0.86052200","price":"1.79011008","timestamp":1621605279,"volume":"1.54042911","buyTxId":"315ef0309a725bfef0cd6da031a3954c79793fde","sellTxId":"e345848fc0b1649bff7c3e1034f1e17c08e63bb1"}
{"index": {"_index":"pob","_id":"1075416"}}
	{"id":1075416,"type":"buy","buyer":"onealfa.leo","seller":"antonym","symbol":"POB","quantity":"1.10778065","price":"1.99000000","timestamp":1621605846,"volume":"2.20448349","buyTxId":"070caa4e756150a9312fa55cdc958787e0c1899a","sellTxId":"6a2ea4a4ecdd1fdbc349f36e4d83212eb27d490d"}
{"index": {"_index":"pob","_id":"1075417"}}
	{"id":1075417,"type":"buy","buyer":"onealfa.leo","seller":"mmmmkkkk311","symbol":"POB","quantity":"1.13200135","price":"1.99196991","timestamp":1621605846,"volume":"2.25491263","buyTxId":"070caa4e756150a9312fa55cdc958787e0c1899a","sellTxId":"MM-P-7144440-54085379-3-2-1"}
{"index": {"_index":"pob","_id":"1075418"}}
	{"id":1075418,"type":"buy","buyer":"onealfa.leo","seller":"solovey6o2","symbol":"POB","quantity":"119.24849376","price":"1.99197991","timestamp":1621605846,"volume":"237.54060388","buyTxId":"070caa4e756150a9312fa55cdc958787e0c1899a","sellTxId":"f822fe44f6c8e1213c8871bec0fd938879d864cb"}
{"index": {"_index":"pob","_id":"1075427"}}
	{"id":1075427,"type":"buy","buyer":"onealfa.leo","seller":"solovey6o2","symbol":"POB","quantity":"14.20161120","price":"1.99097990","timestamp":1621606041,"volume":"28.27512245","buyTxId":"a7d4d03f3289f9db2ab62cc96a27bb0431af1196","sellTxId":"c71f97e575017d02efa8f4ef2ec43ac8c290c4c7"}
{"index": {"_index":"pob","_id":"1075428"}}
	{"id":1075428,"type":"buy","buyer":"onealfa.leo","seller":"freebornsociety","symbol":"POB","quantity":"4.09110712","price":"1.99097991","timestamp":1621606041,"volume":"8.14531209","buyTxId":"a7d4d03f3289f9db2ab62cc96a27bb0431af1196","sellTxId":"MM-P-7144515-54085454-3-1-0"}
{"index": {"_index":"pob","_id":"1075429"}}
	{"id":1075429,"type":"buy","buyer":"onealfa.leo","seller":"bluesniper","symbol":"POB","quantity":"15.00000000","price":"1.99996000","timestamp":1621606041,"volume":"29.99940000","buyTxId":"a7d4d03f3289f9db2ab62cc96a27bb0431af1196","sellTxId":"MM-B-7144441-54085380-3-0-1"}
{"index": {"_index":"pob","_id":"1075430"}}
	{"id":1075430,"type":"buy","buyer":"onealfa.leo","seller":"leprechaun","symbol":"POB","quantity":"461.94037461","price":"2.00000000","timestamp":1621606041,"volume":"923.88074922","buyTxId":"a7d4d03f3289f9db2ab62cc96a27bb0431af1196","sellTxId":"adc60d8a89bc5dfeb6fcd4b7071dd8636fa7a7b5"}
{"index": {"_index":"pob","_id":"1075431"}}
	{"id":1075431,"type":"buy","buyer":"onealfa.leo","seller":"pardinus","symbol":"POB","quantity":"2.00000000","price":"2.00000000","timestamp":1621606041,"volume":"4.00000000","buyTxId":"a7d4d03f3289f9db2ab62cc96a27bb0431af1196","sellTxId":"c473016bf8ca13d23c646742ee454342b9554b6d"}
{"index": {"_index":"pob","_id":"1075432"}}
	{"id":1075432,"type":"buy","buyer":"onealfa.leo","seller":"imfarhad","symbol":"POB","quantity":"10.00000000","price":"2.00000000","timestamp":1621606041,"volume":"20.00000000","buyTxId":"a7d4d03f3289f9db2ab62cc96a27bb0431af1196","sellTxId":"ec63068ca672d08650ea77c08e78e4391af9f242"}
{"index": {"_index":"pob","_id":"1075433"}}
	{"id":1075433,"type":"buy","buyer":"onealfa.leo","seller":"vempromundo","symbol":"POB","quantity":"50.00000000","price":"2.00000000","timestamp":1621606041,"volume":"100.00000000","buyTxId":"a7d4d03f3289f9db2ab62cc96a27bb0431af1196","sellTxId":"1722cb929f721eb5f0fb9de6699b6c9101adabc6"}
{"index": {"_index":"pob","_id":"1075434"}}
	{"id":1075434,"type":"buy","buyer":"onealfa.leo","seller":"hivecoffee","symbol":"POB","quantity":"10.00000000","price":"2.00000000","timestamp":1621606041,"volume":"20.00000000","buyTxId":"a7d4d03f3289f9db2ab62cc96a27bb0431af1196","sellTxId":"d8db4688cd598a9769427c1854457d109f418192"}
{"index": {"_index":"pob","_id":"1075435"}}
	{"id":1075435,"type":"buy","buyer":"onealfa.leo","seller":"tgd-links","symbol":"POB","quantity":"5.00000000","price":"2.00000000","timestamp":1621606041,"volume":"10.00000000","buyTxId":"a7d4d03f3289f9db2ab62cc96a27bb0431af1196","sellTxId":"15916360527dc9edb65adfbb66d8be4b5f3880e2"}
{"index": {"_index":"pob","_id":"1075436"}}
	{"id":1075436,"type":"buy","buyer":"onealfa.leo","seller":"honusurf","symbol":"POB","quantity":"1.50000000","price":"2.00000000","timestamp":1621606041,"volume":"3.00000000","buyTxId":"a7d4d03f3289f9db2ab62cc96a27bb0431af1196","sellTxId":"629acd77938e0ef072eb179fbacc73211c8fe29f"}
{"index": {"_index":"pob","_id":"1075437"}}
	{"id":1075437,"type":"buy","buyer":"onealfa.leo","seller":"fernandosoder","symbol":"POB","quantity":"0.40387361","price":"2.00000000","timestamp":1621606041,"volume":"0.80774722","buyTxId":"a7d4d03f3289f9db2ab62cc96a27bb0431af1196","sellTxId":"7ae2f579c673b3d9b09e992d74674103c0144310"}
{"index": {"_index":"pob","_id":"1075438"}}
	{"id":1075438,"type":"buy","buyer":"onealfa.leo","seller":"fernandosoder","symbol":"POB","quantity":"0.04977105","price":"2.00000000","timestamp":1621606041,"volume":"0.09954210","buyTxId":"a7d4d03f3289f9db2ab62cc96a27bb0431af1196","sellTxId":"9ce2c7f9b12274048cda47d6d41eae4d7e9df329"}
{"index": {"_index":"pob","_id":"1075439"}}
	{"id":1075439,"type":"buy","buyer":"onealfa.leo","seller":"eirik","symbol":"POB","quantity":"0.65000000","price":"2.00000000","timestamp":1621606041,"volume":"1.30000000","buyTxId":"a7d4d03f3289f9db2ab62cc96a27bb0431af1196","sellTxId":"5dc114328075cdd0eb0fa2aeee0a44d94b816b9c"}
{"index": {"_index":"pob","_id":"1075440"}}
	{"id":1075440,"type":"buy","buyer":"onealfa.leo","seller":"zerga","symbol":"POB","quantity":"57.36000000","price":"2.00000000","timestamp":1621606041,"volume":"114.72000000","buyTxId":"a7d4d03f3289f9db2ab62cc96a27bb0431af1196","sellTxId":"1441a3e2b21118d52acbeba24d50363e8ae340d6"}
{"index": {"_index":"pob","_id":"1075441"}}
	{"id":1075441,"type":"buy","buyer":"onealfa.leo","seller":"darkflame","symbol":"POB","quantity":"1.00000000","price":"2.00000000","timestamp":1621606041,"volume":"2.00000000","buyTxId":"a7d4d03f3289f9db2ab62cc96a27bb0431af1196","sellTxId":"a2c34eab7bf2ed6330de0070d88dfaf4fb3ad7af"}
{"index": {"_index":"pob","_id":"1075442"}}
	{"id":1075442,"type":"buy","buyer":"onealfa.leo","seller":"skylinebuds","symbol":"POB","quantity":"30.00000000","price":"2.00000000","timestamp":1621606041,"volume":"60.00000000","buyTxId":"a7d4d03f3289f9db2ab62cc96a27bb0431af1196","sellTxId":"454414bef0114d6e85e49876e1474f247320caa1"}
{"index": {"_index":"pob","_id":"1075443"}}
	{"id":1075443,"type":"buy","buyer":"onealfa.leo","seller":"phusionphil","symbol":"POB","quantity":"5.00000000","price":"2.01900000","timestamp":1621606041,"volume":"10.09500000","buyTxId":"a7d4d03f3289f9db2ab62cc96a27bb0431af1196","sellTxId":"e0107e46c35d5e77f0e87e753672dc13a6a1c5b1"}
{"index": {"_index":"pob","_id":"1075444"}}
	{"id":1075444,"type":"buy","buyer":"onealfa.leo","seller":"phusionphil","symbol":"POB","quantity":"5.00000000","price":"2.03800000","timestamp":1621606041,"volume":"10.19000000","buyTxId":"a7d4d03f3289f9db2ab62cc96a27bb0431af1196","sellTxId":"53da1a5c39d4eff4b66a7d9e367af19ade04d92f"}
{"index": {"_index":"pob","_id":"1075445"}}
	{"id":1075445,"type":"buy","buyer":"onealfa.leo","seller":"phusionphil","symbol":"POB","quantity":"5.00000000","price":"2.05700000","timestamp":1621606041,"volume":"10.28500000","buyTxId":"a7d4d03f3289f9db2ab62cc96a27bb0431af1196","sellTxId":"7874d59497c8e301afe5b24b62a1d01754026a74"}
{"index": {"_index":"pob","_id":"1075446"}}
	{"id":1075446,"type":"buy","buyer":"onealfa.leo","seller":"phusionphil","symbol":"POB","quantity":"5.00000000","price":"2.07600000","timestamp":1621606041,"volume":"10.38000000","buyTxId":"a7d4d03f3289f9db2ab62cc96a27bb0431af1196","sellTxId":"d7271cd9fc6b160d50c6b1cb9b4f8cb13a11279d"}
{"index": {"_index":"pob","_id":"1075447"}}
	{"id":1075447,"type":"buy","buyer":"onealfa.leo","seller":"no-advice","symbol":"POB","quantity":"50.00000000","price":"2.09000000","timestamp":1621606041,"volume":"104.50000000","buyTxId":"a7d4d03f3289f9db2ab62cc96a27bb0431af1196","sellTxId":"d17b362a33a0aa8100960c83c9449bbc7c75992c"}
{"index": {"_index":"pob","_id":"1075448"}}
	{"id":1075448,"type":"buy","buyer":"onealfa.leo","seller":"phusionphil","symbol":"POB","quantity":"5.00000000","price":"2.09500000","timestamp":1621606041,"volume":"10.47500000","buyTxId":"a7d4d03f3289f9db2ab62cc96a27bb0431af1196","sellTxId":"65e9483d973f5dbefe83d4b52f88fb03c26ef3ad"}
{"index": {"_index":"pob","_id":"1075449"}}
	{"id":1075449,"type":"buy","buyer":"onealfa.leo","seller":"podewils","symbol":"POB","quantity":"0.77535852","price":"2.10000000","timestamp":1621606041,"volume":"1.62825289","buyTxId":"a7d4d03f3289f9db2ab62cc96a27bb0431af1196","sellTxId":"14974e0137508d9bf4de87f1ac46e6242d38bf34"}
{"index": {"_index":"pob","_id":"1075450"}}
	{"id":1075450,"type":"buy","buyer":"onealfa.leo","seller":"master-lamps","symbol":"POB","quantity":"0.38578358","price":"2.10000000","timestamp":1621606041,"volume":"0.81014552","buyTxId":"a7d4d03f3289f9db2ab62cc96a27bb0431af1196","sellTxId":"b7c4445818b37face2c508442c4745c8c209c984"}
{"index": {"_index":"pob","_id":"1075451"}}
	{"id":1075451,"type":"buy","buyer":"onealfa.leo","seller":"phusionphil","symbol":"POB","quantity":"0.19283503","price":"2.11957600","timestamp":1621606041,"volume":"0.40872851","buyTxId":"a7d4d03f3289f9db2ab62cc96a27bb0431af1196","sellTxId":"108173b074a3e8a7af5dbeda008e1823e0d9815b"}
{"index": {"_index":"pob","_id":"1075452"}}
	{"id":1075452,"type":"sell","buyer":"solovey6o2","seller":"ykretz","symbol":"POB","quantity":"0.30000000","price":"1.79015011","timestamp":1621606065,"volume":"0.53704503","buyTxId":"b5d202799a2d3be1bedbbbbe1cecfea36613f909","sellTxId":"3c39b646c80cb2a9292ad0a8b3e15114660aef5e"}
{"index": {"_index":"pob","_id":"1075453"}}
	{"id":1075453,"type":"sell","buyer":"solovey6o2","seller":"clicmaster","symbol":"POB","quantity":"17.90713164","price":"1.79015011","timestamp":1621606086,"volume":"32.05645368","buyTxId":"b5d202799a2d3be1bedbbbbe1cecfea36613f909","sellTxId":"4ba59d4417a4455a29fcc18773b9e5f60ae0ca51"}
{"index": {"_index":"pob","_id":"1075454"}}
	{"id":1075454,"type":"buy","buyer":"onealfa.leo","seller":"phusionphil","symbol":"POB","quantity":"4.80716497","price":"2.11957600","timestamp":1621606119,"volume":"10.18915150","buyTxId":"77fb8c7db18b81a8a0c216d3f70388facf8ebd6d","sellTxId":"108173b074a3e8a7af5dbeda008e1823e0d9815b"}
{"index": {"_index":"pob","_id":"1075455"}}
	{"id":1075455,"type":"buy","buyer":"onealfa.leo","seller":"phusionphil","symbol":"POB","quantity":"5.00000000","price":"2.13800000","timestamp":1621606119,"volume":"10.69000000","buyTxId":"77fb8c7db18b81a8a0c216d3f70388facf8ebd6d","sellTxId":"72d13bf806edb1b482bccad557215732720ee448"}
{"index": {"_index":"pob","_id":"1075456"}}
	{"id":1075456,"type":"buy","buyer":"onealfa.leo","seller":"phusionphil","symbol":"POB","quantity":"5.00000000","price":"2.15700000","timestamp":1621606119,"volume":"10.78500000","buyTxId":"77fb8c7db18b81a8a0c216d3f70388facf8ebd6d","sellTxId":"570a5cfed4cbe0985a8646b53c6ab0592926d2f1"}
{"index": {"_index":"pob","_id":"1075457"}}
	{"id":1075457,"type":"buy","buyer":"onealfa.leo","seller":"phusionphil","symbol":"POB","quantity":"5.00000000","price":"2.17666950","timestamp":1621606119,"volume":"10.88334750","buyTxId":"77fb8c7db18b81a8a0c216d3f70388facf8ebd6d","sellTxId":"6eb5879f591e3d2fdb9c5dd0be516b57482661ee"}
{"index": {"_index":"pob","_id":"1075458"}}
	{"id":1075458,"type":"buy","buyer":"onealfa.leo","seller":"phusionphil","symbol":"POB","quantity":"5.00000000","price":"2.19576660","timestamp":1621606119,"volume":"10.97883300","buyTxId":"77fb8c7db18b81a8a0c216d3f70388facf8ebd6d","sellTxId":"6ba1533ee460328cf8a7d75e9d8ea6679a7cc1ed"}
{"index": {"_index":"pob","_id":"1075459"}}
	{"id":1075459,"type":"buy","buyer":"onealfa.leo","seller":"bilpcoinbpc","symbol":"POB","quantity":"1.00000000","price":"2.20000000","timestamp":1621606119,"volume":"2.20000000","buyTxId":"77fb8c7db18b81a8a0c216d3f70388facf8ebd6d","sellTxId":"1fc4c914cf1e9451399c0584a4f886e622d8a364"}
{"index": {"_index":"pob","_id":"1075460"}}
	{"id":1075460,"type":"buy","buyer":"onealfa.leo","seller":"skylinebuds","symbol":"POB","quantity":"20.00000000","price":"2.20000000","timestamp":1621606119,"volume":"44.00000000","buyTxId":"77fb8c7db18b81a8a0c216d3f70388facf8ebd6d","sellTxId":"c87e8eae1f2249ef04e022e4be6994416fb35a82"}
{"index": {"_index":"pob","_id":"1075461"}}
	{"id":1075461,"type":"buy","buyer":"onealfa.leo","seller":"phusionphil","symbol":"POB","quantity":"5.00000000","price":"2.21957600","timestamp":1621606119,"volume":"11.09788000","buyTxId":"77fb8c7db18b81a8a0c216d3f70388facf8ebd6d","sellTxId":"b3557534396c687715d4cf337d006796ee65743e"}
{"index": {"_index":"pob","_id":"1075462"}}
	{"id":1075462,"type":"buy","buyer":"onealfa.leo","seller":"phusionphil","symbol":"POB","quantity":"5.00000000","price":"2.23800000","timestamp":1621606119,"volume":"11.19000000","buyTxId":"77fb8c7db18b81a8a0c216d3f70388facf8ebd6d","sellTxId":"fb1774c4dfa5e6fec70f0e2ef8916fe65f9262c6"}
{"index": {"_index":"pob","_id":"1075463"}}
	{"id":1075463,"type":"buy","buyer":"onealfa.leo","seller":"eirik","symbol":"POB","quantity":"2.00000000","price":"2.25000000","timestamp":1621606119,"volume":"4.50000000","buyTxId":"77fb8c7db18b81a8a0c216d3f70388facf8ebd6d","sellTxId":"97baf93f6c33b147b3b9a456b470159aa930ea13"}
{"index": {"_index":"pob","_id":"1075464"}}
	{"id":1075464,"type":"buy","buyer":"onealfa.leo","seller":"phusionphil","symbol":"POB","quantity":"5.00000000","price":"2.25769500","timestamp":1621606119,"volume":"11.28847500","buyTxId":"77fb8c7db18b81a8a0c216d3f70388facf8ebd6d","sellTxId":"187d1ea8a362e7707a10672aa5a6dd6cc4b525ea"}
{"index": {"_index":"pob","_id":"1075465"}}
	{"id":1075465,"type":"buy","buyer":"onealfa.leo","seller":"phusionphil","symbol":"POB","quantity":"5.00000000","price":"2.27695700","timestamp":1621606119,"volume":"11.38478500","buyTxId":"77fb8c7db18b81a8a0c216d3f70388facf8ebd6d","sellTxId":"0987968e08708fc248209fd2072efc6235f97879"}
{"index": {"_index":"pob","_id":"1075466"}}
	{"id":1075466,"type":"buy","buyer":"onealfa.leo","seller":"phusionphil","symbol":"POB","quantity":"5.00000000","price":"2.29576900","timestamp":1621606119,"volume":"11.47884500","buyTxId":"77fb8c7db18b81a8a0c216d3f70388facf8ebd6d","sellTxId":"1c7a52588826f644395fa940bb675c07d5554bad"}
{"index": {"_index":"pob","_id":"1075467"}}
	{"id":1075467,"type":"buy","buyer":"onealfa.leo","seller":"thatgermandude","symbol":"POB","quantity":"10.00000000","price":"2.30000000","timestamp":1621606119,"volume":"23.00000000","buyTxId":"77fb8c7db18b81a8a0c216d3f70388facf8ebd6d","sellTxId":"d19da4b9f4bf4cc9b98b5faad12eca010a7f247b"}
{"index": {"_index":"pob","_id":"1075468"}}
	{"id":1075468,"type":"buy","buyer":"onealfa.leo","seller":"vempromundo","symbol":"POB","quantity":"4.92768826","price":"2.30000000","timestamp":1621606119,"volume":"11.33368300","buyTxId":"77fb8c7db18b81a8a0c216d3f70388facf8ebd6d","sellTxId":"207a7d11f7a653e1f4485ff8622eff15a09d2bd1"}
{"index": {"_index":"pob","_id":"1075473"}}
	{"id":1075473,"type":"buy","buyer":"onealfa.leo","seller":"solovey6o2","symbol":"POB","quantity":"18.20713165","price":"2.11957999","timestamp":1621606173,"volume":"38.59147192","buyTxId":"39626a1e709275926184f638959b07a71c06ff72","sellTxId":"e16a5ffe259e3ab71928e0f6321f0557503bf09c"}
{"index": {"_index":"pob","_id":"1075474"}}
	{"id":1075474,"type":"buy","buyer":"onealfa.leo","seller":"cookaiss","symbol":"POB","quantity":"3.00000000","price":"2.11958000","timestamp":1621606173,"volume":"6.35874000","buyTxId":"39626a1e709275926184f638959b07a71c06ff72","sellTxId":"2e08585d4a1e13d122e8d81126aced7fbf8ac569"}
{"index": {"_index":"pob","_id":"1075475"}}
	{"id":1075475,"type":"buy","buyer":"onealfa.leo","seller":"vempromundo","symbol":"POB","quantity":"47.84773394","price":"2.30000000","timestamp":1621606173,"volume":"110.04978808","buyTxId":"39626a1e709275926184f638959b07a71c06ff72","sellTxId":"207a7d11f7a653e1f4485ff8622eff15a09d2bd1"}
{"index": {"_index":"pob","_id":"1075482"}}
	{"id":1075482,"type":"sell","buyer":"solovey6o2","seller":"coininstant","symbol":"POB","quantity":"10.00000000","price":"1.79017012","timestamp":1621606404,"volume":"17.90170120","buyTxId":"5b36b6bfc5a4b22a600e55466ef6d4416656f12f","sellTxId":"6c9288cf7c4ee2a75b4fee7fced11718f2186cb6"}
{"index": {"_index":"pob","_id":"1075485"}}
	{"id":1075485,"type":"buy","buyer":"onealfa.leo","seller":"solovey6o2","symbol":"POB","quantity":"10.00000000","price":"2.28999999","timestamp":1621606533,"volume":"22.89999990","buyTxId":"7dd7582d7ffac403f8767dc98fab6c67ddcc39bc","sellTxId":"b4664bfff33527bf18c12a45142c1b4bd644353b"}
{"index": {"_index":"pob","_id":"1075486"}}
	{"id":1075486,"type":"buy","buyer":"onealfa.leo","seller":"coininstant","symbol":"POB","quantity":"0.04366816","price":"2.29000000","timestamp":1621606533,"volume":"0.10000010","buyTxId":"7dd7582d7ffac403f8767dc98fab6c67ddcc39bc","sellTxId":"592bffa8be10ece80566dada89523b476abe5f36"}
{"index": {"_index":"pob","_id":"1075498"}}
	{"id":1075498,"type":"sell","buyer":"sbi-tokens","seller":"coininstant","symbol":"POB","quantity":"0.01376359","price":"1.80000000","timestamp":1621606686,"volume":"0.02477446","buyTxId":"a6bfa08921dc4df26bd10765c3dc303e5ca45ec7","sellTxId":"c6f1dbcd74305a2685a6c2d213af739f2b009cc2"}
{"index": {"_index":"pob","_id":"1075555"}}
	{"id":1075555,"type":"sell","buyer":"solovey6o2","seller":"tonytrillions","symbol":"POB","quantity":"0.00001045","price":"1.80003003","timestamp":1621607454,"volume":"0.00001881","buyTxId":"8523edea1056ed8d41cd09547ae28b6d6104a824","sellTxId":"5b74370ca2bed3757789deded213d0b3baaa536a"}
{"index": {"_index":"pob","_id":"1075569"}}
	{"id":1075569,"type":"sell","buyer":"solovey6o2","seller":"liaminit1","symbol":"POB","quantity":"1.58428616","price":"1.80005004","timestamp":1621607760,"volume":"2.85179437","buyTxId":"def28c225f1dff40380e76465c8e66fae2351718","sellTxId":"5ae5d2693fb9b7d95d15a38f79a68cc73dd6f6b0"}
{"index": {"_index":"pob","_id":"1075605"}}
	{"id":1075605,"type":"sell","buyer":"solovey6o2","seller":"luueetang","symbol":"POB","quantity":"2.98678607","price":"1.80011008","timestamp":1621608768,"volume":"5.37654371","buyTxId":"180d2e28d865342a43f006d798c6ebf73de6342e","sellTxId":"cf38b26b04b63b25d9cb71f6ea840c254833fc52"}
{"index": {"_index":"pob","_id":"1075621"}}
	{"id":1075621,"type":"buy","buyer":"offgridlife","seller":"amr008.cold","symbol":"POB","quantity":"0.00100000","price":"2.25963000","timestamp":1621609839,"volume":"0.00225963","buyTxId":"a161f168fa23be928b0bbd95c4cc0274ecf5a076","sellTxId":"109e1145003b74055f5f4cb6053df3454ba3af9e"}
{"index": {"_index":"pob","_id":"1075623"}}
	{"id":1075623,"type":"buy","buyer":"offgridlife","seller":"solovey6o2","symbol":"POB","quantity":"0.00100000","price":"2.25962999","timestamp":1621609857,"volume":"0.00225963","buyTxId":"c7d36560ba3d472175733932a72621a8e25a2eba","sellTxId":"5db8d0b77e77e37bd6c2346414a15955f7bfe86b"}
{"index": {"_index":"pob","_id":"1075625"}}
	{"id":1075625,"type":"buy","buyer":"offgridlife","seller":"solovey6o2","symbol":"POB","quantity":"0.00100000","price":"2.25962999","timestamp":1621609878,"volume":"0.00225963","buyTxId":"17a078d167cbacb2e71f4cef3384132f07fc66c4","sellTxId":"5db8d0b77e77e37bd6c2346414a15955f7bfe86b"}
{"index": {"_index":"pob","_id":"1075626"}}
	{"id":1075626,"type":"buy","buyer":"offgridlife","seller":"amr008.cold","symbol":"POB","quantity":"0.00100000","price":"2.25961000","timestamp":1621609890,"volume":"0.00225961","buyTxId":"40c93be6a35325134f58a0e77dc50c96319ef614","sellTxId":"43157dabc155a331d7cfe37eb1ec05ae85bcc692"}
{"index": {"_index":"pob","_id":"1075627"}}
	{"id":1075627,"type":"buy","buyer":"offgridlife","seller":"amr008.cold","symbol":"POB","quantity":"0.00100000","price":"2.25961000","timestamp":1621609905,"volume":"0.00225961","buyTxId":"dc50a11650e176315bf199f18ca29d91ed40a68e","sellTxId":"43157dabc155a331d7cfe37eb1ec05ae85bcc692"}
{"index": {"_index":"pob","_id":"1075654"}}
	{"id":1075654,"type":"sell","buyer":"solovey6o2","seller":"juanmiguelsalas","symbol":"POB","quantity":"0.61037364","price":"1.80020014","timestamp":1621610646,"volume":"1.09879471","buyTxId":"e3f703691995bcf89368999afdf6165946383cdd","sellTxId":"5a0bbdd8999fa4635733c175932e2bb52f659e68"}
{"index": {"_index":"pob","_id":"1075658"}}
	{"id":1075658,"type":"sell","buyer":"solovey6o2","seller":"bitcoinflood","symbol":"POB","quantity":"30.00000000","price":"1.80020014","timestamp":1621610709,"volume":"54.00600420","buyTxId":"e3f703691995bcf89368999afdf6165946383cdd","sellTxId":"bca76113bb3a23f670282dacf55b36bace405a63"}
{"index": {"_index":"pob","_id":"1075659"}}
	{"id":1075659,"type":"sell","buyer":"solovey6o2","seller":"liaminit1","symbol":"POB","quantity":"1.16411718","price":"1.80020014","timestamp":1621610712,"volume":"2.09564391","buyTxId":"e3f703691995bcf89368999afdf6165946383cdd","sellTxId":"19076c29a49e45f2f37ee98cf34d8151ddc7adcf"}
{"index": {"_index":"pob","_id":"1075664"}}
	{"id":1075664,"type":"buy","buyer":"offgridlife","seller":"amr008.cold","symbol":"POB","quantity":"0.10000000","price":"2.24993000","timestamp":1621610859,"volume":"0.22499300","buyTxId":"94b8df381f766101fb69055ff6fafdb81af3de36","sellTxId":"c0f0380570adb2941e825d135cdd56bbba054b9d"}
{"index": {"_index":"pob","_id":"1075665"}}
	{"id":1075665,"type":"buy","buyer":"offgridlife","seller":"amr008.cold","symbol":"POB","quantity":"0.10000000","price":"2.24993000","timestamp":1621610871,"volume":"0.22499300","buyTxId":"091304a88f30f35433c8aeb21d853b111336f8ba","sellTxId":"c0f0380570adb2941e825d135cdd56bbba054b9d"}
{"index": {"_index":"pob","_id":"1075666"}}
	{"id":1075666,"type":"buy","buyer":"offgridlife","seller":"solovey6o2","symbol":"POB","quantity":"0.10000000","price":"2.24992999","timestamp":1621610886,"volume":"0.22499300","buyTxId":"6ce9837c8e714a0737a8b4378cb0394d4261552e","sellTxId":"c6da1cfc61bb79898b4f83a0f485f3c70a563593"}
{"index": {"_index":"pob","_id":"1075672"}}
	{"id":1075672,"type":"sell","buyer":"solovey6o2","seller":"jimre1","symbol":"POB","quantity":"0.02100000","price":"1.80023016","timestamp":1621611117,"volume":"0.03780483","buyTxId":"6589ff6931cff46ded584abfee10f343e5169b2a","sellTxId":"84b2703b869f525ecf7c7b3a2d66e00bcabdad10"}
{"index": {"_index":"pob","_id":"1075679"}}
	{"id":1075679,"type":"sell","buyer":"solovey6o2","seller":"charcoalbuffet","symbol":"POB","quantity":"0.60756480","price":"1.80023016","timestamp":1621611357,"volume":"1.09375648","buyTxId":"6589ff6931cff46ded584abfee10f343e5169b2a","sellTxId":"8c7d1529958fb6645d1bade77082d7c4fbdf3121"}
{"index": {"_index":"pob","_id":"1075723"}}
	{"id":1075723,"type":"sell","buyer":"solovey6o2","seller":"tonytrillions","symbol":"POB","quantity":"0.00000010","price":"1.80029020","timestamp":1621612965,"volume":"0.00000018","buyTxId":"e25894c4f7f14ebbcac35fa3fda8f8c325e1cffb","sellTxId":"06c3a944c2ed3a3d5ce3bb8287c9026edff48d1e"}
{"index": {"_index":"pob","_id":"1075746"}}
	{"id":1075746,"type":"sell","buyer":"solovey6o2","seller":"cibersk8","symbol":"POB","quantity":"0.02240172","price":"1.80032022","timestamp":1621613607,"volume":"0.04033027","buyTxId":"276840b42ced6313f654f8fecf09de9a51308695","sellTxId":"7d43fc8d148c03af95e812f8e7142891ca148c6c"}
{"index": {"_index":"pob","_id":"1075763"}}
	{"id":1075763,"type":"sell","buyer":"solovey6o2","seller":"yintercept","symbol":"POB","quantity":"3.85086541","price":"1.80033023","timestamp":1621613925,"volume":"6.93282941","buyTxId":"5b4992049fde817b7deed60a3c08255c5a625747","sellTxId":"95b10ca0faaa3ba39055b4d604bf9f02b1c0c003"}
{"index": {"_index":"pob","_id":"1075787"}}
	{"id":1075787,"type":"sell","buyer":"solovey6o2","seller":"brutalmonkey","symbol":"POB","quantity":"0.17450000","price":"1.80038026","timestamp":1621614726,"volume":"0.31416636","buyTxId":"7fe797041c0dc44fa7333b9fc0eb9cb39e57eee1","sellTxId":"8447b3b921c805ad3bb1966947c65109ebe07d90"}
{"index": {"_index":"pob","_id":"1075851"}}
	{"id":1075851,"type":"sell","buyer":"solovey6o2","seller":"rezoanulvibes","symbol":"POB","quantity":"0.61136433","price":"1.80043030","timestamp":1621616781,"volume":"1.10071886","buyTxId":"467c2577357850da0745ebeb6a0cb67f1c11000a","sellTxId":"56c64de0d2c23ca499501d679fa3e848a05e1f97"}
{"index": {"_index":"pob","_id":"1075863"}}
	{"id":1075863,"type":"sell","buyer":"solovey6o2","seller":"liaminit1","symbol":"POB","quantity":"0.64276186","price":"1.80043030","timestamp":1621617006,"volume":"1.15724793","buyTxId":"467c2577357850da0745ebeb6a0cb67f1c11000a","sellTxId":"10fd9a48b0c46384228184b6a5a9dae5277d2b7e"}
{"index": {"_index":"pob","_id":"1075871"}}
	{"id":1075871,"type":"sell","buyer":"solovey6o2","seller":"camerarules","symbol":"POB","quantity":"6.65583402","price":"1.80044031","timestamp":1621617447,"volume":"11.98343187","buyTxId":"5f798a34947d876bfd7c34af39367f108165327b","sellTxId":"d27c489e1673fb029deee34f03db6247d67c5411"}
{"index": {"_index":"pob","_id":"1075922"}}
	{"id":1075922,"type":"sell","buyer":"solovey6o2","seller":"coininstant","symbol":"POB","quantity":"1.77343632","price":"1.80048034","timestamp":1621618638,"volume":"3.19303723","buyTxId":"7213752896b03e75ff04c54b8ce5c52f9b4fe986","sellTxId":"8789ff87bdd30c8b9c659676f7bd991fddb66893"}
{"index": {"_index":"pob","_id":"1075924"}}
	{"id":1075924,"type":"buy","buyer":"offgridlife","seller":"amr008.cold","symbol":"POB","quantity":"0.10000000","price":"2.14797000","timestamp":1621618701,"volume":"0.21479700","buyTxId":"8d0fa325c13b4d68e265b273c9286fbf081a4527","sellTxId":"51496fc751cdf89ec7babfa8227659f0581e8944"}
{"index": {"_index":"pob","_id":"1075925"}}
	{"id":1075925,"type":"buy","buyer":"offgridlife","seller":"amr008.cold","symbol":"POB","quantity":"0.10000000","price":"2.14797000","timestamp":1621618710,"volume":"0.21479700","buyTxId":"f2794d3df9335fb0b19fb15b1fa0df91c3a18f12","sellTxId":"51496fc751cdf89ec7babfa8227659f0581e8944"}
{"index": {"_index":"pob","_id":"1075927"}}
	{"id":1075927,"type":"buy","buyer":"offgridlife","seller":"amr008.cold","symbol":"POB","quantity":"0.10000000","price":"2.14797000","timestamp":1621618719,"volume":"0.21479700","buyTxId":"ef4b565f38658ffc0eab4a0a613ebcea30af0793","sellTxId":"51496fc751cdf89ec7babfa8227659f0581e8944"}
{"index": {"_index":"pob","_id":"1075928"}}
	{"id":1075928,"type":"buy","buyer":"offgridlife","seller":"amr008.cold","symbol":"POB","quantity":"0.10000000","price":"2.14797000","timestamp":1621618731,"volume":"0.21479700","buyTxId":"beedc13c0359a6dda70b2b59fb6a0fdb5117469e","sellTxId":"51496fc751cdf89ec7babfa8227659f0581e8944"}
{"index": {"_index":"pob","_id":"1075929"}}
	{"id":1075929,"type":"buy","buyer":"offgridlife","seller":"amr008.cold","symbol":"POB","quantity":"0.10000000","price":"2.14797000","timestamp":1621618740,"volume":"0.21479700","buyTxId":"6026a89370001cf393bf1246bb0f3b792e346988","sellTxId":"51496fc751cdf89ec7babfa8227659f0581e8944"}
{"index": {"_index":"pob","_id":"1075930"}}
	{"id":1075930,"type":"buy","buyer":"offgridlife","seller":"amr008.cold","symbol":"POB","quantity":"0.10000000","price":"2.14797000","timestamp":1621618749,"volume":"0.21479700","buyTxId":"14f5686e78954da1283663d7cbbf181d581ff09e","sellTxId":"51496fc751cdf89ec7babfa8227659f0581e8944"}
{"index": {"_index":"pob","_id":"1075949"}}
	{"id":1075949,"type":"sell","buyer":"ctime","seller":"jsantana","symbol":"POB","quantity":"6.02896469","price":"1.80052035","timestamp":1621619208,"volume":"10.85527361","buyTxId":"MM-P-7148637-54089873-3-22-0","sellTxId":"2525e2d56fbd6b0622562e63fa321df785c2618c"}
{"index": {"_index":"pob","_id":"1075951"}}
	{"id":1075951,"type":"sell","buyer":"mmmmkkkk311","seller":"yameen","symbol":"POB","quantity":"0.60298487","price":"1.80051035","timestamp":1621619253,"volume":"1.08568050","buyTxId":"MM-P-7148637-54089873-3-2-0","sellTxId":"decf9c4e4c99a6e0cd4bcc13f51c750b69b1d5ed"}
{"index": {"_index":"pob","_id":"1075952"}}
	{"id":1075952,"type":"sell","buyer":"mmmmkkkk311","seller":"jsantana","symbol":"POB","quantity":"11.28400351","price":"1.80051035","timestamp":1621619292,"volume":"20.31696511","buyTxId":"MM-P-7148637-54089873-3-2-0","sellTxId":"d4da43ed4abd59ae448c78dca78064894d9ee422"}
{"index": {"_index":"pob","_id":"1075963"}}
	{"id":1075963,"type":"sell","buyer":"bluesniper","seller":"juanmiguelsalas","symbol":"POB","quantity":"0.92815295","price":"1.80053037","timestamp":1621620078,"volume":"1.67116757","buyTxId":"MM-B-7148892-54090173-3-0-0","sellTxId":"70dad5a086f46a5444ab010ae60a7a53e733440e"}
{"index": {"_index":"pob","_id":"1075974"}}
	{"id":1075974,"type":"sell","buyer":"solovey6o2","seller":"bashadow","symbol":"POB","quantity":"5.00000000","price":"1.80053038","timestamp":1621620363,"volume":"9.00265190","buyTxId":"87dc5046c631bf86cc82f453ba7de00ade0b8800","sellTxId":"21e80724217dee3f615805c3398358b2c335c3ab"}
{"index": {"_index":"pob","_id":"1076002"}}
	{"id":1076002,"type":"sell","buyer":"bluesniper","seller":"priyanarc","symbol":"POB","quantity":"10.00000000","price":"1.80056040","timestamp":1621621941,"volume":"18.00560400","buyTxId":"MM-B-7149427-54090772-3-0-0","sellTxId":"c97dbd702f2b680d2cf6264e135ffc10e26350a3"}
{"index": {"_index":"pob","_id":"1076012"}}
	{"id":1076012,"type":"sell","buyer":"solovey6o2","seller":"darrenclaxton","symbol":"POB","quantity":"48.55273672","price":"1.80056041","timestamp":1621622274,"volume":"87.42213554","buyTxId":"8cd7abe424686e3f43f7bdd0532868c3d9931255","sellTxId":"3e09eb148ac07974092a4486f1f51ed8a3f4424f"}
{"index": {"_index":"pob","_id":"1076020"}}
	{"id":1076020,"type":"sell","buyer":"solovey6o2","seller":"steevc","symbol":"POB","quantity":"4.00000000","price":"1.80057042","timestamp":1621622664,"volume":"7.20228168","buyTxId":"0fc27a062ed8337f927c565e6e88b72ac553e2c2","sellTxId":"b3a8db04d70ed69fe549e134bd1426a700b95971"}
{"index": {"_index":"pob","_id":"1076021"}}
	{"id":1076021,"type":"sell","buyer":"solovey6o2","seller":"stayten","symbol":"POB","quantity":"3.66156146","price":"1.80057042","timestamp":1621622775,"volume":"6.59289926","buyTxId":"0fc27a062ed8337f927c565e6e88b72ac553e2c2","sellTxId":"a5f366e9a7ea819195e3d9abceeebc7b8d164f9d"}
{"index": {"_index":"pob","_id":"1076080"}}
	{"id":1076080,"type":"sell","buyer":"solovey6o2","seller":"thranax","symbol":"POB","quantity":"5.57581784","price":"1.80058043","timestamp":1621623546,"volume":"10.03970848","buyTxId":"f19340bd3708af325e3eeeb5a93377f901151f0f","sellTxId":"d72823f43f3c2b7a77a115eff07e3d194374c756"}
{"index": {"_index":"pob","_id":"1076096"}}
	{"id":1076096,"type":"sell","buyer":"solovey6o2","seller":"stayten","symbol":"POB","quantity":"0.90117116","price":"1.80060045","timestamp":1621624068,"volume":"1.62264920","buyTxId":"1f4f605d317fd0420166a9e51bc0b19fdbdb8ca6","sellTxId":"2cc25ae497c1fb6e4c073804a07fd1c19f980661"}
{"index": {"_index":"pob","_id":"1076155"}}
	{"id":1076155,"type":"sell","buyer":"solovey6o2","seller":"dwinblood","symbol":"POB","quantity":"4.03517443","price":"1.80065048","timestamp":1621625319,"volume":"7.26593877","buyTxId":"bd5c5271f1d3cf62e91c533eafb57518984f9e71","sellTxId":"02f6f9da65f6ee1dfaec659779559454aed4ad08"}
{"index": {"_index":"pob","_id":"1076156"}}
	{"id":1076156,"type":"sell","buyer":"solovey6o2","seller":"maylenasland","symbol":"POB","quantity":"18.31324321","price":"1.80065048","timestamp":1621625382,"volume":"32.97575018","buyTxId":"bd5c5271f1d3cf62e91c533eafb57518984f9e71","sellTxId":"dc69add7417de609c507f78d65fd8d509dd78af7"}
{"index": {"_index":"pob","_id":"1076157"}}
	{"id":1076157,"type":"sell","buyer":"solovey6o2","seller":"maylenasland","symbol":"POB","quantity":"1.12417709","price":"1.80065048","timestamp":1621625382,"volume":"2.02425002","buyTxId":"8a7ad3d40ebb19896279bb7a093c40138c75e5ce","sellTxId":"dc69add7417de609c507f78d65fd8d509dd78af7"}
{"index": {"_index":"pob","_id":"1076246"}}
	{"id":1076246,"type":"sell","buyer":"solovey6o2","seller":"ahmetay","symbol":"POB","quantity":"0.00423353","price":"1.80065049","timestamp":1621626213,"volume":"0.00762311","buyTxId":"954333db325c045deaec737088383a9ef35ab83e","sellTxId":"cb4a88b54bbb4c3e39b419de3c44310b44d64319"}
{"index": {"_index":"pob","_id":"1076295"}}
	{"id":1076295,"type":"sell","buyer":"solovey6o2","seller":"hitmeasap","symbol":"POB","quantity":"2.87374763","price":"1.80365052","timestamp":1621627047,"volume":"5.18323641","buyTxId":"7cb20e1711564afdc32cd8e052d19c4d9e186a45","sellTxId":"5bb1788fe5e38d4adee451b213b28ad98156665e"}
{"index": {"_index":"pob","_id":"1076334"}}
	{"id":1076334,"type":"sell","buyer":"freebornsociety","seller":"hitmeasap","symbol":"POB","quantity":"5.54431135","price":"1.80365051","timestamp":1621627155,"volume":"9.99999999","buyTxId":"MM-P-7150911-54092447-3-2-0","sellTxId":"9ea9731e79ddc86c10d55712efc010ee50fff2de"}
{"index": {"_index":"pob","_id":"1076336"}}
	{"id":1076336,"type":"sell","buyer":"freebornsociety","seller":"hitmeasap","symbol":"POB","quantity":"1.62558686","price":"1.80166048","timestamp":1621627203,"volume":"2.92875560","buyTxId":"MM-P-7151002-54092547-3-2-0","sellTxId":"69d20870e600df693eead6c63067f2b6e27fc0f8"}
{"index": {"_index":"pob","_id":"1076337"}}
	{"id":1076337,"type":"sell","buyer":"bluesniper","seller":"hitmeasap","symbol":"POB","quantity":"19.43731225","price":"1.80066048","timestamp":1621627203,"volume":"35.00000001","buyTxId":"MM-B-7150841-54092372-3-0-0","sellTxId":"69d20870e600df693eead6c63067f2b6e27fc0f8"}
{"index": {"_index":"pob","_id":"1076342"}}
	{"id":1076342,"type":"sell","buyer":"he-index","seller":"amr008.cold","symbol":"POB","quantity":"1.30690000","price":"1.80065048","timestamp":1621627245,"volume":"2.35327011","buyTxId":"276bfceb5eff5a4a40ba788a27a0da636e59a410","sellTxId":"275883132aff2053710ed65e7099653b177bf42c"}
{"index": {"_index":"pob","_id":"1076344"}}
	{"id":1076344,"type":"sell","buyer":"amr008.cold","seller":"hitmeasap","symbol":"POB","quantity":"2.20501410","price":"1.80090000","timestamp":1621627266,"volume":"3.97100989","buyTxId":"77fbcbb73c98cf347e875e50c47b479f531ea2ce","sellTxId":"5224ff0a18cb56eab969fc59c0047116c55ac081"}
{"index": {"_index":"pob","_id":"1076358"}}
	{"id":1076358,"type":"sell","buyer":"bluesniper","seller":"costanza","symbol":"POB","quantity":"14.05769380","price":"1.80067048","timestamp":1621627518,"volume":"25.31327424","buyTxId":"MM-P-7151090-54092645-3-0-0","sellTxId":"1900b2d2ff824fc3dcb82585440996dc851ba9a5"}
{"index": {"_index":"pob","_id":"1076369"}}
	{"id":1076369,"type":"sell","buyer":"ctime","seller":"revisesociology","symbol":"POB","quantity":"3.00000000","price":"1.80068048","timestamp":1621627734,"volume":"5.40204144","buyTxId":"MM-P-7151116-54092671-3-22-0","sellTxId":"c5810b2c2330d82b657d7d927993f5f641fd2142"}
{"index": {"_index":"pob","_id":"1076398"}}
	{"id":1076398,"type":"sell","buyer":"bluesniper","seller":"liotes","symbol":"POB","quantity":"3.34000000","price":"1.80069048","timestamp":1621628325,"volume":"6.01430620","buyTxId":"MM-P-7151187-54092745-3-0-0","sellTxId":"4b2819cc5f222e8c2b01f5a95d5d944ca5695440"}
{"index": {"_index":"pob","_id":"1076421"}}
	{"id":1076421,"type":"sell","buyer":"bluesniper","seller":"kevinnag58","symbol":"POB","quantity":"6.58066524","price":"1.80071048","timestamp":1621629063,"volume":"11.84987286","buyTxId":"MM-P-7151558-54093145-3-0-0","sellTxId":"d999012aa4bb7cb56a6ad1acae2db9e91899d0bd"}
{"index": {"_index":"pob","_id":"1076426"}}
	{"id":1076426,"type":"buy","buyer":"bluesniper","seller":"amr008.cold","symbol":"POB","quantity":"2.20500000","price":"1.99144000","timestamp":1621629219,"volume":"4.39112520","buyTxId":"c2a201bd6d19512ac80c675116907bcc393abcc4","sellTxId":"d905dda2f48e2e8179ed9ac6090a70d5ef0c016a"}
{"index": {"_index":"pob","_id":"1076427"}}
	{"id":1076427,"type":"buy","buyer":"bluesniper","seller":"solovey6o2","symbol":"POB","quantity":"144.64516513","price":"1.99145999","timestamp":1621629219,"volume":"288.05505910","buyTxId":"c2a201bd6d19512ac80c675116907bcc393abcc4","sellTxId":"bb5518ab32270437d4536822478bb9f8f9edf276"}
{"index": {"_index":"pob","_id":"1076428"}}
	{"id":1076428,"type":"buy","buyer":"bluesniper","seller":"mmmmkkkk311","symbol":"POB","quantity":"11.88698838","price":"1.99146999","timestamp":1621629219,"volume":"23.67258063","buyTxId":"c2a201bd6d19512ac80c675116907bcc393abcc4","sellTxId":"MM-P-7151580-54093171-3-2-0"}
{"index": {"_index":"pob","_id":"1076429"}}
	{"id":1076429,"type":"buy","buyer":"bluesniper","seller":"freebornsociety","symbol":"POB","quantity":"1.26284649","price":"1.99149000","timestamp":1621629219,"volume":"2.51494616","buyTxId":"c2a201bd6d19512ac80c675116907bcc393abcc4","sellTxId":"MM-P-7151560-54093147-3-2-1"}
{"index": {"_index":"pob","_id":"1076430"}}
	{"id":1076430,"type":"buy","buyer":"bluesniper","seller":"freebornsociety","symbol":"POB","quantity":"5.73715351","price":"1.99149000","timestamp":1621629267,"volume":"11.42548384","buyTxId":"dfe4e8bd68b09f6209885404c719adc03258e510","sellTxId":"MM-P-7151560-54093147-3-2-1"}
{"index": {"_index":"pob","_id":"1076431"}}
	{"id":1076431,"type":"buy","buyer":"bluesniper","seller":"rentmoney","symbol":"POB","quantity":"5.64221040","price":"1.99250000","timestamp":1621629267,"volume":"11.24210422","buyTxId":"dfe4e8bd68b09f6209885404c719adc03258e510","sellTxId":"d2f06d81b7d407b56f5a9001b7e73e559f3f82ec"}
{"index": {"_index":"pob","_id":"1076432"}}
	{"id":1076432,"type":"buy","buyer":"bluesniper","seller":"faireye","symbol":"POB","quantity":"88.62063609","price":"2.00000000","timestamp":1621629267,"volume":"177.24127218","buyTxId":"dfe4e8bd68b09f6209885404c719adc03258e510","sellTxId":"25415ffb4c86947f7cf404eabc5e01229fd887d1"}
{"index": {"_index":"pob","_id":"1076466"}}
	{"id":1076466,"type":"sell","buyer":"solovey6o2","seller":"babytarazkp","symbol":"POB","quantity":"6.61702691","price":"1.80890001","timestamp":1621630332,"volume":"11.96954004","buyTxId":"c85b24935e7e3ef587a0f1139db32cc4390bf111","sellTxId":"cb795ab24abd418c33a4f60d07660edf1b261b20"}
{"index": {"_index":"pob","_id":"1076469"}}
	{"id":1076469,"type":"sell","buyer":"amr008.cold","seller":"liaminit1","symbol":"POB","quantity":"1.99049532","price":"1.80930000","timestamp":1621630476,"volume":"3.60140318","buyTxId":"9c939b21adc1e05fbb60ede1351b8f7228953e92","sellTxId":"b06f58015eb76d80fd8d390928dbdf988fa6403f"}
{"index": {"_index":"pob","_id":"1076493"}}
	{"id":1076493,"type":"sell","buyer":"freebornsociety","seller":"funnel","symbol":"POB","quantity":"5.52083554","price":"1.81132003","timestamp":1621630797,"volume":"10.00000000","buyTxId":"MM-P-7152090-54093747-3-2-0","sellTxId":"c6920890285b8d3874401c8172d0c8cd2db69634"}
{"index": {"_index":"pob","_id":"1076494"}}
	{"id":1076494,"type":"sell","buyer":"bluesniper","seller":"funnel","symbol":"POB","quantity":"4.47916446","price":"1.81032003","timestamp":1621630797,"volume":"8.10872114","buyTxId":"MM-P-7152088-54093745-3-0-0","sellTxId":"c6920890285b8d3874401c8172d0c8cd2db69634"}
{"index": {"_index":"pob","_id":"1076496"}}
	{"id":1076496,"type":"sell","buyer":"bluesniper","seller":"themarkymark","symbol":"POB","quantity":"14.85443370","price":"1.81032003","timestamp":1621630857,"volume":"26.89127886","buyTxId":"MM-P-7152088-54093745-3-0-0","sellTxId":"34688a3aec87d954b29b6593efc45cae0f308ccc"}
{"index": {"_index":"pob","_id":"1076497"}}
	{"id":1076497,"type":"sell","buyer":"ctime","seller":"themarkymark","symbol":"POB","quantity":"19.33338446","price":"1.81034004","timestamp":1621630881,"volume":"35.00000000","buyTxId":"MM-P-7152111-54093771-3-22-0","sellTxId":"e02cf016a455398811613bc6964a7caf018c6644"}
{"index": {"_index":"pob","_id":"1076498"}}
	{"id":1076498,"type":"sell","buyer":"mmmmkkkk311","seller":"themarkymark","symbol":"POB","quantity":"0.00032060","price":"1.81033004","timestamp":1621630881,"volume":"0.00058039","buyTxId":"MM-P-7152111-54093771-3-2-0","sellTxId":"e02cf016a455398811613bc6964a7caf018c6644"}
{"index": {"_index":"pob","_id":"1076499"}}
	{"id":1076499,"type":"sell","buyer":"mmmmkkkk311","seller":"themarkymark","symbol":"POB","quantity":"12.11451013","price":"1.81033004","timestamp":1621630902,"volume":"21.93126161","buyTxId":"MM-P-7152111-54093771-3-2-0","sellTxId":"608a17915462e776f0000a9fa283200450ac6bc1"}
{"index": {"_index":"pob","_id":"1076502"}}
	{"id":1076502,"type":"sell","buyer":"mmmmkkkk311","seller":"hranhuk","symbol":"POB","quantity":"0.30626298","price":"1.81033004","timestamp":1621631169,"volume":"0.55443707","buyTxId":"MM-P-7152111-54093771-3-2-0","sellTxId":"2fef7e877d98cea9aeb3f581688c1b0a5300fe4e"}
{"index": {"_index":"pob","_id":"1076503"}}
	{"id":1076503,"type":"sell","buyer":"ctime","seller":"hranhuk","symbol":"POB","quantity":"19.43720409","price":"1.80067050","timestamp":1621631169,"volume":"35.00000001","buyTxId":"MM-P-7152201-54093871-3-22-0","sellTxId":"2fef7e877d98cea9aeb3f581688c1b0a5300fe4e"}
{"index": {"_index":"pob","_id":"1076504"}}
	{"id":1076504,"type":"sell","buyer":"solovey6o2","seller":"hranhuk","symbol":"POB","quantity":"28.25653293","price":"1.80066050","timestamp":1621631169,"volume":"50.88042271","buyTxId":"239be58e382878b080a6339cb8d7d663cfd132f6","sellTxId":"2fef7e877d98cea9aeb3f581688c1b0a5300fe4e"}
{"index": {"_index":"pob","_id":"1076515"}}
	{"id":1076515,"type":"sell","buyer":"solovey6o2","seller":"thelogicaldude","symbol":"POB","quantity":"35.4","price":"1.80067051","timestamp":1621631478,"volume":"63.74373605","buyTxId":"b4131265de192cd40b9ef31ab46bf2f382a52895","sellTxId":"7de30571a52ee9fc33b6b632936f6e1a2deaaa17"}
{"index": {"_index":"pob","_id":"1076527"}}
	{"id":1076527,"type":"sell","buyer":"solovey6o2","seller":"canna-curate","symbol":"POB","quantity":"15.00000000","price":"1.80067051","timestamp":1621631544,"volume":"27.01005765","buyTxId":"b4131265de192cd40b9ef31ab46bf2f382a52895","sellTxId":"b97decee5d640c63808cc45efdfd6ca8cfa69d22"}
{"index": {"_index":"pob","_id":"1076542"}}
	{"id":1076542,"type":"sell","buyer":"solovey6o2","seller":"spinvest-leo","symbol":"POB","quantity":"35.53466986","price":"1.80168052","timestamp":1621631826,"volume":"64.02212247","buyTxId":"3ac9bbb241182968eedab6d31dd585841617f34d","sellTxId":"0d631d3120852258275c25d4352ded5af0dbc4a8"}
{"index": {"_index":"pob","_id":"1076543"}}
	{"id":1076543,"type":"sell","buyer":"solovey6o2","seller":"paulmoon410","symbol":"POB","quantity":"0.50082388","price":"1.80168052","timestamp":1621631835,"volume":"0.90232463","buyTxId":"3ac9bbb241182968eedab6d31dd585841617f34d","sellTxId":"23a98393c4fe77c389de66e3571c9722696f8697"}
{"index": {"_index":"pob","_id":"1076548"}}
	{"id":1076548,"type":"sell","buyer":"bluesniper","seller":"mawit07","symbol":"POB","quantity":"4.86790055","price":"1.80169052","timestamp":1621631991,"volume":"8.77045027","buyTxId":"MM-P-7152438-54094144-3-0-0","sellTxId":"545e5db53de5511fc7e879bfcb7cc11bd9a01abd"}
{"index": {"_index":"pob","_id":"1076574"}}
	{"id":1076574,"type":"sell","buyer":"ctime","seller":"rishi556","symbol":"POB","quantity":"0.00592392","price":"1.80272055","timestamp":1621632366,"volume":"0.01067917","buyTxId":"MM-P-7152559-54094269-3-22-0","sellTxId":"abcf8eaa9458d5d9f948012a54d9a9474d57c9b5-8"}
{"index": {"_index":"pob","_id":"1076588"}}
	{"id":1076588,"type":"sell","buyer":"bluesniper","seller":"cliffagreen","symbol":"POB","quantity":"0.00900868","price":"1.80273056","timestamp":1621632615,"volume":"0.01624022","buyTxId":"MM-P-7152629-54094343-3-0-0","sellTxId":"0728f11230e35b9c4c6d53dd559e81853c257795"}
{"index": {"_index":"pob","_id":"1076658"}}
	{"id":1076658,"type":"sell","buyer":"freebornsociety","seller":"rob23","symbol":"POB","quantity":"5.54388070","price":"1.80379062","timestamp":1621634394,"volume":"10.00000001","buyTxId":"MM-P-7153159-54094945-3-1-0","sellTxId":"41969ab2d249d572eee5466d75c2ca6fbcbf5774"}
{"index": {"_index":"pob","_id":"1076659"}}
	{"id":1076659,"type":"sell","buyer":"bluesniper","seller":"rob23","symbol":"POB","quantity":"0.85611930","price":"1.80279062","timestamp":1621634394,"volume":"1.54340384","buyTxId":"MM-P-7153158-54094943-3-0-0","sellTxId":"41969ab2d249d572eee5466d75c2ca6fbcbf5774"}
{"index": {"_index":"pob","_id":"1076772"}}
	{"id":1076772,"type":"buy","buyer":"frot","seller":"amr008.cold","symbol":"POB","quantity":"1.99050000","price":"1.94373000","timestamp":1621636077,"volume":"3.86899457","buyTxId":"ac2d8cf50094de82aafc46b5c6038e716e843ade","sellTxId":"63e90ff20fa9feabbc3a96b09e65ccfeefc5d5e7"}
{"index": {"_index":"pob","_id":"1076773"}}
	{"id":1076773,"type":"buy","buyer":"frot","seller":"solovey6o2","symbol":"POB","quantity":"38.00950000","price":"1.94373999","timestamp":1621636077,"volume":"73.88058515","buyTxId":"ac2d8cf50094de82aafc46b5c6038e716e843ade","sellTxId":"1a8ca616496666f790c88f2f219115c1d4171a7d"}
{"index": {"_index":"pob","_id":"1076807"}}
	{"id":1076807,"type":"sell","buyer":"amr008.cold","seller":"pixelfan","symbol":"POB","quantity":"1.15437823","price":"1.81510000","timestamp":1621637151,"volume":"2.09531193","buyTxId":"6f5f8e38b63ddd3bfe08ce9925c39f97ebf08f72","sellTxId":"491ba8ca1a802844f8abe427cb56a564269b640c"}
{"index": {"_index":"pob","_id":"1076811"}}
	{"id":1076811,"type":"sell","buyer":"solovey6o2","seller":"vempromundo","symbol":"POB","quantity":"66.32696862","price":"1.81511002","timestamp":1621637325,"volume":"120.39074534","buyTxId":"a3beb5e9ac7bf238cecc05c8082ac501737d79e7","sellTxId":"03a49cf5d4329a070ad92970189b24f6e4de981f"}
{"index": {"_index":"pob","_id":"1076812"}}
	{"id":1076812,"type":"sell","buyer":"ctime","seller":"vempromundo","symbol":"POB","quantity":"19.27669393","price":"1.81511001","timestamp":1621637325,"volume":"34.98932011","buyTxId":"MM-P-7153980-54095866-3-22-0","sellTxId":"03a49cf5d4329a070ad92970189b24f6e4de981f"}
{"index": {"_index":"pob","_id":"1076813"}}
	{"id":1076813,"type":"sell","buyer":"freebornsociety","seller":"vempromundo","symbol":"POB","quantity":"8.26491813","price":"1.81490001","timestamp":1621637325,"volume":"15.00000000","buyTxId":"MM-P-7153956-54095842-3-1-0","sellTxId":"03a49cf5d4329a070ad92970189b24f6e4de981f"}
{"index": {"_index":"pob","_id":"1076814"}}
	{"id":1076814,"type":"sell","buyer":"bluesniper","seller":"vempromundo","symbol":"POB","quantity":"19.30374162","price":"1.81312000","timestamp":1621637325,"volume":"35.00000001","buyTxId":"MM-P-7153955-54095840-3-0-0","sellTxId":"03a49cf5d4329a070ad92970189b24f6e4de981f"}
{"index": {"_index":"pob","_id":"1076815"}}
