{"index": {"_index":"pob","_id":"1263943"}}
	{"id":1263943,"type":"sell","buyer":"gimme-your-coinz","seller":"thebeardflex","symbol":"POB","quantity":"3.07324442","price":"0.70590083","timestamp":1627440189,"volume":"2.16940579","buyTxId":"8ca607140d32f482f1eda7368a900d9b37cbdfc1","sellTxId":"83ef3ee9796bee9a9cbe1f1920de59980ad9546d"}
{"index": {"_index":"pob","_id":"1263972"}}
	{"id":1263972,"type":"sell","buyer":"richardcrill","seller":"hive.pizza","symbol":"POB","quantity":"1.54194139","price":"0.70600084","timestamp":1627440480,"volume":"1.08861192","buyTxId":"MM-P-9044415-56025472-3-11-0","sellTxId":"ba218df6e3ffea57de81b557ad834f0287f1c2e3"}
{"index": {"_index":"pob","_id":"1264057"}}
	{"id":1264057,"type":"buy","buyer":"anadolu","seller":"take-my-coinz","symbol":"POB","quantity":"66.66600000","price":"0.76679679","timestamp":1627441539,"volume":"51.11927480","buyTxId":"c1c83673126541bb355878b8c0cfa3cde2917eb0","sellTxId":"4558a2986fd68709e6d5ef3b8cfbe11a540b630e"}
{"index": {"_index":"pob","_id":"1264058"}}
	{"id":1264058,"type":"buy","buyer":"anadolu","seller":"bluesniper","symbol":"POB","quantity":"29.00000000","price":"0.76679681","timestamp":1627441539,"volume":"22.23710749","buyTxId":"c1c83673126541bb355878b8c0cfa3cde2917eb0","sellTxId":"MM-P-9044756-56025813-3-5-0"}
{"index": {"_index":"pob","_id":"1264059"}}
	{"id":1264059,"type":"buy","buyer":"anadolu","seller":"take-my-coinz","symbol":"POB","quantity":"66.66600000","price":"0.76680681","timestamp":1627441539,"volume":"51.11994280","buyTxId":"c1c83673126541bb355878b8c0cfa3cde2917eb0","sellTxId":"7f2064465dded025bcf1dea46c079aae03962af5"}
{"index": {"_index":"pob","_id":"1264060"}}
	{"id":1264060,"type":"buy","buyer":"anadolu","seller":"freebornsociety","symbol":"POB","quantity":"98.46637210","price":"0.76699967","timestamp":1627441539,"volume":"75.52367491","buyTxId":"c1c83673126541bb355878b8c0cfa3cde2917eb0","sellTxId":"MM-P-9042766-56023819-3-3-1"}
{"index": {"_index":"pob","_id":"1264207"}}
	{"id":1264207,"type":"sell","buyer":"solovey6o2","seller":"melbourneswest","symbol":"POB","quantity":"2.88169410","price":"0.72040005","timestamp":1627443018,"volume":"2.07597257","buyTxId":"e657264f9648b8e549022d0aebe15e85f2b198e8","sellTxId":"33d876ef92b49b5da40418030e949d968ff2210a"}
{"index": {"_index":"pob","_id":"1264209"}}
	{"id":1264209,"type":"sell","buyer":"solovey6o2","seller":"littledisciples","symbol":"POB","quantity":"45.00000000","price":"0.72040005","timestamp":1627443036,"volume":"32.41800225","buyTxId":"e657264f9648b8e549022d0aebe15e85f2b198e8","sellTxId":"1319c2200afe000d6006a2da1105aaa40c08e108"}
{"index": {"_index":"pob","_id":"1264233"}}
	{"id":1264233,"type":"sell","buyer":"solovey6o2","seller":"mykos","symbol":"POB","quantity":"0.53160358","price":"0.72000001","timestamp":1627443273,"volume":"0.38275458","buyTxId":"308f83d6725fe8269c15ee48d425223e3c1c4d83","sellTxId":"beb693d095bfaac76aa036d110054aa403a85895"}
{"index": {"_index":"pob","_id":"1264268"}}
	{"id":1264268,"type":"buy","buyer":"masshole","seller":"take-my-coinz","symbol":"POB","quantity":"66.66600000","price":"0.76692854","timestamp":1627443756,"volume":"51.12805805","buyTxId":"e52f881bebfd94154b81482967446d8c8ecd7e30","sellTxId":"128f16e67298d3f58347352dcf6c983b9e395ebd"}
{"index": {"_index":"pob","_id":"1264269"}}
	{"id":1264269,"type":"buy","buyer":"masshole","seller":"take-my-coinz","symbol":"POB","quantity":"66.66600000","price":"0.76692857","timestamp":1627443756,"volume":"51.12806005","buyTxId":"e52f881bebfd94154b81482967446d8c8ecd7e30","sellTxId":"6e3434a5f4cf3260684f45f2131e5190e344065f"}
{"index": {"_index":"pob","_id":"1264270"}}
	{"id":1264270,"type":"buy","buyer":"masshole","seller":"bluesniper","symbol":"POB","quantity":"29.00000000","price":"0.76692862","timestamp":1627443756,"volume":"22.24092998","buyTxId":"e52f881bebfd94154b81482967446d8c8ecd7e30","sellTxId":"MM-P-9045454-56026512-3-5-0"}
{"index": {"_index":"pob","_id":"1264271"}}
	{"id":1264271,"type":"sell","buyer":"masshole","seller":"solovey6o2","symbol":"POB","quantity":"1137.66800000","price":"0.76692900","timestamp":1627443759,"volume":"872.51058157","buyTxId":"e52f881bebfd94154b81482967446d8c8ecd7e30","sellTxId":"fcb9d06ffedd250b2d8455083b12b03514e92772"}
{"index": {"_index":"pob","_id":"1264289"}}
	{"id":1264289,"type":"sell","buyer":"solovey6o2","seller":"aleenavarro","symbol":"POB","quantity":"0.07687247","price":"0.72030004","timestamp":1627444176,"volume":"0.05537124","buyTxId":"625cd92bfa02d7b9bb0590867aa6c67eb42fd965","sellTxId":"8cd7d05f9c05255aeb1ade5b302d75f00842468d"}
{"index": {"_index":"pob","_id":"1264297"}}
	{"id":1264297,"type":"sell","buyer":"solovey6o2","seller":"dealhunter","symbol":"POB","quantity":"32.71000000","price":"0.72040005","timestamp":1627444425,"volume":"23.56428564","buyTxId":"d51bcf1b0078e696516a5a385134c5645b9f61e2","sellTxId":"2576f9051411a64f823b748eeb83f47f067ff600"}
{"index": {"_index":"pob","_id":"1264388"}}
	{"id":1264388,"type":"sell","buyer":"solovey6o2","seller":"thatcryptodave","symbol":"POB","quantity":"0.85097297","price":"0.72070008","timestamp":1627445544,"volume":"0.61329629","buyTxId":"a7a0a0dc64ca761c6ff74744ca27dd36577a5c7d","sellTxId":"fba3887b407608b14a872e593a84d1b11ee269a2"}
{"index": {"_index":"pob","_id":"1264689"}}
	{"id":1264689,"type":"sell","buyer":"richardcrill","seller":"finguru","symbol":"POB","quantity":"9.67656497","price":"0.72190019","timestamp":1627448895,"volume":"6.98551409","buyTxId":"MM-P-9047203-56028263-3-11-0","sellTxId":"526a2d86c9a6a93ced68610b0f7b15e2ebd6f6cc"}
{"index": {"_index":"pob","_id":"1264843"}}
	{"id":1264843,"type":"sell","buyer":"solovey6o2","seller":"ahmetay","symbol":"POB","quantity":"0.01060760","price":"0.72310007","timestamp":1627451355,"volume":"0.00767036","buyTxId":"629512375e563441b20ca7f5f02dc07113a59095","sellTxId":"79022486fab0cbebc8e01208c262e6d14e2933dd"}
{"index": {"_index":"pob","_id":"1264895"}}
	{"id":1264895,"type":"sell","buyer":"solovey6o2","seller":"sadikulaziz","symbol":"POB","quantity":"4.00000000","price":"0.72330009","timestamp":1627452066,"volume":"2.89320036","buyTxId":"3c495e13fa4feff1f5c652cb957f80c1101f3933","sellTxId":"45b6fccb609f27bce758eb954d6773ac483c2cc0"}
{"index": {"_index":"pob","_id":"1264902"}}
	{"id":1264902,"type":"sell","buyer":"richardcrill","seller":"jersteemit","symbol":"POB","quantity":"20.62660215","price":"0.72340009","timestamp":1627452171,"volume":"14.92128585","buyTxId":"MM-P-9048300-56029363-3-11-0","sellTxId":"00af5f19043cfdf7135989fb7dd645640f8e17bd"}
{"index": {"_index":"pob","_id":"1264949"}}
	{"id":1264949,"type":"sell","buyer":"solovey6o2","seller":"tobetada","symbol":"POB","quantity":"27.57497055","price":"0.72350011","timestamp":1627452954,"volume":"19.95049423","buyTxId":"ae40bf18bb8b3c42239b0a97a6a631bfc8d02d2e","sellTxId":"f39208ea858d84aab217f1ae9f5e1287bb8369b7"}
{"index": {"_index":"pob","_id":"1264989"}}
	{"id":1264989,"type":"sell","buyer":"richardcrill","seller":"monsterbuster","symbol":"POB","quantity":"9.10609924","price":"0.72380013","timestamp":1627453695,"volume":"6.59099581","buyTxId":"MM-P-9048797-56029861-3-11-0","sellTxId":"ad595c69b78ebc7eb301d64e1f822aa20c0ac929"}
{"index": {"_index":"pob","_id":"1265019"}}
	{"id":1265019,"type":"buy","buyer":"edystringz","seller":"take-my-coinz","symbol":"POB","quantity":"41.60000000","price":"0.74943919","timestamp":1627454103,"volume":"31.17667030","buyTxId":"07eae4f5a062d9b18e9c15521bb0076a7165bbfa","sellTxId":"8a38dea66f2c7d861dd01cfca476cd21fbb7dfa8"}
{"index": {"_index":"pob","_id":"1265049"}}
	{"id":1265049,"type":"sell","buyer":"richardcrill","seller":"abbey877","symbol":"POB","quantity":"5.71049352","price":"0.72400015","timestamp":1627454283,"volume":"4.13439817","buyTxId":"MM-P-9048996-56030060-3-11-0","sellTxId":"e18edfe0018771a79701f60163ad4931a385c831"}
{"index": {"_index":"pob","_id":"1265255"}}
	{"id":1265255,"type":"sell","buyer":"looftee","seller":"fullcoverbetting","symbol":"POB","quantity":"1.03415954","price":"0.72500000","timestamp":1627456947,"volume":"0.74976567","buyTxId":"ac4aee9ed80ffca34c50b60c745e8b529b39dcfc","sellTxId":"5c1bf8b6113ba49399fd2c352de2bb836a1bbe0d"}
{"index": {"_index":"pob","_id":"1265256"}}
	{"id":1265256,"type":"buy","buyer":"yayogerardo","seller":"fullcoverbetting","symbol":"POB","quantity":"0.00063502","price":"0.72500000","timestamp":1627456956,"volume":"0.00046039","buyTxId":"63c1a4e6bfd3e4b5eddb7385a2223752af4cc3b1","sellTxId":"5c1bf8b6113ba49399fd2c352de2bb836a1bbe0d"}
{"index": {"_index":"pob","_id":"1265257"}}
	{"id":1265257,"type":"buy","buyer":"yayogerardo","seller":"solovey6o2","symbol":"POB","quantity":"132.32912092","price":"0.74934783","timestamp":1627456956,"volume":"99.16053961","buyTxId":"63c1a4e6bfd3e4b5eddb7385a2223752af4cc3b1","sellTxId":"7735ae45ef110b0fcfdaf6aca220c200443a5462"}
{"index": {"_index":"pob","_id":"1265265"}}
	{"id":1265265,"type":"sell","buyer":"richardcrill","seller":"toofasteddie","symbol":"POB","quantity":"1.63009293","price":"0.72490024","timestamp":1627457004,"volume":"1.18165476","buyTxId":"MM-P-9049892-56030957-3-11-0","sellTxId":"15bfa636c66839808f781e1937bdd5ae3a0a2d12"}
{"index": {"_index":"pob","_id":"1265275"}}
	{"id":1265275,"type":"sell","buyer":"richardcrill","seller":"pablodare","symbol":"POB","quantity":"1.00000000","price":"0.72490024","timestamp":1627457211,"volume":"0.72490024","buyTxId":"MM-P-9049892-56030957-3-11-0","sellTxId":"dbce78dc6f287d0cc74db36e0cc403a1da283640"}
{"index": {"_index":"pob","_id":"1265301"}}
	{"id":1265301,"type":"sell","buyer":"anadolu","seller":"kinbi","symbol":"POB","quantity":"0.02123885","price":"0.72340009","timestamp":1627457703,"volume":"0.01536419","buyTxId":"24b05a6cdca7fc5ad3ce0973fed21439bdc67f4f","sellTxId":"156a8a5b0e1fa36021ccde4e4dc229f53dddd672"}
{"index": {"_index":"pob","_id":"1265325"}}
	{"id":1265325,"type":"sell","buyer":"gimme-your-coinz","seller":"meesterboom","symbol":"POB","quantity":"16.05359584","price":"0.72340010","timestamp":1627458126,"volume":"11.61317284","buyTxId":"1020c73ae23b7e902b36a60c93bcbbe2b3e71e2a","sellTxId":"7ae66ed2324f13fa79fa96348a23644f57d8c0a7"}
{"index": {"_index":"pob","_id":"1265362"}}
	{"id":1265362,"type":"sell","buyer":"gimme-your-coinz","seller":"taseli","symbol":"POB","quantity":"1.20853248","price":"0.72340010","timestamp":1627458648,"volume":"0.87425252","buyTxId":"ee530ce526772b284499f27e8f89bddb98997dd0","sellTxId":"7a77ad5529e16aa466bf5ca8726d4f6320309031"}
{"index": {"_index":"pob","_id":"1265378"}}
	{"id":1265378,"type":"buy","buyer":"muratkbesiroglu","seller":"bluesniper","symbol":"POB","quantity":"29.00000000","price":"0.72494996","timestamp":1627458840,"volume":"21.02354884","buyTxId":"8a2cf796b43aaff389f655d8177bb347005f6fdb","sellTxId":"MM-P-9050235-56031300-3-5-0"}
{"index": {"_index":"pob","_id":"1265383"}}
	{"id":1265383,"type":"buy","buyer":"muratkbesiroglu","seller":"adityajainxds","symbol":"POB","quantity":"7.36542545","price":"0.72497000","timestamp":1627458906,"volume":"5.33971249","buyTxId":"997d75c9a4602e059405c2813efcdf152aa22649","sellTxId":"363872fce25c29050db7baefdb20da07b4de6eb7"}
{"index": {"_index":"pob","_id":"1265386"}}
	{"id":1265386,"type":"buy","buyer":"muratkbesiroglu","seller":"trentonlundy1","symbol":"POB","quantity":"2.09594601","price":"0.72500000","timestamp":1627458960,"volume":"1.51956086","buyTxId":"52096e0a659664d932633c54fe116c1e22b69101","sellTxId":"c1078390b11b073d85f6d9f54605d76c792aa1b5"}
{"index": {"_index":"pob","_id":"1265387"}}
	{"id":1265387,"type":"buy","buyer":"muratkbesiroglu","seller":"kemmyb","symbol":"POB","quantity":"5.00000000","price":"0.73500000","timestamp":1627458960,"volume":"3.67500000","buyTxId":"52096e0a659664d932633c54fe116c1e22b69101","sellTxId":"b3b1653828e6c2058e86ca1e9f50ec1dea546a2e"}
{"index": {"_index":"pob","_id":"1265388"}}
	{"id":1265388,"type":"buy","buyer":"muratkbesiroglu","seller":"bluesniper","symbol":"POB","quantity":"14.22921559","price":"0.74398999","timestamp":1627458960,"volume":"10.58639396","buyTxId":"52096e0a659664d932633c54fe116c1e22b69101","sellTxId":"MM-P-9050529-56031599-3-5-0"}
{"index": {"_index":"pob","_id":"1265390"}}
	{"id":1265390,"type":"buy","buyer":"muratkbesiroglu","seller":"take-my-coinz","symbol":"POB","quantity":"7.09594601","price":"0.74398997","timestamp":1627459023,"volume":"5.27931266","buyTxId":"5c88eddca6b30109a8facc7d244d701fb97b30a8","sellTxId":"9dd7a3cb1c8cd29dd3fdc7e07d997320aaeb0874"}
{"index": {"_index":"pob","_id":"1265543"}}
	{"id":1265543,"type":"sell","buyer":"gimme-your-coinz","seller":"servelle","symbol":"POB","quantity":"0.08496460","price":"0.72420080","timestamp":1627460919,"volume":"0.06153143","buyTxId":"a4044619f7b99a75b6846ec118e661dca6f851c3","sellTxId":"f367b045e6f19ea31bd85e046bd55571b9847767"}
{"index": {"_index":"pob","_id":"1265547"}}
	{"id":1265547,"type":"buy","buyer":"razackpulo.pob","seller":"bluesniper","symbol":"POB","quantity":"7.09594601","price":"0.74397988","timestamp":1627461000,"volume":"5.27924106","buyTxId":"6993bf413373096310325b081915629c66758edd","sellTxId":"MM-P-9050629-56031699-3-5-0"}
{"index": {"_index":"pob","_id":"1265548"}}
	{"id":1265548,"type":"buy","buyer":"razackpulo.pob","seller":"solovey6o2","symbol":"POB","quantity":"22.90405399","price":"0.74398987","timestamp":1627461000,"volume":"17.04038415","buyTxId":"6993bf413373096310325b081915629c66758edd","sellTxId":"215e99f5c7b51279b7632744488f44f4d907025c"}
{"index": {"_index":"pob","_id":"1265587"}}
	{"id":1265587,"type":"sell","buyer":"gimme-your-coinz","seller":"gracefieldhub","symbol":"POB","quantity":"22.00000000","price":"0.72460007","timestamp":1627461294,"volume":"15.94120154","buyTxId":"4499071173425928be8e10e51d693dcf25ce6c05","sellTxId":"17b6c1bbe8df06f1ea784745eab12094f2560ec4"}
{"index": {"_index":"pob","_id":"1265613"}}
	{"id":1265613,"type":"sell","buyer":"gimme-your-coinz","seller":"nuthman","symbol":"POB","quantity":"3.06102850","price":"0.72460011","timestamp":1627461402,"volume":"2.21802159","buyTxId":"6934e2eafd2844f660ac4a57cacc3f0e041af40f","sellTxId":"79fa697384c4161ae4cd7798f1bdc00b3ebe86ea"}
{"index": {"_index":"pob","_id":"1265702"}}
	{"id":1265702,"type":"buy","buyer":"anadolu","seller":"risingstargame","symbol":"POB","quantity":"6.00000000","price":"0.73000000","timestamp":1627462881,"volume":"4.38000000","buyTxId":"9df12f1052b98b2002e1672e8667bacb31c3a27d","sellTxId":"b9b3a3e9549ddde71cd53203dcb00a13a04b06c5"}
{"index": {"_index":"pob","_id":"1265703"}}
	{"id":1265703,"type":"buy","buyer":"anadolu","seller":"solovey6o2","symbol":"POB","quantity":"42.88946200","price":"0.74398957","timestamp":1627462881,"volume":"31.90931239","buyTxId":"9df12f1052b98b2002e1672e8667bacb31c3a27d","sellTxId":"b9acc051f26846a9e41ca73fa275a6cc489fa55f"}
{"index": {"_index":"pob","_id":"1265716"}}
	{"id":1265716,"type":"sell","buyer":"gimme-your-coinz","seller":"tarazkp","symbol":"POB","quantity":"30.37145431","price":"0.72520071","timestamp":1627463136,"volume":"22.02540023","buyTxId":"ffd01c23ea1484e1a5b8152bdb98b12160ef77ea","sellTxId":"994795bc5019b03f23c8d41a4e0e442c9c7252f5"}
{"index": {"_index":"pob","_id":"1265722"}}
	{"id":1265722,"type":"sell","buyer":"gimme-your-coinz","seller":"panosdada","symbol":"POB","quantity":"8.7","price":"0.72520073","timestamp":1627463190,"volume":"6.30924635","buyTxId":"ed7fedfae2e1c7d9119dc80e35fe52c9d9283984","sellTxId":"b958d9e8a5b68bf3448bd4be466321fc811d44f2"}
{"index": {"_index":"pob","_id":"1265728"}}
	{"id":1265728,"type":"buy","buyer":"anadolu","seller":"take-my-coinz","symbol":"POB","quantity":"66.66000000","price":"0.74398955","timestamp":1627463253,"volume":"49.59434340","buyTxId":"75cc5892498cc7f37e12d61e510d4c0591c74c8a","sellTxId":"5ef05f8bd6575f8674239c927fbab652967dac5c"}
{"index": {"_index":"pob","_id":"1265733"}}
	{"id":1265733,"type":"buy","buyer":"ugochill","seller":"take-my-coinz","symbol":"POB","quantity":"0.10000000","price":"0.74999998","timestamp":1627463289,"volume":"0.07500000","buyTxId":"7c9037c2a4e55ec034a2efa723296919674785ab","sellTxId":"247350e8e8e9b18f38ee18904d72a9a535360343"}
{"index": {"_index":"pob","_id":"1265759"}}
	{"id":1265759,"type":"buy","buyer":"razackpulo.pob","seller":"take-my-coinz","symbol":"POB","quantity":"11.90000000","price":"0.74999998","timestamp":1627464276,"volume":"8.92499976","buyTxId":"bfdd615fc8e8a3f0e5489ad8233233a8940b24ed","sellTxId":"247350e8e8e9b18f38ee18904d72a9a535360343"}
{"index": {"_index":"pob","_id":"1265768"}}
	{"id":1265768,"type":"sell","buyer":"solovey6o2","seller":"achim03","symbol":"POB","quantity":"5.14000000","price":"0.72580034","timestamp":1627464348,"volume":"3.73061375","buyTxId":"d7f32ffdb238ba8e106fc5fba5b0b7bfc58e487a","sellTxId":"62be8fc3579d3f709557478e578a809559e28897"}
{"index": {"_index":"pob","_id":"1265771"}}
	{"id":1265771,"type":"sell","buyer":"gimme-your-coinz","seller":"alexvan","symbol":"POB","quantity":"5.86463914","price":"0.72581001","timestamp":1627464438,"volume":"4.25661379","buyTxId":"7f1c3ec378a873f11fa9125f52fecd3eda185867","sellTxId":"0c5e98476f758d7dd8dd1434fa4e151ab009b87e"}
{"index": {"_index":"pob","_id":"1265776"}}
	{"id":1265776,"type":"sell","buyer":"richardcrill","seller":"gillianpearce","symbol":"POB","quantity":"10.00000000","price":"0.72601010","timestamp":1627464774,"volume":"7.26010100","buyTxId":"MM-P-9052474-56033553-3-11-0","sellTxId":"a91d6cc14107c2d4127438915b437d4e1511ab5b"}
{"index": {"_index":"pob","_id":"1265821"}}
	{"id":1265821,"type":"sell","buyer":"solovey6o2","seller":"diebitch","symbol":"POB","quantity":"56.00000000","price":"0.72641055","timestamp":1627466100,"volume":"40.67899080","buyTxId":"ea771aec6c5cf603cb34d843a084de2d93ade21c","sellTxId":"0c2d7abb301539011c069e6876f2b09196cf3908"}
{"index": {"_index":"pob","_id":"1265858"}}
	{"id":1265858,"type":"sell","buyer":"solovey6o2","seller":"felipejoys","symbol":"POB","quantity":"5.00000000","price":"0.72680017","timestamp":1627467102,"volume":"3.63400085","buyTxId":"e463129bbc568c58586edfe0aab3badd11cff9c9","sellTxId":"9fb0d281ef181c4e35ed516f54993ef3502010a9"}
{"index": {"_index":"pob","_id":"1265886"}}
	{"id":1265886,"type":"sell","buyer":"gimme-your-coinz","seller":"scooter77","symbol":"POB","quantity":"20.00000000","price":"0.72710040","timestamp":1627467804,"volume":"14.54200800","buyTxId":"bba78318e47682f58d6cceb30ab3b04f3b4ba7a2","sellTxId":"9f5d995768debe72bd9a9494484fe11edc695a4e"}
{"index": {"_index":"pob","_id":"1265892"}}
	{"id":1265892,"type":"sell","buyer":"solovey6o2","seller":"sayago","symbol":"POB","quantity":"4.16882973","price":"0.72710045","timestamp":1627467957,"volume":"3.03115797","buyTxId":"59d57f1b3fdb67c968e5c5931eab176d3be6cdcd","sellTxId":"a2ebb1af02a9db3c0bab82b93cc7832d7c20008c"}
{"index": {"_index":"pob","_id":"1265910"}}
	{"id":1265910,"type":"sell","buyer":"solovey6o2","seller":"slobberchops","symbol":"POB","quantity":"0.62032323","price":"0.72720054","timestamp":1627468266,"volume":"0.45109939","buyTxId":"8845b38d3e24d140f3190ec93c619ce5b54bcb02","sellTxId":"93df3636751ebc31f2f3de2cdb090e547c5f44bf"}
{"index": {"_index":"pob","_id":"1265914"}}
	{"id":1265914,"type":"sell","buyer":"richardcrill","seller":"pthker2010","symbol":"POB","quantity":"45.37326294","price":"0.72730057","timestamp":1627468359,"volume":"33.00000000","buyTxId":"MM-P-9053660-56034747-3-11-0","sellTxId":"c74b0bf98e45e08bfb973634e4622a3912295159"}
{"index": {"_index":"pob","_id":"1265915"}}
	{"id":1265915,"type":"sell","buyer":"gimme-your-coinz","seller":"pthker2010","symbol":"POB","quantity":"33.33300000","price":"0.72720057","timestamp":1627468359,"volume":"24.23977660","buyTxId":"095b204ea04b25743117bbba21b8486bb7a9ec32","sellTxId":"c74b0bf98e45e08bfb973634e4622a3912295159"}
{"index": {"_index":"pob","_id":"1265916"}}
	{"id":1265916,"type":"sell","buyer":"solovey6o2","seller":"pthker2010","symbol":"POB","quantity":"113.29373706","price":"0.72720056","timestamp":1627468359,"volume":"82.38726903","buyTxId":"3a8d1c9d79e1e41cae7f3a3590be3dfd4348de42","sellTxId":"c74b0bf98e45e08bfb973634e4622a3912295159"}
{"index": {"_index":"pob","_id":"1265947"}}
	{"id":1265947,"type":"sell","buyer":"gimme-your-coinz","seller":"lxsxl","symbol":"POB","quantity":"3.11879276","price":"0.72730078","timestamp":1627468935,"volume":"2.26830041","buyTxId":"eb424784c9075721e36a0d14dc96f48de3446397","sellTxId":"90fc8db27ed9496c7cf22cd578b8d97b966dfd23"}
{"index": {"_index":"pob","_id":"1265962"}}
	{"id":1265962,"type":"sell","buyer":"gimme-your-coinz","seller":"young-boss-karin","symbol":"POB","quantity":"21.78267909","price":"0.72750091","timestamp":1627469352,"volume":"15.84691886","buyTxId":"afff815f26feea1e4edaba1c1b197bb1a428c7a6","sellTxId":"048c48694d77e286d53b6f7b5e35a70ed8eab29c"}
{"index": {"_index":"pob","_id":"1265965"}}
	{"id":1265965,"type":"buy","buyer":"tonytrillions","seller":"meesterbrain","symbol":"POB","quantity":"0.23897294","price":"0.74000000","timestamp":1627469442,"volume":"0.17683998","buyTxId":"6b5d2a24b5511ebde9dc90ab419db2eb4fc9a048","sellTxId":"a6fc33d2fded356e05d19e52c135278dcdc6f2ac"}
{"index": {"_index":"pob","_id":"1265986"}}
	{"id":1265986,"type":"sell","buyer":"gimme-your-coinz","seller":"andy4475","symbol":"POB","quantity":"2.17154228","price":"0.72770113","timestamp":1627470081,"volume":"1.58023377","buyTxId":"06f0eea878bdcfbfe7be859128fc5998aed24436","sellTxId":"53e0c98c87ee8a39ec0420486aa0b85bdf060cf0"}
{"index": {"_index":"pob","_id":"1266032"}}
	{"id":1266032,"type":"sell","buyer":"gimme-your-coinz","seller":"ahmetay","symbol":"POB","quantity":"0.01656318","price":"0.72800145","timestamp":1627471011,"volume":"0.01205802","buyTxId":"6adba2fad59388b1f052b34a4641deb969b09541","sellTxId":"e87b0ba87cafacba6639143e530f601e5dbf6603"}
{"index": {"_index":"pob","_id":"1266034"}}
	{"id":1266034,"type":"buy","buyer":"offgridlife","seller":"meesterbrain","symbol":"POB","quantity":"5.00000000","price":"0.74000000","timestamp":1627471038,"volume":"3.70000000","buyTxId":"b0225c892a8cdc31e00e7af2f8a583e6726c2f57","sellTxId":"a6fc33d2fded356e05d19e52c135278dcdc6f2ac"}
{"index": {"_index":"pob","_id":"1266055"}}
	{"id":1266055,"type":"sell","buyer":"gimme-your-coinz","seller":"brunonacif","symbol":"POB","quantity":"0.73946913","price":"0.72820155","timestamp":1627471449,"volume":"0.53848257","buyTxId":"67bb4738d8e986e39ae7196fa8e536e1d4559683","sellTxId":"31d660d0cf75375dc9992f815335ee023b4b938a"}
{"index": {"_index":"pob","_id":"1266094"}}
	{"id":1266094,"type":"sell","buyer":"gimme-your-coinz","seller":"madstacks","symbol":"POB","quantity":"4.23362352","price":"0.72850158","timestamp":1627472409,"volume":"3.08420142","buyTxId":"55cc9e57d70eb3f00dc06a8bf124b14b0ee7e2da","sellTxId":"9bcf889196fa08fd71b495a28718525e2cf82fc1"}
{"index": {"_index":"pob","_id":"1266114"}}
	{"id":1266114,"type":"sell","buyer":"gimme-your-coinz","seller":"lebah","symbol":"POB","quantity":"5.00000000","price":"0.72870160","timestamp":1627473039,"volume":"3.64350800","buyTxId":"7bbce00412634076983f50fd3db9c79ee6ac1bd5","sellTxId":"e556ed5ebc77604a83df8f23df6b27d90ea6eaae"}
{"index": {"_index":"pob","_id":"1266158"}}
	{"id":1266158,"type":"buy","buyer":"tonytrillions","seller":"meesterbrain","symbol":"POB","quantity":"0.01709672","price":"0.74000000","timestamp":1627473693,"volume":"0.01265157","buyTxId":"aa603508b2210e948126724b8c673b1fafdb0b7b","sellTxId":"a6fc33d2fded356e05d19e52c135278dcdc6f2ac"}
{"index": {"_index":"pob","_id":"1266206"}}
	{"id":1266206,"type":"sell","buyer":"gimme-your-coinz","seller":"optimistically","symbol":"POB","quantity":"7.55802868","price":"0.72930166","timestamp":1627474782,"volume":"5.51208286","buyTxId":"0652fff2eb3b62b223ceb1f2e58c915c8f8271f2","sellTxId":"3cd6680672ee8d9de48a2da309e5b3182fd84438"}
{"index": {"_index":"pob","_id":"1266207"}}
	{"id":1266207,"type":"sell","buyer":"gimme-your-coinz","seller":"arlettemsalase","symbol":"POB","quantity":"2.1723415","price":"0.72930166","timestamp":1627474803,"volume":"1.58429226","buyTxId":"0652fff2eb3b62b223ceb1f2e58c915c8f8271f2","sellTxId":"c9924029f98bb5928f0e85a881d0e40cfb37927d"}
{"index": {"_index":"pob","_id":"1266339"}}
	{"id":1266339,"type":"buy","buyer":"tonytrillions","seller":"meesterbrain","symbol":"POB","quantity":"0.00004087","price":"0.74000000","timestamp":1627476804,"volume":"0.00003024","buyTxId":"cdb4de8535178b4ab6c139a0c3bc0b764cc7fa43","sellTxId":"a6fc33d2fded356e05d19e52c135278dcdc6f2ac"}
{"index": {"_index":"pob","_id":"1266396"}}
	{"id":1266396,"type":"sell","buyer":"richardcrill","seller":"kraken99","symbol":"POB","quantity":"0.77828105","price":"0.73010000","timestamp":1627477686,"volume":"0.56822299","buyTxId":"MM-P-9056450-56037538-3-11-0","sellTxId":"58ff75b6ae4c1e7fceae09e137e5f00b732a6443"}
{"index": {"_index":"pob","_id":"1266398"}}
	{"id":1266398,"type":"sell","buyer":"richardcrill","seller":"matheusggr","symbol":"POB","quantity":"40.03451926","price":"0.73010000","timestamp":1627477761,"volume":"29.22920251","buyTxId":"MM-P-9056450-56037538-3-11-0","sellTxId":"616a9c631171e1e88dfeca8c2418a73f7afbd32f"}
{"index": {"_index":"pob","_id":"1266414"}}
	{"id":1266414,"type":"sell","buyer":"richardcrill","seller":"fuerza-hispana","symbol":"POB","quantity":"0.04320211","price":"0.73010000","timestamp":1627478130,"volume":"0.03154186","buyTxId":"MM-P-9056450-56037538-3-11-0","sellTxId":"60e06d36f45702d0c67f45a7f008ffb7d1133128"}
{"index": {"_index":"pob","_id":"1266437"}}
	{"id":1266437,"type":"sell","buyer":"richardcrill","seller":"lebah","symbol":"POB","quantity":"4.00000000","price":"0.73010000","timestamp":1627478352,"volume":"2.92040000","buyTxId":"MM-P-9056450-56037538-3-11-0","sellTxId":"391475aced3f9b16887d50f3c9e804728c1b4b8a"}
{"index": {"_index":"pob","_id":"1266561"}}
	{"id":1266561,"type":"sell","buyer":"richardcrill","seller":"erikah","symbol":"POB","quantity":"11.71100000","price":"0.73020000","timestamp":1627479264,"volume":"8.55137220","buyTxId":"MM-P-9057047-56038136-3-11-0","sellTxId":"20a1ce4eeb1408e1fe5db745c55123d8055e7cb2"}
{"index": {"_index":"pob","_id":"1266600"}}
	{"id":1266600,"type":"sell","buyer":"richardcrill","seller":"bitcoinflood","symbol":"POB","quantity":"26.76470373","price":"0.73020000","timestamp":1627479564,"volume":"19.54358666","buyTxId":"MM-P-9057047-56038136-3-11-0","sellTxId":"67a0295a1ff64e604d5f37a8b268c69262456313"}
{"index": {"_index":"pob","_id":"1266601"}}
	{"id":1266601,"type":"sell","buyer":"richardcrill","seller":"toofasteddie","symbol":"POB","quantity":"3.47391295","price":"0.73020000","timestamp":1627479564,"volume":"2.53665124","buyTxId":"MM-P-9057047-56038136-3-11-0","sellTxId":"3b41c906851ea08bd0f2deac0fdcec3790e6db5d"}
{"index": {"_index":"pob","_id":"1266628"}}
	{"id":1266628,"type":"sell","buyer":"richardcrill","seller":"hadi18","symbol":"POB","quantity":"3.24348110","price":"0.73020000","timestamp":1627480005,"volume":"2.36838990","buyTxId":"MM-P-9057047-56038136-3-11-0","sellTxId":"c93addde1aceffbbfc8100519499a3a96fa827d0"}
{"index": {"_index":"pob","_id":"1266631"}}
	{"id":1266631,"type":"buy","buyer":"richardcrill","seller":"hadi18","symbol":"POB","quantity":"16.92508275","price":"0.73020000","timestamp":1627480056,"volume":"12.35869542","buyTxId":"MM-P-9057546-56038635-3-11-0","sellTxId":"c93addde1aceffbbfc8100519499a3a96fa827d0"}
{"index": {"_index":"pob","_id":"1266642"}}
	{"id":1266642,"type":"sell","buyer":"richardcrill","seller":"enforcer48","symbol":"POB","quantity":"2.33800000","price":"0.73020000","timestamp":1627480377,"volume":"1.70720760","buyTxId":"MM-P-9057546-56038635-3-11-0","sellTxId":"22b5279c78b5238bfeef52d68eaf09e18889ced4"}
{"index": {"_index":"pob","_id":"1266669"}}
	{"id":1266669,"type":"sell","buyer":"richardcrill","seller":"melbourneswest","symbol":"POB","quantity":"25.93001503","price":"0.73020000","timestamp":1627480941,"volume":"18.93409697","buyTxId":"MM-P-9057546-56038635-3-11-0","sellTxId":"f64b01ae1687b1a69c5a318cc0eb9723e9c1e637"}
{"index": {"_index":"pob","_id":"1266670"}}
	{"id":1266670,"type":"buy","buyer":"richardcrill","seller":"melbourneswest","symbol":"POB","quantity":"11.08693357","price":"0.73020000","timestamp":1627480956,"volume":"8.09567889","buyTxId":"MM-P-9057846-56038935-3-11-0","sellTxId":"f64b01ae1687b1a69c5a318cc0eb9723e9c1e637"}
{"index": {"_index":"pob","_id":"1266712"}}
	{"id":1266712,"type":"buy","buyer":"tonytrillions","seller":"bilpcoinbpc","symbol":"POB","quantity":"0.00159546","price":"0.73999000","timestamp":1627481613,"volume":"0.00118062","buyTxId":"3dd3f9d6e2f435e3902007e96630fb5b3a7ec002","sellTxId":"c12008cebf0806441ba284b1578da878295562b9"}
{"index": {"_index":"pob","_id":"1266748"}}
	{"id":1266748,"type":"sell","buyer":"richardcrill","seller":"bokica80","symbol":"POB","quantity":"0.02074169","price":"0.73020000","timestamp":1627482063,"volume":"0.01514558","buyTxId":"MM-P-9057846-56038935-3-11-0","sellTxId":"4ab1dd498b7220eb0947436ffd1884130a0d68a9"}
{"index": {"_index":"pob","_id":"1266756"}}
	{"id":1266756,"type":"sell","buyer":"richardcrill","seller":"daniky","symbol":"POB","quantity":"34.08542252","price":"0.73020000","timestamp":1627482516,"volume":"24.88917552","buyTxId":"MM-P-9057846-56038935-3-11-0","sellTxId":"0e7edf64e973f12c0977bdd0c7b680b20ead5780"}
{"index": {"_index":"pob","_id":"1266761"}}
	{"id":1266761,"type":"sell","buyer":"anadolu","seller":"daniky","symbol":"POB","quantity":"17.73000000","price":"0.73010000","timestamp":1627482663,"volume":"12.94467300","buyTxId":"93b05b6ce71bc1c00891b642939c416fdc39c959","sellTxId":"941fa8f74c5e8c67e5a042db957b707271d60540"}
{"index": {"_index":"pob","_id":"1266777"}}
	{"id":1266777,"type":"sell","buyer":"richardcrill","seller":"anggreklestari","symbol":"POB","quantity":"5.82806279","price":"0.73020000","timestamp":1627482945,"volume":"4.25565145","buyTxId":"MM-P-9058446-56039535-3-11-0","sellTxId":"5d863f63f5a1f01aad0c679487a18afa2151d4d9"}
{"index": {"_index":"pob","_id":"1266843"}}
	{"id":1266843,"type":"buy","buyer":"pdq","seller":"bilpcoinbpc","symbol":"POB","quantity":"3.99840454","price":"0.73999000","timestamp":1627484133,"volume":"2.95877938","buyTxId":"cb4ec28510dc6b13b93957a1f7a6f8e97c71759b","sellTxId":"c12008cebf0806441ba284b1578da878295562b9"}
{"index": {"_index":"pob","_id":"1266844"}}
	{"id":1266844,"type":"buy","buyer":"pdq","seller":"meesterbrain","symbol":"POB","quantity":"1.76181293","price":"0.74000000","timestamp":1627484133,"volume":"1.30374157","buyTxId":"cb4ec28510dc6b13b93957a1f7a6f8e97c71759b","sellTxId":"a6fc33d2fded356e05d19e52c135278dcdc6f2ac"}
{"index": {"_index":"pob","_id":"1266845"}}
	{"id":1266845,"type":"buy","buyer":"pdq","seller":"anadolu","symbol":"POB","quantity":"150.00000000","price":"0.74000000","timestamp":1627484133,"volume":"111.00000000","buyTxId":"cb4ec28510dc6b13b93957a1f7a6f8e97c71759b","sellTxId":"4a627d10e849c6fb7b9673d2553f72c6920ac9e5"}
{"index": {"_index":"pob","_id":"1266846"}}
	{"id":1266846,"type":"buy","buyer":"pdq","seller":"anadolu","symbol":"POB","quantity":"50.00000000","price":"0.74000000","timestamp":1627484133,"volume":"37.00000000","buyTxId":"cb4ec28510dc6b13b93957a1f7a6f8e97c71759b","sellTxId":"f62cd9a19e91886b63af9463f811d395e460ae41"}
{"index": {"_index":"pob","_id":"1266847"}}
	{"id":1266847,"type":"buy","buyer":"pdq","seller":"oivas","symbol":"POB","quantity":"1.77874178","price":"0.74499000","timestamp":1627484133,"volume":"1.32514484","buyTxId":"cb4ec28510dc6b13b93957a1f7a6f8e97c71759b","sellTxId":"0dcd1f5ad8af2ca4babde79c6bf50b7863d3d156"}
{"index": {"_index":"pob","_id":"1266848"}}
	{"id":1266848,"type":"buy","buyer":"pdq","seller":"specialfeelings","symbol":"POB","quantity":"10.51400496","price":"0.74500000","timestamp":1627484133,"volume":"7.83293370","buyTxId":"cb4ec28510dc6b13b93957a1f7a6f8e97c71759b","sellTxId":"b087d8b1d38ee67154991cb8f5aa669c2d4de52e"}
{"index": {"_index":"pob","_id":"1266849"}}
	{"id":1266849,"type":"buy","buyer":"pdq","seller":"take-my-coinz","symbol":"POB","quantity":"33.22000000","price":"0.74500000","timestamp":1627484133,"volume":"24.74890000","buyTxId":"cb4ec28510dc6b13b93957a1f7a6f8e97c71759b","sellTxId":"2843bce2ff2cc37666dc7c32bceb63f324604a87"}
{"index": {"_index":"pob","_id":"1266850"}}
	{"id":1266850,"type":"buy","buyer":"pdq","seller":"gungunkrishu","symbol":"POB","quantity":"7.40000000","price":"0.75000000","timestamp":1627484133,"volume":"5.55000000","buyTxId":"cb4ec28510dc6b13b93957a1f7a6f8e97c71759b","sellTxId":"8bd3d0f0a81b3e5b17d79374a417359e6c65dd64"}
{"index": {"_index":"pob","_id":"1266851"}}
	{"id":1266851,"type":"buy","buyer":"pdq","seller":"solovey6o2","symbol":"POB","quantity":"25.32703579","price":"0.76699966","timestamp":1627484133,"volume":"19.42582784","buyTxId":"cb4ec28510dc6b13b93957a1f7a6f8e97c71759b","sellTxId":"652f8142c232ad0320ac9aafc8eafabc474a8f60"}
{"index": {"_index":"pob","_id":"1266897"}}
	{"id":1266897,"type":"sell","buyer":"solovey6o2","seller":"katerinhernandez","symbol":"POB","quantity":"56.35584766","price":"0.73050004","timestamp":1627485021,"volume":"41.16794897","buyTxId":"e19f1e5ad7b1f76c70f43e1ef3a72d600732f1f7","sellTxId":"90d42cb2a60e16473f8c0a92a822018369984ec5"}
{"index": {"_index":"pob","_id":"1266993"}}
	{"id":1266993,"type":"sell","buyer":"solovey6o2","seller":"crismanto","symbol":"POB","quantity":"51.00000000","price":"0.73090008","timestamp":1627486197,"volume":"37.27590408","buyTxId":"184e5bf1d3914c7696fedf612665269d3ea05915","sellTxId":"48d30d60393a7ac22ca04ab8ae4e6e5ab6efae6a"}
{"index": {"_index":"pob","_id":"1267065"}}
	{"id":1267065,"type":"sell","buyer":"solovey6o2","seller":"ironshield","symbol":"POB","quantity":"6.99978197","price":"0.73120011","timestamp":1627487145,"volume":"5.11824135","buyTxId":"6cf3963ef68afc0d6bfb5fcae97fa6ca9b628440","sellTxId":"43474d404de69d2bed0a2046efb3da5c7b49d560"}
{"index": {"_index":"pob","_id":"1267101"}}
	{"id":1267101,"type":"sell","buyer":"solovey6o2","seller":"flaxz","symbol":"POB","quantity":"0.9548","price":"0.73140013","timestamp":1627487733,"volume":"0.69834084","buyTxId":"4d9d678b90e0bdf95d31885868bbaa2730e2fd5d","sellTxId":"9354e5ef814bd2e4a12294e6520cada0a052007f"}
{"index": {"_index":"pob","_id":"1267116"}}
	{"id":1267116,"type":"sell","buyer":"solovey6o2","seller":"elirosales181","symbol":"POB","quantity":"20.87995915","price":"0.73150014","timestamp":1627488096,"volume":"15.27369304","buyTxId":"32a5bf932910ce8e3a8c2da7965852c1548258a8","sellTxId":"8c6fc88220d79c406151c7b08baba0de61193e88"}
{"index": {"_index":"pob","_id":"1267151"}}
	{"id":1267151,"type":"sell","buyer":"solovey6o2","seller":"katerinhernandez","symbol":"POB","quantity":"1.00000000","price":"0.73180017","timestamp":1627488999,"volume":"0.73180017","buyTxId":"b426e57f162eed4efefcf6861615102ed8e69fa0","sellTxId":"34977f8d9523f546c7804252d9bef5a253465537"}
{"index": {"_index":"pob","_id":"1267440"}}
	{"id":1267440,"type":"sell","buyer":"solovey6o2","seller":"whitelightxpress","symbol":"POB","quantity":"1.10626632","price":"0.73260025","timestamp":1627491312,"volume":"0.81045098","buyTxId":"a47acff4876933f959fa053b9224443d333915a8","sellTxId":"49ab3fbd78bb36a6bb4c0fb8d3621d95dc7e03bf"}
{"index": {"_index":"pob","_id":"1267519"}}
	{"id":1267519,"type":"sell","buyer":"solovey6o2","seller":"victoriabsb","symbol":"POB","quantity":"1.88538477","price":"0.73290028","timestamp":1627492119,"volume":"1.38179903","buyTxId":"a83adfcab7ef483c9d2a21f0356deb5eecda024d","sellTxId":"88919f77e36e0dc3ba673973b71acd41b3f1fe86"}
{"index": {"_index":"pob","_id":"1267568"}}
	{"id":1267568,"type":"sell","buyer":"richardcrill","seller":"cosmictriage","symbol":"POB","quantity":"0.00800000","price":"0.73300028","timestamp":1627492530,"volume":"0.00586400","buyTxId":"MM-P-9061628-56042727-3-11-0","sellTxId":"60a689b5b367a413467b64e6533cef1ee4705dfd"}
{"index": {"_index":"pob","_id":"1267587"}}
	{"id":1267587,"type":"sell","buyer":"solovey6o2","seller":"dynamicgreentk","symbol":"POB","quantity":"7.41008487","price":"0.73300029","timestamp":1627492605,"volume":"5.43159436","buyTxId":"8f059c101a1e9310f82888e156dff4b0baa51f52","sellTxId":"5265f773e920865bb74af641732f5b068fbc072f"}
{"index": {"_index":"pob","_id":"1267618"}}
	{"id":1267618,"type":"sell","buyer":"solovey6o2","seller":"alexvan","symbol":"POB","quantity":"7.01616247","price":"0.73310030","timestamp":1627492926,"volume":"5.14355081","buyTxId":"e004c98146237a605cb325927a20492418c9838b","sellTxId":"7c01452d66e76e4477cae934e0956339b8a1cf5d"}
{"index": {"_index":"pob","_id":"1267691"}}
	{"id":1267691,"type":"sell","buyer":"solovey6o2","seller":"cryptoandcoffee","symbol":"POB","quantity":"10.00000000","price":"0.73340033","timestamp":1627493793,"volume":"7.33400330","buyTxId":"41ffc9279d39e19cdec002bac91afccf49e5657b","sellTxId":"33bcb5855786d04dc8db46783981a38638bc112e"}
{"index": {"_index":"pob","_id":"1267777"}}
	{"id":1267777,"type":"sell","buyer":"solovey6o2","seller":"peerfinance","symbol":"POB","quantity":"0.09600000","price":"0.73370036","timestamp":1627494537,"volume":"0.07043523","buyTxId":"5fc880deafb63ab1f0a2ab8363a08b9d56e2e64f","sellTxId":"7d6f4a408ad9a8f2cf82bc682705a5f0eb938bba"}
{"index": {"_index":"pob","_id":"1267821"}}
	{"id":1267821,"type":"sell","buyer":"solovey6o2","seller":"jesustiano","symbol":"POB","quantity":"0.82918242","price":"0.73380037","timestamp":1627494960,"volume":"0.60845437","buyTxId":"3361d59c0d9c9d6c866be182b1bb0b8fe6e50f2e","sellTxId":"4eb1003ed5f85928c828c5899345e965ceb62b9a"}
{"index": {"_index":"pob","_id":"1267849"}}
	{"id":1267849,"type":"sell","buyer":"gimme-your-coinz","seller":"sembrandounpais","symbol":"POB","quantity":"4.03211567","price":"0.72960182","timestamp":1627495443,"volume":"2.94183893","buyTxId":"04426856a8796291adf58d8e2b4ed26a835af201","sellTxId":"7e92730e4915c471fdb7434c0c3769fec384acb9"}
{"index": {"_index":"pob","_id":"1267875"}}
	{"id":1267875,"type":"sell","buyer":"gimme-your-coinz","seller":"mrtats","symbol":"POB","quantity":"0.569","price":"0.72960182","timestamp":1627495668,"volume":"0.41514344","buyTxId":"04426856a8796291adf58d8e2b4ed26a835af201","sellTxId":"28edd8496d0f8fc82e4e94698b54b14c0e4be684"}
{"index": {"_index":"pob","_id":"1267919"}}
	{"id":1267919,"type":"sell","buyer":"gimme-your-coinz","seller":"thisismylife","symbol":"POB","quantity":"4.84062757","price":"0.72960182","timestamp":1627496190,"volume":"3.53173069","buyTxId":"04426856a8796291adf58d8e2b4ed26a835af201","sellTxId":"d942d085d4a838abb575766e9a7301f36c6afe95"}
{"index": {"_index":"pob","_id":"1267920"}}
	{"id":1267920,"type":"sell","buyer":"gimme-your-coinz","seller":"ecoinstant","symbol":"POB","quantity":"15.49880000","price":"0.72960182","timestamp":1627496196,"volume":"11.30795269","buyTxId":"04426856a8796291adf58d8e2b4ed26a835af201","sellTxId":"8db3c8336e32aacd0b9ce8b6bcd9c15343e7cb49"}
{"index": {"_index":"pob","_id":"1267921"}}
	{"id":1267921,"type":"sell","buyer":"gimme-your-coinz","seller":"ahmetay","symbol":"POB","quantity":"0.00958966","price":"0.72960182","timestamp":1627496199,"volume":"0.00699663","buyTxId":"04426856a8796291adf58d8e2b4ed26a835af201","sellTxId":"cf833fd9b7d4cfeab1fc9fc711f4030e28afe9b9"}
{"index": {"_index":"pob","_id":"1268094"}}
	{"id":1268094,"type":"sell","buyer":"gimme-your-coinz","seller":"priyanarc","symbol":"POB","quantity":"5.00000000","price":"0.72960182","timestamp":1627498167,"volume":"3.64800910","buyTxId":"04426856a8796291adf58d8e2b4ed26a835af201","sellTxId":"4b922a72b1c880125426202a784f40576610c3e2"}
{"index": {"_index":"pob","_id":"1268122"}}
	{"id":1268122,"type":"sell","buyer":"gimme-your-coinz","seller":"curatingunicorn","symbol":"POB","quantity":"1.50000000","price":"0.72960182","timestamp":1627498854,"volume":"1.09440273","buyTxId":"04426856a8796291adf58d8e2b4ed26a835af201","sellTxId":"7b06b3334bf05c79d6c6aec4615ecedcfb3d9142"}
{"index": {"_index":"pob","_id":"1268126"}}
	{"id":1268126,"type":"sell","buyer":"gimme-your-coinz","seller":"heruvim1978","symbol":"POB","quantity":"3.43951986","price":"0.72960183","timestamp":1627498917,"volume":"2.50947998","buyTxId":"300bd2ad9836836a79065a433aed5d5db8b65d21","sellTxId":"2b6b1c8cc89aa22488de405cfe10d5c1b8836b83"}
{"index": {"_index":"pob","_id":"1268131"}}
	{"id":1268131,"type":"sell","buyer":"richardcrill","seller":"phusionphil","symbol":"POB","quantity":"16.6865529","price":"0.72970183","timestamp":1627498977,"volume":"12.17620819","buyTxId":"MM-P-9063820-56044920-3-11-0","sellTxId":"0fc6761168161d26126942700d72b67340834b1d"}
{"index": {"_index":"pob","_id":"1268264"}}
	{"id":1268264,"type":"buy","buyer":"gimme-your-coinz","seller":"bashadow","symbol":"POB","quantity":"5.00000000","price":"0.73960182","timestamp":1627500414,"volume":"3.69800910","buyTxId":"2127a41fa0fd5df6f9ec035a2c733883c6c68b0e","sellTxId":"64e22081616a46eacfdd83d345af5c61f15ff541"}
{"index": {"_index":"pob","_id":"1268265"}}
	{"id":1268265,"type":"buy","buyer":"gimme-your-coinz","seller":"aiuna","symbol":"POB","quantity":"78.90165087","price":"0.74370035","timestamp":1627500414,"volume":"58.67918537","buyTxId":"2127a41fa0fd5df6f9ec035a2c733883c6c68b0e","sellTxId":"310cb9d10852918be618b5a6fbf7ff1c77665d90"}
{"index": {"_index":"pob","_id":"1268266"}}
	{"id":1268266,"type":"buy","buyer":"gimme-your-coinz","seller":"solovey6o2","symbol":"POB","quantity":"0.00365782","price":"0.76699387","timestamp":1627500414,"volume":"0.00280553","buyTxId":"2127a41fa0fd5df6f9ec035a2c733883c6c68b0e","sellTxId":"7511e602f42bdda5f73e43726caa759b63aa91a7"}
{"index": {"_index":"pob","_id":"1268288"}}
	{"id":1268288,"type":"sell","buyer":"gimme-your-coinz","seller":"fabian98","symbol":"POB","quantity":"22.00000000","price":"0.73010188","timestamp":1627500543,"volume":"16.06224136","buyTxId":"b829b8b2acaefa475baa45150f2ece64442b4f0f","sellTxId":"f25cc73081018580710ee72f6973b1858f622fac"}
{"index": {"_index":"pob","_id":"1268289"}}
	{"id":1268289,"type":"buy","buyer":"solovey6o2","seller":"fabian98","symbol":"POB","quantity":"38.00000000","price":"0.73010188","timestamp":1627500546,"volume":"27.74387144","buyTxId":"ed315d053b288c02d9834bf6b0c219b9f1739b8a","sellTxId":"f25cc73081018580710ee72f6973b1858f622fac"}
{"index": {"_index":"pob","_id":"1268300"}}
	{"id":1268300,"type":"sell","buyer":"gimme-your-coinz","seller":"fabian98","symbol":"POB","quantity":"22.00000000","price":"0.73010189","timestamp":1627500630,"volume":"16.06224158","buyTxId":"30f8f9dcb8475344211c993b2848008130e0ae86","sellTxId":"da739d1a1feefea0e7518b2f647db7fe333e5d42"}
{"index": {"_index":"pob","_id":"1268301"}}
	{"id":1268301,"type":"sell","buyer":"gimme-your-coinz","seller":"fabian98","symbol":"POB","quantity":"22.00000000","price":"0.73010189","timestamp":1627500630,"volume":"16.06224158","buyTxId":"c408b6f0aeaebc69d9e6d0e82a8e3c203661b967","sellTxId":"da739d1a1feefea0e7518b2f647db7fe333e5d42"}
{"index": {"_index":"pob","_id":"1268302"}}
	{"id":1268302,"type":"sell","buyer":"solovey6o2","seller":"fabian98","symbol":"POB","quantity":"16.00000000","price":"0.73010188","timestamp":1627500630,"volume":"11.68163008","buyTxId":"ed315d053b288c02d9834bf6b0c219b9f1739b8a","sellTxId":"da739d1a1feefea0e7518b2f647db7fe333e5d42"}
{"index": {"_index":"pob","_id":"1268347"}}
	{"id":1268347,"type":"sell","buyer":"gimme-your-coinz","seller":"fabian98","symbol":"POB","quantity":"22.00000000","price":"0.73020192","timestamp":1627500933,"volume":"16.06444224","buyTxId":"e8d88a0d2124730c599a4b88f41ab7da90234987","sellTxId":"a052fc2302b0bfedf11d6b77ff8c304ab5a91dd1"}
{"index": {"_index":"pob","_id":"1268348"}}
	{"id":1268348,"type":"sell","buyer":"gimme-your-coinz","seller":"fabian98","symbol":"POB","quantity":"22.00000000","price":"0.73020192","timestamp":1627500933,"volume":"16.06444224","buyTxId":"09fb9f97f569452de98125d57596d4a606c4c36a","sellTxId":"a052fc2302b0bfedf11d6b77ff8c304ab5a91dd1"}
{"index": {"_index":"pob","_id":"1268349"}}
	{"id":1268349,"type":"sell","buyer":"solovey6o2","seller":"fabian98","symbol":"POB","quantity":"16.00000000","price":"0.73020192","timestamp":1627500933,"volume":"11.68323072","buyTxId":"8b29ffdca093f9cd4de82615e3bff0a8873c6dba","sellTxId":"a052fc2302b0bfedf11d6b77ff8c304ab5a91dd1"}
{"index": {"_index":"pob","_id":"1268354"}}
	{"id":1268354,"type":"sell","buyer":"richardcrill","seller":"insaneworks","symbol":"POB","quantity":"0.02487247","price":"0.73030193","timestamp":1627501065,"volume":"0.01816441","buyTxId":"MM-P-9064507-56045619-3-11-0","sellTxId":"79b75389d8478f05963380f6847646393dfd7d61"}
{"index": {"_index":"pob","_id":"1268388"}}
	{"id":1268388,"type":"sell","buyer":"gimme-your-coinz","seller":"toofasteddie","symbol":"POB","quantity":"2.59858327","price":"0.73040195","timestamp":1627501488,"volume":"1.89801029","buyTxId":"48215d3fbc5f41cc8a38c7bac6de9d1039f1c4f0","sellTxId":"d11a6a3f4a4c2ebdc5416b83d3b137c353291bb9"}
{"index": {"_index":"pob","_id":"1268463"}}
	{"id":1268463,"type":"sell","buyer":"gimme-your-coinz","seller":"valor2s","symbol":"POB","quantity":"5.09111532","price":"0.73070198","timestamp":1627502478,"volume":"3.72008804","buyTxId":"18222cffa7b2cf6ab4d356f4c4fda2fce23c0553","sellTxId":"c3cf781cce291e3ca906589fb1fd004a3a584868"}
{"index": {"_index":"pob","_id":"1268486"}}
	{"id":1268486,"type":"sell","buyer":"gimme-your-coinz","seller":"eythorphoto","symbol":"POB","quantity":"0.05122610","price":"0.73080199","timestamp":1627502661,"volume":"0.03743614","buyTxId":"b015f1994e1f1e16315e22065e0f084297ace266","sellTxId":"6c7b470fab2d9d56f153ff0db9d9546b8349fc07"}
{"index": {"_index":"pob","_id":"1268534"}}
	{"id":1268534,"type":"sell","buyer":"richardcrill","seller":"logicforce","symbol":"POB","quantity":"0.67719217","price":"0.73100200","timestamp":1627503204,"volume":"0.49502883","buyTxId":"MM-P-9065197-56046318-3-11-0","sellTxId":"85ab4cb042e68cdcbfdaaa69bf040b2cdb06508a"}
{"index": {"_index":"pob","_id":"1268567"}}
	{"id":1268567,"type":"sell","buyer":"richardcrill","seller":"abachon","symbol":"POB","quantity":"0.27632010","price":"0.73120202","timestamp":1627503786,"volume":"0.20204582","buyTxId":"MM-P-9065397-56046518-3-11-0","sellTxId":"5fbb91acf3aac1de73aa13524baf3bf931e1dc41"}
{"index": {"_index":"pob","_id":"1268676"}}
	{"id":1268676,"type":"sell","buyer":"solovey6o2","seller":"shadowmask","symbol":"POB","quantity":"34.22892629","price":"0.73160207","timestamp":1627505085,"volume":"25.04195333","buyTxId":"dec8f05e8264eaa409cfb5295d0f55334ff75548","sellTxId":"beed4d6f0801b1e6bec6df5c5d1da2dc8c169637"}
{"index": {"_index":"pob","_id":"1268705"}}
	{"id":1268705,"type":"sell","buyer":"richardcrill","seller":"brofi-market","symbol":"POB","quantity":"36.85481727","price":"0.73170207","timestamp":1627505310,"volume":"26.96674609","buyTxId":"MM-P-9065896-56047017-3-11-0","sellTxId":"d233e7dbbd2cf7abc54c55117b89068ce02abeb6"}
{"index": {"_index":"pob","_id":"1268727"}}
	{"id":1268727,"type":"sell","buyer":"richardcrill","seller":"mawit07","symbol":"POB","quantity":"3.15012881","price":"0.73170207","timestamp":1627505469,"volume":"2.30495577","buyTxId":"MM-P-9065896-56047017-3-11-0","sellTxId":"d024a9b335f10a1b235d4a086e8098915464c701"}
{"index": {"_index":"pob","_id":"1268732"}}
	{"id":1268732,"type":"sell","buyer":"richardcrill","seller":"bashadow","symbol":"POB","quantity":"5.09537733","price":"0.73170207","timestamp":1627505580,"volume":"3.72829814","buyTxId":"MM-P-9065896-56047017-3-11-0","sellTxId":"a68f5d48fa0fc890e9ba06cfef249302bd4d2b10"}
{"index": {"_index":"pob","_id":"1268736"}}
	{"id":1268736,"type":"sell","buyer":"gimme-your-coinz","seller":"acesontop","symbol":"POB","quantity":"9.79408675","price":"0.73090200","timestamp":1627505694,"volume":"7.15851759","buyTxId":"567d9afbaafe9e7d5d6f76692299c0c4f30e7fcc","sellTxId":"3cfaf11c365350a59b135be747a9d8133cb055ef"}
{"index": {"_index":"pob","_id":"1268768"}}
	{"id":1268768,"type":"sell","buyer":"gimme-your-coinz","seller":"kaelci","symbol":"POB","quantity":"1.06108289","price":"0.73090200","timestamp":1627506201,"volume":"0.77554761","buyTxId":"567d9afbaafe9e7d5d6f76692299c0c4f30e7fcc","sellTxId":"868d75aad87556866d198bdeddca42bba2630bde"}
{"index": {"_index":"pob","_id":"1268792"}}
	{"id":1268792,"type":"sell","buyer":"gimme-your-coinz","seller":"victoriabsb","symbol":"POB","quantity":"1.77938956","price":"0.73090200","timestamp":1627506543,"volume":"1.30055939","buyTxId":"567d9afbaafe9e7d5d6f76692299c0c4f30e7fcc","sellTxId":"db4f9bb0c7c0f9516ddf01a8b236696b886d54f3"}
{"index": {"_index":"pob","_id":"1268799"}}
	{"id":1268799,"type":"sell","buyer":"gimme-your-coinz","seller":"blumela","symbol":"POB","quantity":"2.93011854","price":"0.73090200","timestamp":1627506627,"volume":"2.14162950","buyTxId":"567d9afbaafe9e7d5d6f76692299c0c4f30e7fcc","sellTxId":"2b6d0685bcdca388189a877848e7acb230d33fbd"}
{"index": {"_index":"pob","_id":"1268803"}}
	{"id":1268803,"type":"sell","buyer":"gimme-your-coinz","seller":"pouchon","symbol":"POB","quantity":"6.43532226","price":"0.73090200","timestamp":1627506645,"volume":"4.70358991","buyTxId":"567d9afbaafe9e7d5d6f76692299c0c4f30e7fcc","sellTxId":"6d5df57605f22a646d880d5794013540a57482ea"}
{"index": {"_index":"pob","_id":"1268804"}}
	{"id":1268804,"type":"sell","buyer":"gimme-your-coinz","seller":"pouchon","symbol":"POB","quantity":"2.93011854","price":"0.73090200","timestamp":1627506645,"volume":"2.14162950","buyTxId":"37b161a457472bccccf75cd562f30224a4764083","sellTxId":"6d5df57605f22a646d880d5794013540a57482ea"}
{"index": {"_index":"pob","_id":"1268834"}}
	{"id":1268834,"type":"sell","buyer":"gimme-your-coinz","seller":"pouchon","symbol":"POB","quantity":"19.06988146","price":"0.73090200","timestamp":1627506843,"volume":"13.93821450","buyTxId":"37b161a457472bccccf75cd562f30224a4764083","sellTxId":"818cc73586db12cf8168493bd811ff355d309973"}
{"index": {"_index":"pob","_id":"1268835"}}
	{"id":1268835,"type":"sell","buyer":"looftee","seller":"pouchon","symbol":"POB","quantity":"0.67000000","price":"0.72670000","timestamp":1627506843,"volume":"0.48688900","buyTxId":"136be2e174ce71605483db28ccfbf97478672db8","sellTxId":"818cc73586db12cf8168493bd811ff355d309973"}
{"index": {"_index":"pob","_id":"1268836"}}
	{"id":1268836,"type":"sell","buyer":"looftee","seller":"pouchon","symbol":"POB","quantity":"0.90538714","price":"0.72670000","timestamp":1627506843,"volume":"0.65794483","buyTxId":"f277dfb8c532d8d37f9d68aa825dcaf1711ad2e5","sellTxId":"818cc73586db12cf8168493bd811ff355d309973"}
{"index": {"_index":"pob","_id":"1268837"}}
	{"id":1268837,"type":"sell","buyer":"coininstant","seller":"pouchon","symbol":"POB","quantity":"0.37946055","price":"0.72581000","timestamp":1627506843,"volume":"0.27541626","buyTxId":"ae4096982b147ac8a6abdbb6e16345993d4eaa0c","sellTxId":"818cc73586db12cf8168493bd811ff355d309973"}
{"index": {"_index":"pob","_id":"1268849"}}
	{"id":1268849,"type":"buy","buyer":"investyourvote","seller":"pouchon","symbol":"POB","quantity":"8.00000000","price":"0.72090200","timestamp":1627507023,"volume":"5.76721600","buyTxId":"a6e3b3a80f505183a1000a173366e2bdd4e6263e","sellTxId":"818cc73586db12cf8168493bd811ff355d309973"}
{"index": {"_index":"pob","_id":"1268864"}}
	{"id":1268864,"type":"sell","buyer":"gimme-your-coinz","seller":"marc5","symbol":"POB","quantity":"0.16879791","price":"0.70570028","timestamp":1627507152,"volume":"0.11912073","buyTxId":"a9666cc5512c7938955f4576b3be693dbb58194e","sellTxId":"5724187acf04084cd65731be2ba4da0e5d9616c2"}
{"index": {"_index":"pob","_id":"1268873"}}
	{"id":1268873,"type":"sell","buyer":"gimme-your-coinz","seller":"uwelang","symbol":"POB","quantity":"6.00450911","price":"0.70570028","timestamp":1627507347,"volume":"4.23738376","buyTxId":"a9666cc5512c7938955f4576b3be693dbb58194e","sellTxId":"6fcffb13f90d3b478d6999f52af4d0ba0431f4db"}
{"index": {"_index":"pob","_id":"1268878"}}
	{"id":1268878,"type":"sell","buyer":"gimme-your-coinz","seller":"bashadow","symbol":"POB","quantity":"20.60309634","price":"0.70580029","timestamp":1627507401,"volume":"14.54167137","buyTxId":"4f6885b2ed3f23c4aa9f514d1a7bf335f4279d80","sellTxId":"a67149751e0c7448b7b19f6b7961df49950ca0fc"}
{"index": {"_index":"pob","_id":"1268890"}}
	{"id":1268890,"type":"sell","buyer":"gimme-your-coinz","seller":"taseli","symbol":"POB","quantity":"0.99347198","price":"0.70580030","timestamp":1627507599,"volume":"0.70119282","buyTxId":"d22a5dc4ef0acf6fcfb02fdee9f7d35003ee5937","sellTxId":"e46477bb8d0f55a0563bb2409ac144efb46ae673"}
{"index": {"_index":"pob","_id":"1268935"}}
	{"id":1268935,"type":"buy","buyer":"pdq","seller":"ironshield","symbol":"POB","quantity":"11.88690766","price":"0.71990000","timestamp":1627508421,"volume":"8.55738482","buyTxId":"14dd578083dcfe7c6365daaca55d2009d0d0f1b5","sellTxId":"6d9138874db35d36c1ab6538fb6cebd46a2fa8f0"}
{"index": {"_index":"pob","_id":"1268936"}}
	{"id":1268936,"type":"buy","buyer":"pdq","seller":"pouchon","symbol":"POB","quantity":"5.48792950","price":"0.72090200","timestamp":1627508421,"volume":"3.95625935","buyTxId":"14dd578083dcfe7c6365daaca55d2009d0d0f1b5","sellTxId":"818cc73586db12cf8168493bd811ff355d309973"}
{"index": {"_index":"pob","_id":"1268937"}}
	{"id":1268937,"type":"buy","buyer":"pdq","seller":"solovey6o2","symbol":"POB","quantity":"429.62516284","price":"0.75199967","timestamp":1627508421,"volume":"323.07798068","buyTxId":"14dd578083dcfe7c6365daaca55d2009d0d0f1b5","sellTxId":"9ff4885c5d52cc7738b2e156fe6ac5b7d44eeebb"}
{"index": {"_index":"pob","_id":"1268938"}}
	{"id":1268938,"type":"sell","buyer":"gimme-your-coinz","seller":"mad-runner","symbol":"POB","quantity":"4.73429879","price":"0.70610033","timestamp":1627508421,"volume":"3.34288994","buyTxId":"ac9fe05e187eeea97ec61999e839ff59e299284d","sellTxId":"66ddb87afc0f5c5709cec240bc48323247ef97e0"}
{"index": {"_index":"pob","_id":"1269046"}}
	{"id":1269046,"type":"sell","buyer":"gimme-your-coinz","seller":"mateodm03","symbol":"POB","quantity":"1.24584000","price":"0.70650037","timestamp":1627509663,"volume":"0.88018642","buyTxId":"6b3e4f48e3b1ca695d9a20454a8fb26616373b32","sellTxId":"3db355c4a12c5a1543bc0dd1ea96bfbce3b13bab"}
{"index": {"_index":"pob","_id":"1269068"}}
	{"id":1269068,"type":"sell","buyer":"gimme-your-coinz","seller":"babytarazkp","symbol":"POB","quantity":"22.00000000","price":"0.70660038","timestamp":1627509948,"volume":"15.54520836","buyTxId":"1218b323e78df95b76af1b4e884ca9d90df5e1de","sellTxId":"11604a7b19856c46cf34156578ac1107663e6152"}
{"index": {"_index":"pob","_id":"1269069"}}
	{"id":1269069,"type":"sell","buyer":"gimme-your-coinz","seller":"babytarazkp","symbol":"POB","quantity":"1.53836719","price":"0.70660038","timestamp":1627509948,"volume":"1.08701084","buyTxId":"3a285bcc029e63513e9726934f271fac4e1816f3","sellTxId":"11604a7b19856c46cf34156578ac1107663e6152"}
{"index": {"_index":"pob","_id":"1269097"}}
	{"id":1269097,"type":"sell","buyer":"gimme-your-coinz","seller":"hive.pizza","symbol":"POB","quantity":"3.18435045","price":"0.70680040","timestamp":1627510401,"volume":"2.25070017","buyTxId":"771fe709f953862efcf4fd9a0d465f60049d0b93","sellTxId":"1dcd745abc2671a80592061ce9a1647243b262a7"}
{"index": {"_index":"pob","_id":"1269138"}}
	{"id":1269138,"type":"sell","buyer":"gimme-your-coinz","seller":"fcb.spt","symbol":"POB","quantity":"0.31789697","price":"0.70690041","timestamp":1627510794,"volume":"0.22472150","buyTxId":"5c6447989f1f39c5fe51ad2f8bbf3fedd9e597c0","sellTxId":"95da11130ff56f77f97278ceccba90d43ed6f10b"}
{"index": {"_index":"pob","_id":"1269139"}}
	{"id":1269139,"type":"buy","buyer":"ugochill","seller":"take-my-coinz","symbol":"POB","quantity":"0.05000000","price":"0.74999998","timestamp":1627510809,"volume":"0.03750000","buyTxId":"f9828b3b68cbe22f477f5b34987bc84f2fe8e9ab","sellTxId":"8d61c327d81248a816d57e43c52708299b049e61"}
{"index": {"_index":"pob","_id":"1269141"}}
	{"id":1269141,"type":"sell","buyer":"gimme-your-coinz","seller":"liotes.voter","symbol":"POB","quantity":"10.31451821","price":"0.70690041","timestamp":1627510836,"volume":"7.29133715","buyTxId":"5c6447989f1f39c5fe51ad2f8bbf3fedd9e597c0","sellTxId":"aec15848e7db83589d66b5ccbe8ebf879e385cb4"}
{"index": {"_index":"pob","_id":"1269150"}}
	{"id":1269150,"type":"sell","buyer":"richardcrill","seller":"pixelfan","symbol":"POB","quantity":"0.74000000","price":"0.70700041","timestamp":1627510965,"volume":"0.52318030","buyTxId":"MM-P-9067785-56048912-3-11-0","sellTxId":"2fe4ba94fdffbb6572049dedd608eff3dab8e933"}
{"index": {"_index":"pob","_id":"1269154"}}
	{"id":1269154,"type":"sell","buyer":"gimme-your-coinz","seller":"bearbear613","symbol":"POB","quantity":"3.95094469","price":"0.70700042","timestamp":1627511088,"volume":"2.79331956","buyTxId":"1509ca81d74a3239dd5a8f0daea0f579ca780aa3","sellTxId":"95353ceacc18357310d13f136b41dbe90e8b0d61"}
{"index": {"_index":"pob","_id":"1269186"}}
	{"id":1269186,"type":"sell","buyer":"richardcrill","seller":"revisesociology","symbol":"POB","quantity":"10.00000000","price":"0.70720043","timestamp":1627511571,"volume":"7.07200430","buyTxId":"MM-P-9067983-56049110-3-11-0","sellTxId":"dde740c27a357d43e9f811da898dc7ccc5e6f9de"}
{"index": {"_index":"pob","_id":"1269235"}}
	{"id":1269235,"type":"sell","buyer":"richardcrill","seller":"lunaticpandora","symbol":"POB","quantity":"35.26202692","price":"0.70740045","timestamp":1627512177,"volume":"24.94437371","buyTxId":"MM-P-9068181-56049309-3-11-0","sellTxId":"796c97d357a95a58386d1e0927da73bf6554ea10"}
{"index": {"_index":"pob","_id":"1269293"}}
	{"id":1269293,"type":"sell","buyer":"gimme-your-coinz","seller":"automaton","symbol":"POB","quantity":"2.07681951","price":"0.70750047","timestamp":1627512906,"volume":"1.46935078","buyTxId":"394eaa04fe1ae4a22e1d78ae4a1a3eb7db816c49","sellTxId":"697fd2b8dc20ccca7ed3ca9f1a9719c55c45f110"}
{"index": {"_index":"pob","_id":"1269309"}}
	{"id":1269309,"type":"sell","buyer":"gimme-your-coinz","seller":"hallmann","symbol":"POB","quantity":"13.00000000","price":"0.70760048","timestamp":1627513116,"volume":"9.19880624","buyTxId":"12105efd437d2b970ffd0802dd494dabdb9b5e66","sellTxId":"080158284c2ce8356ca6ee102f9286e734b42e4e"}
{"index": {"_index":"pob","_id":"1269330"}}
	{"id":1269330,"type":"sell","buyer":"gimme-your-coinz","seller":"insaneworks","symbol":"POB","quantity":"0.00000004","price":"0.70770049","timestamp":1627513470,"volume":"0.00000003","buyTxId":"d6a5e62997f151a51c000bd48e009240b4d65092","sellTxId":"a6c4976eb289661f1449a3f4aded4d28ff286cca"}
{"index": {"_index":"pob","_id":"1269421"}}
	{"id":1269421,"type":"buy","buyer":"joshh71390","seller":"ahmetay","symbol":"POB","quantity":"3.28786958","price":"0.71000000","timestamp":1627514880,"volume":"2.33438740","buyTxId":"ce15f51b355340af68fba300e9d4c82a8f3f67cc","sellTxId":"0eca9a2fd214e3429c0c70581d91230699baa339"}
{"index": {"_index":"pob","_id":"1269450"}}
	{"id":1269450,"type":"sell","buyer":"gimme-your-coinz","seller":"paulmoon410","symbol":"POB","quantity":"0.51776958","price":"0.71000001","timestamp":1627515210,"volume":"0.36761641","buyTxId":"1206bfe9eda403c67559c8d035fded733267e04e","sellTxId":"a7d1d66c9913e54a0642fdfb148792ae3556db12"}
{"index": {"_index":"pob","_id":"1269471"}}
	{"id":1269471,"type":"sell","buyer":"gimme-your-coinz","seller":"ralexandria","symbol":"POB","quantity":"21.48223042","price":"0.71000001","timestamp":1627515297,"volume":"15.25238381","buyTxId":"1206bfe9eda403c67559c8d035fded733267e04e","sellTxId":"c6792c49a820fa5de7c2256caf8ca303d5e2533d"}
{"index": {"_index":"pob","_id":"1269472"}}
	{"id":1269472,"type":"sell","buyer":"gimme-your-coinz","seller":"ralexandria","symbol":"POB","quantity":"12.51776958","price":"0.71000001","timestamp":1627515297,"volume":"8.88761653","buyTxId":"cce718974d23e160b8e94e9a5b42d1e561aa97bc","sellTxId":"c6792c49a820fa5de7c2256caf8ca303d5e2533d"}
{"index": {"_index":"pob","_id":"1269508"}}
	{"id":1269508,"type":"sell","buyer":"gimme-your-coinz","seller":"thelogicaldude","symbol":"POB","quantity":"2.85227963","price":"0.71000001","timestamp":1627515702,"volume":"2.02511857","buyTxId":"cce718974d23e160b8e94e9a5b42d1e561aa97bc","sellTxId":"79c649f219c4878615b6c731b730b7ecf3fcbc14"}
{"index": {"_index":"pob","_id":"1269584"}}
	{"id":1269584,"type":"sell","buyer":"gimme-your-coinz","seller":"thranax","symbol":"POB","quantity":"6.62995079","price":"0.71000001","timestamp":1627516413,"volume":"4.70726512","buyTxId":"cce718974d23e160b8e94e9a5b42d1e561aa97bc","sellTxId":"05b2a45b3f87906879991c4d222a0e80a9470864"}
{"index": {"_index":"pob","_id":"1269585"}}
	{"id":1269585,"type":"sell","buyer":"he-index","seller":"thranax","symbol":"POB","quantity":"0.31300000","price":"0.71000001","timestamp":1627516413,"volume":"0.22223000","buyTxId":"82cdaa91807dfa1dc14bf03645a6378e399fc3a7","sellTxId":"05b2a45b3f87906879991c4d222a0e80a9470864"}
{"index": {"_index":"pob","_id":"1269586"}}
	{"id":1269586,"type":"sell","buyer":"joshh71390","seller":"thranax","symbol":"POB","quantity":"17.71213042","price":"0.71000000","timestamp":1627516413,"volume":"12.57561260","buyTxId":"ce15f51b355340af68fba300e9d4c82a8f3f67cc","sellTxId":"05b2a45b3f87906879991c4d222a0e80a9470864"}
{"index": {"_index":"pob","_id":"1269587"}}
	{"id":1269587,"type":"sell","buyer":"richardcrill","seller":"thranax","symbol":"POB","quantity":"14.83135094","price":"0.70870058","timestamp":1627516413,"volume":"10.51098701","buyTxId":"MM-P-9069571-56050703-3-11-0","sellTxId":"05b2a45b3f87906879991c4d222a0e80a9470864"}
{"index": {"_index":"pob","_id":"1269589"}}
	{"id":1269589,"type":"sell","buyer":"richardcrill","seller":"cryptowingnut","symbol":"POB","quantity":"3.56925387","price":"0.70870058","timestamp":1627516422,"volume":"2.52953229","buyTxId":"MM-P-9069571-56050703-3-11-0","sellTxId":"eacf5cc63a8faae7fab43290ec9a281c1dba0ae9"}
{"index": {"_index":"pob","_id":"1269643"}}
	{"id":1269643,"type":"sell","buyer":"gimme-your-coinz","seller":"andy4475","symbol":"POB","quantity":"5.08245687","price":"0.70890065","timestamp":1627517184,"volume":"3.60295698","buyTxId":"a5b3a177d1f4258136e94dfbb65b6ed775a16de9","sellTxId":"488f21ddb5cbe64c9d55afbb12a582ac5a29510b"}
{"index": {"_index":"pob","_id":"1269654"}}
	{"id":1269654,"type":"sell","buyer":"gimme-your-coinz","seller":"jesustiano","symbol":"POB","quantity":"0.06477293","price":"0.70900066","timestamp":1627517361,"volume":"0.04592405","buyTxId":"8be4e95ce1525dd11c0e6e00fd2106b2fa1bf2d6","sellTxId":"1e0428a0d02bc40eacd6670467abb3352ccb3312"}
{"index": {"_index":"pob","_id":"1269694"}}
	{"id":1269694,"type":"sell","buyer":"gimme-your-coinz","seller":"jersteemit","symbol":"POB","quantity":"22.00000000","price":"0.70910067","timestamp":1627517721,"volume":"15.60021474","buyTxId":"40b1069d7d55e539f4ba121eb1b08a64ebe814fd","sellTxId":"34c51588a8d391268a7da812d03a9eafb0f168b7"}
{"index": {"_index":"pob","_id":"1269699"}}
	{"id":1269699,"type":"sell","buyer":"gimme-your-coinz","seller":"jersteemit","symbol":"POB","quantity":"11.85849947","price":"0.70910067","timestamp":1627517754,"volume":"8.40886992","buyTxId":"c3f084e3562efc90b87b12cf794991b1bd531490","sellTxId":"cbed13fd1dd3b95b75349cb834f2f0720325958e"}
{"index": {"_index":"pob","_id":"1269708"}}
	{"id":1269708,"type":"sell","buyer":"gimme-your-coinz","seller":"cliffagreen","symbol":"POB","quantity":"0.03139116","price":"0.70910067","timestamp":1627517808,"volume":"0.02225949","buyTxId":"c3f084e3562efc90b87b12cf794991b1bd531490","sellTxId":"0bf7c727fa87100bb6d89f5db9cd0732e09163a1"}
{"index": {"_index":"pob","_id":"1269736"}}
	{"id":1269736,"type":"buy","buyer":"razackpulo.sport","seller":"take-my-coinz","symbol":"POB","quantity":"1.56000000","price":"0.74999998","timestamp":1627518048,"volume":"1.16999997","buyTxId":"7ca1b0cd3f795c3b6d778b700905ddb08d3caf23","sellTxId":"8d61c327d81248a816d57e43c52708299b049e61"}
{"index": {"_index":"pob","_id":"1269750"}}
	{"id":1269750,"type":"buy","buyer":"he-index","seller":"take-my-coinz","symbol":"POB","quantity":"0.68700000","price":"0.74999998","timestamp":1627518390,"volume":"0.51524999","buyTxId":"6896e54590d74b31555a3626fd70ad46f3557934","sellTxId":"8d61c327d81248a816d57e43c52708299b049e61"}
{"index": {"_index":"pob","_id":"1269751"}}
	{"id":1269751,"type":"sell","buyer":"gimme-your-coinz","seller":"lisamgentile1961","symbol":"POB","quantity":"5.51122076","price":"0.70930069","timestamp":1627518429,"volume":"3.90911269","buyTxId":"cfe3c4fcf5ecef6b1bde78d45391b3225f6144eb","sellTxId":"ab8d73bb5de07301452ec9e4a0c579e2c64be0da"}
{"index": {"_index":"pob","_id":"1269809"}}
	{"id":1269809,"type":"buy","buyer":"razackpulo.pob","seller":"take-my-coinz","symbol":"POB","quantity":"15.99000000","price":"0.74999998","timestamp":1627518969,"volume":"11.99249968","buyTxId":"ab6d78173f96e493aaba059e23b4f3b889d9341d","sellTxId":"8d61c327d81248a816d57e43c52708299b049e61"}
{"index": {"_index":"pob","_id":"1269850"}}
	{"id":1269850,"type":"sell","buyer":"gimme-your-coinz","seller":"dhedge-drips","symbol":"POB","quantity":"0.15127011","price":"0.70970073","timestamp":1627519647,"volume":"0.10735651","buyTxId":"227d737b405d511f8fd78a266873614b1e5aa751","sellTxId":"dff30c140360f27fa3f7dc96aeb22e6c624cbc1a"}
{"index": {"_index":"pob","_id":"1270054"}}
	{"id":1270054,"type":"sell","buyer":"gimme-your-coinz","seller":"hitmeasap","symbol":"POB","quantity":"15.74922377","price":"0.71070083","timestamp":1627522617,"volume":"11.19298641","buyTxId":"39f2a87223e069ad1e92c274c0a5dea358c33ee2","sellTxId":"d13fab181f3c2c7fa90ae082b28c2264003574a7"}
{"index": {"_index":"pob","_id":"1270075"}}
	{"id":1270075,"type":"sell","buyer":"gimme-your-coinz","seller":"nazatpt","symbol":"POB","quantity":"0.74262935","price":"0.71080084","timestamp":1627522785,"volume":"0.52786157","buyTxId":"00222884c8b2160ce06e38c852a7a971a5ec68f6","sellTxId":"4d4dd896cb3a2168d19ad8053b74c94bad2dc7a5"}
{"index": {"_index":"pob","_id":"1270232"}}
	{"id":1270232,"type":"sell","buyer":"gimme-your-coinz","seller":"roguecrane","symbol":"POB","quantity":"0.00043851","price":"0.71230004","timestamp":1627524534,"volume":"0.00031235","buyTxId":"d4b6ba57104e0852f9772dc5137b853f3d972ec4","sellTxId":"eb5562871f54e1fb3e73b1c99acb3e17d326923c"}
{"index": {"_index":"pob","_id":"1270259"}}
	{"id":1270259,"type":"sell","buyer":"gimme-your-coinz","seller":"paulo.sar","symbol":"POB","quantity":"13.17561128","price":"0.71240005","timestamp":1627524831,"volume":"9.38630613","buyTxId":"cf1e6070882a6db106eab05b55c7ac88da02fb23","sellTxId":"0cb139eb4cffcdba7dc4f385eb4459dccb131acc"}
{"index": {"_index":"pob","_id":"1270264"}}
	{"id":1270264,"type":"buy","buyer":"georgeknowsall","seller":"take-my-coinz","symbol":"POB","quantity":"66.55000000","price":"0.74399998","timestamp":1627524942,"volume":"49.51319867","buyTxId":"b1cf742bf3f50693344023f232f885d9c59f90ff","sellTxId":"cd5f60a3351cef69100e6be9fe7592bcb53af356"}
{"index": {"_index":"pob","_id":"1270310"}}
	{"id":1270310,"type":"sell","buyer":"gimme-your-coinz","seller":"hallmann","symbol":"POB","quantity":"9.00000000","price":"0.71260007","timestamp":1627525551,"volume":"6.41340063","buyTxId":"af532f641d3f388b13d7c166aeee4e60f1ae624c","sellTxId":"514df0a11cf8e185613a53dabf1ff1a10660cea4"}
{"index": {"_index":"pob","_id":"1270333"}}
	{"id":1270333,"type":"sell","buyer":"gimme-your-coinz","seller":"pablodare","symbol":"POB","quantity":"1.21028554","price":"0.71270008","timestamp":1627525818,"volume":"0.86257060","buyTxId":"c0da3a9bfc722a1d1e52c52040c10660c9888d6a","sellTxId":"cbf091c08d7cc18be6b837b821ffa0d684455737"}
{"index": {"_index":"pob","_id":"1270392"}}
	{"id":1270392,"type":"sell","buyer":"gimme-your-coinz","seller":"melbourneswest","symbol":"POB","quantity":"6.45230634","price":"0.71290010","timestamp":1627526559,"volume":"4.59984984","buyTxId":"c02f90aa15ed59841c23b06e85c93a0d492ff5b7","sellTxId":"23c558b008d07979377206916d64ceadc323a48a"}
