{"index": {"_index":"pob","_id":"1241092"}}
	{"id":1241092,"type":"sell","buyer":"gimme-your-coinz","seller":"mawit07","symbol":"POB","quantity":"3.55144103","price":"0.59560108","timestamp":1626923892,"volume":"2.11524211","buyTxId":"4c13458c249ee3ea588fbfd8cc7b331cf98daeb8","sellTxId":"3e76cea19b526a77ba153ab9c8f273dbc2bb0002"}
{"index": {"_index":"pob","_id":"1241097"}}
	{"id":1241097,"type":"buy","buyer":"thatcryptodave","seller":"half-fast","symbol":"POB","quantity":"2.24300000","price":"0.60470000","timestamp":1626924156,"volume":"1.35634210","buyTxId":"c0e53e5277dc05d31443aaf9e189fc73925f8715","sellTxId":"6decdeaf5471940c9e7adf34774353f7e8977199"}
{"index": {"_index":"pob","_id":"1241106"}}
	{"id":1241106,"type":"sell","buyer":"gimme-your-coinz","seller":"thegoliath","symbol":"POB","quantity":"3.69822172","price":"0.59580110","timestamp":1626924591,"volume":"2.20340457","buyTxId":"5303a30100fad663be320970bbf5855163920cea","sellTxId":"a68148b408266a6247bbe12698fee6ac5de4fa21"}
{"index": {"_index":"pob","_id":"1241115"}}
	{"id":1241115,"type":"sell","buyer":"gimme-your-coinz","seller":"hive.pizza","symbol":"POB","quantity":"1.28196688","price":"0.59590111","timestamp":1626924942,"volume":"0.76392549","buyTxId":"0d4dc7ec01adda352a0aed670519c439f519cdca","sellTxId":"62eda7642efb6aa0fdbe3ac0616eac02e3a68bfa"}
{"index": {"_index":"pob","_id":"1241125"}}
	{"id":1241125,"type":"sell","buyer":"gimme-your-coinz","seller":"finguru","symbol":"POB","quantity":"33.00000000","price":"0.59600112","timestamp":1626925185,"volume":"19.66803696","buyTxId":"d6f14b1b7dc4e735f0d3d23aa3f862e52e7e9684","sellTxId":"21584a08ee5145c3f69c4137c551e1e003b3778e"}
{"index": {"_index":"pob","_id":"1241126"}}
	{"id":1241126,"type":"sell","buyer":"solovey6o2","seller":"finguru","symbol":"POB","quantity":"17.00000000","price":"0.59600112","timestamp":1626925185,"volume":"10.13201904","buyTxId":"7d24c71df1c311ce1a9063b2a08b1a4ff13ec568","sellTxId":"21584a08ee5145c3f69c4137c551e1e003b3778e"}
{"index": {"_index":"pob","_id":"1241129"}}
	{"id":1241129,"type":"sell","buyer":"gimme-your-coinz","seller":"ahmetay","symbol":"POB","quantity":"1.94374585","price":"0.59600113","timestamp":1626925263,"volume":"1.15847472","buyTxId":"c3e4b52ad7fb7f6f5b9bb0ef1de18071a096f211","sellTxId":"c2c743b403a110d59cc5c416f0cb99065f4125cb"}
{"index": {"_index":"pob","_id":"1241133"}}
	{"id":1241133,"type":"sell","buyer":"richardcrill","seller":"ahmetay","symbol":"POB","quantity":"12.50149094","price":"0.59610113","timestamp":1626925323,"volume":"7.45215288","buyTxId":"MM-P-8873530-55854250-3-11-0","sellTxId":"f4983ed9d258c4476e1661a505489c23fc33015e"}
{"index": {"_index":"pob","_id":"1241168"}}
	{"id":1241168,"type":"sell","buyer":"gimme-your-coinz","seller":"phusionphil","symbol":"POB","quantity":"33.00000000","price":"0.59660119","timestamp":1626926862,"volume":"19.68783927","buyTxId":"97d0ffa7d0aef1357a846e3da49eb6a4686c22be","sellTxId":"42b076c26862ae77c455e6816cb32ee2fa01dd1d"}
{"index": {"_index":"pob","_id":"1241169"}}
	{"id":1241169,"type":"sell","buyer":"gimme-your-coinz","seller":"phusionphil","symbol":"POB","quantity":"33.00000000","price":"0.59660119","timestamp":1626926862,"volume":"19.68783927","buyTxId":"001f06bb7a1f9e08c788fa0a5d57a5c0a14d8558","sellTxId":"42b076c26862ae77c455e6816cb32ee2fa01dd1d"}
{"index": {"_index":"pob","_id":"1241170"}}
	{"id":1241170,"type":"sell","buyer":"richardcrill","seller":"phusionphil","symbol":"POB","quantity":"70.39878801","price":"0.59660118","timestamp":1626926862,"volume":"42.00000000","buyTxId":"MM-P-8874030-55854750-3-11-0","sellTxId":"42b076c26862ae77c455e6816cb32ee2fa01dd1d"}
{"index": {"_index":"pob","_id":"1241171"}}
	{"id":1241171,"type":"sell","buyer":"freebornsociety","seller":"phusionphil","symbol":"POB","quantity":"83.49762511","price":"0.59130063","timestamp":1626926862,"volume":"49.37219833","buyTxId":"MM-P-8868800-55849510-3-3-0","sellTxId":"42b076c26862ae77c455e6816cb32ee2fa01dd1d"}
{"index": {"_index":"pob","_id":"1241225"}}
	{"id":1241225,"type":"sell","buyer":"gimme-your-coinz","seller":"holybread","symbol":"POB","quantity":"0.35498852","price":"0.59180069","timestamp":1626928368,"volume":"0.21008245","buyTxId":"ffbc78271578ce9396c3c89844ba82d118ae2dc1","sellTxId":"3d6f0ca96da0c56ab1af5897520153de31ada644"}
{"index": {"_index":"pob","_id":"1241239"}}
	{"id":1241239,"type":"sell","buyer":"gimme-your-coinz","seller":"enrique89","symbol":"POB","quantity":"10.00000000","price":"0.59180069","timestamp":1626928599,"volume":"5.91800690","buyTxId":"ffbc78271578ce9396c3c89844ba82d118ae2dc1","sellTxId":"e93d4c514485a9825579501b40ae682b7a6743f5"}
{"index": {"_index":"pob","_id":"1241256"}}
	{"id":1241256,"type":"buy","buyer":"tribes.curation","seller":"anadolu","symbol":"POB","quantity":"31.00000000","price":"0.60000000","timestamp":1626928905,"volume":"18.60000000","buyTxId":"9618fe57534838cfe11a6d6b3c5924f6078c414b","sellTxId":"d57b7b147c4d6322f56ffd92d92d6058e9ac4443"}
{"index": {"_index":"pob","_id":"1241307"}}
	{"id":1241307,"type":"sell","buyer":"gimme-your-coinz","seller":"ftfund","symbol":"POB","quantity":"0.67716652","price":"0.59250076","timestamp":1626930432,"volume":"0.40122168","buyTxId":"eac029f3d667b382d36b9a024c2e851a39989a8d","sellTxId":"9b899965a3a5198459b0784eef876a2799491cbd"}
{"index": {"_index":"pob","_id":"1241318"}}
	{"id":1241318,"type":"sell","buyer":"gimme-your-coinz","seller":"half-fast","symbol":"POB","quantity":"7.67314357","price":"0.59250076","timestamp":1626930666,"volume":"4.54634340","buyTxId":"eac029f3d667b382d36b9a024c2e851a39989a8d","sellTxId":"5c4a2b37dd41ecd178941201e37e6d1abd810fcc"}
{"index": {"_index":"pob","_id":"1241321"}}
	{"id":1241321,"type":"sell","buyer":"gimme-your-coinz","seller":"khan.dayyanz","symbol":"POB","quantity":"1.15415325","price":"0.59260077","timestamp":1626930744,"volume":"0.68395210","buyTxId":"08ff5f89191eed56fddf46dfd546ebad3eb382c4","sellTxId":"88311d8035fe9c83eb4fa08d6d54182ae4f88dc8"}
{"index": {"_index":"pob","_id":"1241323"}}
	{"id":1241323,"type":"sell","buyer":"gimme-your-coinz","seller":"gimmetricks1","symbol":"POB","quantity":"7.54337704","price":"0.59260077","timestamp":1626930963,"volume":"4.47021104","buyTxId":"08ff5f89191eed56fddf46dfd546ebad3eb382c4","sellTxId":"2212d095f53ae6cce84c740f25201959d1a0116b"}
{"index": {"_index":"pob","_id":"1241377"}}
	{"id":1241377,"type":"sell","buyer":"gimme-your-coinz","seller":"sugandhaseth","symbol":"POB","quantity":"33.00000000","price":"0.59350086","timestamp":1626933444,"volume":"19.58552838","buyTxId":"d5f988c4f78e9f5f7de144a604b7f27a9c1f81ec","sellTxId":"d474a13349006af91806434f225842a80ace391d"}
{"index": {"_index":"pob","_id":"1241378"}}
	{"id":1241378,"type":"sell","buyer":"richardcrill","seller":"sugandhaseth","symbol":"POB","quantity":"37.00000000","price":"0.59350085","timestamp":1626933444,"volume":"21.95953145","buyTxId":"MM-P-8876224-55856945-3-11-0","sellTxId":"d474a13349006af91806434f225842a80ace391d"}
{"index": {"_index":"pob","_id":"1241381"}}
	{"id":1241381,"type":"sell","buyer":"gimme-your-coinz","seller":"hive-143869","symbol":"POB","quantity":"0.13400000","price":"0.59360087","timestamp":1626933756,"volume":"0.07954252","buyTxId":"e67ed8e1b936961e2da640022d31510a4329155a","sellTxId":"e6c32c68bb34829eb7b4d309ac5ca531977890a7"}
{"index": {"_index":"pob","_id":"1241406"}}
	{"id":1241406,"type":"sell","buyer":"gimme-your-coinz","seller":"jersteemit","symbol":"POB","quantity":"32.27634782","price":"0.59370088","timestamp":1626934308,"volume":"19.16249610","buyTxId":"7a4f183a638a6481b3edfa341db94e4b360b7a6c","sellTxId":"b66ba3f238b67d31b7b809fdab39f1ab39ce4394"}
{"index": {"_index":"pob","_id":"1241413"}}
	{"id":1241413,"type":"sell","buyer":"gimme-your-coinz","seller":"evernotice.leo","symbol":"POB","quantity":"5.69660007","price":"0.59390090","timestamp":1626934899,"volume":"3.38321591","buyTxId":"7821cf391e77f0e652f596f943f0b1a5792599da","sellTxId":"295f60a1cc67a3637559f832f47a2355759cf4ee"}
{"index": {"_index":"pob","_id":"1241446"}}
	{"id":1241446,"type":"sell","buyer":"gimme-your-coinz","seller":"zainalbakri","symbol":"POB","quantity":"0.96191916","price":"0.59440095","timestamp":1626936411,"volume":"0.57176566","buyTxId":"9143d50c878cdca83dcb7ba4d7e49807a0ea3f13","sellTxId":"ed4c397d7084650dd0aeaf9e89d4dd51688848f3"}
{"index": {"_index":"pob","_id":"1241464"}}
	{"id":1241464,"type":"buy","buyer":"razackpulo.sport","seller":"risingstargame","symbol":"POB","quantity":"3.00000000","price":"0.59990000","timestamp":1626936837,"volume":"1.79970000","buyTxId":"cd0dd3b1f7dd08b1bece40b325b84c4bbd6629b8","sellTxId":"967cfe515a82167ce3768786d15c9349417d4d16"}
{"index": {"_index":"pob","_id":"1241465"}}
	{"id":1241465,"type":"buy","buyer":"razackpulo.sport","seller":"anadolu","symbol":"POB","quantity":"1.00000000","price":"0.60000000","timestamp":1626936837,"volume":"0.60000000","buyTxId":"cd0dd3b1f7dd08b1bece40b325b84c4bbd6629b8","sellTxId":"d57b7b147c4d6322f56ffd92d92d6058e9ac4443"}
{"index": {"_index":"pob","_id":"1241469"}}
	{"id":1241469,"type":"sell","buyer":"gimme-your-coinz","seller":"siniceku","symbol":"POB","quantity":"0.18750000","price":"0.59470098","timestamp":1626937293,"volume":"0.11150643","buyTxId":"cc9443f25bdd8c3bdcefdf1698037be5ac3638ea","sellTxId":"a8a921d254a1886cbbacf43135280e7c2748a9b0"}
{"index": {"_index":"pob","_id":"1241482"}}
	{"id":1241482,"type":"sell","buyer":"solovey6o2","seller":"melbourneswest","symbol":"POB","quantity":"2.50267121","price":"0.59500101","timestamp":1626938076,"volume":"1.48909190","buyTxId":"d3ff8f9617055fa242edc3bb927ae4508be56a06","sellTxId":"da384ba3705d7a84a3ae4348b0f838a8284def3f"}
{"index": {"_index":"pob","_id":"1241506"}}
	{"id":1241506,"type":"sell","buyer":"solovey6o2","seller":"sharker","symbol":"POB","quantity":"16.76751628","price":"0.59520103","timestamp":1626938766,"volume":"9.98004296","buyTxId":"3d5717c8ef7b801fe1b1e8d6e6fa576070ae0da4","sellTxId":"a5c837bb9a7d27a1722a8bd1fdfab6dfe58f7de9"}
{"index": {"_index":"pob","_id":"1241508"}}
	{"id":1241508,"type":"sell","buyer":"solovey6o2","seller":"stickupboys","symbol":"POB","quantity":"3.11116324","price":"0.59520103","timestamp":1626938811,"volume":"1.85176756","buyTxId":"3d5717c8ef7b801fe1b1e8d6e6fa576070ae0da4","sellTxId":"254239fbc8c1031ac687d0b683ffa23448f57c97"}
{"index": {"_index":"pob","_id":"1241525"}}
	{"id":1241525,"type":"sell","buyer":"solovey6o2","seller":"revisesociology","symbol":"POB","quantity":"6.00000000","price":"0.59550106","timestamp":1626939522,"volume":"3.57300636","buyTxId":"c681fbe6853f7757565a02ff2a577a8001142eb6","sellTxId":"fda5f6d483368f2dbda45035a13eeb831372ab2a"}
{"index": {"_index":"pob","_id":"1241526"}}
	{"id":1241526,"type":"sell","buyer":"solovey6o2","seller":"dalz","symbol":"POB","quantity":"40","price":"0.59550106","timestamp":1626939612,"volume":"23.82004240","buyTxId":"c681fbe6853f7757565a02ff2a577a8001142eb6","sellTxId":"a91508d232f9cc40a5135b01c1e5b775e3fe3c4c"}
{"index": {"_index":"pob","_id":"1241546"}}
	{"id":1241546,"type":"sell","buyer":"solovey6o2","seller":"steevc","symbol":"POB","quantity":"3.00000000","price":"0.59590110","timestamp":1626940806,"volume":"1.78770330","buyTxId":"381344cc16641752d525c20711c04c7b0b107e65","sellTxId":"a22df81baa421a63ae84fcc8074ba09bf0f29bb2"}
{"index": {"_index":"pob","_id":"1241597"}}
	{"id":1241597,"type":"sell","buyer":"solovey6o2","seller":"felipejoys","symbol":"POB","quantity":"17.00000000","price":"0.59700121","timestamp":1626943983,"volume":"10.14902057","buyTxId":"e3034ecb230e1fc8c4f3336bcdf2cd49003dc94a","sellTxId":"305f3bed7fda4fe68b2dcf95e060c023b12160a2"}
{"index": {"_index":"pob","_id":"1241599"}}
	{"id":1241599,"type":"sell","buyer":"solovey6o2","seller":"ftfund","symbol":"POB","quantity":"5.59167928","price":"0.59700121","timestamp":1626944064,"volume":"3.33823930","buyTxId":"e3034ecb230e1fc8c4f3336bcdf2cd49003dc94a","sellTxId":"9885e5b22b2c479119c84994fcb29a13131ce417"}
{"index": {"_index":"pob","_id":"1241608"}}
	{"id":1241608,"type":"sell","buyer":"solovey6o2","seller":"meesterboom","symbol":"POB","quantity":"10.92482853","price":"0.59720123","timestamp":1626944763,"volume":"6.52432104","buyTxId":"8932a33fcdfb6317a4dde60a75cb4903fa42c090","sellTxId":"70abfe8de7aa98b73e618380881be31721bc6b03"}
{"index": {"_index":"pob","_id":"1241609"}}
	{"id":1241609,"type":"sell","buyer":"solovey6o2","seller":"wearealive","symbol":"POB","quantity":"1.49339976","price":"0.59720123","timestamp":1626944772,"volume":"0.89186017","buyTxId":"8932a33fcdfb6317a4dde60a75cb4903fa42c090","sellTxId":"4c1ca7df3f355c071151cd7632649106d5f1c5a2"}
{"index": {"_index":"pob","_id":"1241612"}}
	{"id":1241612,"type":"sell","buyer":"solovey6o2","seller":"mistakili","symbol":"POB","quantity":"18.00000000","price":"0.59730124","timestamp":1626944904,"volume":"10.75142232","buyTxId":"63758097fbdb47c0c477592dab13ccdfbd49d4c4","sellTxId":"fe63798c6f385171a58d104b04ba69d8da7b46b8"}
{"index": {"_index":"pob","_id":"1241630"}}
	{"id":1241630,"type":"sell","buyer":"solovey6o2","seller":"worldhelper","symbol":"POB","quantity":"0.46920483","price":"0.59740125","timestamp":1626945417,"volume":"0.28030355","buyTxId":"99d488de9d9c3c62ff936115a2a69f43db34a45e","sellTxId":"67e51af2790b8ab2c30b5925e2e08b5008fab7e7"}
{"index": {"_index":"pob","_id":"1241669"}}
	{"id":1241669,"type":"sell","buyer":"gimme-your-coinz","seller":"alexvan","symbol":"POB","quantity":"10.16236649","price":"0.59470098","timestamp":1626947790,"volume":"6.04356931","buyTxId":"cc9443f25bdd8c3bdcefdf1698037be5ac3638ea","sellTxId":"d759fb3a28a7f172c6e22492389c1f014dbc4a23"}
{"index": {"_index":"pob","_id":"1241691"}}
	{"id":1241691,"type":"sell","buyer":"gimme-your-coinz","seller":"scooter77","symbol":"POB","quantity":"20.00000000","price":"0.59470098","timestamp":1626948714,"volume":"11.89401960","buyTxId":"cc9443f25bdd8c3bdcefdf1698037be5ac3638ea","sellTxId":"9d481f82735c3a341c085b0f305cde4bbf0456ce"}
{"index": {"_index":"pob","_id":"1241701"}}
	{"id":1241701,"type":"sell","buyer":"gimme-your-coinz","seller":"scooter77","symbol":"POB","quantity":"2.65013351","price":"0.59470098","timestamp":1626949071,"volume":"1.57603700","buyTxId":"cc9443f25bdd8c3bdcefdf1698037be5ac3638ea","sellTxId":"2cf0c87980ff16227fa949fe326b922fc6d8aca5"}
{"index": {"_index":"pob","_id":"1241702"}}
	{"id":1241702,"type":"sell","buyer":"gimme-your-coinz","seller":"scooter77","symbol":"POB","quantity":"17.34986649","price":"0.59470098","timestamp":1626949071,"volume":"10.31798260","buyTxId":"1b505a4e6c839d00c4e809793f4dbfc261490969","sellTxId":"2cf0c87980ff16227fa949fe326b922fc6d8aca5"}
{"index": {"_index":"pob","_id":"1241738"}}
	{"id":1241738,"type":"buy","buyer":"razack-pulo","seller":"nazavzhdy","symbol":"POB","quantity":"0.09489061","price":"0.59999000","timestamp":1626950445,"volume":"0.05693342","buyTxId":"f546495f7f000011fbabbdc77d0e8a4699f9924b","sellTxId":"9e060bf45ecf7720291546746b1385ade89b9818"}
{"index": {"_index":"pob","_id":"1241739"}}
	{"id":1241739,"type":"buy","buyer":"razack-pulo","seller":"anadolu","symbol":"POB","quantity":"39.00000000","price":"0.60000000","timestamp":1626950445,"volume":"23.40000000","buyTxId":"f546495f7f000011fbabbdc77d0e8a4699f9924b","sellTxId":"d57b7b147c4d6322f56ffd92d92d6058e9ac4443"}
{"index": {"_index":"pob","_id":"1241740"}}
	{"id":1241740,"type":"buy","buyer":"razack-pulo","seller":"monochromes","symbol":"POB","quantity":"16.01004961","price":"0.60478000","timestamp":1626950445,"volume":"9.68255780","buyTxId":"f546495f7f000011fbabbdc77d0e8a4699f9924b","sellTxId":"f48f0eb6edb98e5b86ec7512c0176f4872337d82"}
{"index": {"_index":"pob","_id":"1241741"}}
	{"id":1241741,"type":"buy","buyer":"razack-pulo","seller":"solovey6o2","symbol":"POB","quantity":"144.89505978","price":"0.60999999","timestamp":1626950445,"volume":"88.38598502","buyTxId":"f546495f7f000011fbabbdc77d0e8a4699f9924b","sellTxId":"66653382ac3e40576a923e15f3bc28069757501e"}
{"index": {"_index":"pob","_id":"1241742"}}
	{"id":1241742,"type":"sell","buyer":"gimme-your-coinz","seller":"happyfrog420-new","symbol":"POB","quantity":"12.16608655","price":"0.59470098","timestamp":1626950487,"volume":"7.23518359","buyTxId":"1b505a4e6c839d00c4e809793f4dbfc261490969","sellTxId":"73cd4beff591a5669b6bb2ce0c5dbf5788b97ac4"}
{"index": {"_index":"pob","_id":"1241743"}}
	{"id":1241743,"type":"buy","buyer":"razack-pulo","seller":"solovey6o2","symbol":"POB","quantity":"3.35885042","price":"0.60999999","timestamp":1626950523,"volume":"2.04889872","buyTxId":"e1710c8b58f437f730fccaab89ed0138158d60d3","sellTxId":"66653382ac3e40576a923e15f3bc28069757501e"}
{"index": {"_index":"pob","_id":"1241744"}}
	{"id":1241744,"type":"buy","buyer":"razack-pulo","seller":"nickyhavey","symbol":"POB","quantity":"50.00000000","price":"0.61000000","timestamp":1626950523,"volume":"30.50000000","buyTxId":"e1710c8b58f437f730fccaab89ed0138158d60d3","sellTxId":"4376a639d7d6077b8f4b0d669b3dfa08fb3ad609"}
{"index": {"_index":"pob","_id":"1241745"}}
	{"id":1241745,"type":"buy","buyer":"razack-pulo","seller":"nickyhavey","symbol":"POB","quantity":"46.64114958","price":"0.62000000","timestamp":1626950523,"volume":"28.91751274","buyTxId":"e1710c8b58f437f730fccaab89ed0138158d60d3","sellTxId":"df334763b1775fee51fcea7bc49b31b99e029218"}
{"index": {"_index":"pob","_id":"1241749"}}
	{"id":1241749,"type":"sell","buyer":"razack-pulo","seller":"andy4475","symbol":"POB","quantity":"0.25549123","price":"0.60000000","timestamp":1626950622,"volume":"0.15329474","buyTxId":"9e313aa245712a65a56eb09b057c067fdf04e37a","sellTxId":"612a2cc3fb6b8a35b844cf158d711868d810721e"}
{"index": {"_index":"pob","_id":"1241773"}}
	{"id":1241773,"type":"sell","buyer":"solovey6o2","seller":"taseli","symbol":"POB","quantity":"0.83423177","price":"0.60010002","timestamp":1626951045,"volume":"0.50062250","buyTxId":"54064d86e9b78ff7baaf8650233f02af2e64b0ca","sellTxId":"be9b1e8e61753ca9e4d1c8a0f62bc1fca32d3e46"}
{"index": {"_index":"pob","_id":"1241789"}}
	{"id":1241789,"type":"buy","buyer":"tonytrillions","seller":"nickyhavey","symbol":"POB","quantity":"3.35885042","price":"0.62000000","timestamp":1626951960,"volume":"2.08248726","buyTxId":"331d74ec1d2adcf265d0bc0e0614389cb64ffffd","sellTxId":"df334763b1775fee51fcea7bc49b31b99e029218"}
{"index": {"_index":"pob","_id":"1241791"}}
	{"id":1241791,"type":"sell","buyer":"tonytrillions","seller":"melbourneswest","symbol":"POB","quantity":"17.58238912","price":"0.62000000","timestamp":1626952374,"volume":"10.90108125","buyTxId":"331d74ec1d2adcf265d0bc0e0614389cb64ffffd","sellTxId":"6b30e16fea6bc37405f4b0fb29623a0e02809168"}
{"index": {"_index":"pob","_id":"1241798"}}
	{"id":1241798,"type":"sell","buyer":"richardcrill","seller":"silviabeneforti","symbol":"POB","quantity":"8.00000000","price":"0.60060006","timestamp":1626952950,"volume":"4.80480048","buyTxId":"MM-P-8882498-55863224-3-11-0","sellTxId":"5145cdedeeef46c267fa6392168deef2d5fa4e4e"}
{"index": {"_index":"pob","_id":"1241800"}}
	{"id":1241800,"type":"sell","buyer":"richardcrill","seller":"littledisciples","symbol":"POB","quantity":"29.00000000","price":"0.60060006","timestamp":1626953193,"volume":"17.41740174","buyTxId":"MM-P-8882498-55863224-3-11-0","sellTxId":"06323160becce90de2b79e06db668749a0c49f84"}
{"index": {"_index":"pob","_id":"1241833"}}
	{"id":1241833,"type":"sell","buyer":"richardcrill","seller":"scooter77","symbol":"POB","quantity":"20.00000000","price":"0.60060006","timestamp":1626954558,"volume":"12.01200120","buyTxId":"MM-P-8882498-55863224-3-11-0","sellTxId":"f6170deca87d7f0eb569c9d673e9c89f4336bc45"}
{"index": {"_index":"pob","_id":"1241837"}}
	{"id":1241837,"type":"sell","buyer":"richardcrill","seller":"scooter77","symbol":"POB","quantity":"12.93006294","price":"0.60060006","timestamp":1626954630,"volume":"7.76579658","buyTxId":"MM-P-8882498-55863224-3-11-0","sellTxId":"5bbd6e4d3f62897e6dd5b87c675a9b91db251844"}
{"index": {"_index":"pob","_id":"1241838"}}
	{"id":1241838,"type":"sell","buyer":"solovey6o2","seller":"scooter77","symbol":"POB","quantity":"7.06993706","price":"0.60050006","timestamp":1626954630,"volume":"4.24549763","buyTxId":"269119e88727152814a1a2e1e14b997a96140920","sellTxId":"5bbd6e4d3f62897e6dd5b87c675a9b91db251844"}
{"index": {"_index":"pob","_id":"1241842"}}
	{"id":1241842,"type":"sell","buyer":"solovey6o2","seller":"scooter77","symbol":"POB","quantity":"20.00000000","price":"0.60050006","timestamp":1626954669,"volume":"12.01000120","buyTxId":"269119e88727152814a1a2e1e14b997a96140920","sellTxId":"884785eee5b1dfb6e7a17efdd5998ec32f49895a"}
{"index": {"_index":"pob","_id":"1241844"}}
	{"id":1241844,"type":"sell","buyer":"solovey6o2","seller":"scooter77","symbol":"POB","quantity":"20.00000000","price":"0.60050006","timestamp":1626954735,"volume":"12.01000120","buyTxId":"269119e88727152814a1a2e1e14b997a96140920","sellTxId":"eb4f927f4bcfdc7a2aebe4744af451233e5b8f30"}
{"index": {"_index":"pob","_id":"1241848"}}
	{"id":1241848,"type":"sell","buyer":"solovey6o2","seller":"jorgebgt","symbol":"POB","quantity":"0.60026463","price":"0.60050006","timestamp":1626954831,"volume":"0.36045895","buyTxId":"269119e88727152814a1a2e1e14b997a96140920","sellTxId":"a745a886c3e68fb33995e7ede117ee0755f2f5c4"}
{"index": {"_index":"pob","_id":"1241868"}}
	{"id":1241868,"type":"buy","buyer":"tonytrillions","seller":"melbourneswest","symbol":"POB","quantity":"0.00000427","price":"0.62000000","timestamp":1626955179,"volume":"0.00000265","buyTxId":"f54b40444923cb6ce25ce59788357460730a071b","sellTxId":"6b30e16fea6bc37405f4b0fb29623a0e02809168"}
{"index": {"_index":"pob","_id":"1241872"}}
	{"id":1241872,"type":"sell","buyer":"solovey6o2","seller":"ahmetay","symbol":"POB","quantity":"0.01798173","price":"0.60050006","timestamp":1626955296,"volume":"0.01079803","buyTxId":"269119e88727152814a1a2e1e14b997a96140920","sellTxId":"ee65a1f08403b1ff9121e5fc3d0f7a3fd4c121cd"}
{"index": {"_index":"pob","_id":"1241882"}}
	{"id":1241882,"type":"sell","buyer":"solovey6o2","seller":"numpypython","symbol":"POB","quantity":"2.36738795","price":"0.60050006","timestamp":1626955779,"volume":"1.42161661","buyTxId":"269119e88727152814a1a2e1e14b997a96140920","sellTxId":"374c73e575785ec3b61f216d409364bab5d7f96b"}
{"index": {"_index":"pob","_id":"1241899"}}
	{"id":1241899,"type":"sell","buyer":"solovey6o2","seller":"senstless","symbol":"POB","quantity":"6.39108202","price":"0.60050006","timestamp":1626956058,"volume":"3.83784514","buyTxId":"269119e88727152814a1a2e1e14b997a96140920","sellTxId":"6d18371d9c7e535db9a497bba25fd268e66abe86"}
{"index": {"_index":"pob","_id":"1241939"}}
	{"id":1241939,"type":"sell","buyer":"richardcrill","seller":"liotes.voter","symbol":"POB","quantity":"5.06181120","price":"0.60060006","timestamp":1626957213,"volume":"3.04012411","buyTxId":"MM-P-8883794-55864520-3-11-0","sellTxId":"0b767929d79a496629349fa693e200665da85ee0"}
{"index": {"_index":"pob","_id":"1241970"}}
	{"id":1241970,"type":"sell","buyer":"richardcrill","seller":"dhedge-drips","symbol":"POB","quantity":"0.02298327","price":"0.60060006","timestamp":1626957984,"volume":"0.01380375","buyTxId":"MM-P-8883794-55864520-3-11-0","sellTxId":"ee0f5d3a4e769935e6f66c81cc00b75de4b6e095"}
{"index": {"_index":"pob","_id":"1241993"}}
	{"id":1241993,"type":"sell","buyer":"richardcrill","seller":"sugandhaseth","symbol":"POB","quantity":"4.15934264","price":"0.60060006","timestamp":1626958377,"volume":"2.49810144","buyTxId":"MM-P-8883794-55864520-3-11-0","sellTxId":"257200f1fd500553b29d46427b81518a54bd0f2d"}
{"index": {"_index":"pob","_id":"1242002"}}
	{"id":1242002,"type":"buy","buyer":"tonytrillions","seller":"melbourneswest","symbol":"POB","quantity":"0.02211098","price":"0.62000000","timestamp":1626958593,"volume":"0.01370881","buyTxId":"49cb748c54e0aba4ebf1e4849218437deba72744","sellTxId":"6b30e16fea6bc37405f4b0fb29623a0e02809168"}
{"index": {"_index":"pob","_id":"1242004"}}
	{"id":1242004,"type":"buy","buyer":"tonytrillions","seller":"melbourneswest","symbol":"POB","quantity":"3.12703953","price":"0.62000000","timestamp":1626958647,"volume":"1.93876451","buyTxId":"7ce762e5021ce43492aac8101af5f4b3012f0819","sellTxId":"6b30e16fea6bc37405f4b0fb29623a0e02809168"}
{"index": {"_index":"pob","_id":"1242005"}}
	{"id":1242005,"type":"buy","buyer":"darmst5339","seller":"melbourneswest","symbol":"POB","quantity":"1.40000000","price":"0.62000000","timestamp":1626958653,"volume":"0.86800000","buyTxId":"046a240bc4c81d58ffc62362f99a5899f2e2c4ae","sellTxId":"6b30e16fea6bc37405f4b0fb29623a0e02809168"}
{"index": {"_index":"pob","_id":"1242028"}}
	{"id":1242028,"type":"sell","buyer":"richardcrill","seller":"monsterjamgold","symbol":"POB","quantity":"1.80424867","price":"0.60060006","timestamp":1626958884,"volume":"1.08363186","buyTxId":"MM-P-8883794-55864520-3-11-0","sellTxId":"68a36cb217ec23c8f9ff124ef8cd614940ce2443"}
{"index": {"_index":"pob","_id":"1242044"}}
	{"id":1242044,"type":"sell","buyer":"richardcrill","seller":"chireerocks","symbol":"POB","quantity":"4.13456464","price":"0.60060006","timestamp":1626959199,"volume":"2.48321977","buyTxId":"MM-P-8883794-55864520-3-11-0","sellTxId":"4092e7d27919bf00a675305d298a16143b9cb29e"}
{"index": {"_index":"pob","_id":"1242047"}}
	{"id":1242047,"type":"sell","buyer":"richardcrill","seller":"pthker2010","symbol":"POB","quantity":"54.74711252","price":"0.60060006","timestamp":1626959229,"volume":"32.88111906","buyTxId":"MM-P-8883794-55864520-3-11-0","sellTxId":"7916e9fc2abc28741225825ce383885ebf8fcd36"}
{"index": {"_index":"pob","_id":"1242048"}}
	{"id":1242048,"type":"sell","buyer":"solovey6o2","seller":"pthker2010","symbol":"POB","quantity":"80.25288748","price":"0.60050006","timestamp":1626959229,"volume":"48.19186375","buyTxId":"269119e88727152814a1a2e1e14b997a96140920","sellTxId":"7916e9fc2abc28741225825ce383885ebf8fcd36"}
{"index": {"_index":"pob","_id":"1242101"}}
	{"id":1242101,"type":"sell","buyer":"half-fast","seller":"trumpman","symbol":"POB","quantity":"10.67368100","price":"0.60060000","timestamp":1626960897,"volume":"6.41061281","buyTxId":"d2d55e5cea490290fc738fbd387c1cf62d50e51d","sellTxId":"79dc6f0ee198d70239b1488f75c01df9aea81045"}
{"index": {"_index":"pob","_id":"1242102"}}
	{"id":1242102,"type":"sell","buyer":"solovey6o2","seller":"trumpman","symbol":"POB","quantity":"20.40793788","price":"0.60050006","timestamp":1626960897,"volume":"12.25496792","buyTxId":"269119e88727152814a1a2e1e14b997a96140920","sellTxId":"79dc6f0ee198d70239b1488f75c01df9aea81045"}
{"index": {"_index":"pob","_id":"1242111"}}
	{"id":1242111,"type":"sell","buyer":"richardcrill","seller":"liaminit1","symbol":"POB","quantity":"5.38884033","price":"0.60060006","timestamp":1626961158,"volume":"3.23653783","buyTxId":"MM-P-8885383-55866117-3-11-0","sellTxId":"4d29ad75ffe97705046b427ba334608ef3418cbb"}
{"index": {"_index":"pob","_id":"1242121"}}
	{"id":1242121,"type":"sell","buyer":"richardcrill","seller":"nessycanta","symbol":"POB","quantity":"2.05643339","price":"0.60060006","timestamp":1626961518,"volume":"1.23509402","buyTxId":"MM-P-8885383-55866117-3-11-0","sellTxId":"e16798e4da8c40566b1341ff34247f3706d14953"}
{"index": {"_index":"pob","_id":"1242138"}}
	{"id":1242138,"type":"sell","buyer":"richardcrill","seller":"zullyscott","symbol":"POB","quantity":"3.9869338","price":"0.60060006","timestamp":1626962379,"volume":"2.39455268","buyTxId":"MM-P-8885383-55866117-3-11-0","sellTxId":"2d190d6eff07446df86d2c21277e5e025f7b31d8"}
{"index": {"_index":"pob","_id":"1242160"}}
	{"id":1242160,"type":"sell","buyer":"richardcrill","seller":"botefarm","symbol":"POB","quantity":"1.67642276","price":"0.60060006","timestamp":1626963222,"volume":"1.00685961","buyTxId":"MM-P-8885383-55866117-3-11-0","sellTxId":"abc0488fdfe54d3b12b643eae6899408cb67b7b9"}
{"index": {"_index":"pob","_id":"1242163"}}
	{"id":1242163,"type":"sell","buyer":"richardcrill","seller":"fireguardian","symbol":"POB","quantity":"41.98044980","price":"0.60060006","timestamp":1626963366,"volume":"25.21346066","buyTxId":"MM-P-8885383-55866117-3-11-0","sellTxId":"c95015589c56800959cd32a3e7d70f709ddba444"}
{"index": {"_index":"pob","_id":"1242164"}}
	{"id":1242164,"type":"sell","buyer":"solovey6o2","seller":"fireguardian","symbol":"POB","quantity":"17.38955020","price":"0.60050006","timestamp":1626963366,"volume":"10.44242594","buyTxId":"269119e88727152814a1a2e1e14b997a96140920","sellTxId":"c95015589c56800959cd32a3e7d70f709ddba444"}
{"index": {"_index":"pob","_id":"1242185"}}
	{"id":1242185,"type":"sell","buyer":"solovey6o2","seller":"fullcoverbetting","symbol":"POB","quantity":"0.46570430","price":"0.60050006","timestamp":1626964395,"volume":"0.27965546","buyTxId":"269119e88727152814a1a2e1e14b997a96140920","sellTxId":"f5933a6c93047146827059db1099f70432f710f8"}
{"index": {"_index":"pob","_id":"1242202"}}
	{"id":1242202,"type":"sell","buyer":"solovey6o2","seller":"calumam","symbol":"POB","quantity":"5.00000000","price":"0.60000001","timestamp":1626964944,"volume":"3.00000005","buyTxId":"4053ff3b2c978058642525ce6ef70a9fce3ed207","sellTxId":"39ae95a3ad5b58359a56ae574e7a77a68c0ba3f3"}
{"index": {"_index":"pob","_id":"1242232"}}
	{"id":1242232,"type":"sell","buyer":"solovey6o2","seller":"khazrakh","symbol":"POB","quantity":"4.01925118","price":"0.60000001","timestamp":1626965937,"volume":"2.41155075","buyTxId":"4053ff3b2c978058642525ce6ef70a9fce3ed207","sellTxId":"ddce89cc469a9fa86b72d75078b0affb5c53b0e3"}
{"index": {"_index":"pob","_id":"1242257"}}
	{"id":1242257,"type":"sell","buyer":"solovey6o2","seller":"gr33nm4ster","symbol":"POB","quantity":"5.71081064","price":"0.60000001","timestamp":1626966384,"volume":"3.42648644","buyTxId":"4053ff3b2c978058642525ce6ef70a9fce3ed207","sellTxId":"d6eaaec067a4454b2b1f90a8ca1de0048bfda7a0"}
{"index": {"_index":"pob","_id":"1242259"}}
	{"id":1242259,"type":"sell","buyer":"solovey6o2","seller":"zainalbakri","symbol":"POB","quantity":"0.77996087","price":"0.60000001","timestamp":1626966510,"volume":"0.46797653","buyTxId":"4053ff3b2c978058642525ce6ef70a9fce3ed207","sellTxId":"07cf92aec5c110edf5aa38b5ba2c2c2b27c6f7ac"}
{"index": {"_index":"pob","_id":"1242264"}}
	{"id":1242264,"type":"sell","buyer":"solovey6o2","seller":"derangedvisions","symbol":"POB","quantity":"9.72209538","price":"0.60000001","timestamp":1626966975,"volume":"5.83325733","buyTxId":"4053ff3b2c978058642525ce6ef70a9fce3ed207","sellTxId":"c2187a1ea8b40df123e2ea02f403388fec60ebb5"}
{"index": {"_index":"pob","_id":"1242296"}}
	{"id":1242296,"type":"sell","buyer":"solovey6o2","seller":"jesustiano","symbol":"POB","quantity":"1.36094412","price":"0.60000001","timestamp":1626967989,"volume":"0.81656649","buyTxId":"4053ff3b2c978058642525ce6ef70a9fce3ed207","sellTxId":"31209f0442b1dceb9625d7d1af64f288ce6452dd"}
{"index": {"_index":"pob","_id":"1242316"}}
	{"id":1242316,"type":"sell","buyer":"solovey6o2","seller":"jesustiano","symbol":"POB","quantity":"0.23842853","price":"0.60000001","timestamp":1626968574,"volume":"0.14305712","buyTxId":"4053ff3b2c978058642525ce6ef70a9fce3ed207","sellTxId":"8d5314ae093ba8d35f8e2e50f8bf49a6798688ae"}
{"index": {"_index":"pob","_id":"1242335"}}
	{"id":1242335,"type":"sell","buyer":"solovey6o2","seller":"yintercept","symbol":"POB","quantity":"0.48212077","price":"0.60000001","timestamp":1626969132,"volume":"0.28927247","buyTxId":"4053ff3b2c978058642525ce6ef70a9fce3ed207","sellTxId":"5e1516519938ae553cbd6070b1c6fbaff560391f"}
{"index": {"_index":"pob","_id":"1242339"}}
	{"id":1242339,"type":"sell","buyer":"solovey6o2","seller":"celi130","symbol":"POB","quantity":"20.00000000","price":"0.60000001","timestamp":1626969366,"volume":"12.00000020","buyTxId":"4053ff3b2c978058642525ce6ef70a9fce3ed207","sellTxId":"289470dd01b0e7efd6ccc224251ba744bf20af84"}
{"index": {"_index":"pob","_id":"1242340"}}
	{"id":1242340,"type":"sell","buyer":"solovey6o2","seller":"butherfly87","symbol":"POB","quantity":"2.36431911","price":"0.60000001","timestamp":1626969465,"volume":"1.41859149","buyTxId":"4053ff3b2c978058642525ce6ef70a9fce3ed207","sellTxId":"8c0c9cd43858a82d7f28954dc1fe5a4088715aad"}
{"index": {"_index":"pob","_id":"1242354"}}
	{"id":1242354,"type":"sell","buyer":"solovey6o2","seller":"matheusggr","symbol":"POB","quantity":"4.71049177","price":"0.60000001","timestamp":1626969894,"volume":"2.82629511","buyTxId":"4053ff3b2c978058642525ce6ef70a9fce3ed207","sellTxId":"b014c058e1f4fc2d5bbc3b925426d50a651eaa9b"}
{"index": {"_index":"pob","_id":"1242367"}}
	{"id":1242367,"type":"sell","buyer":"solovey6o2","seller":"hive.pizza","symbol":"POB","quantity":"0.80650577","price":"0.60000001","timestamp":1626970359,"volume":"0.48390347","buyTxId":"4053ff3b2c978058642525ce6ef70a9fce3ed207","sellTxId":"33fcfde62560b464981690129eb6428178e07f5d"}
{"index": {"_index":"pob","_id":"1242374"}}
	{"id":1242374,"type":"sell","buyer":"solovey6o2","seller":"andy4475","symbol":"POB","quantity":"7.48199427","price":"0.60000001","timestamp":1626970881,"volume":"4.48919664","buyTxId":"4053ff3b2c978058642525ce6ef70a9fce3ed207","sellTxId":"bf5f4ee17657597c98619aa8d96b8e401a0f6164"}
{"index": {"_index":"pob","_id":"1242380"}}
	{"id":1242380,"type":"sell","buyer":"solovey6o2","seller":"liaminit1","symbol":"POB","quantity":"5.80423306","price":"0.60000001","timestamp":1626970986,"volume":"3.48253989","buyTxId":"4053ff3b2c978058642525ce6ef70a9fce3ed207","sellTxId":"ed7222b16b6392c44d7d0d4d43ea991e97178d71"}
{"index": {"_index":"pob","_id":"1242415"}}
	{"id":1242415,"type":"sell","buyer":"solovey6o2","seller":"jesustiano","symbol":"POB","quantity":"0.19056187","price":"0.60000001","timestamp":1626971625,"volume":"0.11433712","buyTxId":"4053ff3b2c978058642525ce6ef70a9fce3ed207","sellTxId":"8b42290805db8c6c1dc768b29ed02a84666700fe"}
{"index": {"_index":"pob","_id":"1242473"}}
	{"id":1242473,"type":"sell","buyer":"solovey6o2","seller":"automaton","symbol":"POB","quantity":"10.08511262","price":"0.60000001","timestamp":1626972996,"volume":"6.05106767","buyTxId":"4053ff3b2c978058642525ce6ef70a9fce3ed207","sellTxId":"060ad08df6f24dcc4f0f7d600f15b6e50c96c63e"}
{"index": {"_index":"pob","_id":"1242476"}}
	{"id":1242476,"type":"sell","buyer":"solovey6o2","seller":"alchemystones","symbol":"POB","quantity":"0.60506727","price":"0.60000001","timestamp":1626973065,"volume":"0.36304037","buyTxId":"4053ff3b2c978058642525ce6ef70a9fce3ed207","sellTxId":"2d3af7aa4a3465802fd81541719913056a15ee56"}
{"index": {"_index":"pob","_id":"1242487"}}
	{"id":1242487,"type":"sell","buyer":"solovey6o2","seller":"whitelightxpress","symbol":"POB","quantity":"1.58817664","price":"0.60000001","timestamp":1626973578,"volume":"0.95290600","buyTxId":"4053ff3b2c978058642525ce6ef70a9fce3ed207","sellTxId":"5f940e4990f312ae0b9890b8cf8111064e0fbda9"}
{"index": {"_index":"pob","_id":"1242497"}}
	{"id":1242497,"type":"sell","buyer":"solovey6o2","seller":"curatorcat.pal","symbol":"POB","quantity":"0.22485783","price":"0.60000001","timestamp":1626974133,"volume":"0.13491470","buyTxId":"4053ff3b2c978058642525ce6ef70a9fce3ed207","sellTxId":"78d8d815b4053e8e347dffc5f77ee6b338c5b275"}
{"index": {"_index":"pob","_id":"1242505"}}
	{"id":1242505,"type":"sell","buyer":"solovey6o2","seller":"mawit07","symbol":"POB","quantity":"3.59573967","price":"0.60000001","timestamp":1626974373,"volume":"2.15744384","buyTxId":"4053ff3b2c978058642525ce6ef70a9fce3ed207","sellTxId":"fa78a79b932499e6efbb954ea7057a564569fb42"}
{"index": {"_index":"pob","_id":"1242510"}}
	{"id":1242510,"type":"sell","buyer":"solovey6o2","seller":"whatsup","symbol":"POB","quantity":"0.27250916","price":"0.60000001","timestamp":1626974628,"volume":"0.16350550","buyTxId":"4053ff3b2c978058642525ce6ef70a9fce3ed207","sellTxId":"152d6fa9c5d537fe0c122a3259d8763b55090bf3"}
{"index": {"_index":"pob","_id":"1242523"}}
	{"id":1242523,"type":"sell","buyer":"solovey6o2","seller":"metzli","symbol":"POB","quantity":"3.32806258","price":"0.60000001","timestamp":1626975099,"volume":"1.99683758","buyTxId":"4053ff3b2c978058642525ce6ef70a9fce3ed207","sellTxId":"f994d418bcdbd8dbff2e9d1d8ccf2b55be6c7380"}
{"index": {"_index":"pob","_id":"1242610"}}
	{"id":1242610,"type":"sell","buyer":"thranax","seller":"optimistically","symbol":"POB","quantity":"6.64559609","price":"0.60000101","timestamp":1626977214,"volume":"3.98736437","buyTxId":"MM-B-8890174-55870927-3-0-0","sellTxId":"4d948d6be8f468fdd1eedab61b4b2f2d0b7324df"}
{"index": {"_index":"pob","_id":"1242618"}}
	{"id":1242618,"type":"sell","buyer":"thranax","seller":"wochenblick","symbol":"POB","quantity":"6.14320496","price":"0.60000101","timestamp":1626977421,"volume":"3.68592918","buyTxId":"MM-B-8890174-55870927-3-0-0","sellTxId":"e0f2a314aeb2116920f9cdf260f0d3fc65ca67d6"}
{"index": {"_index":"pob","_id":"1242661"}}
	{"id":1242661,"type":"sell","buyer":"thranax","seller":"erikah","symbol":"POB","quantity":"2.11537101","price":"0.60000101","timestamp":1626978756,"volume":"1.26922474","buyTxId":"MM-B-8890174-55870927-3-0-0","sellTxId":"418357f1f6a0b87fd28040b7b94c80589285b4ed"}
{"index": {"_index":"pob","_id":"1242662"}}
	{"id":1242662,"type":"sell","buyer":"solovey6o2","seller":"erikah","symbol":"POB","quantity":"29.88462899","price":"0.60000001","timestamp":1626978756,"volume":"17.93077769","buyTxId":"4053ff3b2c978058642525ce6ef70a9fce3ed207","sellTxId":"418357f1f6a0b87fd28040b7b94c80589285b4ed"}
{"index": {"_index":"pob","_id":"1242698"}}
	{"id":1242698,"type":"sell","buyer":"solovey6o2","seller":"lotusies","symbol":"POB","quantity":"0.70385743","price":"0.60000001","timestamp":1626979677,"volume":"0.42231447","buyTxId":"4053ff3b2c978058642525ce6ef70a9fce3ed207","sellTxId":"ecc0af113f1e83fab32ba3383ec3c3bcb3af788b"}
{"index": {"_index":"pob","_id":"1242724"}}
	{"id":1242724,"type":"sell","buyer":"gimme-your-coinz","seller":"rob23","symbol":"POB","quantity":"7.16812169","price":"0.60100001","timestamp":1626980217,"volume":"4.30804121","buyTxId":"73ef967b3a7b4e69ebe1ba5c23c8b949af93d25b","sellTxId":"c72ae70321f7d1fac49df2ebf609d072840c6ddd"}
{"index": {"_index":"pob","_id":"1242735"}}
	{"id":1242735,"type":"buy","buyer":"coininstant","seller":"bluesniper","symbol":"POB","quantity":"0.00308000","price":"0.61979000","timestamp":1626980643,"volume":"0.00190895","buyTxId":"b3f31f5894f7e245e5a45c31723e41d5a58e0cde","sellTxId":"MM-P-8891791-55872546-3-5-0"}
{"index": {"_index":"pob","_id":"1242744"}}
	{"id":1242744,"type":"sell","buyer":"gimme-your-coinz","seller":"tarazkp","symbol":"POB","quantity":"14.83187831","price":"0.60100001","timestamp":1626980841,"volume":"8.91395901","buyTxId":"73ef967b3a7b4e69ebe1ba5c23c8b949af93d25b","sellTxId":"d2417dadfb702a1a7a2f9b5bada5e55f02da9e06"}
{"index": {"_index":"pob","_id":"1242745"}}
	{"id":1242745,"type":"sell","buyer":"gimme-your-coinz","seller":"tarazkp","symbol":"POB","quantity":"22.00000000","price":"0.60100001","timestamp":1626980841,"volume":"13.22200022","buyTxId":"3eca2b19cb1716fe44d385915f7d605a0aef4262","sellTxId":"d2417dadfb702a1a7a2f9b5bada5e55f02da9e06"}
{"index": {"_index":"pob","_id":"1242746"}}
	{"id":1242746,"type":"sell","buyer":"solovey6o2","seller":"tarazkp","symbol":"POB","quantity":"13.44157440","price":"0.60100001","timestamp":1626980841,"volume":"8.07838635","buyTxId":"c2d2abad2e6e020c51169e24cdd9d4df6d4092e7","sellTxId":"d2417dadfb702a1a7a2f9b5bada5e55f02da9e06"}
{"index": {"_index":"pob","_id":"1242780"}}
	{"id":1242780,"type":"sell","buyer":"gimme-your-coinz","seller":"insaneworks","symbol":"POB","quantity":"0.00004422","price":"0.60100002","timestamp":1626981597,"volume":"0.00002658","buyTxId":"568f8dda77c1d12b67e939ce50db849c42ad27ab","sellTxId":"05a1d7b49fd7154d8713df4baa5a7a1b82a497e8"}
{"index": {"_index":"pob","_id":"1242801"}}
	{"id":1242801,"type":"sell","buyer":"gimme-your-coinz","seller":"thranax","symbol":"POB","quantity":"22.00000000","price":"0.61100001","timestamp":1626982503,"volume":"13.44200022","buyTxId":"36c711019f1db76e620e3d58ea82e0cccb161f73","sellTxId":"c4e0fdc36ad2b9e2c58a48137aa19d31673565f8"}
{"index": {"_index":"pob","_id":"1242803"}}
	{"id":1242803,"type":"sell","buyer":"gimme-your-coinz","seller":"thranax","symbol":"POB","quantity":"22.00000000","price":"0.61100001","timestamp":1626982566,"volume":"13.44200022","buyTxId":"11fb72efff69392ade045cf3db85f4cd9f33cabe","sellTxId":"a4b1387a0e4ea39438d08294da3b61384a374f1b"}
{"index": {"_index":"pob","_id":"1242807"}}
	{"id":1242807,"type":"sell","buyer":"gimme-your-coinz","seller":"aleenavarro","symbol":"POB","quantity":"1.29679767","price":"0.61100001","timestamp":1626982623,"volume":"0.79234339","buyTxId":"9526682aa005fef84b4a330ff820bd2bacf95c16","sellTxId":"0091f18c7bd019ba87fb0197f4c6765fbfc0845e"}
{"index": {"_index":"pob","_id":"1242808"}}
	{"id":1242808,"type":"sell","buyer":"gimme-your-coinz","seller":"thranax","symbol":"POB","quantity":"20.70320233","price":"0.61100001","timestamp":1626982641,"volume":"12.64965683","buyTxId":"9526682aa005fef84b4a330ff820bd2bacf95c16","sellTxId":"d3a6ec75d0b57a65b4c131f84f2e4016511127dc"}
{"index": {"_index":"pob","_id":"1242809"}}
	{"id":1242809,"type":"buy","buyer":"gimme-your-coinz","seller":"thranax","symbol":"POB","quantity":"1.29679767","price":"0.61100001","timestamp":1626982650,"volume":"0.79234339","buyTxId":"e010f4888b6301bcd62ae7c38a7645a0bef2db77","sellTxId":"d3a6ec75d0b57a65b4c131f84f2e4016511127dc"}
{"index": {"_index":"pob","_id":"1242812"}}
	{"id":1242812,"type":"sell","buyer":"gimme-your-coinz","seller":"thranax","symbol":"POB","quantity":"20.70320233","price":"0.61100001","timestamp":1626982731,"volume":"12.64965683","buyTxId":"e010f4888b6301bcd62ae7c38a7645a0bef2db77","sellTxId":"a1821ad3531564a991c9c82ba1f30000e1c34c10"}
{"index": {"_index":"pob","_id":"1242818"}}
	{"id":1242818,"type":"sell","buyer":"gimme-your-coinz","seller":"thranax","symbol":"POB","quantity":"22.00000000","price":"0.61800002","timestamp":1626982923,"volume":"13.59600044","buyTxId":"c61183de9eb53664259a26a33542aeb71f70e659","sellTxId":"e4b6fdf45d89c95004383f42473e74ce6bc3b392"}
{"index": {"_index":"pob","_id":"1242822"}}
	{"id":1242822,"type":"sell","buyer":"gimme-your-coinz","seller":"thranax","symbol":"POB","quantity":"22.00000000","price":"0.61800002","timestamp":1626983010,"volume":"13.59600044","buyTxId":"9d712bb701e9be308c25c71d803a6030b6e56363","sellTxId":"052d337f7c2b61745d0bcaec1ed105c8ddd40b8b"}
{"index": {"_index":"pob","_id":"1242828"}}
	{"id":1242828,"type":"sell","buyer":"gimme-your-coinz","seller":"thranax","symbol":"POB","quantity":"22.00000000","price":"0.61800002","timestamp":1626983175,"volume":"13.59600044","buyTxId":"12197a10e86a13e00621b38225ca04b26c95a6ad","sellTxId":"a3ea6183dd42a692231062144c337d2bc8b70320"}
{"index": {"_index":"pob","_id":"1242831"}}
	{"id":1242831,"type":"sell","buyer":"gimme-your-coinz","seller":"thranax","symbol":"POB","quantity":"22.00000000","price":"0.61800002","timestamp":1626983208,"volume":"13.59600044","buyTxId":"c4c80dd797557e4756cd145e0133f56433d4c905","sellTxId":"782c229a01169edf6ccb02a72a4fd74683c8207a"}
{"index": {"_index":"pob","_id":"1242832"}}
	{"id":1242832,"type":"sell","buyer":"gimme-your-coinz","seller":"thranax","symbol":"POB","quantity":"22.00000000","price":"0.61800002","timestamp":1626983310,"volume":"13.59600044","buyTxId":"5f0c7796249b4a80908c48e06f395ab99dfc46bd","sellTxId":"d3113aec977e2b500f4828590bfb0f12bd20076d"}
{"index": {"_index":"pob","_id":"1242835"}}
	{"id":1242835,"type":"sell","buyer":"gimme-your-coinz","seller":"thranax","symbol":"POB","quantity":"22.00000000","price":"0.61800002","timestamp":1626983337,"volume":"13.59600044","buyTxId":"bad616e6cbe47ca90cf707791ebcf42944ac6985","sellTxId":"dff1670a3b5aaebd483e02e9c1c6afcb2259e1d4"}
{"index": {"_index":"pob","_id":"1242836"}}
	{"id":1242836,"type":"sell","buyer":"gimme-your-coinz","seller":"mightyrocklee","symbol":"POB","quantity":"2.19405556","price":"0.60100002","timestamp":1626983376,"volume":"1.31862744","buyTxId":"cea8020f2f06da9289e5af3a1d58afccfaeccfaa","sellTxId":"9a88505a125862a83a180c2128ba692df27a147e"}
{"index": {"_index":"pob","_id":"1242847"}}
	{"id":1242847,"type":"sell","buyer":"gimme-your-coinz","seller":"evernoticethat","symbol":"POB","quantity":"1.28037371","price":"0.60100002","timestamp":1626983844,"volume":"0.76950463","buyTxId":"cea8020f2f06da9289e5af3a1d58afccfaeccfaa","sellTxId":"80addad37adda3e9e422d9f63787ad7ebd06fd91"}
{"index": {"_index":"pob","_id":"1242860"}}
	{"id":1242860,"type":"sell","buyer":"gimme-your-coinz","seller":"hitmeasap","symbol":"POB","quantity":"18.52557073","price":"0.60100002","timestamp":1626984600,"volume":"11.13386837","buyTxId":"cea8020f2f06da9289e5af3a1d58afccfaeccfaa","sellTxId":"043c856227b8357e96fc9d0cc46a781613b180c7"}
{"index": {"_index":"pob","_id":"1242861"}}
	{"id":1242861,"type":"sell","buyer":"solovey6o2","seller":"hitmeasap","symbol":"POB","quantity":"25.41182253","price":"0.60100001","timestamp":1626984654,"volume":"15.27250559","buyTxId":"c2d2abad2e6e020c51169e24cdd9d4df6d4092e7","sellTxId":"d8b5fd92033b08879d3dc00bf703f8ac97bf8dce"}
{"index": {"_index":"pob","_id":"1242909"}}
	{"id":1242909,"type":"sell","buyer":"solovey6o2","seller":"toofasteddie","symbol":"POB","quantity":"2.50000000","price":"0.60100001","timestamp":1626985791,"volume":"1.50250003","buyTxId":"c2d2abad2e6e020c51169e24cdd9d4df6d4092e7","sellTxId":"532e6ed77916c1422ee8194c833951b281be98f1"}
{"index": {"_index":"pob","_id":"1242921"}}
	{"id":1242921,"type":"sell","buyer":"solovey6o2","seller":"thranax","symbol":"POB","quantity":"70.97131453","price":"0.60100001","timestamp":1626986034,"volume":"42.65376074","buyTxId":"c2d2abad2e6e020c51169e24cdd9d4df6d4092e7","sellTxId":"bfd5b37deff09f0b4f649b00b86d9990571165b3"}
{"index": {"_index":"pob","_id":"1242936"}}
	{"id":1242936,"type":"sell","buyer":"solovey6o2","seller":"slobberchops","symbol":"POB","quantity":"0.47221274","price":"0.60100001","timestamp":1626986460,"volume":"0.28379986","buyTxId":"c2d2abad2e6e020c51169e24cdd9d4df6d4092e7","sellTxId":"2d4f69abc3a83a56d6d61735a8d9598bc0424da7"}
{"index": {"_index":"pob","_id":"1242950"}}
	{"id":1242950,"type":"sell","buyer":"solovey6o2","seller":"trumpikas","symbol":"POB","quantity":"17.00000000","price":"0.60100001","timestamp":1626986871,"volume":"10.21700017","buyTxId":"c2d2abad2e6e020c51169e24cdd9d4df6d4092e7","sellTxId":"bb09d4928f2cff7e29f8b35e917a9524c91be258"}
{"index": {"_index":"pob","_id":"1242982"}}
	{"id":1242982,"type":"sell","buyer":"solovey6o2","seller":"thisismylife","symbol":"POB","quantity":"5.63421057","price":"0.60100001","timestamp":1626987486,"volume":"3.38616061","buyTxId":"c2d2abad2e6e020c51169e24cdd9d4df6d4092e7","sellTxId":"42dc16540e9e78f5ae9cc03e3ec70e95882ae017"}
{"index": {"_index":"pob","_id":"1242998"}}
	{"id":1242998,"type":"sell","buyer":"solovey6o2","seller":"jesustiano","symbol":"POB","quantity":"0.16149007","price":"0.60100001","timestamp":1626987858,"volume":"0.09705553","buyTxId":"c2d2abad2e6e020c51169e24cdd9d4df6d4092e7","sellTxId":"16914f653b59bc9e6b0d7cbc8955c09f57ada400"}
{"index": {"_index":"pob","_id":"1243072"}}
	{"id":1243072,"type":"sell","buyer":"solovey6o2","seller":"metzli","symbol":"POB","quantity":"2.39368606","price":"0.60100001","timestamp":1626989397,"volume":"1.43860535","buyTxId":"f755698d26564692edcbcfc627a8cdc2a2a2a2be","sellTxId":"3b211eab8e6004d0af3e97f1cfdc1b08dbaea71a"}
{"index": {"_index":"pob","_id":"1243094"}}
	{"id":1243094,"type":"sell","buyer":"solovey6o2","seller":"stayoutoftherz","symbol":"POB","quantity":"11.00000000","price":"0.60100001","timestamp":1626989832,"volume":"6.61100011","buyTxId":"f755698d26564692edcbcfc627a8cdc2a2a2a2be","sellTxId":"3a05b88f02f8a72a486a864fe61a3c99799bfe73"}
{"index": {"_index":"pob","_id":"1243106"}}
	{"id":1243106,"type":"sell","buyer":"solovey6o2","seller":"claudio83.pob","symbol":"POB","quantity":"2.72127529","price":"0.60100001","timestamp":1626990042,"volume":"1.63548647","buyTxId":"f755698d26564692edcbcfc627a8cdc2a2a2a2be","sellTxId":"b5edb70e378d0b7daf99856d35df574bcaf9ed55"}
{"index": {"_index":"pob","_id":"1243107"}}
	{"id":1243107,"type":"sell","buyer":"solovey6o2","seller":"claudio83.pob","symbol":"POB","quantity":"11.33871553","price":"0.60100001","timestamp":1626990042,"volume":"6.81456815","buyTxId":"05c6ae1e100854b4624a47784093fbaed63b4069","sellTxId":"b5edb70e378d0b7daf99856d35df574bcaf9ed55"}
{"index": {"_index":"pob","_id":"1243112"}}
	{"id":1243112,"type":"sell","buyer":"solovey6o2","seller":"justinparke","symbol":"POB","quantity":"1.55325355","price":"0.60100001","timestamp":1626990132,"volume":"0.93350540","buyTxId":"05c6ae1e100854b4624a47784093fbaed63b4069","sellTxId":"6da4baba0aa18da88318b7a3973f6b1835fe4fff"}
{"index": {"_index":"pob","_id":"1243113"}}
	{"id":1243113,"type":"sell","buyer":"solovey6o2","seller":"justinparke","symbol":"POB","quantity":"0.49954126","price":"0.60100001","timestamp":1626990132,"volume":"0.30022430","buyTxId":"5899da5ea87ef4528a1b0bd2d05a74e62adc0167","sellTxId":"6da4baba0aa18da88318b7a3973f6b1835fe4fff"}
{"index": {"_index":"pob","_id":"1243114"}}
	{"id":1243114,"type":"sell","buyer":"solovey6o2","seller":"dagger212","symbol":"POB","quantity":"3.64813690","price":"0.60100001","timestamp":1626990138,"volume":"2.19253031","buyTxId":"5899da5ea87ef4528a1b0bd2d05a74e62adc0167","sellTxId":"ba7809e6bad0e28ec4431406c186efc0e55c9e53"}
{"index": {"_index":"pob","_id":"1243118"}}
	{"id":1243118,"type":"sell","buyer":"solovey6o2","seller":"cliffagreen","symbol":"POB","quantity":"0.16497087","price":"0.60100001","timestamp":1626990222,"volume":"0.09914749","buyTxId":"5899da5ea87ef4528a1b0bd2d05a74e62adc0167","sellTxId":"ca18540e3075e5697e4485b278b7d9f64374ece9"}
{"index": {"_index":"pob","_id":"1243173"}}
	{"id":1243173,"type":"buy","buyer":"jersteemit","seller":"half-fast","symbol":"POB","quantity":"1.00000000","price":"0.61900000","timestamp":1626990834,"volume":"0.61900000","buyTxId":"210d7e40edf788a5b6be16bfe17513abe93e3249","sellTxId":"2058019230499ef35650b173f8b54edcafb8f969"}
{"index": {"_index":"pob","_id":"1243176"}}
	{"id":1243176,"type":"sell","buyer":"solovey6o2","seller":"cibersk8","symbol":"POB","quantity":"0.29951550","price":"0.60100001","timestamp":1626990909,"volume":"0.18000882","buyTxId":"5899da5ea87ef4528a1b0bd2d05a74e62adc0167","sellTxId":"4516bc0555a3b2800243cd6c0d49670dd110c38d"}
{"index": {"_index":"pob","_id":"1243195"}}
	{"id":1243195,"type":"sell","buyer":"solovey6o2","seller":"ahmetay","symbol":"POB","quantity":"0.69084872","price":"0.60100001","timestamp":1626991407,"volume":"0.41520009","buyTxId":"5899da5ea87ef4528a1b0bd2d05a74e62adc0167","sellTxId":"109bbe310b28065025fa8f6dc1725eadc0602e62"}
{"index": {"_index":"pob","_id":"1243218"}}
	{"id":1243218,"type":"sell","buyer":"solovey6o2","seller":"taseli","symbol":"POB","quantity":"0.87868080","price":"0.60100001","timestamp":1626992268,"volume":"0.52808717","buyTxId":"5899da5ea87ef4528a1b0bd2d05a74e62adc0167","sellTxId":"0de0bdb6600ca7d6ce9d4e42595b3befd43868c0"}
{"index": {"_index":"pob","_id":"1243219"}}
	{"id":1243219,"type":"sell","buyer":"solovey6o2","seller":"allcapsonezero","symbol":"POB","quantity":"16.07000000","price":"0.60100001","timestamp":1626992349,"volume":"9.65807016","buyTxId":"5899da5ea87ef4528a1b0bd2d05a74e62adc0167","sellTxId":"45a143a6c26129f7ea70209b5d90dda4ef9969fa"}
{"index": {"_index":"pob","_id":"1243247"}}
	{"id":1243247,"type":"sell","buyer":"solovey6o2","seller":"oswvin01","symbol":"POB","quantity":"2.22400854","price":"0.60100001","timestamp":1626993066,"volume":"1.33662915","buyTxId":"5899da5ea87ef4528a1b0bd2d05a74e62adc0167","sellTxId":"b2d23417a66c67257855d84fe1c8f5b4177d8d51"}
{"index": {"_index":"pob","_id":"1243254"}}
	{"id":1243254,"type":"sell","buyer":"solovey6o2","seller":"esecholito","symbol":"POB","quantity":"0.15000000","price":"0.60100001","timestamp":1626993624,"volume":"0.09015000","buyTxId":"5899da5ea87ef4528a1b0bd2d05a74e62adc0167","sellTxId":"597e973911dbe0ed2c8246de23a73bac978379f9"}
{"index": {"_index":"pob","_id":"1243279"}}
	{"id":1243279,"type":"sell","buyer":"solovey6o2","seller":"finguru","symbol":"POB","quantity":"7.17475462","price":"0.60100001","timestamp":1626994617,"volume":"4.31202760","buyTxId":"5899da5ea87ef4528a1b0bd2d05a74e62adc0167","sellTxId":"1bb3ea841356915c36f7ad25b4b297126315eabf"}
{"index": {"_index":"pob","_id":"1243280"}}
	{"id":1243280,"type":"sell","buyer":"solovey6o2","seller":"finguru","symbol":"POB","quantity":"33.39395878","price":"0.60100001","timestamp":1626994617,"volume":"20.06976956","buyTxId":"c543a39a1c7e68e52532a0e59ba7ba1c23c6d9c2","sellTxId":"1bb3ea841356915c36f7ad25b4b297126315eabf"}
{"index": {"_index":"pob","_id":"1243299"}}
	{"id":1243299,"type":"sell","buyer":"solovey6o2","seller":"enforcer48","symbol":"POB","quantity":"3.12700000","price":"0.60100001","timestamp":1626994773,"volume":"1.87932703","buyTxId":"c543a39a1c7e68e52532a0e59ba7ba1c23c6d9c2","sellTxId":"8a2fd2a1b7cd697549a8045db8c819b56cf18ad1"}
{"index": {"_index":"pob","_id":"1243324"}}
	{"id":1243324,"type":"buy","buyer":"nrg","seller":"half-fast","symbol":"POB","quantity":"9.67368100","price":"0.61900000","timestamp":1626995244,"volume":"5.98800854","buyTxId":"a9577c86220712c62a999f241d705197f617d846","sellTxId":"2058019230499ef35650b173f8b54edcafb8f969"}
{"index": {"_index":"pob","_id":"1243325"}}
	{"id":1243325,"type":"buy","buyer":"nrg","seller":"bluesniper","symbol":"POB","quantity":"29.00000000","price":"0.61977000","timestamp":1626995244,"volume":"17.97333000","buyTxId":"a9577c86220712c62a999f241d705197f617d846","sellTxId":"MM-P-8895373-55876135-3-5-0"}
{"index": {"_index":"pob","_id":"1243326"}}
	{"id":1243326,"type":"buy","buyer":"nrg","seller":"anadolu","symbol":"POB","quantity":"26.00000000","price":"0.61978000","timestamp":1626995244,"volume":"16.11428000","buyTxId":"a9577c86220712c62a999f241d705197f617d846","sellTxId":"fb613e524ef3fcf9fd0f12d61deea87dbff542b7"}
{"index": {"_index":"pob","_id":"1243327"}}
	{"id":1243327,"type":"buy","buyer":"nrg","seller":"yonnathang","symbol":"POB","quantity":"9.50100000","price":"0.61979000","timestamp":1626995244,"volume":"5.88862479","buyTxId":"a9577c86220712c62a999f241d705197f617d846","sellTxId":"375f45c11b7c081fd2f4e9c7e326f3bc0b1329d8"}
{"index": {"_index":"pob","_id":"1243328"}}
	{"id":1243328,"type":"buy","buyer":"nrg","seller":"melbourneswest","symbol":"POB","quantity":"11.98948495","price":"0.62000000","timestamp":1626995244,"volume":"7.43348067","buyTxId":"a9577c86220712c62a999f241d705197f617d846","sellTxId":"6b30e16fea6bc37405f4b0fb29623a0e02809168"}
{"index": {"_index":"pob","_id":"1243329"}}
	{"id":1243329,"type":"buy","buyer":"nrg","seller":"dhedge-drips","symbol":"POB","quantity":"0.02298327","price":"0.62000000","timestamp":1626995244,"volume":"0.01424963","buyTxId":"a9577c86220712c62a999f241d705197f617d846","sellTxId":"0b287f300de4f256a05cc2982830933bf84ffae0"}
{"index": {"_index":"pob","_id":"1243330"}}
	{"id":1243330,"type":"buy","buyer":"nrg","seller":"brofi-market","symbol":"POB","quantity":"8.92901426","price":"0.62984356","timestamp":1626995244,"volume":"5.62388213","buyTxId":"a9577c86220712c62a999f241d705197f617d846","sellTxId":"582d256320331fd9c92b9c44dd886d1f823def5d"}
{"index": {"_index":"pob","_id":"1243331"}}
	{"id":1243331,"type":"buy","buyer":"nrg","seller":"solovey6o2","symbol":"POB","quantity":"308.19826894","price":"0.62999999","timestamp":1626995244,"volume":"194.16490635","buyTxId":"a9577c86220712c62a999f241d705197f617d846","sellTxId":"8bd89133c9929d7eface8416787b65fe66c62c8f"}
{"index": {"_index":"pob","_id":"1243332"}}
	{"id":1243332,"type":"buy","buyer":"nrg","seller":"solovey6o2","symbol":"POB","quantity":"25.41182253","price":"0.62999999","timestamp":1626995244,"volume":"16.00944794","buyTxId":"a9577c86220712c62a999f241d705197f617d846","sellTxId":"04b7214590b6dbb62a1cfb1e9a60cfbeb45e5d96"}
{"index": {"_index":"pob","_id":"1243333"}}
	{"id":1243333,"type":"buy","buyer":"nrg","seller":"solovey6o2","symbol":"POB","quantity":"73.47131453","price":"0.62999999","timestamp":1626995244,"volume":"46.28692742","buyTxId":"a9577c86220712c62a999f241d705197f617d846","sellTxId":"c5a55e31d9d980178daa8d4320014352102fa95a"}
{"index": {"_index":"pob","_id":"1243334"}}
	{"id":1243334,"type":"buy","buyer":"nrg","seller":"solovey6o2","symbol":"POB","quantity":"17.47221275","price":"0.62999999","timestamp":1626995244,"volume":"11.00749386","buyTxId":"a9577c86220712c62a999f241d705197f617d846","sellTxId":"18b60fa5c132b27ab775de2e3d9fde93e58d7c9c"}
{"index": {"_index":"pob","_id":"1243335"}}
	{"id":1243335,"type":"buy","buyer":"nrg","seller":"solovey6o2","symbol":"POB","quantity":"8.18938670","price":"0.62999999","timestamp":1626995244,"volume":"5.15931354","buyTxId":"a9577c86220712c62a999f241d705197f617d846","sellTxId":"f5e317d5685016e7fd8b32fe33dd67df6e20c878"}
{"index": {"_index":"pob","_id":"1243336"}}
	{"id":1243336,"type":"buy","buyer":"nrg","seller":"solovey6o2","symbol":"POB","quantity":"11.00000000","price":"0.62999999","timestamp":1626995244,"volume":"6.92999989","buyTxId":"a9577c86220712c62a999f241d705197f617d846","sellTxId":"86a7df5a94ba0ec12b6cfce6214855b8b538840f"}
{"index": {"_index":"pob","_id":"1243337"}}
	{"id":1243337,"type":"buy","buyer":"nrg","seller":"solovey6o2","symbol":"POB","quantity":"14.05999081","price":"0.62999999","timestamp":1626995244,"volume":"8.85779407","buyTxId":"a9577c86220712c62a999f241d705197f617d846","sellTxId":"0f21fe19ee645ef0beee219808899ce1d4d0bda3"}
{"index": {"_index":"pob","_id":"1243338"}}
	{"id":1243338,"type":"buy","buyer":"nrg","seller":"solovey6o2","symbol":"POB","quantity":"23.80494760","price":"0.62999999","timestamp":1626995244,"volume":"14.99711675","buyTxId":"a9577c86220712c62a999f241d705197f617d846","sellTxId":"64a78badeb505f6d5d7eab27c498558f065cf89e"}
{"index": {"_index":"pob","_id":"1243339"}}
	{"id":1243339,"type":"buy","buyer":"nrg","seller":"solovey6o2","symbol":"POB","quantity":"42.94272194","price":"0.62999999","timestamp":1626995244,"volume":"27.05391439","buyTxId":"a9577c86220712c62a999f241d705197f617d846","sellTxId":"fcddfbcbafaf7821aea66111252f30deca26853a"}
{"index": {"_index":"pob","_id":"1243340"}}
	{"id":1243340,"type":"buy","buyer":"nrg","seller":"ekeminiemy","symbol":"POB","quantity":"6.70000000","price":"0.63000000","timestamp":1626995244,"volume":"4.22100000","buyTxId":"a9577c86220712c62a999f241d705197f617d846","sellTxId":"56a21e15a9d0852afb63b06d9df520a420df8573"}
{"index": {"_index":"pob","_id":"1243341"}}
	{"id":1243341,"type":"buy","buyer":"nrg","seller":"nickyhavey","symbol":"POB","quantity":"50.00000000","price":"0.63000000","timestamp":1626995244,"volume":"31.50000000","buyTxId":"a9577c86220712c62a999f241d705197f617d846","sellTxId":"1fe5d9f9f528d3740bf374dbd17b3a1f606b02ee"}
{"index": {"_index":"pob","_id":"1243342"}}
	{"id":1243342,"type":"buy","buyer":"nrg","seller":"nickyhavey","symbol":"POB","quantity":"50.00000000","price":"0.64000000","timestamp":1626995244,"volume":"32.00000000","buyTxId":"a9577c86220712c62a999f241d705197f617d846","sellTxId":"f86f5680163dba9f99e3a8e862ce6be75a1627e3"}
{"index": {"_index":"pob","_id":"1243343"}}
	{"id":1243343,"type":"buy","buyer":"nrg","seller":"eirik","symbol":"POB","quantity":"4.00000000","price":"0.65000000","timestamp":1626995244,"volume":"2.60000000","buyTxId":"a9577c86220712c62a999f241d705197f617d846","sellTxId":"1ad10fa8913d6e865b07187cecd92f0e157a7ab5"}
{"index": {"_index":"pob","_id":"1243344"}}
	{"id":1243344,"type":"buy","buyer":"nrg","seller":"nickyhavey","symbol":"POB","quantity":"50.00000000","price":"0.65000000","timestamp":1626995244,"volume":"32.50000000","buyTxId":"a9577c86220712c62a999f241d705197f617d846","sellTxId":"64b764743abec9eff58d3f50d92479d6ba9e9bc8"}
{"index": {"_index":"pob","_id":"1243345"}}
	{"id":1243345,"type":"buy","buyer":"nrg","seller":"nickyhavey","symbol":"POB","quantity":"50.00000000","price":"0.66000000","timestamp":1626995244,"volume":"33.00000000","buyTxId":"a9577c86220712c62a999f241d705197f617d846","sellTxId":"cb88fdb17f8cb07f2773e78b9aa861fe5b1052e9"}
{"index": {"_index":"pob","_id":"1243346"}}
	{"id":1243346,"type":"buy","buyer":"nrg","seller":"nickyhavey","symbol":"POB","quantity":"50.00000000","price":"0.67000000","timestamp":1626995244,"volume":"33.50000000","buyTxId":"a9577c86220712c62a999f241d705197f617d846","sellTxId":"99dde810909d088fc04429a99b929ec9d9dc5f41"}
{"index": {"_index":"pob","_id":"1243347"}}
	{"id":1243347,"type":"buy","buyer":"nrg","seller":"bubblegif","symbol":"POB","quantity":"0.11011420","price":"0.67942000","timestamp":1626995244,"volume":"0.07481379","buyTxId":"a9577c86220712c62a999f241d705197f617d846","sellTxId":"b7c14297af4b47eb549116e41ecf63f05800825d"}
{"index": {"_index":"pob","_id":"1243348"}}
	{"id":1243348,"type":"buy","buyer":"nrg","seller":"oivas","symbol":"POB","quantity":"2.00000000","price":"0.68000000","timestamp":1626995244,"volume":"1.36000000","buyTxId":"a9577c86220712c62a999f241d705197f617d846","sellTxId":"dbb1f57ae67eca0107f3bfb307a3c5c38b8562d2"}
{"index": {"_index":"pob","_id":"1243349"}}
	{"id":1243349,"type":"buy","buyer":"nrg","seller":"nickyhavey","symbol":"POB","quantity":"52.59973455","price":"0.68000000","timestamp":1626995244,"volume":"35.76781949","buyTxId":"a9577c86220712c62a999f241d705197f617d846","sellTxId":"905828118e203a1a780ab842fff4ee3a07f9aff5"}
{"index": {"_index":"pob","_id":"1243350"}}
	{"id":1243350,"type":"buy","buyer":"nrg","seller":"jakiro12","symbol":"POB","quantity":"5.41994548","price":"0.68077116","timestamp":1626995244,"volume":"3.68974257","buyTxId":"a9577c86220712c62a999f241d705197f617d846","sellTxId":"94da5fae7e889ead2a038badadb3721d25d761c7"}
{"index": {"_index":"pob","_id":"1243351"}}
	{"id":1243351,"type":"buy","buyer":"nrg","seller":"dhedge-drips","symbol":"POB","quantity":"0.56744899","price":"0.68077116","timestamp":1626995244,"volume":"0.38630291","buyTxId":"a9577c86220712c62a999f241d705197f617d846","sellTxId":"f3fd720d702778fca2fd948a38d69ed63fe14037"}
{"index": {"_index":"pob","_id":"1243352"}}
	{"id":1243352,"type":"buy","buyer":"nrg","seller":"forgottenuser","symbol":"POB","quantity":"0.99752248","price":"0.68078015","timestamp":1626995244,"volume":"0.67909350","buyTxId":"a9577c86220712c62a999f241d705197f617d846","sellTxId":"7c12dc875047f9377c9601ce82b34fe7f87a414a"}
{"index": {"_index":"pob","_id":"1243353"}}
	{"id":1243353,"type":"buy","buyer":"nrg","seller":"dhedge-drips","symbol":"POB","quantity":"0.94574656","price":"0.68078015","timestamp":1626995244,"volume":"0.64384548","buyTxId":"a9577c86220712c62a999f241d705197f617d846","sellTxId":"f5cf4f218612f38ca12112763d8d13136e1204ca"}
{"index": {"_index":"pob","_id":"1243354"}}
	{"id":1243354,"type":"buy","buyer":"nrg","seller":"bilpcoinbpc","symbol":"POB","quantity":"21.00000000","price":"0.69999000","timestamp":1626995244,"volume":"14.69979000","buyTxId":"a9577c86220712c62a999f241d705197f617d846","sellTxId":"e37d34d3cd04fc47c84b331e221778bb281b5afb"}
{"index": {"_index":"pob","_id":"1243355"}}
	{"id":1243355,"type":"buy","buyer":"nrg","seller":"bilpcoinbpc","symbol":"POB","quantity":"2.00000000","price":"0.70000000","timestamp":1626995244,"volume":"1.40000000","buyTxId":"a9577c86220712c62a999f241d705197f617d846","sellTxId":"cb7df9ce9a183585bd1622c0ccf5244a53d2f12b"}
{"index": {"_index":"pob","_id":"1243356"}}
	{"id":1243356,"type":"buy","buyer":"nrg","seller":"eirik","symbol":"POB","quantity":"10.00000000","price":"0.70000000","timestamp":1626995244,"volume":"7.00000000","buyTxId":"a9577c86220712c62a999f241d705197f617d846","sellTxId":"f640863231f0bfd0ed82b0c46a44ce49c8946840"}
{"index": {"_index":"pob","_id":"1243357"}}
	{"id":1243357,"type":"buy","buyer":"nrg","seller":"ratnanana","symbol":"POB","quantity":"23.00000000","price":"0.70000000","timestamp":1626995244,"volume":"16.10000000","buyTxId":"a9577c86220712c62a999f241d705197f617d846","sellTxId":"61857999b9f9b1bd44362bd527beefb82cee53f5"}
{"index": {"_index":"pob","_id":"1243358"}}
	{"id":1243358,"type":"buy","buyer":"nrg","seller":"nickyhavey","symbol":"POB","quantity":"50.00000000","price":"0.70000000","timestamp":1626995244,"volume":"35.00000000","buyTxId":"a9577c86220712c62a999f241d705197f617d846","sellTxId":"9c6d9f5ad8743728b19705e0333507d70f21b32f"}
{"index": {"_index":"pob","_id":"1243359"}}
	{"id":1243359,"type":"buy","buyer":"nrg","seller":"brofi-market","symbol":"POB","quantity":"8.82700308","price":"0.70173966","timestamp":1626995244,"volume":"6.19425814","buyTxId":"a9577c86220712c62a999f241d705197f617d846","sellTxId":"93e1107df307e14188c8eca840d01946d773feca"}
{"index": {"_index":"pob","_id":"1243360"}}
	{"id":1243360,"type":"buy","buyer":"nrg","seller":"bilpcoinbpc","symbol":"POB","quantity":"10.00000000","price":"0.70190000","timestamp":1626995244,"volume":"7.01900000","buyTxId":"a9577c86220712c62a999f241d705197f617d846","sellTxId":"800a0e0873e9359b91b217c4a26848332fbe3fd1"}
{"index": {"_index":"pob","_id":"1243361"}}
	{"id":1243361,"type":"buy","buyer":"nrg","seller":"marvinix","symbol":"POB","quantity":"23.84300000","price":"0.72000000","timestamp":1626995244,"volume":"17.16696000","buyTxId":"a9577c86220712c62a999f241d705197f617d846","sellTxId":"5da164b78fe66110293c52c00312bfb2614b172f"}
{"index": {"_index":"pob","_id":"1243362"}}
	{"id":1243362,"type":"buy","buyer":"nrg","seller":"gadrian","symbol":"POB","quantity":"5.00000000","price":"0.74242000","timestamp":1626995244,"volume":"3.71210000","buyTxId":"a9577c86220712c62a999f241d705197f617d846","sellTxId":"98e859db9b424e918ccf83a83e3cff1805692af5"}
{"index": {"_index":"pob","_id":"1243363"}}
	{"id":1243363,"type":"buy","buyer":"nrg","seller":"chekohler","symbol":"POB","quantity":"1.43301026","price":"0.74300000","timestamp":1626995244,"volume":"1.06472662","buyTxId":"a9577c86220712c62a999f241d705197f617d846","sellTxId":"3c0d1b4ad45ea2d30c275e6ba38f83de2e83a12b"}
{"index": {"_index":"pob","_id":"1243364"}}
	{"id":1243364,"type":"buy","buyer":"nrg","seller":"enm1","symbol":"POB","quantity":"83.49870618","price":"0.75000000","timestamp":1626995244,"volume":"62.62402964","buyTxId":"a9577c86220712c62a999f241d705197f617d846","sellTxId":"ca83959ddc3627baf6cf77f5cf3adaf63451a0cb"}
{"index": {"_index":"pob","_id":"1243365"}}
	{"id":1243365,"type":"buy","buyer":"nrg","seller":"amigareaction","symbol":"POB","quantity":"0.25000000","price":"0.75000000","timestamp":1626995244,"volume":"0.18750000","buyTxId":"a9577c86220712c62a999f241d705197f617d846","sellTxId":"96075b7448d806d733f170a31bd1be62cc07ebe9"}
{"index": {"_index":"pob","_id":"1243366"}}
	{"id":1243366,"type":"buy","buyer":"nrg","seller":"eirik","symbol":"POB","quantity":"9.00000000","price":"0.75000000","timestamp":1626995244,"volume":"6.75000000","buyTxId":"a9577c86220712c62a999f241d705197f617d846","sellTxId":"6d9fbe1a736bc45cffcca9dbc0da4ed0fc1e3bd0"}
{"index": {"_index":"pob","_id":"1243367"}}
	{"id":1243367,"type":"buy","buyer":"nrg","seller":"dera123","symbol":"POB","quantity":"138.45474904","price":"0.75000000","timestamp":1626995244,"volume":"103.84106178","buyTxId":"a9577c86220712c62a999f241d705197f617d846","sellTxId":"9d87158f6e9ea2498bfeccbac4a1d41f04a65e4b"}
{"index": {"_index":"pob","_id":"1243368"}}
	{"id":1243368,"type":"buy","buyer":"nrg","seller":"oivas","symbol":"POB","quantity":"5.00000000","price":"0.75000000","timestamp":1626995244,"volume":"3.75000000","buyTxId":"a9577c86220712c62a999f241d705197f617d846","sellTxId":"fa6dd2801e0fab5bac02bceba99dbfdaba088c77"}
{"index": {"_index":"pob","_id":"1243369"}}
	{"id":1243369,"type":"buy","buyer":"nrg","seller":"amigareaction","symbol":"POB","quantity":"0.25000000","price":"0.76057000","timestamp":1626995244,"volume":"0.19014250","buyTxId":"a9577c86220712c62a999f241d705197f617d846","sellTxId":"7e55985813a3a777de502223924522f9c05063ca"}
{"index": {"_index":"pob","_id":"1243370"}}
	{"id":1243370,"type":"buy","buyer":"nrg","seller":"liotes.voter","symbol":"POB","quantity":"7.15651409","price":"0.76078501","timestamp":1626995244,"volume":"5.44456864","buyTxId":"a9577c86220712c62a999f241d705197f617d846","sellTxId":"d9c769d275d29efe40caa22dfb49898556a6a998"}
{"index": {"_index":"pob","_id":"1243371"}}
	{"id":1243371,"type":"buy","buyer":"nrg","seller":"trumpman","symbol":"POB","quantity":"22.07886360","price":"0.76145008","timestamp":1626995244,"volume":"16.81195245","buyTxId":"a9577c86220712c62a999f241d705197f617d846","sellTxId":"b23cfcb4fa1931792175f3157893370f76194b6d"}
{"index": {"_index":"pob","_id":"1243372"}}
	{"id":1243372,"type":"buy","buyer":"nrg","seller":"brofi-market","symbol":"POB","quantity":"7.82534357","price":"0.78988976","timestamp":1626995244,"volume":"6.18115875","buyTxId":"a9577c86220712c62a999f241d705197f617d846","sellTxId":"290be3b404e1b959381c0bc2831620695d2f8535"}
{"index": {"_index":"pob","_id":"1243373"}}
	{"id":1243373,"type":"buy","buyer":"nrg","seller":"bilpcoinbpc","symbol":"POB","quantity":"1.00000000","price":"0.79000000","timestamp":1626995244,"volume":"0.79000000","buyTxId":"a9577c86220712c62a999f241d705197f617d846","sellTxId":"4bff94b4d3060a23e9c1c61424b664717f34aa7e"}
{"index": {"_index":"pob","_id":"1243374"}}
	{"id":1243374,"type":"buy","buyer":"nrg","seller":"eirik","symbol":"POB","quantity":"2.70000000","price":"0.80000000","timestamp":1626995244,"volume":"2.16000000","buyTxId":"a9577c86220712c62a999f241d705197f617d846","sellTxId":"c6e60fe87a3c01c0b3f782fba5eb770d8ade011f"}
{"index": {"_index":"pob","_id":"1243375"}}
	{"id":1243375,"type":"buy","buyer":"nrg","seller":"dera123","symbol":"POB","quantity":"10.75572879","price":"0.80000000","timestamp":1626995244,"volume":"8.60458303","buyTxId":"a9577c86220712c62a999f241d705197f617d846","sellTxId":"d460c2870a6745cd8215acaaeb15d16cb07a2e5c"}
{"index": {"_index":"pob","_id":"1243376"}}
	{"id":1243376,"type":"buy","buyer":"nrg","seller":"leprechaun","symbol":"POB","quantity":"400.00000000","price":"0.80000000","timestamp":1626995244,"volume":"320.00000000","buyTxId":"a9577c86220712c62a999f241d705197f617d846","sellTxId":"ea971c9f6ef4e4bd5b568f231a4d40e1d9a25d3a"}
{"index": {"_index":"pob","_id":"1243377"}}
	{"id":1243377,"type":"buy","buyer":"nrg","seller":"vlemon","symbol":"POB","quantity":"27.54800000","price":"0.81900000","timestamp":1626995244,"volume":"22.56181200","buyTxId":"a9577c86220712c62a999f241d705197f617d846","sellTxId":"5d056bda48d89eea4f25b59a8309c20754907c95"}
{"index": {"_index":"pob","_id":"1243378"}}
	{"id":1243378,"type":"buy","buyer":"nrg","seller":"camiloferrua","symbol":"POB","quantity":"0.74756313","price":"0.81900000","timestamp":1626995244,"volume":"0.61225420","buyTxId":"a9577c86220712c62a999f241d705197f617d846","sellTxId":"7d01f05bf8e68780c9908d41fa916d18677b3d2d"}
{"index": {"_index":"pob","_id":"1243379"}}
	{"id":1243379,"type":"buy","buyer":"nrg","seller":"kemmyb","symbol":"POB","quantity":"3.00000000","price":"0.82500000","timestamp":1626995244,"volume":"2.47500000","buyTxId":"a9577c86220712c62a999f241d705197f617d846","sellTxId":"4ddc9137fe9f94601afde99167cf9d6b9fbf72bf"}
{"index": {"_index":"pob","_id":"1243380"}}
	{"id":1243380,"type":"buy","buyer":"nrg","seller":"bubblegif","symbol":"POB","quantity":"0.84540076","price":"0.82500000","timestamp":1626995244,"volume":"0.69745563","buyTxId":"a9577c86220712c62a999f241d705197f617d846","sellTxId":"2b61b9e80076eab75ff9b6fce44af52bfb04356e"}
{"index": {"_index":"pob","_id":"1243381"}}
	{"id":1243381,"type":"buy","buyer":"nrg","seller":"scooter77","symbol":"POB","quantity":"19.95310435","price":"0.84960000","timestamp":1626995244,"volume":"16.95215746","buyTxId":"a9577c86220712c62a999f241d705197f617d846","sellTxId":"af2e215043efd7be00266edb6e10bdceca75d009"}
{"index": {"_index":"pob","_id":"1243382"}}
	{"id":1243382,"type":"buy","buyer":"nrg","seller":"eirik","symbol":"POB","quantity":"1.80000000","price":"0.85000000","timestamp":1626995244,"volume":"1.53000000","buyTxId":"a9577c86220712c62a999f241d705197f617d846","sellTxId":"e947dc1e63f8029b4dba5d97adfdc10b6abeb6c1"}
{"index": {"_index":"pob","_id":"1243383"}}
	{"id":1243383,"type":"buy","buyer":"nrg","seller":"kraken99","symbol":"POB","quantity":"0.65571209","price":"0.85401102","timestamp":1626995244,"volume":"0.55998535","buyTxId":"a9577c86220712c62a999f241d705197f617d846","sellTxId":"f713a7989e96c7464c6bd15871fe3c38fdab6e2c"}
{"index": {"_index":"pob","_id":"1243384"}}
	{"id":1243384,"type":"buy","buyer":"nrg","seller":"kraken99","symbol":"POB","quantity":"9.99672308","price":"0.85803032","timestamp":1626995244,"volume":"8.57749150","buyTxId":"a9577c86220712c62a999f241d705197f617d846","sellTxId":"9aec9ce4a9e63ec25bbefb1dce8d9b95c3d15ff8"}
{"index": {"_index":"pob","_id":"1243385"}}
	{"id":1243385,"type":"buy","buyer":"nrg","seller":"kabasakal","symbol":"POB","quantity":"24.13198637","price":"0.86000000","timestamp":1626995244,"volume":"20.75350828","buyTxId":"a9577c86220712c62a999f241d705197f617d846","sellTxId":"e95bd90d032f90c8b47c8e863e9eff36f12ac960"}
{"index": {"_index":"pob","_id":"1243386"}}
	{"id":1243386,"type":"buy","buyer":"nrg","seller":"trumpman","symbol":"POB","quantity":"17.00000000","price":"0.88997000","timestamp":1626995244,"volume":"15.12949000","buyTxId":"a9577c86220712c62a999f241d705197f617d846","sellTxId":"75c021c5994868db4d46cc6fe84194ba3763cf07"}
{"index": {"_index":"pob","_id":"1243387"}}
	{"id":1243387,"type":"buy","buyer":"nrg","seller":"brofi-market","symbol":"POB","quantity":"11.47037663","price":"0.89998000","timestamp":1626995244,"volume":"10.32310956","buyTxId":"a9577c86220712c62a999f241d705197f617d846","sellTxId":"a97953ffb99a75c0ce0091ddfb4c5702afd4496d"}
{"index": {"_index":"pob","_id":"1243388"}}
	{"id":1243388,"type":"buy","buyer":"nrg","seller":"fullcolorpy","symbol":"POB","quantity":"26.00222625","price":"0.89999000","timestamp":1626995244,"volume":"23.40174360","buyTxId":"a9577c86220712c62a999f241d705197f617d846","sellTxId":"aed3dda23f819fd8327a73d850b827092ffe7ff0"}
{"index": {"_index":"pob","_id":"1243389"}}
	{"id":1243389,"type":"buy","buyer":"nrg","seller":"eirik","symbol":"POB","quantity":"1.85000000","price":"0.90000000","timestamp":1626995244,"volume":"1.66500000","buyTxId":"a9577c86220712c62a999f241d705197f617d846","sellTxId":"e0db524b6da818f1e7c863bb0fea477fe95db15c"}
{"index": {"_index":"pob","_id":"1243390"}}
	{"id":1243390,"type":"buy","buyer":"nrg","seller":"kofo","symbol":"POB","quantity":"7.90000000","price":"0.90000000","timestamp":1626995244,"volume":"7.11000000","buyTxId":"a9577c86220712c62a999f241d705197f617d846","sellTxId":"c9c1188dc8ea9cf22b178e996c8e293acb62774b"}
{"index": {"_index":"pob","_id":"1243391"}}
	{"id":1243391,"type":"buy","buyer":"nrg","seller":"melamin","symbol":"POB","quantity":"30.00000000","price":"0.90000000","timestamp":1626995244,"volume":"27.00000000","buyTxId":"a9577c86220712c62a999f241d705197f617d846","sellTxId":"469b6c56487cffabe8648d2bd291f8099e99b4b7"}
{"index": {"_index":"pob","_id":"1243392"}}
	{"id":1243392,"type":"buy","buyer":"nrg","seller":"igwee","symbol":"POB","quantity":"27.00000000","price":"0.90000000","timestamp":1626995244,"volume":"24.30000000","buyTxId":"a9577c86220712c62a999f241d705197f617d846","sellTxId":"ea951f67a0031561315a0961f7c9fc7dffcf6d6f"}
{"index": {"_index":"pob","_id":"1243393"}}
	{"id":1243393,"type":"buy","buyer":"nrg","seller":"awesomeinfo","symbol":"POB","quantity":"7.60000000","price":"0.90000000","timestamp":1626995244,"volume":"6.84000000","buyTxId":"a9577c86220712c62a999f241d705197f617d846","sellTxId":"da9cb16af8f9b64a4b28e2c466df52ed936f4be0"}
{"index": {"_index":"pob","_id":"1243394"}}
	{"id":1243394,"type":"buy","buyer":"nrg","seller":"liotes.voter","symbol":"POB","quantity":"10.74118307","price":"0.93299501","timestamp":1626995244,"volume":"10.02147021","buyTxId":"a9577c86220712c62a999f241d705197f617d846","sellTxId":"a8ae6a6c7d83005e2f7dbd62d95408e8cb3822e9"}
{"index": {"_index":"pob","_id":"1243395"}}
	{"id":1243395,"type":"buy","buyer":"nrg","seller":"canna-curate","symbol":"POB","quantity":"41.17910826","price":"0.99900000","timestamp":1626995244,"volume":"41.13792915","buyTxId":"a9577c86220712c62a999f241d705197f617d846","sellTxId":"5e424e8633f84bee81d3659042a5ef4b1a4a26cf"}
{"index": {"_index":"pob","_id":"1243396"}}
	{"id":1243396,"type":"buy","buyer":"nrg","seller":"amigareaction","symbol":"POB","quantity":"0.25000000","price":"1.00000000","timestamp":1626995244,"volume":"0.25000000","buyTxId":"a9577c86220712c62a999f241d705197f617d846","sellTxId":"41754fa112d8eacc6e1f2a45c02c98f463421882"}
{"index": {"_index":"pob","_id":"1243397"}}
	{"id":1243397,"type":"buy","buyer":"nrg","seller":"junkfeathers","symbol":"POB","quantity":"100.00000000","price":"1.00000000","timestamp":1626995244,"volume":"100.00000000","buyTxId":"a9577c86220712c62a999f241d705197f617d846","sellTxId":"54134ea86332f90b6a65f43060cb40b4b59e9371"}
{"index": {"_index":"pob","_id":"1243398"}}
	{"id":1243398,"type":"buy","buyer":"nrg","seller":"osybod","symbol":"POB","quantity":"8.90000000","price":"1.00000000","timestamp":1626995244,"volume":"8.90000000","buyTxId":"a9577c86220712c62a999f241d705197f617d846","sellTxId":"1ad18959d14b062cfb99e32c1c8b1ff000c9a4ab"}
{"index": {"_index":"pob","_id":"1243399"}}
	{"id":1243399,"type":"buy","buyer":"nrg","seller":"eirik","symbol":"POB","quantity":"1.70000000","price":"1.00000000","timestamp":1626995244,"volume":"1.70000000","buyTxId":"a9577c86220712c62a999f241d705197f617d846","sellTxId":"bbcf76ace68735496dc85d1b7f2d7af34b09a83c"}
{"index": {"_index":"pob","_id":"1243400"}}
	{"id":1243400,"type":"buy","buyer":"nrg","seller":"kampi","symbol":"POB","quantity":"98.00000000","price":"1.00000000","timestamp":1626995244,"volume":"98.00000000","buyTxId":"a9577c86220712c62a999f241d705197f617d846","sellTxId":"e87dd999e679961bd9cea0e8e65b8cef6e1cd021"}
{"index": {"_index":"pob","_id":"1243401"}}
	{"id":1243401,"type":"buy","buyer":"nrg","seller":"hhayweaver","symbol":"POB","quantity":"5.33196761","price":"1.00000000","timestamp":1626995244,"volume":"5.33196761","buyTxId":"a9577c86220712c62a999f241d705197f617d846","sellTxId":"15d4216c97252adbe04ada37eba87d7bc88135ad"}
{"index": {"_index":"pob","_id":"1243402"}}
	{"id":1243402,"type":"buy","buyer":"nrg","seller":"darkflame","symbol":"POB","quantity":"10.00000000","price":"1.00000000","timestamp":1626995244,"volume":"10.00000000","buyTxId":"a9577c86220712c62a999f241d705197f617d846","sellTxId":"36d5e59d64e1c5babe8eb7614a8e354aef0826e1"}
{"index": {"_index":"pob","_id":"1243403"}}
	{"id":1243403,"type":"buy","buyer":"nrg","seller":"leprechaun","symbol":"POB","quantity":"720.31638825","price":"1.00000000","timestamp":1626995244,"volume":"720.31638825","buyTxId":"a9577c86220712c62a999f241d705197f617d846","sellTxId":"49d51b2d2dcbc57359b923839c43c619c6db9fad"}
{"index": {"_index":"pob","_id":"1243411"}}
	{"id":1243411,"type":"sell","buyer":"solovey6o2","seller":"katerinhernandez","symbol":"POB","quantity":"41.43387579","price":"0.60101002","timestamp":1626995427,"volume":"24.90217452","buyTxId":"73f9e6efb70f04e1d5ccf189a5c50bca3a0c5b0d","sellTxId":"d6ffe10117d00f6174a5b85df59769f89d2d006c"}
{"index": {"_index":"pob","_id":"1243483"}}
	{"id":1243483,"type":"sell","buyer":"solovey6o2","seller":"melbourneswest","symbol":"POB","quantity":"3.08239332","price":"0.60108011","timestamp":1626997539,"volume":"1.85276532","buyTxId":"2ea85d02425ee05639a80a719e74b58cef2efd2c","sellTxId":"191575ae07e73475d4007aac7f73283af688f989"}
{"index": {"_index":"pob","_id":"1243487"}}
	{"id":1243487,"type":"sell","buyer":"solovey6o2","seller":"stickupboys","symbol":"POB","quantity":"9.05434809","price":"0.60108011","timestamp":1626997713,"volume":"5.44238855","buyTxId":"2ea85d02425ee05639a80a719e74b58cef2efd2c","sellTxId":"6dc039675990da646b931499eac626a602a5ef16"}
{"index": {"_index":"pob","_id":"1243507"}}
	{"id":1243507,"type":"sell","buyer":"solovey6o2","seller":"revisesociology","symbol":"POB","quantity":"4.00000000","price":"0.60112015","timestamp":1626998811,"volume":"2.40448060","buyTxId":"bd5f10b5a2d80df5093d1dcd7b4816ab9bee5ced","sellTxId":"dc614ccb356f66d5d130c39136557e37f9a90439"}
{"index": {"_index":"pob","_id":"1243511"}}
	{"id":1243511,"type":"sell","buyer":"freebornsociety","seller":"hernleon74","symbol":"POB","quantity":"0.24394920","price":"0.60113015","timestamp":1626998997,"volume":"0.14664522","buyTxId":"MM-P-8897959-55878729-3-3-0","sellTxId":"ddd9920e495de0bce1286a4816fde9e51ca03e2c"}
{"index": {"_index":"pob","_id":"1243559"}}
	{"id":1243559,"type":"sell","buyer":"solovey6o2","seller":"hallmann","symbol":"POB","quantity":"50.00000000","price":"0.60119022","timestamp":1627000851,"volume":"30.05951100","buyTxId":"edeb471857d0c94292b6c75f1460ef6d55efa0ca","sellTxId":"d857743a2acd1e82e1718e843b34618a14867334"}
{"index": {"_index":"pob","_id":"1243561"}}
	{"id":1243561,"type":"sell","buyer":"solovey6o2","seller":"andy4475","symbol":"POB","quantity":"0.52859271","price":"0.60119022","timestamp":1627000896,"volume":"0.31778477","buyTxId":"edeb471857d0c94292b6c75f1460ef6d55efa0ca","sellTxId":"b6ea898d21e05d0555c84465f342b6b28dfd67bd"}
{"index": {"_index":"pob","_id":"1243640"}}
	{"id":1243640,"type":"sell","buyer":"solovey6o2","seller":"stayten","symbol":"POB","quantity":"37.77275067","price":"0.60125028","timestamp":1627002864,"volume":"22.71087692","buyTxId":"1f0f6502f00548d610f8bf307c33a7726faa2f1a","sellTxId":"f8862a4e31c483e2fa397fc4445ed1cb29cab97d"}
{"index": {"_index":"pob","_id":"1243664"}}
	{"id":1243664,"type":"sell","buyer":"solovey6o2","seller":"hadi18","symbol":"POB","quantity":"20.00000000","price":"0.60129032","timestamp":1627003935,"volume":"12.02580640","buyTxId":"fc28c1ded740fa5a55c75ffe197deaa5eb34dbf0","sellTxId":"fc153d37ec0bdfb3c440d61626e7dae0dc7b7b74"}
{"index": {"_index":"pob","_id":"1243679"}}
	{"id":1243679,"type":"sell","buyer":"solovey6o2","seller":"bashadow","symbol":"POB","quantity":"6.00000000","price":"0.60131034","timestamp":1627004511,"volume":"3.60786204","buyTxId":"930a8521a09936f700eabb2c870bec7588450ede","sellTxId":"f512bef92111506cde34808fe636ff21770948dd"}
{"index": {"_index":"pob","_id":"1243698"}}
	{"id":1243698,"type":"sell","buyer":"solovey6o2","seller":"cryptounicorn420","symbol":"POB","quantity":"2.59365354","price":"0.60133036","timestamp":1627005057,"volume":"1.55964262","buyTxId":"d4c123b2af789513c4ec94b60db7509c02302892","sellTxId":"b62005ed022e974080c2c4ea71c39cae68229f9e"}
{"index": {"_index":"pob","_id":"1243713"}}
	{"id":1243713,"type":"sell","buyer":"freebornsociety","seller":"mrtats","symbol":"POB","quantity":"1.3022425","price":"0.60136038","timestamp":1627005906,"volume":"0.78311704","buyTxId":"MM-P-8900250-55881021-3-3-0","sellTxId":"889b4e89671db6387fb0889a5e96d0da0fd860b6"}
{"index": {"_index":"pob","_id":"1243719"}}
	{"id":1243719,"type":"sell","buyer":"solovey6o2","seller":"cryptoandcoffee","symbol":"POB","quantity":"10.00000000","price":"0.60136039","timestamp":1627006089,"volume":"6.01360390","buyTxId":"b55df92fe96b493a25cf29aaaf9ac572fcab59aa","sellTxId":"9d29173ad25d1789d8d8855ff84840d59028637f"}
{"index": {"_index":"pob","_id":"1243729"}}
	{"id":1243729,"type":"sell","buyer":"freebornsociety","seller":"erking","symbol":"POB","quantity":"0.00266084","price":"0.60138040","timestamp":1627006512,"volume":"0.00160018","buyTxId":"MM-P-8900450-55881221-3-3-0","sellTxId":"a43cd3e72b51d9fd94908f73d8096dbb2b991772"}
{"index": {"_index":"pob","_id":"1243758"}}
	{"id":1243758,"type":"buy","buyer":"mytechtrail","seller":"forexbrokr","symbol":"POB","quantity":"0.55914356","price":"0.80000000","timestamp":1627007145,"volume":"0.44731485","buyTxId":"24e3fdedce9a648477f8f3f006725db108849984","sellTxId":"bcc65b0df9301a94ed3f027ac926d0a7ca93a237"}
{"index": {"_index":"pob","_id":"1243760"}}
	{"id":1243760,"type":"buy","buyer":"mytechtrail","seller":"chubb149","symbol":"POB","quantity":"1.10742795","price":"0.90000000","timestamp":1627007178,"volume":"0.99668516","buyTxId":"c8af8cb930a59a2d41e285a330a6ab96c3685c58","sellTxId":"3c18c6ed7774fcce14c721458a200c16ca32599f"}
{"index": {"_index":"pob","_id":"1243777"}}
	{"id":1243777,"type":"sell","buyer":"freebornsociety","seller":"cryptowingnut","symbol":"POB","quantity":"1.45687575","price":"0.60143045","timestamp":1627008000,"volume":"0.87620944","buyTxId":"MM-P-8900950-55881721-3-3-0","sellTxId":"df206d7eaabba184773c222ae002fd72b084a8b0"}
{"index": {"_index":"pob","_id":"1243796"}}
	{"id":1243796,"type":"sell","buyer":"freebornsociety","seller":"melbourneswest","symbol":"POB","quantity":"7.15071620","price":"0.60145047","timestamp":1627008579,"volume":"4.30080162","buyTxId":"MM-P-8901148-55881919-3-3-0","sellTxId":"20d93bd131b76896a67e8226d17996f08f81e5d3"}
