{"index": {"_index":"pob","_id":"3018661"}}
	{"id":3018661,"type":"sell","buyer":"richardcrill","seller":"shebe","symbol":"POB","quantity":"4.75337863","price":"0.02111000","timestamp":1647845169,"volume":"0.10034382","buyTxId":"MM-P-15810140-62798500-3-13-0","sellTxId":"caf5f320a5698c32683572d69d1b502a68fc82b4"}
{"index": {"_index":"pob","_id":"3018738"}}
	{"id":3018738,"type":"buy","buyer":"ugochill","seller":"beluhan19","symbol":"POB","quantity":"2.00000000","price":"0.02143096","timestamp":1647846216,"volume":"0.04286192","buyTxId":"33e2b050dd73a59c3a797251eb1566f5781a9900","sellTxId":"e5a4ab736d9fbfbd6df8b5f5876447f571bd101f"}
{"index": {"_index":"pob","_id":"3018779"}}
	{"id":3018779,"type":"sell","buyer":"richardcrill","seller":"raqraq","symbol":"POB","quantity":"0.46764986","price":"0.02111000","timestamp":1647846711,"volume":"0.00987209","buyTxId":"MM-P-15810140-62798500-3-13-0","sellTxId":"12aa5c10ee4394b12369256086689fd52df433ce"}
{"index": {"_index":"pob","_id":"3018888"}}
	{"id":3018888,"type":"sell","buyer":"richardcrill","seller":"kaminchan","symbol":"POB","quantity":"5.74864724","price":"0.02111000","timestamp":1647848412,"volume":"0.12135394","buyTxId":"MM-P-15810140-62798500-3-13-0","sellTxId":"884d85288851e7155f9e7b611e203b3dccdf5f2e"}
{"index": {"_index":"pob","_id":"3019011"}}
	{"id":3019011,"type":"sell","buyer":"richardcrill","seller":"dswap","symbol":"POB","quantity":"2.5877629","price":"0.02111000","timestamp":1647850398,"volume":"0.05462767","buyTxId":"MM-P-15810140-62798500-3-13-0","sellTxId":"35991321accaa7b740f2454428793ac9c1d180e3"}
{"index": {"_index":"pob","_id":"3019079"}}
	{"id":3019079,"type":"sell","buyer":"richardcrill","seller":"oks2crypto","symbol":"POB","quantity":"0.10847379","price":"0.02111000","timestamp":1647851586,"volume":"0.00228988","buyTxId":"MM-P-15810140-62798500-3-13-0","sellTxId":"b68d9acd9495caae5213a6c5c2ef06aa915fe496"}
{"index": {"_index":"pob","_id":"3019197"}}
	{"id":3019197,"type":"sell","buyer":"richardcrill","seller":"hive-143869","symbol":"POB","quantity":"0.10590000","price":"0.02111000","timestamp":1647852678,"volume":"0.00223555","buyTxId":"MM-P-15810140-62798500-3-13-0","sellTxId":"58b255dcc080182d4990ce8a57b46b9d5607db8b"}
{"index": {"_index":"pob","_id":"3019233"}}
	{"id":3019233,"type":"sell","buyer":"richardcrill","seller":"finguru","symbol":"POB","quantity":"13.68631336","price":"0.02111000","timestamp":1647853041,"volume":"0.28891808","buyTxId":"MM-P-15810140-62798500-3-13-0","sellTxId":"d9b50df8b4758cd29463e4631221c9c2ff9cab3f"}
{"index": {"_index":"pob","_id":"3019273"}}
	{"id":3019273,"type":"sell","buyer":"shanhenry","seller":"jerrythefarmer","symbol":"POB","quantity":"110.00000000","price":"0.02130000","timestamp":1647853662,"volume":"2.34300000","buyTxId":"50307a9fa3e82ef8f081cb53d8841bb594e9ef5b","sellTxId":"3761579d4dc4374bbc6bdbbf2f20c564d94dd598"}
{"index": {"_index":"pob","_id":"3019319"}}
	{"id":3019319,"type":"sell","buyer":"richardcrill","seller":"alexvan","symbol":"POB","quantity":"7.70842099","price":"0.02112000","timestamp":1647854295,"volume":"0.16280185","buyTxId":"MM-P-15823791-62812168-3-13-0","sellTxId":"511846d8c1568bf6ec823263957f17e1f731b9ff"}
{"index": {"_index":"pob","_id":"3019353"}}
	{"id":3019353,"type":"sell","buyer":"richardcrill","seller":"chekohler","symbol":"POB","quantity":"7.19963678","price":"0.02112000","timestamp":1647854730,"volume":"0.15205633","buyTxId":"MM-P-15823791-62812168-3-13-0","sellTxId":"5206f42b1c2822b931aca2b62779caa09d55b3e0"}
{"index": {"_index":"pob","_id":"3019470"}}
	{"id":3019470,"type":"sell","buyer":"richardcrill","seller":"clixmoney","symbol":"POB","quantity":"18.11524448","price":"0.02112000","timestamp":1647856002,"volume":"0.38259396","buyTxId":"MM-P-15823791-62812168-3-13-0","sellTxId":"30de54f1b669ae2a952ddf330c8c9d8ca47d3913"}
{"index": {"_index":"pob","_id":"3019497"}}
	{"id":3019497,"type":"sell","buyer":"richardcrill","seller":"technocrypton","symbol":"POB","quantity":"0.10628484","price":"0.02112000","timestamp":1647856287,"volume":"0.00224474","buyTxId":"MM-P-15823791-62812168-3-13-0","sellTxId":"e5fcf314e75cc0cef228f37627e96ceea8b0e0a3"}
{"index": {"_index":"pob","_id":"3019602"}}
	{"id":3019602,"type":"sell","buyer":"richardcrill","seller":"scooter77","symbol":"POB","quantity":"14.50000000","price":"0.02112000","timestamp":1647857253,"volume":"0.30624000","buyTxId":"MM-P-15823791-62812168-3-13-0","sellTxId":"88819aa046d097051168d6a538fd6002d093b096"}
{"index": {"_index":"pob","_id":"3019733"}}
	{"id":3019733,"type":"sell","buyer":"richardcrill","seller":"firstborn.pob","symbol":"POB","quantity":"2.02417253","price":"0.02112000","timestamp":1647859008,"volume":"0.04275052","buyTxId":"MM-P-15823791-62812168-3-13-0","sellTxId":"236d09b0800847b7d71b53dd6194c33f32421d0d"}
{"index": {"_index":"pob","_id":"3019867"}}
	{"id":3019867,"type":"sell","buyer":"richardcrill","seller":"cronos0","symbol":"POB","quantity":"36.87736481","price":"0.02112000","timestamp":1647860781,"volume":"0.77884994","buyTxId":"MM-P-15823791-62812168-3-13-0","sellTxId":"7b8b9648353aa6c196db36bba05183743f7c43ca"}
{"index": {"_index":"pob","_id":"3019917"}}
	{"id":3019917,"type":"sell","buyer":"richardcrill","seller":"anadolu","symbol":"POB","quantity":"409.00000000","price":"0.02112000","timestamp":1647861345,"volume":"8.63808000","buyTxId":"MM-P-15823791-62812168-3-13-0","sellTxId":"6d1a35d604ae4fb541c486e9fd4bde5137a1aac8"}
{"index": {"_index":"pob","_id":"3019950"}}
	{"id":3019950,"type":"sell","buyer":"richardcrill","seller":"pjansen","symbol":"POB","quantity":"201.50943462","price":"0.02112000","timestamp":1647861900,"volume":"4.25587926","buyTxId":"MM-P-15823791-62812168-3-13-0","sellTxId":"447652b68385201a8f109c9a3f78ddc8da40c07a"}
{"index": {"_index":"pob","_id":"3019961"}}
	{"id":3019961,"type":"sell","buyer":"richardcrill","seller":"pjansen","symbol":"POB","quantity":"49.62773915","price":"0.02112000","timestamp":1647861990,"volume":"1.04813785","buyTxId":"MM-P-15823791-62812168-3-13-0","sellTxId":"2c38415451f8d2d3bb5232f955eedce6ea908971"}
{"index": {"_index":"pob","_id":"3019964"}}
	{"id":3019964,"type":"sell","buyer":"richardcrill","seller":"pjansen","symbol":"POB","quantity":"49.33345061","price":"0.02112000","timestamp":1647862080,"volume":"1.04192248","buyTxId":"MM-P-15823791-62812168-3-13-0","sellTxId":"73ad8fb862d867bc6a2641e7248f0234fa5a0f6d"}
{"index": {"_index":"pob","_id":"3019972"}}
	{"id":3019972,"type":"sell","buyer":"richardcrill","seller":"pjansen","symbol":"POB","quantity":"49.11307285","price":"0.02112000","timestamp":1647862149,"volume":"1.03726810","buyTxId":"MM-P-15823791-62812168-3-13-0","sellTxId":"70d12e95cd497df33a143a4f62707d67f15ba0d6"}
{"index": {"_index":"pob","_id":"3019977"}}
	{"id":3019977,"type":"sell","buyer":"richardcrill","seller":"pjansen","symbol":"POB","quantity":"48.82318430","price":"0.02112000","timestamp":1647862230,"volume":"1.03114565","buyTxId":"MM-P-15823791-62812168-3-13-0","sellTxId":"9602ddf6d35ecd5e85ddd21507d988f6315c0244"}
{"index": {"_index":"pob","_id":"3019985"}}
	{"id":3019985,"type":"sell","buyer":"richardcrill","seller":"pjansen","symbol":"POB","quantity":"48.53585547","price":"0.02112000","timestamp":1647862323,"volume":"1.02507727","buyTxId":"MM-P-15823791-62812168-3-13-0","sellTxId":"ec0df45bd518abb5ab70f37bf0637b48b429c482"}
{"index": {"_index":"pob","_id":"3019989"}}
	{"id":3019989,"type":"sell","buyer":"richardcrill","seller":"pjansen","symbol":"POB","quantity":"48.25105630","price":"0.02112000","timestamp":1647862386,"volume":"1.01906231","buyTxId":"MM-P-15823791-62812168-3-13-0","sellTxId":"45ae6162cba436f8d87074410d5091f476a5ea82"}
{"index": {"_index":"pob","_id":"3020050"}}
	{"id":3020050,"type":"sell","buyer":"richardcrill","seller":"josediccus","symbol":"POB","quantity":"3.59326409","price":"0.02112000","timestamp":1647863220,"volume":"0.07588974","buyTxId":"MM-P-15823791-62812168-3-13-0","sellTxId":"b8648b98e3b44d0f5db124250b72932355104c9c"}
{"index": {"_index":"pob","_id":"3020076"}}
	{"id":3020076,"type":"buy","buyer":"richardcrill","seller":"josediccus","symbol":"POB","quantity":"46.40673591","price":"0.02110143","timestamp":1647863436,"volume":"0.97924849","buyTxId":"MM-P-15827075-62815452-3-13-0","sellTxId":"b8648b98e3b44d0f5db124250b72932355104c9c"}
{"index": {"_index":"pob","_id":"3020098"}}
	{"id":3020098,"type":"sell","buyer":"richardcrill","seller":"mein-senf-dazu","symbol":"POB","quantity":"1.25246830","price":"0.02111000","timestamp":1647863928,"volume":"0.02643961","buyTxId":"MM-P-15827075-62815452-3-13-0","sellTxId":"f2944adb9d68512f84876358216f377059815d28"}
{"index": {"_index":"pob","_id":"3020319"}}
	{"id":3020319,"type":"sell","buyer":"richardcrill","seller":"coffeelovers","symbol":"POB","quantity":"7.79273662","price":"0.02111000","timestamp":1647866754,"volume":"0.16450467","buyTxId":"MM-P-15827075-62815452-3-13-0","sellTxId":"6c9224cf9ee1371b95eb97223b51b0215e10d9c2"}
{"index": {"_index":"pob","_id":"3020359"}}
	{"id":3020359,"type":"sell","buyer":"richardcrill","seller":"invest-time","symbol":"POB","quantity":"0.98588365","price":"0.02111000","timestamp":1647867144,"volume":"0.02081200","buyTxId":"MM-P-15827075-62815452-3-13-0","sellTxId":"0b7524ed6631a7350ee24194433bad6a516f3305"}
{"index": {"_index":"pob","_id":"3020607"}}
	{"id":3020607,"type":"buy","buyer":"andy4475","seller":"beluhan19","symbol":"POB","quantity":"28.67031159","price":"0.02143096","timestamp":1647869916,"volume":"0.61443230","buyTxId":"f70b8a320577f6f0a2e7430ce725a676f6b7e9c3","sellTxId":"e5a4ab736d9fbfbd6df8b5f5876447f571bd101f"}
{"index": {"_index":"pob","_id":"3020608"}}
	{"id":3020608,"type":"buy","buyer":"andy4475","seller":"operahoser","symbol":"POB","quantity":"0.04677258","price":"0.02200006","timestamp":1647869916,"volume":"0.00102900","buyTxId":"f70b8a320577f6f0a2e7430ce725a676f6b7e9c3","sellTxId":"aa792c81f40d3009cb4040e2553df4abf8f0b9b6"}
{"index": {"_index":"pob","_id":"3020609"}}
	{"id":3020609,"type":"buy","buyer":"andy4475","seller":"master-lamps","symbol":"POB","quantity":"0.33923242","price":"0.02499955","timestamp":1647869916,"volume":"0.00848066","buyTxId":"f70b8a320577f6f0a2e7430ce725a676f6b7e9c3","sellTxId":"6111001ce34d014be246900d71aab699b7a9e562"}
{"index": {"_index":"pob","_id":"3020610"}}
	{"id":3020610,"type":"buy","buyer":"andy4475","seller":"yintercept","symbol":"POB","quantity":"6.03906333","price":"0.02500000","timestamp":1647869916,"volume":"0.15097658","buyTxId":"f70b8a320577f6f0a2e7430ce725a676f6b7e9c3","sellTxId":"1220df31ad942b29eb4a9a3380df25bcf7039b74"}
{"index": {"_index":"pob","_id":"3020611"}}
	{"id":3020611,"type":"buy","buyer":"andy4475","seller":"richardcrill","symbol":"POB","quantity":"64.90462008","price":"0.02678000","timestamp":1647869916,"volume":"1.73814573","buyTxId":"f70b8a320577f6f0a2e7430ce725a676f6b7e9c3","sellTxId":"MM-P-15814818-62803184-3-13-0"}
{"index": {"_index":"pob","_id":"3020619"}}
	{"id":3020619,"type":"sell","buyer":"richardcrill","seller":"taskmaster4450","symbol":"POB","quantity":"122.52247054","price":"0.02111000","timestamp":1647869997,"volume":"2.58644935","buyTxId":"MM-P-15827075-62815452-3-13-0","sellTxId":"3292b2f312fdc9d2c93342ff78238073ee890f4b"}
{"index": {"_index":"pob","_id":"3021016"}}
	{"id":3021016,"type":"sell","buyer":"master-lamps","seller":"pjansen","symbol":"POB","quantity":"0.40174566","price":"0.02111057","timestamp":1647872433,"volume":"0.00848108","buyTxId":"39ad78b895c8105c9bcf42ab662a2590b29d0999","sellTxId":"32b884d44e83ab80036440afb1f1ac7680d51b0f"}
{"index": {"_index":"pob","_id":"3021017"}}
	{"id":3021017,"type":"sell","buyer":"richardcrill","seller":"pjansen","symbol":"POB","quantity":"167.49612685","price":"0.02111000","timestamp":1647872433,"volume":"3.53584324","buyTxId":"MM-P-15827075-62815452-3-13-0","sellTxId":"32b884d44e83ab80036440afb1f1ac7680d51b0f"}
{"index": {"_index":"pob","_id":"3021411"}}
	{"id":3021411,"type":"sell","buyer":"richardcrill","seller":"mad-runner","symbol":"POB","quantity":"20.42969754","price":"0.02111000","timestamp":1647876753,"volume":"0.43127092","buyTxId":"MM-P-15827075-62815452-3-13-0","sellTxId":"82033f14932d742cea40adde7d5fd13e65c77aa2"}
{"index": {"_index":"pob","_id":"3021752"}}
	{"id":3021752,"type":"sell","buyer":"richardcrill","seller":"funshee","symbol":"POB","quantity":"23.00000000","price":"0.02111000","timestamp":1647880416,"volume":"0.48553000","buyTxId":"MM-P-15827075-62815452-3-13-0","sellTxId":"81b0ef0e3288745e230a5a05b31af19922e10fc2"}
{"index": {"_index":"pob","_id":"3021771"}}
	{"id":3021771,"type":"sell","buyer":"richardcrill","seller":"mcgilli","symbol":"POB","quantity":"7.03200108","price":"0.02111000","timestamp":1647880794,"volume":"0.14844554","buyTxId":"MM-P-15827075-62815452-3-13-0","sellTxId":"bce7cf19aad5f146e3620e9fc0e2884f49e40e34"}
{"index": {"_index":"pob","_id":"3021995"}}
	{"id":3021995,"type":"sell","buyer":"richardcrill","seller":"thecuriousfool","symbol":"POB","quantity":"25.09312852","price":"0.02111000","timestamp":1647883185,"volume":"0.52971594","buyTxId":"MM-P-15827075-62815452-3-13-0","sellTxId":"989c1d7a746b0e41c7c59bb977fc7bad51e884a6"}
{"index": {"_index":"pob","_id":"3022119"}}
	{"id":3022119,"type":"sell","buyer":"richardcrill","seller":"brutalmonkey","symbol":"POB","quantity":"53.13349149","price":"0.02111000","timestamp":1647884454,"volume":"1.12164801","buyTxId":"MM-P-15827075-62815452-3-13-0","sellTxId":"bb7885700b73e8c1870d0b56a75be1e91e9d68b7"}
{"index": {"_index":"pob","_id":"3022278"}}
	{"id":3022278,"type":"sell","buyer":"richardcrill","seller":"rose98734","symbol":"POB","quantity":"0.33679212","price":"0.02111000","timestamp":1647885666,"volume":"0.00710968","buyTxId":"MM-P-15827075-62815452-3-13-0","sellTxId":"e4f464adbecac53a37d561d39ed2025bb162ebf0"}
{"index": {"_index":"pob","_id":"3022385"}}
	{"id":3022385,"type":"sell","buyer":"richardcrill","seller":"eythorphoto","symbol":"POB","quantity":"0.04518024","price":"0.02111000","timestamp":1647886266,"volume":"0.00095375","buyTxId":"MM-P-15827075-62815452-3-13-0","sellTxId":"165caeb9c02acf64b17d23a4a65b01a5c22c4640"}
{"index": {"_index":"pob","_id":"3022437"}}
	{"id":3022437,"type":"sell","buyer":"richardcrill","seller":"oxigeno","symbol":"POB","quantity":"1.45612239","price":"0.02111000","timestamp":1647886686,"volume":"0.03073874","buyTxId":"MM-P-15827075-62815452-3-13-0","sellTxId":"ad1691f447e9430add39ab5829caf9ce4f9321ff"}
{"index": {"_index":"pob","_id":"3022449"}}
	{"id":3022449,"type":"sell","buyer":"richardcrill","seller":"stickupcash","symbol":"POB","quantity":"28.38057613","price":"0.02111000","timestamp":1647886764,"volume":"0.59911396","buyTxId":"MM-P-15827075-62815452-3-13-0","sellTxId":"af1dd6ba65e469db0623ff6f0e1d0a71e1b3590a"}
{"index": {"_index":"pob","_id":"3022524"}}
	{"id":3022524,"type":"sell","buyer":"richardcrill","seller":"dswap","symbol":"POB","quantity":"1.23797114","price":"0.02111000","timestamp":1647887391,"volume":"0.02613357","buyTxId":"MM-P-15827075-62815452-3-13-0","sellTxId":"2a13187e8b9c47285a891b8a1a35d9d68f997352"}
{"index": {"_index":"pob","_id":"3022548"}}
	{"id":3022548,"type":"sell","buyer":"richardcrill","seller":"shahriar33","symbol":"POB","quantity":"17.15918419","price":"0.02111000","timestamp":1647887655,"volume":"0.36223038","buyTxId":"MM-P-15827075-62815452-3-13-0","sellTxId":"36ecc0f7d91b57c8cda29328efb1a5ea717b1c6c"}
{"index": {"_index":"pob","_id":"3022569"}}
	{"id":3022569,"type":"sell","buyer":"richardcrill","seller":"memeisfun","symbol":"POB","quantity":"60.00000000","price":"0.02111000","timestamp":1647887814,"volume":"1.26660000","buyTxId":"MM-P-15827075-62815452-3-13-0","sellTxId":"e7ecb747070002ac1d175e57080478e4992f4526"}
{"index": {"_index":"pob","_id":"3022592"}}
	{"id":3022592,"type":"sell","buyer":"richardcrill","seller":"jersteemit","symbol":"POB","quantity":"21.06840000","price":"0.02111000","timestamp":1647888078,"volume":"0.44475392","buyTxId":"MM-P-15827075-62815452-3-13-0","sellTxId":"48cae6ae7dc1dfcaa26e3110eee3f0e5539b1a98"}
{"index": {"_index":"pob","_id":"3022599"}}
	{"id":3022599,"type":"sell","buyer":"richardcrill","seller":"amanda.yrr","symbol":"POB","quantity":"1.81755279","price":"0.02111000","timestamp":1647888135,"volume":"0.03836854","buyTxId":"MM-P-15827075-62815452-3-13-0","sellTxId":"2f1962a9e30d6a820668d9123c574162dbfdf590"}
{"index": {"_index":"pob","_id":"3022646"}}
	{"id":3022646,"type":"sell","buyer":"richardcrill","seller":"orcish","symbol":"POB","quantity":"1.63313143","price":"0.02111000","timestamp":1647888864,"volume":"0.03447540","buyTxId":"MM-P-15827075-62815452-3-13-0","sellTxId":"8626ccd8c8cda56e532f7ab61bb1c7508e4becc6"}
{"index": {"_index":"pob","_id":"3022829"}}
	{"id":3022829,"type":"sell","buyer":"richardcrill","seller":"apoloo1","symbol":"POB","quantity":"0.24714973","price":"0.02112100","timestamp":1647891750,"volume":"0.00522005","buyTxId":"MM-P-15836446-62824826-3-13-0","sellTxId":"de74d50ec7d7d4641354b68749f68a81ce62ca66"}
{"index": {"_index":"pob","_id":"3022851"}}
	{"id":3022851,"type":"sell","buyer":"richardcrill","seller":"slobberchops","symbol":"POB","quantity":"59.06825298","price":"0.02112100","timestamp":1647892188,"volume":"1.24758057","buyTxId":"MM-P-15836446-62824826-3-13-0","sellTxId":"1a15851e4cbac446fdbf859433f67fa4c2423b7a"}
{"index": {"_index":"pob","_id":"3022940"}}
	{"id":3022940,"type":"buy","buyer":"phortun","seller":"darth-cryptic","symbol":"POB","quantity":"1.00000000","price":"0.02400000","timestamp":1647893364,"volume":"0.02400000","buyTxId":"05b6d4043e45fd0d1f0b9194137c4e98ff2301b7","sellTxId":"c9b4b56bf29def748d978e69696dd11f80e975e5"}
{"index": {"_index":"pob","_id":"3022941"}}
	{"id":3022941,"type":"buy","buyer":"phortun","seller":"yintercept","symbol":"POB","quantity":"2.75000000","price":"0.02400000","timestamp":1647893364,"volume":"0.06600000","buyTxId":"05b6d4043e45fd0d1f0b9194137c4e98ff2301b7","sellTxId":"f8e51a74ab8348627b03d262b011c739218272c0"}
{"index": {"_index":"pob","_id":"3022947"}}
	{"id":3022947,"type":"sell","buyer":"richardcrill","seller":"toofasteddie","symbol":"POB","quantity":"94.83337405","price":"0.02112100","timestamp":1647893508,"volume":"2.00297569","buyTxId":"MM-P-15836446-62824826-3-13-0","sellTxId":"7b796069bc9f7d112176b2111e2ca3a2f3356ac8"}
{"index": {"_index":"pob","_id":"3023122"}}
	{"id":3023122,"type":"sell","buyer":"richardcrill","seller":"oks2crypto","symbol":"POB","quantity":"0.00637237","price":"0.02112100","timestamp":1647895947,"volume":"0.00013459","buyTxId":"MM-P-15836446-62824826-3-13-0","sellTxId":"d0ae80c29270b2dea1da562df4e2d862aa09fc14"}
{"index": {"_index":"pob","_id":"3023218"}}
	{"id":3023218,"type":"sell","buyer":"richardcrill","seller":"jlufer","symbol":"POB","quantity":"11.00000000","price":"0.02112100","timestamp":1647897282,"volume":"0.23233100","buyTxId":"MM-P-15836446-62824826-3-13-0","sellTxId":"46dd5e51a0d9441357b4826cfdbb9811cbd55b6b"}
{"index": {"_index":"pob","_id":"3023255"}}
	{"id":3023255,"type":"sell","buyer":"richardcrill","seller":"ykretz","symbol":"POB","quantity":"98.97910930","price":"0.02112100","timestamp":1647897675,"volume":"2.09053777","buyTxId":"MM-P-15836446-62824826-3-13-0","sellTxId":"0623b0366791c0876cc3dbf0b2eed1e151ade95f"}
{"index": {"_index":"pob","_id":"3023261"}}
	{"id":3023261,"type":"sell","buyer":"richardcrill","seller":"bearmol","symbol":"POB","quantity":"1.81502567","price":"0.02112100","timestamp":1647897747,"volume":"0.03833516","buyTxId":"MM-P-15836446-62824826-3-13-0","sellTxId":"d9ac6785b0cc06aa132c1e9b369757099be7ab21"}
{"index": {"_index":"pob","_id":"3023439"}}
	{"id":3023439,"type":"sell","buyer":"richardcrill","seller":"he-index","symbol":"POB","quantity":"0.08700000","price":"0.02112100","timestamp":1647900126,"volume":"0.00183753","buyTxId":"MM-P-15836446-62824826-3-13-0","sellTxId":"6463b411d5d722c53284222dfab991d3280797f3"}
{"index": {"_index":"pob","_id":"3023480"}}
	{"id":3023480,"type":"sell","buyer":"richardcrill","seller":"taskmaster4450le","symbol":"POB","quantity":"235.04538564","price":"0.02112100","timestamp":1647900276,"volume":"4.96439359","buyTxId":"MM-P-15836446-62824826-3-13-0","sellTxId":"001dafc59e33b2c2fd774f802a14ee4e58d31c9d"}
{"index": {"_index":"pob","_id":"3023660"}}
	{"id":3023660,"type":"sell","buyer":"richardcrill","seller":"revisesociology","symbol":"POB","quantity":"45.00000000","price":"0.02112100","timestamp":1647903012,"volume":"0.95044500","buyTxId":"MM-P-15836446-62824826-3-13-0","sellTxId":"9202ef0f93be513b156151010e30952e6aec4be2"}
{"index": {"_index":"pob","_id":"3023761"}}
	{"id":3023761,"type":"sell","buyer":"richardcrill","seller":"cccf","symbol":"POB","quantity":"0.10788114","price":"0.02112100","timestamp":1647903987,"volume":"0.00227856","buyTxId":"MM-P-15836446-62824826-3-13-0","sellTxId":"05722b6b1f5fef496cdfaffdebc97e9c9e91dda1"}
{"index": {"_index":"pob","_id":"3023842"}}
	{"id":3023842,"type":"sell","buyer":"richardcrill","seller":"elricmoonslayer","symbol":"POB","quantity":"2.35315056","price":"0.02112100","timestamp":1647904692,"volume":"0.04970089","buyTxId":"MM-P-15836446-62824826-3-13-0","sellTxId":"35275ef771187695077e2d383ba5bf6f079a8d99"}
{"index": {"_index":"pob","_id":"3023843"}}
	{"id":3023843,"type":"sell","buyer":"richardcrill","seller":"reppilc","symbol":"POB","quantity":"30.21383730","price":"0.02112100","timestamp":1647904701,"volume":"0.63814646","buyTxId":"MM-P-15836446-62824826-3-13-0","sellTxId":"33d741bf431eccc1b3d70a3260dbd9747f753074"}
{"index": {"_index":"pob","_id":"3023912"}}
	{"id":3023912,"type":"buy","buyer":"andy4475","seller":"quicktrades","symbol":"POB","quantity":"0.54682009","price":"0.02399998","timestamp":1647905544,"volume":"0.01312367","buyTxId":"c42174ef2a1c300373551ad81170d2b45b0e61b4","sellTxId":"c650efcdf29d5972f39244b127016ec89a992d8a"}
{"index": {"_index":"pob","_id":"3023913"}}
	{"id":3023913,"type":"buy","buyer":"andy4475","seller":"droida","symbol":"POB","quantity":"0.29469142","price":"0.02399999","timestamp":1647905544,"volume":"0.00707259","buyTxId":"c42174ef2a1c300373551ad81170d2b45b0e61b4","sellTxId":"52c5aa103a45034c5e90204cb55ee7308075ea55"}
{"index": {"_index":"pob","_id":"3023914"}}
	{"id":3023914,"type":"buy","buyer":"andy4475","seller":"yintercept","symbol":"POB","quantity":"8.19067168","price":"0.02400000","timestamp":1647905544,"volume":"0.19657612","buyTxId":"c42174ef2a1c300373551ad81170d2b45b0e61b4","sellTxId":"f8e51a74ab8348627b03d262b011c739218272c0"}
{"index": {"_index":"pob","_id":"3023915"}}
	{"id":3023915,"type":"buy","buyer":"andy4475","seller":"mypathtofire","symbol":"POB","quantity":"9.19451975","price":"0.02500000","timestamp":1647905544,"volume":"0.22986299","buyTxId":"c42174ef2a1c300373551ad81170d2b45b0e61b4","sellTxId":"58cdb5e20ac0af09a7f18908f7d6f55dce2baece"}
{"index": {"_index":"pob","_id":"3023916"}}
	{"id":3023916,"type":"buy","buyer":"andy4475","seller":"greengineer","symbol":"POB","quantity":"10.16444556","price":"0.02677000","timestamp":1647905544,"volume":"0.27210221","buyTxId":"c42174ef2a1c300373551ad81170d2b45b0e61b4","sellTxId":"6e918dd6d58f7d3dcbdf02aa7e4b4c99b95148e7"}
{"index": {"_index":"pob","_id":"3023917"}}
	{"id":3023917,"type":"buy","buyer":"andy4475","seller":"master-lamps","symbol":"POB","quantity":"0.40174566","price":"0.02677511","timestamp":1647905544,"volume":"0.01075678","buyTxId":"c42174ef2a1c300373551ad81170d2b45b0e61b4","sellTxId":"8d53cecb14495a2c4ceed7e0baa09935def9c0ba"}
{"index": {"_index":"pob","_id":"3023918"}}
	{"id":3023918,"type":"buy","buyer":"andy4475","seller":"richardcrill","symbol":"POB","quantity":"71.20710584","price":"0.02678000","timestamp":1647905544,"volume":"1.90692629","buyTxId":"c42174ef2a1c300373551ad81170d2b45b0e61b4","sellTxId":"MM-P-15814818-62803184-3-13-0"}
{"index": {"_index":"pob","_id":"3023925"}}
	{"id":3023925,"type":"buy","buyer":"andy4475","seller":"richardcrill","symbol":"POB","quantity":"150.00000000","price":"0.02678000","timestamp":1647905607,"volume":"4.01700000","buyTxId":"921be4396ecbd561ee4fe61d401bee5348dbeec1","sellTxId":"MM-P-15814818-62803184-3-13-0"}
{"index": {"_index":"pob","_id":"3023940"}}
	{"id":3023940,"type":"buy","buyer":"andy4475","seller":"richardcrill","symbol":"POB","quantity":"490.00000000","price":"0.02678000","timestamp":1647905802,"volume":"13.12220000","buyTxId":"c441c1c974954cf8de9ad9430f1a6872a113d6af","sellTxId":"MM-P-15814818-62803184-3-13-0"}
{"index": {"_index":"pob","_id":"3023949"}}
	{"id":3023949,"type":"sell","buyer":"andy4475","seller":"decentropia","symbol":"POB","quantity":"0.07543635","price":"0.02200000","timestamp":1647905895,"volume":"0.00165960","buyTxId":"5a12a88da473001b072ac21354368c2973350790","sellTxId":"1d287f848a99480d0f36a292b7ccefa35d56bd03"}
{"index": {"_index":"pob","_id":"3024181"}}
	{"id":3024181,"type":"sell","buyer":"andy4475","seller":"ecobanker","symbol":"POB","quantity":"15.68922800","price":"0.02200000","timestamp":1647908607,"volume":"0.34516302","buyTxId":"5a12a88da473001b072ac21354368c2973350790","sellTxId":"8af1f0f9384681437fee9847b04ded725756a854"}
{"index": {"_index":"pob","_id":"3024610"}}
	{"id":3024610,"type":"sell","buyer":"andy4475","seller":"phoenixwren","symbol":"POB","quantity":"1.72912790","price":"0.02200000","timestamp":1647914622,"volume":"0.03804081","buyTxId":"5a12a88da473001b072ac21354368c2973350790","sellTxId":"d4a6ac86310206551271f104d3f10c41a51140fd"}
{"index": {"_index":"pob","_id":"3024701"}}
	{"id":3024701,"type":"sell","buyer":"andy4475","seller":"laritheghost","symbol":"POB","quantity":"41.65321723","price":"0.02200000","timestamp":1647916299,"volume":"0.91637078","buyTxId":"5a12a88da473001b072ac21354368c2973350790","sellTxId":"e88651543c270f8ecfed2e0883902aff9780c19b"}
{"index": {"_index":"pob","_id":"3024751"}}
	{"id":3024751,"type":"sell","buyer":"andy4475","seller":"operahoser","symbol":"POB","quantity":"0.02741146","price":"0.02200000","timestamp":1647917001,"volume":"0.00060305","buyTxId":"5a12a88da473001b072ac21354368c2973350790","sellTxId":"fb2cdbd51868a4e3e9dadf73a9cc1bb525083028"}
{"index": {"_index":"pob","_id":"3025078"}}
	{"id":3025078,"type":"sell","buyer":"andy4475","seller":"zainalbakri","symbol":"POB","quantity":"0.30936338","price":"0.02200000","timestamp":1647920577,"volume":"0.00680599","buyTxId":"5a12a88da473001b072ac21354368c2973350790","sellTxId":"c3e34e9e7917614d0edc0c078ea65f272937e644"}
{"index": {"_index":"pob","_id":"3025221"}}
	{"id":3025221,"type":"sell","buyer":"andy4475","seller":"brofi-market","symbol":"POB","quantity":"7.60683561","price":"0.02200000","timestamp":1647922809,"volume":"0.16735038","buyTxId":"5a12a88da473001b072ac21354368c2973350790","sellTxId":"5d9d9dedcfe6789c35e9c5a7e3f74f0f20508ba1"}
{"index": {"_index":"pob","_id":"3025234"}}
	{"id":3025234,"type":"sell","buyer":"andy4475","seller":"camiloferrua","symbol":"POB","quantity":"18.45344787","price":"0.02200000","timestamp":1647922905,"volume":"0.40597585","buyTxId":"5a12a88da473001b072ac21354368c2973350790","sellTxId":"8f2dc0a775989dc4a713c039e0f6cb4595cb18c4"}
{"index": {"_index":"pob","_id":"3025326"}}
	{"id":3025326,"type":"sell","buyer":"andy4475","seller":"melbourneswest","symbol":"POB","quantity":"6.776","price":"0.02200000","timestamp":1647924225,"volume":"0.14907200","buyTxId":"5a12a88da473001b072ac21354368c2973350790","sellTxId":"560e0eb73bc7d79f2d62a4822d788fbf465c28c8"}
{"index": {"_index":"pob","_id":"3025327"}}
	{"id":3025327,"type":"sell","buyer":"andy4475","seller":"vagabondspirit","symbol":"POB","quantity":"0.43141988","price":"0.02200000","timestamp":1647924237,"volume":"0.00949124","buyTxId":"5a12a88da473001b072ac21354368c2973350790","sellTxId":"9caa1681b0838ec8d3a307703dc8ecb93160cc1f"}
{"index": {"_index":"pob","_id":"3025337"}}
	{"id":3025337,"type":"buy","buyer":"yintercept","seller":"eythorphoto","symbol":"POB","quantity":"0.00250634","price":"0.02200020","timestamp":1647924504,"volume":"0.00005514","buyTxId":"e1310b504c0c058f33e1bdd7d4fc080219a0c0f5","sellTxId":"113e01813b1dc8c34455ce1d9deec782d0639880"}
{"index": {"_index":"pob","_id":"3025338"}}
	{"id":3025338,"type":"buy","buyer":"yintercept","seller":"brofi-market","symbol":"POB","quantity":"5.88349366","price":"0.02200020","timestamp":1647924504,"volume":"0.12943804","buyTxId":"e1310b504c0c058f33e1bdd7d4fc080219a0c0f5","sellTxId":"bc79f64ab405c8a2de61960ad88b5d20bad3208a"}
{"index": {"_index":"pob","_id":"3025341"}}
	{"id":3025341,"type":"sell","buyer":"andy4475","seller":"curatorcat.leo","symbol":"POB","quantity":"4.26478963","price":"0.02200000","timestamp":1647924564,"volume":"0.09382537","buyTxId":"5a12a88da473001b072ac21354368c2973350790","sellTxId":"494248482690ffdb0303287ef5c0c5e26ab67e6c"}
{"index": {"_index":"pob","_id":"3025348"}}
	{"id":3025348,"type":"buy","buyer":"irivers","seller":"brofi-market","symbol":"POB","quantity":"0.81880982","price":"0.02200020","timestamp":1647924747,"volume":"0.01801398","buyTxId":"99354afdfd3588eff8eca82b39b9a6ed8e294b32","sellTxId":"bc79f64ab405c8a2de61960ad88b5d20bad3208a"}
{"index": {"_index":"pob","_id":"3025362"}}
	{"id":3025362,"type":"buy","buyer":"vagabondspirit","seller":"brofi-market","symbol":"POB","quantity":"0.51437999","price":"0.02200020","timestamp":1647925071,"volume":"0.01131646","buyTxId":"5d3fa5b2fc75473af51ced1b5c0ce9860c1d30ef","sellTxId":"bc79f64ab405c8a2de61960ad88b5d20bad3208a"}
{"index": {"_index":"pob","_id":"3025389"}}
	{"id":3025389,"type":"buy","buyer":"yintercept","seller":"brofi-market","symbol":"POB","quantity":"0.39015214","price":"0.02200020","timestamp":1647925353,"volume":"0.00858343","buyTxId":"5f25c22651ffe12b36779faa15f5b127284e734a","sellTxId":"bc79f64ab405c8a2de61960ad88b5d20bad3208a"}
{"index": {"_index":"pob","_id":"3025459"}}
	{"id":3025459,"type":"sell","buyer":"yintercept","seller":"chireerocks","symbol":"POB","quantity":"0.35984786","price":"0.02200020","timestamp":1647925953,"volume":"0.00791672","buyTxId":"5f25c22651ffe12b36779faa15f5b127284e734a","sellTxId":"3dc4d0f3b4635e9ef5376a7b67974648ab6f22bc"}
{"index": {"_index":"pob","_id":"3025672"}}
	{"id":3025672,"type":"sell","buyer":"andy4475","seller":"karamyog","symbol":"POB","quantity":"0.56221973","price":"0.02200000","timestamp":1647929019,"volume":"0.01236883","buyTxId":"5a12a88da473001b072ac21354368c2973350790","sellTxId":"5d8137a3e7dfbf2fb0f4f01e4eb3ccc88c556c0f"}
{"index": {"_index":"pob","_id":"3025684"}}
	{"id":3025684,"type":"buy","buyer":"richardcrill","seller":"chireerocks","symbol":"POB","quantity":"2.62675956","price":"0.02200002","timestamp":1647929136,"volume":"0.05778876","buyTxId":"MM-P-15848898-62837288-3-13-0","sellTxId":"3dc4d0f3b4635e9ef5376a7b67974648ab6f22bc"}
{"index": {"_index":"pob","_id":"3025685"}}
	{"id":3025685,"type":"buy","buyer":"richardcrill","seller":"nineclaws","symbol":"POB","quantity":"0.03096087","price":"0.02200035","timestamp":1647929136,"volume":"0.00068115","buyTxId":"MM-P-15848898-62837288-3-13-0","sellTxId":"347d8ae328a9c66b5bed0a5fa13fd057ac282956"}
