{"index": {"_index":"pob","_id":"3151389"}}
	{"id":3151389,"type":"sell","buyer":"richardcrill","seller":"valorbeats","symbol":"POB","quantity":"0.59522474","price":"0.02330000","timestamp":1649386869,"volume":"0.01386874","buyTxId":"MM-P-16325568-63314603-3-12-0","sellTxId":"ddf3fbeedc78382747cf9d3a0d5d34e602dd19bc"}
{"index": {"_index":"pob","_id":"3151556"}}
	{"id":3151556,"type":"sell","buyer":"richardcrill","seller":"steem82868","symbol":"POB","quantity":"0.01435171","price":"0.02330000","timestamp":1649388393,"volume":"0.00033439","buyTxId":"MM-P-16325568-63314603-3-12-0","sellTxId":"2466197f5fa1ff39cb769286f66e588687309631"}
{"index": {"_index":"pob","_id":"3151705"}}
	{"id":3151705,"type":"sell","buyer":"richardcrill","seller":"brofi-market","symbol":"POB","quantity":"22.51514530","price":"0.02330000","timestamp":1649391138,"volume":"0.52460289","buyTxId":"MM-P-16325568-63314603-3-12-0","sellTxId":"c424da91c966000a504ddd739a0279465a1ebbcd"}
{"index": {"_index":"pob","_id":"3151825"}}
	{"id":3151825,"type":"sell","buyer":"richardcrill","seller":"inspiredbyhive","symbol":"POB","quantity":"15.59880249","price":"0.02330000","timestamp":1649392923,"volume":"0.36345210","buyTxId":"MM-P-16325568-63314603-3-12-0","sellTxId":"e8c6ec3fc8fe457fd7c367a5a63d58889b7c5865"}
{"index": {"_index":"pob","_id":"3152032"}}
	{"id":3152032,"type":"sell","buyer":"richardcrill","seller":"nathen007","symbol":"POB","quantity":"41.58482783","price":"0.02330000","timestamp":1649396079,"volume":"0.96892649","buyTxId":"MM-P-16325568-63314603-3-12-0","sellTxId":"9485f15040cff68b3335368eeb6b0b2ca4b0893e"}
{"index": {"_index":"pob","_id":"3152150"}}
	{"id":3152150,"type":"sell","buyer":"richardcrill","seller":"elevator09","symbol":"POB","quantity":"0.78461712","price":"0.02330000","timestamp":1649397204,"volume":"0.01828158","buyTxId":"MM-P-16325568-63314603-3-12-0","sellTxId":"05f0e544f9b39df072e7cdf41f7292f187f46143"}
{"index": {"_index":"pob","_id":"3152190"}}
	{"id":3152190,"type":"sell","buyer":"richardcrill","seller":"evaredskin","symbol":"POB","quantity":"90.00000000","price":"0.02330000","timestamp":1649398206,"volume":"2.09700000","buyTxId":"MM-P-16325568-63314603-3-12-0","sellTxId":"6044420085f90718bc2baeec66e598ad6021945c"}
{"index": {"_index":"pob","_id":"3152238"}}
	{"id":3152238,"type":"sell","buyer":"richardcrill","seller":"esmeesmith","symbol":"POB","quantity":"1.26750608","price":"0.02330000","timestamp":1649398944,"volume":"0.02953289","buyTxId":"MM-P-16325568-63314603-3-12-0","sellTxId":"3c0a0f8da39c50941fcbc6b7f86ddbc99899377e"}
{"index": {"_index":"pob","_id":"3152357"}}
	{"id":3152357,"type":"sell","buyer":"richardcrill","seller":"trumpman","symbol":"POB","quantity":"149.3455279","price":"0.02330000","timestamp":1649400366,"volume":"3.47975080","buyTxId":"MM-P-16325568-63314603-3-12-0","sellTxId":"d4cfe7341a94956688e3075f3bcdeb69fad7d334"}
{"index": {"_index":"pob","_id":"3152362"}}
	{"id":3152362,"type":"sell","buyer":"richardcrill","seller":"dhedge-drips","symbol":"POB","quantity":"2.41233700","price":"0.02330000","timestamp":1649400411,"volume":"0.05620745","buyTxId":"MM-P-16325568-63314603-3-12-0","sellTxId":"b72e68b3a02a93d3e6273b70c1c222539c8297b0"}
{"index": {"_index":"pob","_id":"3152443"}}
	{"id":3152443,"type":"sell","buyer":"richardcrill","seller":"pjansen","symbol":"POB","quantity":"51.61920093","price":"0.02330000","timestamp":1649401539,"volume":"1.20272738","buyTxId":"MM-P-16325568-63314603-3-12-0","sellTxId":"5515045c08232d0c471f90e306ce2c0e39af6f7c"}
{"index": {"_index":"pob","_id":"3152495"}}
	{"id":3152495,"type":"sell","buyer":"richardcrill","seller":"alexvan","symbol":"POB","quantity":"33.50813102","price":"0.02330000","timestamp":1649402532,"volume":"0.78073945","buyTxId":"MM-P-16325568-63314603-3-12-0","sellTxId":"9847a334a038d29f0b6eb2cdcd927ad9e097f267"}
{"index": {"_index":"pob","_id":"3152536"}}
	{"id":3152536,"type":"sell","buyer":"richardcrill","seller":"dswap","symbol":"POB","quantity":"1.57494197","price":"0.02110000","timestamp":1649403228,"volume":"0.03323128","buyTxId":"MM-P-16337725-63326772-3-12-0","sellTxId":"b521cef54a1092e8196483112187e2450b340692"}
{"index": {"_index":"pob","_id":"3152615"}}
	{"id":3152615,"type":"sell","buyer":"richardcrill","seller":"ourpick","symbol":"POB","quantity":"10.91225644","price":"0.02110000","timestamp":1649404947,"volume":"0.23024861","buyTxId":"MM-P-16337725-63326772-3-12-0","sellTxId":"2b4b254256c66e3296617db288de244b783e5e4d"}
{"index": {"_index":"pob","_id":"3152643"}}
	{"id":3152643,"type":"sell","buyer":"richardcrill","seller":"liotes.voter","symbol":"POB","quantity":"17.30744564","price":"0.02110000","timestamp":1649405238,"volume":"0.36518710","buyTxId":"MM-P-16337725-63326772-3-12-0","sellTxId":"7159f1565a43f53c2ebb2ac835f41536881f994a"}
{"index": {"_index":"pob","_id":"3152810"}}
	{"id":3152810,"type":"sell","buyer":"richardcrill","seller":"zainalbakri","symbol":"POB","quantity":"4.70636035","price":"0.02110000","timestamp":1649407176,"volume":"0.09930420","buyTxId":"MM-P-16337725-63326772-3-12-0","sellTxId":"e15ff67e40bbedf57ef1194895badfff800bcf70"}
{"index": {"_index":"pob","_id":"3152854"}}
	{"id":3152854,"type":"sell","buyer":"richardcrill","seller":"uwelang","symbol":"POB","quantity":"57.61047673","price":"0.02110000","timestamp":1649407749,"volume":"1.21558106","buyTxId":"MM-P-16337725-63326772-3-12-0","sellTxId":"fd4a6be698555b633a23789dec95c4b3fdfac61d"}
{"index": {"_index":"pob","_id":"3152941"}}
	{"id":3152941,"type":"sell","buyer":"richardcrill","seller":"elricmoonslayer","symbol":"POB","quantity":"15.06495014","price":"0.02110000","timestamp":1649409021,"volume":"0.31787045","buyTxId":"MM-P-16337725-63326772-3-12-0","sellTxId":"6a706384d3e951565972c1580003fad514c36508"}
{"index": {"_index":"pob","_id":"3152995"}}
	{"id":3152995,"type":"sell","buyer":"richardcrill","seller":"dswap","symbol":"POB","quantity":"40.59","price":"0.02110000","timestamp":1649409909,"volume":"0.85644900","buyTxId":"MM-P-16337725-63326772-3-12-0","sellTxId":"522edeed0e675301a2be9fb2521bac1e85323a15"}
{"index": {"_index":"pob","_id":"3153008"}}
	{"id":3153008,"type":"sell","buyer":"richardcrill","seller":"citimillz","symbol":"POB","quantity":"11.93300000","price":"0.02110000","timestamp":1649410299,"volume":"0.25178630","buyTxId":"MM-P-16337725-63326772-3-12-0","sellTxId":"ea979a5c815790e25ee55614d805f91e06e99aa9"}
{"index": {"_index":"pob","_id":"3153037"}}
	{"id":3153037,"type":"sell","buyer":"richardcrill","seller":"jacoalberts","symbol":"POB","quantity":"30.00000000","price":"0.02110000","timestamp":1649410647,"volume":"0.63300000","buyTxId":"MM-P-16337725-63326772-3-12-0","sellTxId":"100c853b02cdadb1a7049a6c93e795da14392e3a"}
{"index": {"_index":"pob","_id":"3153041"}}
	{"id":3153041,"type":"sell","buyer":"richardcrill","seller":"jersteemit","symbol":"POB","quantity":"24.66205722","price":"0.02110000","timestamp":1649410695,"volume":"0.52036941","buyTxId":"MM-P-16337725-63326772-3-12-0","sellTxId":"d5abd4f9bd2a6d5ed986142984550f9be8ca7480"}
{"index": {"_index":"pob","_id":"3153301"}}
	{"id":3153301,"type":"sell","buyer":"richardcrill","seller":"repayme4568","symbol":"POB","quantity":"22.00000000","price":"0.02110000","timestamp":1649414412,"volume":"0.46420000","buyTxId":"MM-P-16337725-63326772-3-12-0","sellTxId":"f05a1524e8d504b25be2f82eefba2e15c2e0f928"}
{"index": {"_index":"pob","_id":"3153315"}}
	{"id":3153315,"type":"buy","buyer":"chesatochi","seller":"fiberfrau","symbol":"POB","quantity":"1.25436620","price":"0.02325000","timestamp":1649414601,"volume":"0.02916401","buyTxId":"53626fcdb37cfca55a8e2db85e6ab137e89ed3b9","sellTxId":"0de6e9b54486b428e31577c8e6c983a0caf60bdb"}
{"index": {"_index":"pob","_id":"3153316"}}
	{"id":3153316,"type":"buy","buyer":"chesatochi","seller":"alexvan","symbol":"POB","quantity":"0.74475407","price":"0.02330000","timestamp":1649414601,"volume":"0.01735277","buyTxId":"53626fcdb37cfca55a8e2db85e6ab137e89ed3b9","sellTxId":"9847a334a038d29f0b6eb2cdcd927ad9e097f267"}
{"index": {"_index":"pob","_id":"3153358"}}
	{"id":3153358,"type":"buy","buyer":"chesatochi","seller":"master-lamps","symbol":"POB","quantity":"12.94647838","price":"0.02329900","timestamp":1649414919,"volume":"0.30164","buyTxId":"b8749252f76e73b023c93a8a24c851263777ce77","sellTxId":"698ae226976f3828081cb7f74cba9c8460c0be17"}
{"index": {"_index":"pob","_id":"3153504"}}
	{"id":3153504,"type":"buy","buyer":"ugochill","seller":"onlydoge","symbol":"POB","quantity":"5.00000000","price":"0.02320000","timestamp":1649416551,"volume":"0.11600000","buyTxId":"e0132e1542a61a09cfcb34f26d2ccf168b82e06e","sellTxId":"7b2054311848518c91dbdeff3a84bc4785b8fce2"}
{"index": {"_index":"pob","_id":"3153548"}}
	{"id":3153548,"type":"sell","buyer":"master-lamps","seller":"pjansen","symbol":"POB","quantity":"14.29539001","price":"0.02110051","timestamp":1649417397,"volume":"0.30164002","buyTxId":"69f390cc6ebf3e9ab44974f1210fefdc35feca67","sellTxId":"dbff8b6851d13c1e5c5ae9dabaf504241359b831"}
{"index": {"_index":"pob","_id":"3153549"}}
	{"id":3153549,"type":"sell","buyer":"richardcrill","seller":"pjansen","symbol":"POB","quantity":"59.26487644","price":"0.02110000","timestamp":1649417397,"volume":"1.25048889","buyTxId":"MM-P-16337725-63326772-3-12-0","sellTxId":"dbff8b6851d13c1e5c5ae9dabaf504241359b831"}
{"index": {"_index":"pob","_id":"3153550"}}
	{"id":3153550,"type":"sell","buyer":"v4vapid","seller":"pjansen","symbol":"POB","quantity":"13.09327009","price":"0.02100000","timestamp":1649417397,"volume":"0.27495867","buyTxId":"885a2c326419405d847c28a732c1a06c0bacb84b","sellTxId":"dbff8b6851d13c1e5c5ae9dabaf504241359b831"}
{"index": {"_index":"pob","_id":"3153633"}}
	{"id":3153633,"type":"sell","buyer":"v4vapid","seller":"kachinhenry","symbol":"POB","quantity":"135.00000000","price":"0.02100000","timestamp":1649418534,"volume":"2.83500000","buyTxId":"885a2c326419405d847c28a732c1a06c0bacb84b","sellTxId":"6d588670aa065d1840394cb92735f587ce8cdfad"}
{"index": {"_index":"pob","_id":"3153763"}}
	{"id":3153763,"type":"sell","buyer":"v4vapid","seller":"dejoke","symbol":"POB","quantity":"68.91701633","price":"0.02100000","timestamp":1649419740,"volume":"1.44725734","buyTxId":"885a2c326419405d847c28a732c1a06c0bacb84b","sellTxId":"022244ce7aa3f23a12c8853fa45c49baf52f1248"}
{"index": {"_index":"pob","_id":"3153790"}}
	{"id":3153790,"type":"buy","buyer":"thegoliath","seller":"master-lamps","symbol":"POB","quantity":"52.02007764","price":"0.02319990","timestamp":1649419935,"volume":"1.20686060","buyTxId":"5b029837b2eb318b629e3e113d167d93930f20a3","sellTxId":"1a46dd2fe513c90d337eee34434242b6110635cd"}
{"index": {"_index":"pob","_id":"3153791"}}
	{"id":3153791,"type":"buy","buyer":"thegoliath","seller":"ben.haase","symbol":"POB","quantity":"0.19383174","price":"0.02319990","timestamp":1649419935,"volume":"0.00449688","buyTxId":"5b029837b2eb318b629e3e113d167d93930f20a3","sellTxId":"2ab15cd70a3337184a1329021598ea3848ed83b5"}
{"index": {"_index":"pob","_id":"3153792"}}
	{"id":3153792,"type":"buy","buyer":"thegoliath","seller":"onlydoge","symbol":"POB","quantity":"125.45476064","price":"0.02320000","timestamp":1649419935,"volume":"2.91055045","buyTxId":"5b029837b2eb318b629e3e113d167d93930f20a3","sellTxId":"7b2054311848518c91dbdeff3a84bc4785b8fce2"}
{"index": {"_index":"pob","_id":"3153793"}}
	{"id":3153793,"type":"buy","buyer":"thegoliath","seller":"alexvan","symbol":"POB","quantity":"36.59192699","price":"0.02330000","timestamp":1649419935,"volume":"0.85259190","buyTxId":"5b029837b2eb318b629e3e113d167d93930f20a3","sellTxId":"9847a334a038d29f0b6eb2cdcd927ad9e097f267"}
{"index": {"_index":"pob","_id":"3153794"}}
	{"id":3153794,"type":"buy","buyer":"thegoliath","seller":"underlock","symbol":"POB","quantity":"35.73940299","price":"0.02469800","timestamp":1649419935,"volume":"0.88269178","buyTxId":"5b029837b2eb318b629e3e113d167d93930f20a3","sellTxId":"87d506910ca1308f9aa5f56fc6fe3388f57f1f00"}
{"index": {"_index":"pob","_id":"3153820"}}
	{"id":3153820,"type":"sell","buyer":"v4vapid","seller":"technocrypton","symbol":"POB","quantity":"0.16380649","price":"0.02100000","timestamp":1649420220,"volume":"0.00343994","buyTxId":"885a2c326419405d847c28a732c1a06c0bacb84b","sellTxId":"8fdbdc7c8f701ca28da941389388cc5e6eebaf0d"}
{"index": {"_index":"pob","_id":"3153821"}}
	{"id":3153821,"type":"sell","buyer":"v4vapid","seller":"andy4475","symbol":"POB","quantity":"9.92057877","price":"0.02100000","timestamp":1649420229,"volume":"0.20833215","buyTxId":"885a2c326419405d847c28a732c1a06c0bacb84b","sellTxId":"4dc47fb215da43f817d420a30a24f4a9584304e9"}
{"index": {"_index":"pob","_id":"3153865"}}
	{"id":3153865,"type":"sell","buyer":"onlydoge","seller":"steem82868","symbol":"POB","quantity":"0.02510920","price":"0.02110000","timestamp":1649421159,"volume":"0.00052980","buyTxId":"cbfb97919f2085d2a077249f7c53be5b95d46b83","sellTxId":"cb488a4f07465d94e1f2c8510b4bfd6d56ead50c"}
{"index": {"_index":"pob","_id":"3153906"}}
	{"id":3153906,"type":"sell","buyer":"onlydoge","seller":"aiuna","symbol":"POB","quantity":"189.54829080","price":"0.02110000","timestamp":1649421873,"volume":"3.99946894","buyTxId":"cbfb97919f2085d2a077249f7c53be5b95d46b83","sellTxId":"734c1169fff638ef7dbee322caad263eaa0d0fd9"}
{"index": {"_index":"pob","_id":"3154146"}}
	{"id":3154146,"type":"buy","buyer":"master-lamps","seller":"aiuna","symbol":"POB","quantity":"57.19720142","price":"0.02110000","timestamp":1649423967,"volume":"1.20686095","buyTxId":"b4328211d3d7a1858c4592ba82212400b4cffeba","sellTxId":"734c1169fff638ef7dbee322caad263eaa0d0fd9"}
{"index": {"_index":"pob","_id":"3154150"}}
	{"id":3154150,"type":"sell","buyer":"v4vapid","seller":"offgridlife","symbol":"POB","quantity":"72.90532832","price":"0.02100000","timestamp":1649424009,"volume":"1.53101189","buyTxId":"885a2c326419405d847c28a732c1a06c0bacb84b","sellTxId":"5d6f6101c1a957a064f6a716a92a03970fa098b3"}
{"index": {"_index":"pob","_id":"3154151"}}
	{"id":3154151,"type":"sell","buyer":"ben.haase","seller":"offgridlife","symbol":"POB","quantity":"3.65568103","price":"0.02040700","timestamp":1649424009,"volume":"0.07460148","buyTxId":"be532e1656dc8427983b6222edb5d219de29cab8","sellTxId":"5d6f6101c1a957a064f6a716a92a03970fa098b3"}
{"index": {"_index":"pob","_id":"3154152"}}
	{"id":3154152,"type":"sell","buyer":"eirik","seller":"offgridlife","symbol":"POB","quantity":"100.00000000","price":"0.02000020","timestamp":1649424009,"volume":"2.00002000","buyTxId":"981207c342653297bec7c8c10771ba6312652876","sellTxId":"5d6f6101c1a957a064f6a716a92a03970fa098b3"}
{"index": {"_index":"pob","_id":"3154153"}}
	{"id":3154153,"type":"sell","buyer":"trostparadox","seller":"offgridlife","symbol":"POB","quantity":"22.43899065","price":"0.02000020","timestamp":1649424009,"volume":"0.44878430","buyTxId":"d1377aecb431ba5ec5571500da7b53a72203115b","sellTxId":"5d6f6101c1a957a064f6a716a92a03970fa098b3"}
{"index": {"_index":"pob","_id":"3154163"}}
	{"id":3154163,"type":"sell","buyer":"trostparadox","seller":"dswap","symbol":"POB","quantity":"0.71221438","price":"0.02000020","timestamp":1649424099,"volume":"0.01424443","buyTxId":"d1377aecb431ba5ec5571500da7b53a72203115b","sellTxId":"f7335571dc5570fbbda4e4884edd7ffb507b9382"}
{"index": {"_index":"pob","_id":"3154167"}}
	{"id":3154167,"type":"buy","buyer":"master-lamps","seller":"aiuna","symbol":"POB","quantity":"222.60887700","price":"0.02110000","timestamp":1649424123,"volume":"4.69704730","buyTxId":"66386e15aa0f7b14fce823e78450235a0483282e","sellTxId":"734c1169fff638ef7dbee322caad263eaa0d0fd9"}
{"index": {"_index":"pob","_id":"3154194"}}
	{"id":3154194,"type":"sell","buyer":"trostparadox","seller":"mango-juice","symbol":"POB","quantity":"29.55217592","price":"0.02000020","timestamp":1649424510,"volume":"0.59104943","buyTxId":"d1377aecb431ba5ec5571500da7b53a72203115b","sellTxId":"c49a9797b417e170e0d8fd76083b3cc4a767a4d6"}
{"index": {"_index":"pob","_id":"3154558"}}
	{"id":3154558,"type":"sell","buyer":"trostparadox","seller":"steem82868","symbol":"POB","quantity":"0.07054433","price":"0.02000020","timestamp":1649428044,"volume":"0.00141090","buyTxId":"d1377aecb431ba5ec5571500da7b53a72203115b","sellTxId":"893f73eea7f335198c9e54ea3c3c5d8e703a3bdf"}
{"index": {"_index":"pob","_id":"3154600"}}
	{"id":3154600,"type":"sell","buyer":"trostparadox","seller":"dwinblood","symbol":"POB","quantity":"81.30596326","price":"0.02000020","timestamp":1649428692,"volume":"1.62613553","buyTxId":"d1377aecb431ba5ec5571500da7b53a72203115b","sellTxId":"75039da1304bcadfeab2ce229257d8261118e461"}
{"index": {"_index":"pob","_id":"3154698"}}
	{"id":3154698,"type":"sell","buyer":"trostparadox","seller":"dswap","symbol":"POB","quantity":"0.30057521","price":"0.02000020","timestamp":1649430039,"volume":"0.00601156","buyTxId":"d1377aecb431ba5ec5571500da7b53a72203115b","sellTxId":"ee1d5abae18a30b51f6d6446354fdecafcbe03cc"}
{"index": {"_index":"pob","_id":"3154910"}}
	{"id":3154910,"type":"sell","buyer":"trostparadox","seller":"mariela53","symbol":"POB","quantity":"1.87587789","price":"0.02000020","timestamp":1649433000,"volume":"0.03751793","buyTxId":"d1377aecb431ba5ec5571500da7b53a72203115b","sellTxId":"f3cfa681cd1650bbfd920baca71a356695f5e9a3"}
{"index": {"_index":"pob","_id":"3155191"}}
	{"id":3155191,"type":"sell","buyer":"trostparadox","seller":"mcyusuf","symbol":"POB","quantity":"3.70454141","price":"0.02000020","timestamp":1649436180,"volume":"0.07409157","buyTxId":"d1377aecb431ba5ec5571500da7b53a72203115b","sellTxId":"5c8a9b8fbf86a3f8512e93329417374c7a3231da"}
{"index": {"_index":"pob","_id":"3155224"}}
	{"id":3155224,"type":"sell","buyer":"trostparadox","seller":"revise.leo","symbol":"POB","quantity":"26.00000000","price":"0.02000020","timestamp":1649436462,"volume":"0.52000520","buyTxId":"d1377aecb431ba5ec5571500da7b53a72203115b","sellTxId":"ff4f7e7361d8aa9e1754bd585bc35445b00082f5"}
{"index": {"_index":"pob","_id":"3155390"}}
	{"id":3155390,"type":"sell","buyer":"trostparadox","seller":"monsterjamgold","symbol":"POB","quantity":"0.46097896","price":"0.02000020","timestamp":1649438001,"volume":"0.00921967","buyTxId":"d1377aecb431ba5ec5571500da7b53a72203115b","sellTxId":"047cec4e841d7c9cf470bf01aeaa7e03903c1038"}
{"index": {"_index":"pob","_id":"3155444"}}
	{"id":3155444,"type":"sell","buyer":"trostparadox","seller":"whitelightxpress","symbol":"POB","quantity":"3.13501492","price":"0.02000020","timestamp":1649438610,"volume":"0.06270093","buyTxId":"d1377aecb431ba5ec5571500da7b53a72203115b","sellTxId":"01cc53a49f41e0fdacafce8be6321657287879b8"}
{"index": {"_index":"pob","_id":"3155474"}}
	{"id":3155474,"type":"sell","buyer":"trostparadox","seller":"halukshananah","symbol":"POB","quantity":"0.64065330","price":"0.02000020","timestamp":1649438943,"volume":"0.01281319","buyTxId":"d1377aecb431ba5ec5571500da7b53a72203115b","sellTxId":"1641dcd26618f6757b728f274af1f2beb75db74f"}
{"index": {"_index":"pob","_id":"3155501"}}
	{"id":3155501,"type":"sell","buyer":"trostparadox","seller":"chireerocks","symbol":"POB","quantity":"21.37841274","price":"0.02000020","timestamp":1649439351,"volume":"0.42757253","buyTxId":"d1377aecb431ba5ec5571500da7b53a72203115b","sellTxId":"d5503d09c8d7917d891bb12d925bdc173b89e1bb"}
{"index": {"_index":"pob","_id":"3155503"}}
	{"id":3155503,"type":"sell","buyer":"trostparadox","seller":"bitcoinflood","symbol":"POB","quantity":"4.81771898","price":"0.02000020","timestamp":1649439396,"volume":"0.09635534","buyTxId":"d1377aecb431ba5ec5571500da7b53a72203115b","sellTxId":"603a7864c1e99086b0d3df51f5d244da084a5ba9"}
{"index": {"_index":"pob","_id":"3155505"}}
	{"id":3155505,"type":"sell","buyer":"trostparadox","seller":"hive-189742","symbol":"POB","quantity":"0.70729165","price":"0.02000020","timestamp":1649439429,"volume":"0.01414597","buyTxId":"d1377aecb431ba5ec5571500da7b53a72203115b","sellTxId":"db3ddc9169d4df8a18606fd5ebc8335ca47f4257"}
{"index": {"_index":"pob","_id":"3155523"}}
	{"id":3155523,"type":"sell","buyer":"trostparadox","seller":"curatorcat.pal","symbol":"POB","quantity":"0.24468733","price":"0.02000020","timestamp":1649439606,"volume":"0.00489380","buyTxId":"d1377aecb431ba5ec5571500da7b53a72203115b","sellTxId":"587450be8bc229a85a714726ebabf24ea5cd7097"}
{"index": {"_index":"pob","_id":"3155700"}}
	{"id":3155700,"type":"sell","buyer":"trostparadox","seller":"dswap","symbol":"POB","quantity":"19.81","price":"0.02000020","timestamp":1649441766,"volume":"0.39620396","buyTxId":"d1377aecb431ba5ec5571500da7b53a72203115b","sellTxId":"5ce98a37dc94826e860ac01f765ce734803b7af1"}
{"index": {"_index":"pob","_id":"3155888"}}
	{"id":3155888,"type":"sell","buyer":"trostparadox","seller":"darth-azrael","symbol":"POB","quantity":"1.00000000","price":"0.02000020","timestamp":1649443521,"volume":"0.02000020","buyTxId":"d1377aecb431ba5ec5571500da7b53a72203115b","sellTxId":"3cf88d6b80ee3f1faa6cfdbadac2390435da73a0"}
{"index": {"_index":"pob","_id":"3156070"}}
	{"id":3156070,"type":"sell","buyer":"trostparadox","seller":"droida","symbol":"POB","quantity":"0.46762020","price":"0.02000020","timestamp":1649445786,"volume":"0.00935250","buyTxId":"d1377aecb431ba5ec5571500da7b53a72203115b","sellTxId":"e82eb9b898bcf8cfdfef6a470afa1b70ae567adf"}
{"index": {"_index":"pob","_id":"3156084"}}
	{"id":3156084,"type":"sell","buyer":"trostparadox","seller":"lordtimoty","symbol":"POB","quantity":"106.14754812","price":"0.02000020","timestamp":1649445957,"volume":"2.12297219","buyTxId":"d1377aecb431ba5ec5571500da7b53a72203115b","sellTxId":"57e0e50e040da8dafbe96c7a0649a938f1f023b4"}
{"index": {"_index":"pob","_id":"3156086"}}
	{"id":3156086,"type":"sell","buyer":"trostparadox","seller":"andy4475","symbol":"POB","quantity":"48.64412190","price":"0.02000020","timestamp":1649446041,"volume":"0.97289217","buyTxId":"d1377aecb431ba5ec5571500da7b53a72203115b","sellTxId":"316cb7f92ec7359b2fea4825eeb717ced6de7858"}
{"index": {"_index":"pob","_id":"3156383"}}
	{"id":3156383,"type":"sell","buyer":"trostparadox","seller":"decentropia","symbol":"POB","quantity":"0.05936110","price":"0.02000020","timestamp":1649450019,"volume":"0.00118723","buyTxId":"d1377aecb431ba5ec5571500da7b53a72203115b","sellTxId":"f34972a755f952deb50d74cb51e3e72af50e23d3"}
{"index": {"_index":"pob","_id":"3156683"}}
	{"id":3156683,"type":"sell","buyer":"trostparadox","seller":"valorbeats","symbol":"POB","quantity":"0.92106682","price":"0.02000020","timestamp":1649454072,"volume":"0.01842152","buyTxId":"d1377aecb431ba5ec5571500da7b53a72203115b","sellTxId":"2c2358108a6921320f27e2c2f3dcb16d6b5f3a90"}
{"index": {"_index":"pob","_id":"3156765"}}
	{"id":3156765,"type":"sell","buyer":"trostparadox","seller":"alyssasanders","symbol":"POB","quantity":"1.84865006","price":"0.02000020","timestamp":1649455326,"volume":"0.03697337","buyTxId":"d1377aecb431ba5ec5571500da7b53a72203115b","sellTxId":"dbdaa50ca18d1ad19296eb22088e57e5ae38ffc4"}
{"index": {"_index":"pob","_id":"3156773"}}
	{"id":3156773,"type":"sell","buyer":"trostparadox","seller":"he-index","symbol":"POB","quantity":"0.04000000","price":"0.02000020","timestamp":1649455389,"volume":"0.00080001","buyTxId":"d1377aecb431ba5ec5571500da7b53a72203115b","sellTxId":"cd0c58c13ed72ecc9ba5a0a955d8504bc8fa40b9"}
{"index": {"_index":"pob","_id":"3156964"}}
	{"id":3156964,"type":"sell","buyer":"trostparadox","seller":"taskmaster4450","symbol":"POB","quantity":"134.15256784","price":"0.02000020","timestamp":1649457939,"volume":"2.68307819","buyTxId":"d1377aecb431ba5ec5571500da7b53a72203115b","sellTxId":"db7a8077d3aeecc55e87e56ee6b2329957de623e"}
{"index": {"_index":"pob","_id":"3156969"}}
	{"id":3156969,"type":"sell","buyer":"trostparadox","seller":"mein-senf-dazu","symbol":"POB","quantity":"3.54668436","price":"0.02000020","timestamp":1649457978,"volume":"0.07093440","buyTxId":"d1377aecb431ba5ec5571500da7b53a72203115b","sellTxId":"a7db8bad3a071b45123e67ea06f96fce2e6f7d36"}
{"index": {"_index":"pob","_id":"3156998"}}
	{"id":3156998,"type":"sell","buyer":"trostparadox","seller":"stayoutoftherz","symbol":"POB","quantity":"59.00000000","price":"0.02000020","timestamp":1649458254,"volume":"1.18001180","buyTxId":"d1377aecb431ba5ec5571500da7b53a72203115b","sellTxId":"b92531fcec6372673c6533a10f56953fd4eddcb1"}
{"index": {"_index":"pob","_id":"3157049"}}
	{"id":3157049,"type":"sell","buyer":"trostparadox","seller":"mein-senf-dazu","symbol":"POB","quantity":"0.89745300","price":"0.02000020","timestamp":1649458929,"volume":"0.01794924","buyTxId":"d1377aecb431ba5ec5571500da7b53a72203115b","sellTxId":"784a96b9cb37f9e628b4e2168b9819cff41f15b3"}
{"index": {"_index":"pob","_id":"3157219"}}
	{"id":3157219,"type":"sell","buyer":"richardcrill","seller":"andy4475","symbol":"POB","quantity":"32.28144098","price":"0.02010020","timestamp":1649460933,"volume":"0.64886342","buyTxId":"MM-P-16356756-63345820-3-12-0","sellTxId":"0604011aedffc79e284dbfbc7854457c42e10e90"}
{"index": {"_index":"pob","_id":"3157272"}}
	{"id":3157272,"type":"sell","buyer":"richardcrill","seller":"harveyword","symbol":"POB","quantity":"4.53410296","price":"0.02010020","timestamp":1649462136,"volume":"0.09113638","buyTxId":"MM-P-16356756-63345820-3-12-0","sellTxId":"b8b618087ba8b9039d4c04d059cb798b9c2d1836"}
{"index": {"_index":"pob","_id":"3157318"}}
	{"id":3157318,"type":"sell","buyer":"richardcrill","seller":"brofi-market","symbol":"POB","quantity":"8.16288474","price":"0.02010020","timestamp":1649463213,"volume":"0.16407562","buyTxId":"MM-P-16356756-63345820-3-12-0","sellTxId":"be1b22f3e985b68a8dfac0fb7a3d42820b163f44"}
{"index": {"_index":"pob","_id":"3157465"}}
	{"id":3157465,"type":"sell","buyer":"richardcrill","seller":"operahoser","symbol":"POB","quantity":"0.86140969","price":"0.02010020","timestamp":1649464833,"volume":"0.01731451","buyTxId":"MM-P-16356756-63345820-3-12-0","sellTxId":"2f5ec24bd8ae3d9de53b5f8cc631f01a9905d831"}
{"index": {"_index":"pob","_id":"3157507"}}
	{"id":3157507,"type":"sell","buyer":"richardcrill","seller":"dhedge-drips","symbol":"POB","quantity":"0.87459480","price":"0.02010020","timestamp":1649465250,"volume":"0.01757953","buyTxId":"MM-P-16356756-63345820-3-12-0","sellTxId":"1493e7b739027083bda2053283bfa5115d6436e7"}
{"index": {"_index":"pob","_id":"3157709"}}
	{"id":3157709,"type":"sell","buyer":"richardcrill","seller":"sunset.curator","symbol":"POB","quantity":"2.28558095","price":"0.02010020","timestamp":1649468367,"volume":"0.04594063","buyTxId":"MM-P-16356756-63345820-3-12-0","sellTxId":"69631bab91a33ee5a7dd13c1ede1a436cce134df"}
{"index": {"_index":"pob","_id":"3157806"}}
	{"id":3157806,"type":"sell","buyer":"richardcrill","seller":"scooter77","symbol":"POB","quantity":"28.44713742","price":"0.02010020","timestamp":1649469393,"volume":"0.57179315","buyTxId":"MM-P-16356756-63345820-3-12-0","sellTxId":"429c6abe09e22d8fb43a370a5d56edd4720293d6"}
{"index": {"_index":"pob","_id":"3157807"}}
	{"id":3157807,"type":"sell","buyer":"richardcrill","seller":"steem82868","symbol":"POB","quantity":"0.09463493","price":"0.02010020","timestamp":1649469405,"volume":"0.00190218","buyTxId":"MM-P-16356756-63345820-3-12-0","sellTxId":"d12b3eb8dc998c8b62377578291acc8f369b4b66"}
{"index": {"_index":"pob","_id":"3157895"}}
	{"id":3157895,"type":"sell","buyer":"richardcrill","seller":"bearmol","symbol":"POB","quantity":"0.55767821","price":"0.02010020","timestamp":1649470464,"volume":"0.01120944","buyTxId":"MM-P-16356756-63345820-3-12-0","sellTxId":"a255da0daeea6821487d96bd634ee1111b62568b"}
