{"index": {"_index":"pob","_id":"1156927"}}
	{"id":1156927,"type":"sell","buyer":"anadolu","seller":"holybread","symbol":"POB","quantity":"0.07737269","price":"1.00000000","timestamp":1624158834,"volume":"0.07737269","buyTxId":"ea496edb27e3577f08f0c122139771b317eebba8","sellTxId":"03eeaffc7f0a3223abb763d11b47004cb37dd8e5"}
{"index": {"_index":"pob","_id":"1156931"}}
	{"id":1156931,"type":"sell","buyer":"anadolu","seller":"dwinblood","symbol":"POB","quantity":"40.92300000","price":"1.00000000","timestamp":1624159011,"volume":"40.92300000","buyTxId":"ea496edb27e3577f08f0c122139771b317eebba8","sellTxId":"2ca4ed533130208e1bb9b382691d328d6790ad27"}
{"index": {"_index":"pob","_id":"1156932"}}
	{"id":1156932,"type":"sell","buyer":"anadolu","seller":"scooter77","symbol":"POB","quantity":"45.00000000","price":"1.00000000","timestamp":1624159059,"volume":"45.00000000","buyTxId":"ea496edb27e3577f08f0c122139771b317eebba8","sellTxId":"ee1290ef0b78a5626736e65051dd40aa1344911f"}
{"index": {"_index":"pob","_id":"1156938"}}
	{"id":1156938,"type":"buy","buyer":"turkiye","seller":"bluesniper","symbol":"POB","quantity":"0.30625974","price":"1.03920000","timestamp":1624159218,"volume":"0.31826513","buyTxId":"c0ba7e0e9cdd4903c3abd2e3f048950112bf1640","sellTxId":"MM-P-7958523-54935391-3-5-1"}
{"index": {"_index":"pob","_id":"1156948"}}
	{"id":1156948,"type":"sell","buyer":"anadolu","seller":"tlundy47","symbol":"POB","quantity":"0.00194990","price":"1.00000000","timestamp":1624160073,"volume":"0.00194990","buyTxId":"ea496edb27e3577f08f0c122139771b317eebba8","sellTxId":"0e57a6eb0d849e4ea445423d72548eabf03a8bbb"}
{"index": {"_index":"pob","_id":"1156949"}}
	{"id":1156949,"type":"sell","buyer":"anadolu","seller":"felipejoys","symbol":"POB","quantity":"1.00000000","price":"1.00000000","timestamp":1624160076,"volume":"1.00000000","buyTxId":"ea496edb27e3577f08f0c122139771b317eebba8","sellTxId":"29de5a147d3fac2cff2371ff0e93e9d6cabbb322"}
{"index": {"_index":"pob","_id":"1156952"}}
	{"id":1156952,"type":"buy","buyer":"offgridlife","seller":"bluesniper","symbol":"POB","quantity":"0.01000000","price":"1.03914000","timestamp":1624160166,"volume":"0.01039140","buyTxId":"c58cbc4be7ba5a20ad418976d6dc4abea799470e","sellTxId":"MM-P-7958817-54935689-3-5-1"}
{"index": {"_index":"pob","_id":"1156953"}}
	{"id":1156953,"type":"buy","buyer":"offgridlife","seller":"bluesniper","symbol":"POB","quantity":"0.01000000","price":"1.03912000","timestamp":1624160175,"volume":"0.01039120","buyTxId":"06c012a73ab28808a63aac610515525ea624dd42","sellTxId":"MM-P-7958913-54935788-3-5-0"}
{"index": {"_index":"pob","_id":"1156954"}}
	{"id":1156954,"type":"buy","buyer":"offgridlife","seller":"bluesniper","symbol":"POB","quantity":"0.01000000","price":"1.03912000","timestamp":1624160187,"volume":"0.01039120","buyTxId":"dd88445b37d38e2ed5d047d371f0b77bc7647e0d","sellTxId":"MM-P-7958913-54935788-3-5-0"}
{"index": {"_index":"pob","_id":"1156955"}}
	{"id":1156955,"type":"buy","buyer":"offgridlife","seller":"bluesniper","symbol":"POB","quantity":"0.01000000","price":"1.03912000","timestamp":1624160199,"volume":"0.01039120","buyTxId":"b227023a4b96dc2878b3f299fd3353788d5b73e1","sellTxId":"MM-P-7958913-54935788-3-5-0"}
{"index": {"_index":"pob","_id":"1156965"}}
	{"id":1156965,"type":"sell","buyer":"gimme-your-coinz","seller":"taseli","symbol":"POB","quantity":"0.04171803","price":"0.86011003","timestamp":1624160556,"volume":"0.03588210","buyTxId":"dc0790dbb519083fcc7dd4b9b6aa057705e6bcec","sellTxId":"a115b44d587cdede4e0c080f9d9c010af656fd5e"}
{"index": {"_index":"pob","_id":"1156970"}}
	{"id":1156970,"type":"sell","buyer":"gimme-your-coinz","seller":"ahmetay","symbol":"POB","quantity":"0.01404636","price":"0.86023006","timestamp":1624160850,"volume":"0.01208310","buyTxId":"02a4389612ff65d3f28ccc3da101f539a67944b9","sellTxId":"df948a47dab09d642c3d0b8e8e7f40ee42067cb3"}
{"index": {"_index":"pob","_id":"1156971"}}
	{"id":1156971,"type":"sell","buyer":"gimme-your-coinz","seller":"melbourneswest","symbol":"POB","quantity":"2.40582298","price":"0.86023006","timestamp":1624160859,"volume":"2.06956125","buyTxId":"02a4389612ff65d3f28ccc3da101f539a67944b9","sellTxId":"b3d5c9a5041ce589a34b92c5cf25f1ac8215d364"}
{"index": {"_index":"pob","_id":"1157002"}}
	{"id":1157002,"type":"sell","buyer":"interpretation","seller":"ahmetay","symbol":"POB","quantity":"0.00000300","price":"1.02000000","timestamp":1624162041,"volume":"0.00000306","buyTxId":"1769743f756191bd924b3f845ae836ddc1d2a480","sellTxId":"0e2d84a2107c7726029432eb076806c1bd4d51c6"}
{"index": {"_index":"pob","_id":"1157014"}}
	{"id":1157014,"type":"sell","buyer":"interpretation","seller":"pablodare","symbol":"POB","quantity":"0.00000069","price":"1.02000000","timestamp":1624162845,"volume":"0.00000070","buyTxId":"1769743f756191bd924b3f845ae836ddc1d2a480","sellTxId":"8ad9953cd565bd8ff447522f90008e532feeee1a"}
{"index": {"_index":"pob","_id":"1157017"}}
	{"id":1157017,"type":"sell","buyer":"gimme-your-coinz","seller":"pablodare","symbol":"POB","quantity":"0.96755270","price":"0.86083020","timestamp":1624162935,"volume":"0.83289858","buyTxId":"28b40e16c91a48003aeb106795e7fa8bf7019c7b","sellTxId":"a2264b28f1e0a36dd629654bfd035e93fc6679f7"}
{"index": {"_index":"pob","_id":"1157051"}}
	{"id":1157051,"type":"buy","buyer":"anadolu","seller":"coffeelovers","symbol":"POB","quantity":"4.23665700","price":"1.03000000","timestamp":1624164465,"volume":"4.36375671","buyTxId":"7d1edc55120d085cbe2fbd4345d38ced57da042a","sellTxId":"7f8bce9559e76d5ea939bce6f035a6b74474712f"}
{"index": {"_index":"pob","_id":"1157112"}}
	{"id":1157112,"type":"sell","buyer":"gimme-your-coinz","seller":"clixmoney","symbol":"POB","quantity":"7.04760115","price":"0.86239059","timestamp":1624166811,"volume":"6.07778491","buyTxId":"f897416b2914f7f59842d5b64e0ace24d19522d3","sellTxId":"4989a510f9db8e37db74a8de0ae456906491b304"}
{"index": {"_index":"pob","_id":"1157136"}}
	{"id":1157136,"type":"sell","buyer":"richardcrill","seller":"ahmetay","symbol":"POB","quantity":"0.09400936","price":"0.86310075","timestamp":1624168464,"volume":"0.08113955","buyTxId":"MM-P-7961614-54938548-3-10-0","sellTxId":"7a4943bc34c93ad6e9439b148df782ab295bdc92"}
{"index": {"_index":"pob","_id":"1157141"}}
	{"id":1157141,"type":"sell","buyer":"gimme-your-coinz","seller":"jesustiano","symbol":"POB","quantity":"0.00000288","price":"0.86311077","timestamp":1624168629,"volume":"0.00000249","buyTxId":"49ffcea21073491d5035e6662b9f56d76fff0e2c","sellTxId":"9f0cdd9005b85eac2059cf638955d1d2f5d602f5"}
{"index": {"_index":"pob","_id":"1157153"}}
	{"id":1157153,"type":"buy","buyer":"gimme-your-coinz","seller":"ctrpch","symbol":"POB","quantity":"0.61771025","price":"0.96143035","timestamp":1624168848,"volume":"0.59388538","buyTxId":"2dd4e988efc6b6388c720edb54aa8d03c278705f","sellTxId":"aabd3cc4be78ab9c5f69515620a4e6f265503065"}
{"index": {"_index":"pob","_id":"1157154"}}
	{"id":1157154,"type":"buy","buyer":"gimme-your-coinz","seller":"coffeelovers","symbol":"POB","quantity":"0.00000048","price":"1.03000000","timestamp":1624168848,"volume":"0.00000049","buyTxId":"2dd4e988efc6b6388c720edb54aa8d03c278705f","sellTxId":"7f8bce9559e76d5ea939bce6f035a6b74474712f"}
{"index": {"_index":"pob","_id":"1157155"}}
	{"id":1157155,"type":"buy","buyer":"gimme-your-coinz","seller":"bluesniper","symbol":"POB","quantity":"0.00588712","price":"1.03856000","timestamp":1624168848,"volume":"0.00611413","buyTxId":"2dd4e988efc6b6388c720edb54aa8d03c278705f","sellTxId":"MM-P-7961651-54938585-3-5-1"}
{"index": {"_index":"pob","_id":"1157184"}}
	{"id":1157184,"type":"buy","buyer":"small1axe","seller":"take-my-coinz","symbol":"POB","quantity":"41.11712801","price":"1.03843988","timestamp":1624170519,"volume":"42.69766548","buyTxId":"f2d5e19e0fbd67bde93dd9a3c99b880ee0a5c9cb","sellTxId":"6503c17cf611af8eabb661acfb8fe6b6f5d006a4"}
{"index": {"_index":"pob","_id":"1157191"}}
	{"id":1157191,"type":"sell","buyer":"gimme-your-coinz","seller":"invest4free","symbol":"POB","quantity":"3.00000000","price":"0.86407101","timestamp":1624171029,"volume":"2.59221303","buyTxId":"5f1fec6662e994ff2b15c0e3ff07619df54821cd","sellTxId":"74a9962434ff52b5c8dbe38e44f72d8826cbfcd9"}
{"index": {"_index":"pob","_id":"1157200"}}
	{"id":1157200,"type":"sell","buyer":"gimme-your-coinz","seller":"ahmetay","symbol":"POB","quantity":"0.00604352","price":"0.87001002","timestamp":1624171305,"volume":"0.00525792","buyTxId":"70f2c514a81c2bbc8f572f31e6aae6f57e9f10d9","sellTxId":"55ef5c20eab27319162802857aace5893dc5edda"}
{"index": {"_index":"pob","_id":"1157203"}}
	{"id":1157203,"type":"buy","buyer":"olezoom","seller":"take-my-coinz","symbol":"POB","quantity":"1.00000000","price":"1.03837982","timestamp":1624171371,"volume":"1.03837982","buyTxId":"8fc689e100893f21c7d76092ba7cfc36c7b2c418","sellTxId":"05d497ae6d7e340abd0fac31c89cbe76379ca342"}
{"index": {"_index":"pob","_id":"1157205"}}
	{"id":1157205,"type":"sell","buyer":"gimme-your-coinz","seller":"travelgirl","symbol":"POB","quantity":"1.45303163","price":"0.87001002","timestamp":1624171416,"volume":"1.26415208","buyTxId":"70f2c514a81c2bbc8f572f31e6aae6f57e9f10d9","sellTxId":"02493bafaa96a2accc5db646e484e4b6101725c9"}
{"index": {"_index":"pob","_id":"1157221"}}
	{"id":1157221,"type":"sell","buyer":"gimme-your-coinz","seller":"ahmetay","symbol":"POB","quantity":"0.01990156","price":"0.87037011","timestamp":1624172253,"volume":"0.01732172","buyTxId":"33545b3e75f4850097dd3b7eb4a228442f7c0c11","sellTxId":"32d2480214b477f75a6011a2c4608aa50d6361a3"}
{"index": {"_index":"pob","_id":"1157222"}}
	{"id":1157222,"type":"sell","buyer":"mmmmkkkk311","seller":"itharagaian","symbol":"POB","quantity":"0.15000000","price":"0.87050014","timestamp":1624172625,"volume":"0.13057502","buyTxId":"MM-P-7962972-54939935-3-2-0","sellTxId":"20eefc88a6a9760cf151ecdd94ca8cd00d859cdb"}
{"index": {"_index":"pob","_id":"1157233"}}
	{"id":1157233,"type":"sell","buyer":"gimme-your-coinz","seller":"clixmoney","symbol":"POB","quantity":"25.22353918","price":"0.87096025","timestamp":1624173633,"volume":"21.96869999","buyTxId":"28f35be5f4079a47c13d9e6f914a1c01d63f4b8a","sellTxId":"3b62df56e1da0c954339eb6760636ef440609851"}
{"index": {"_index":"pob","_id":"1157265"}}
	{"id":1157265,"type":"sell","buyer":"gimme-your-coinz","seller":"ctpsb","symbol":"POB","quantity":"4.61000000","price":"0.87156040","timestamp":1624175166,"volume":"4.01789344","buyTxId":"f71d7ff04ecf38c56a41bb533c9561997ef510fa","sellTxId":"5a8743385ee1d45289dd8d9f8683adb007272f00"}
{"index": {"_index":"pob","_id":"1157277"}}
	{"id":1157277,"type":"sell","buyer":"gimme-your-coinz","seller":"brofi-market","symbol":"POB","quantity":"10.05701814","price":"0.87157041","timestamp":1624175250,"volume":"8.76539942","buyTxId":"9de9d757ebe7c8ad3aa07891a2bf9dd6582506f7","sellTxId":"e589c72e6d10d354616e3f8ebc588c2001994750"}
{"index": {"_index":"pob","_id":"1157311"}}
	{"id":1157311,"type":"buy","buyer":"gidlark","seller":"take-my-coinz","symbol":"POB","quantity":"0.07332000","price":"1.03809954","timestamp":1624175502,"volume":"0.07611346","buyTxId":"1cfd482ab463081661221b159d97f773211ad6e2","sellTxId":"f18a18debc6f09c8129f6f2adf887a08d673fcaf"}
{"index": {"_index":"pob","_id":"1157350"}}
	{"id":1157350,"type":"sell","buyer":"gimme-your-coinz","seller":"melbourneswest","symbol":"POB","quantity":"3.46032149","price":"0.87217056","timestamp":1624176798,"volume":"3.01799053","buyTxId":"2b3a7c80edea6c4da2585f0b96cbcef910c7eff3","sellTxId":"041d65af93e68a56c29bf2b79425d8e3421b43a0"}
{"index": {"_index":"pob","_id":"1157365"}}
	{"id":1157365,"type":"sell","buyer":"gimme-your-coinz","seller":"madstacks","symbol":"POB","quantity":"44.00000000","price":"0.87253065","timestamp":1624177710,"volume":"38.39134860","buyTxId":"02deefd3ecac9bd2db616014dd44ee662a02c80d","sellTxId":"a84dd70d3e3b3465ac9ae488b696b1dc20e78464"}
{"index": {"_index":"pob","_id":"1157366"}}
	{"id":1157366,"type":"sell","buyer":"freebornsociety","seller":"madstacks","symbol":"POB","quantity":"1.14609156","price":"0.87253064","timestamp":1624177710,"volume":"1.00000000","buyTxId":"MM-P-7964606-54941579-3-3-0","sellTxId":"a84dd70d3e3b3465ac9ae488b696b1dc20e78464"}
{"index": {"_index":"pob","_id":"1157367"}}
	{"id":1157367,"type":"sell","buyer":"gimme-your-coinz","seller":"madstacks","symbol":"POB","quantity":"1.13181817","price":"0.87252064","timestamp":1624177710,"volume":"0.98753471","buyTxId":"78bad8f26f2882b0ac75ec6df3c0f372b56698de","sellTxId":"a84dd70d3e3b3465ac9ae488b696b1dc20e78464"}
{"index": {"_index":"pob","_id":"1157374"}}
	{"id":1157374,"type":"sell","buyer":"gimme-your-coinz","seller":"ftfund","symbol":"POB","quantity":"1.50660763","price":"0.87276070","timestamp":1624178250,"volume":"1.31490793","buyTxId":"bf6d2051b582d8c2f33e18d3910a3e8ba4772635","sellTxId":"71dfff1162eaee96b1c3d42b01f50b9d7657021b"}
{"index": {"_index":"pob","_id":"1157384"}}
	{"id":1157384,"type":"buy","buyer":"nathanpieters","seller":"take-my-coinz","symbol":"POB","quantity":"0.12384801","price":"1.01993992","timestamp":1624178730,"volume":"0.12631753","buyTxId":"8c8fda4fa8d26d0fa2ab7d4cf320a3141df9ddd9","sellTxId":"b1367cadb2e50a47d32b828a04daa24496793829"}
{"index": {"_index":"pob","_id":"1157395"}}
	{"id":1157395,"type":"buy","buyer":"nathanpieters","seller":"take-my-coinz","symbol":"POB","quantity":"0.40335179","price":"1.01991990","timestamp":1624178925,"volume":"0.41138652","buyTxId":"6d41bdaa18eecb6d0e3ef8db8c52d1124a6c47a3","sellTxId":"0919998e46afb22caf681cad5a4c30c4885f9107"}
{"index": {"_index":"pob","_id":"1157420"}}
	{"id":1157420,"type":"sell","buyer":"gimme-your-coinz","seller":"cryptoandcoffee","symbol":"POB","quantity":"6.00000000","price":"0.87384097","timestamp":1624180998,"volume":"5.24304582","buyTxId":"b6444860f935d70c7472f1fc0e9cafd79656ab62","sellTxId":"674ecdd9d1980a449c905583755edee451f9754e"}
{"index": {"_index":"pob","_id":"1157436"}}
	{"id":1157436,"type":"sell","buyer":"gimme-your-coinz","seller":"trumpman","symbol":"POB","quantity":"28.90171153","price":"0.87432109","timestamp":1624182198,"volume":"25.26937593","buyTxId":"c3f3df2345689965f7b2378e712a610be93c6fc1","sellTxId":"2c0edf37298566083c7ba5f74f85899e14b6f574"}
{"index": {"_index":"pob","_id":"1157449"}}
	{"id":1157449,"type":"sell","buyer":"gimme-your-coinz","seller":"airdropbounties","symbol":"POB","quantity":"7.82581019","price":"0.87536010","timestamp":1624183239,"volume":"6.85040199","buyTxId":"bf86c59257c932a42fb475e1f0cacd8090342b48","sellTxId":"8e7dc011a3c0914df69c56634ca312b8b563192d"}
{"index": {"_index":"pob","_id":"1157459"}}
	{"id":1157459,"type":"sell","buyer":"gimme-your-coinz","seller":"thegoliath","symbol":"POB","quantity":"3.21831810","price":"0.87561017","timestamp":1624183962,"volume":"2.81799206","buyTxId":"6dc3773a8ca3b063fede7cfbd1fbf2ff9e1b69ca","sellTxId":"d15a79025761a2569a73d99f631367f9618d6246"}
{"index": {"_index":"pob","_id":"1157467"}}
	{"id":1157467,"type":"sell","buyer":"gimme-your-coinz","seller":"victor-alexander","symbol":"POB","quantity":"3.20501065","price":"0.87585023","timestamp":1624184604,"volume":"2.80710931","buyTxId":"6db76b6c4d8db9a7a681e8c6ab86b3f69899f6b6","sellTxId":"d54162e548e26576b69c0d869d809f0075278e8d"}
{"index": {"_index":"pob","_id":"1157522"}}
	{"id":1157522,"type":"sell","buyer":"gimme-your-coinz","seller":"paulmoon410","symbol":"POB","quantity":"1.98259303","price":"0.87645038","timestamp":1624186014,"volume":"1.73764441","buyTxId":"9cc89360c722e191bccc6ecf38d7cb8161849d8e","sellTxId":"f540808a5153ce6bb91fbc15c5a741617e2169be"}
{"index": {"_index":"pob","_id":"1157524"}}
	{"id":1157524,"type":"sell","buyer":"gimme-your-coinz","seller":"revisesociology","symbol":"POB","quantity":"25.00000000","price":"0.87645038","timestamp":1624186071,"volume":"21.91125950","buyTxId":"9cc89360c722e191bccc6ecf38d7cb8161849d8e","sellTxId":"e991f76beeb7fe76e4731e8ae9c6f15545239952"}
{"index": {"_index":"pob","_id":"1157529"}}
	{"id":1157529,"type":"buy","buyer":"elricmoonslayer","seller":"take-my-coinz","symbol":"POB","quantity":"2.00000000","price":"0.99982961","timestamp":1624186161,"volume":"1.99965922","buyTxId":"8b85485f11ecbc46d5b0b3023b033cf57cf3f8dd","sellTxId":"d5c71fa2283a8a0f0f38570805d8cc6274e1fa38"}
{"index": {"_index":"pob","_id":"1157569"}}
	{"id":1157569,"type":"sell","buyer":"gimme-your-coinz","seller":"anadolu","symbol":"POB","quantity":"44.00000000","price":"0.87669044","timestamp":1624186755,"volume":"38.57437936","buyTxId":"660307c706b1ab360c7ef13303cc7896df596093","sellTxId":"24e59f678afd23198027f722df38ad783105ce32"}
{"index": {"_index":"pob","_id":"1157570"}}
	{"id":1157570,"type":"sell","buyer":"mmmmkkkk311","seller":"anadolu","symbol":"POB","quantity":"37.64156522","price":"0.87669043","timestamp":1624186755,"volume":"33.00000000","buyTxId":"MM-P-7967633-54944630-3-2-0","sellTxId":"24e59f678afd23198027f722df38ad783105ce32"}
{"index": {"_index":"pob","_id":"1157571"}}
	{"id":1157571,"type":"sell","buyer":"freebornsociety","seller":"anadolu","symbol":"POB","quantity":"1.14066652","price":"0.87668042","timestamp":1624186755,"volume":"1.00000000","buyTxId":"MM-P-7967580-54944577-3-3-0","sellTxId":"24e59f678afd23198027f722df38ad783105ce32"}
{"index": {"_index":"pob","_id":"1157572"}}
	{"id":1157572,"type":"sell","buyer":"richardcrill","seller":"anadolu","symbol":"POB","quantity":"44.68631081","price":"0.87667041","timestamp":1624186755,"volume":"39.17516642","buyTxId":"MM-P-7967544-54944541-3-10-0","sellTxId":"24e59f678afd23198027f722df38ad783105ce32"}
{"index": {"_index":"pob","_id":"1157573"}}
	{"id":1157573,"type":"sell","buyer":"ctime","seller":"anadolu","symbol":"POB","quantity":"39.97806506","price":"0.87548009","timestamp":1624186755,"volume":"35.00000000","buyTxId":"MM-P-7967633-54944630-3-22-0","sellTxId":"24e59f678afd23198027f722df38ad783105ce32"}
{"index": {"_index":"pob","_id":"1157574"}}
	{"id":1157574,"type":"sell","buyer":"bluesniper","seller":"anadolu","symbol":"POB","quantity":"26.55339239","price":"0.87547009","timestamp":1624186755,"volume":"23.24670083","buyTxId":"MM-P-7967580-54944577-3-5-0","sellTxId":"24e59f678afd23198027f722df38ad783105ce32"}
{"index": {"_index":"pob","_id":"1157592"}}
	{"id":1157592,"type":"sell","buyer":"gimme-your-coinz","seller":"stickupboys","symbol":"POB","quantity":"1.73363132","price":"0.87549012","timestamp":1624187082,"volume":"1.51777709","buyTxId":"dc25cd0ee09d0d4701bd25eb9593a4d0181a7589","sellTxId":"f38de515a5af70cc726ecb9906fcfe398a89675f"}
{"index": {"_index":"pob","_id":"1157600"}}
	{"id":1157600,"type":"sell","buyer":"gimme-your-coinz","seller":"flaxz","symbol":"POB","quantity":"1.3849","price":"0.87551014","timestamp":1624187397,"volume":"1.21249399","buyTxId":"fcdf0e2d0e2ce24d59d5a51759b5930a6fd9e9ba","sellTxId":"5e80f32243c4e2e29f0ef0203ee8b5efeede5ab4"}
{"index": {"_index":"pob","_id":"1157620"}}
	{"id":1157620,"type":"sell","buyer":"mmmmkkkk311","seller":"ykretz.sports","symbol":"POB","quantity":"0.39222476","price":"0.87555017","timestamp":1624187934,"volume":"0.34341246","buyTxId":"MM-P-7968033-54945030-3-2-0","sellTxId":"d4d72200171fb2aca5113f42fae97ae86784ab13"}
{"index": {"_index":"pob","_id":"1157635"}}
	{"id":1157635,"type":"sell","buyer":"gimme-your-coinz","seller":"babytarazkp","symbol":"POB","quantity":"5.08391415","price":"0.87556019","timestamp":1624188222,"volume":"4.45127284","buyTxId":"ff810c33dc8a86067d3df8fa57debe6a1a84b407","sellTxId":"0642783c4fe50439d3a4c344cbfdd4a560088e8c"}
{"index": {"_index":"pob","_id":"1157653"}}
	{"id":1157653,"type":"buy","buyer":"ezrider","seller":"take-my-coinz","symbol":"POB","quantity":"66.00000000","price":"0.99973943","timestamp":1624188789,"volume":"65.98280238","buyTxId":"7e428461af9c0960870a2404efdcc4ecce7fe7d6","sellTxId":"5ef04e798f830cbdcb7f96defa23773921cdc006"}
{"index": {"_index":"pob","_id":"1157654"}}
	{"id":1157654,"type":"buy","buyer":"ezrider","seller":"bluesniper","symbol":"POB","quantity":"29.00000000","price":"0.99973945","timestamp":1624188789,"volume":"28.99244405","buyTxId":"7e428461af9c0960870a2404efdcc4ecce7fe7d6","sellTxId":"MM-P-7968280-54945277-3-5-0"}
{"index": {"_index":"pob","_id":"1157655"}}
	{"id":1157655,"type":"buy","buyer":"ezrider","seller":"captaincryptic","symbol":"POB","quantity":"11.55393557","price":"0.99992983","timestamp":1624188789,"volume":"11.55312483","buyTxId":"7e428461af9c0960870a2404efdcc4ecce7fe7d6","sellTxId":"249c522d12b32c3ce400c1eea949023c3a924a11"}
{"index": {"_index":"pob","_id":"1157656"}}
	{"id":1157656,"type":"buy","buyer":"ezrider","seller":"chekohler","symbol":"POB","quantity":"5.00000000","price":"0.99994000","timestamp":1624188789,"volume":"4.99970000","buyTxId":"7e428461af9c0960870a2404efdcc4ecce7fe7d6","sellTxId":"9fabe5f0485ae49ba717a197d53d98c94cc48c05"}
{"index": {"_index":"pob","_id":"1157657"}}
	{"id":1157657,"type":"buy","buyer":"ezrider","seller":"jocieprosza","symbol":"POB","quantity":"4.69558060","price":"1.00000000","timestamp":1624188789,"volume":"4.69558060","buyTxId":"7e428461af9c0960870a2404efdcc4ecce7fe7d6","sellTxId":"324e62e1d8c7ed25b29ea55ce4f6a02740684a2d"}
{"index": {"_index":"pob","_id":"1157658"}}
	{"id":1157658,"type":"buy","buyer":"ezrider","seller":"erikah","symbol":"POB","quantity":"10.66235662","price":"1.00000000","timestamp":1624188789,"volume":"10.66235662","buyTxId":"7e428461af9c0960870a2404efdcc4ecce7fe7d6","sellTxId":"6670f0552f93da2f9ffc00349b168f5a0c0f56b5"}
{"index": {"_index":"pob","_id":"1157659"}}
	{"id":1157659,"type":"buy","buyer":"ezrider","seller":"freebornsociety","symbol":"POB","quantity":"75.00000000","price":"1.01978497","timestamp":1624188789,"volume":"76.48387275","buyTxId":"7e428461af9c0960870a2404efdcc4ecce7fe7d6","sellTxId":"MM-P-7965698-54942677-3-3-1"}
{"index": {"_index":"pob","_id":"1157660"}}
	{"id":1157660,"type":"buy","buyer":"ezrider","seller":"liotes.voter","symbol":"POB","quantity":"3.58375922","price":"1.01981501","timestamp":1624188789,"volume":"3.65477144","buyTxId":"7e428461af9c0960870a2404efdcc4ecce7fe7d6","sellTxId":"9578bf09ce0d46b3200c14bea2bed9fc968e7484"}
{"index": {"_index":"pob","_id":"1157661"}}
	{"id":1157661,"type":"buy","buyer":"ezrider","seller":"thisismylife","symbol":"POB","quantity":"12.50436799","price":"1.02000000","timestamp":1624188789,"volume":"12.75445535","buyTxId":"7e428461af9c0960870a2404efdcc4ecce7fe7d6","sellTxId":"f81bf67924af7f1c1e3d8339203b8b76f2772c4d"}
{"index": {"_index":"pob","_id":"1157695"}}
	{"id":1157695,"type":"sell","buyer":"bilpcoinbpc","seller":"numismatist540","symbol":"POB","quantity":"1.00000000","price":"0.88000000","timestamp":1624189629,"volume":"0.88000000","buyTxId":"6b707ecf9bd046ad0d7abd8367cec7bbe4727f8f","sellTxId":"942a877403232e586e1a16e41ce76d19a1f97aba"}
{"index": {"_index":"pob","_id":"1157699"}}
	{"id":1157699,"type":"sell","buyer":"gimme-your-coinz","seller":"numismatist540","symbol":"POB","quantity":"3.23067312","price":"0.87600001","timestamp":1624189695,"volume":"2.83006969","buyTxId":"434395b1f2ce88fc5c77a0bcdb6e641ab5ccb63f","sellTxId":"c16669d383fded343abeaf18a6ad26d44280bb5f"}
{"index": {"_index":"pob","_id":"1157700"}}
	{"id":1157700,"type":"sell","buyer":"gimme-your-coinz","seller":"ftfund","symbol":"POB","quantity":"0.96065699","price":"0.87600001","timestamp":1624189701,"volume":"0.84153553","buyTxId":"434395b1f2ce88fc5c77a0bcdb6e641ab5ccb63f","sellTxId":"fdb2774cd175cfd8187629065ab6266f764503d0"}
{"index": {"_index":"pob","_id":"1157715"}}
	{"id":1157715,"type":"sell","buyer":"gimme-your-coinz","seller":"madstacks","symbol":"POB","quantity":"39.80866989","price":"0.87600001","timestamp":1624190271,"volume":"34.87239522","buyTxId":"434395b1f2ce88fc5c77a0bcdb6e641ab5ccb63f","sellTxId":"f6fed3d158965c24a0d5eb2bb289bcc96b0082e6"}
{"index": {"_index":"pob","_id":"1157716"}}
	{"id":1157716,"type":"sell","buyer":"bilpcoinbpc","seller":"madstacks","symbol":"POB","quantity":"1.00000000","price":"0.87600000","timestamp":1624190271,"volume":"0.87600000","buyTxId":"bcd9d7ae01ce7270a6d90dc53b333339b2615232","sellTxId":"f6fed3d158965c24a0d5eb2bb289bcc96b0082e6"}
{"index": {"_index":"pob","_id":"1157717"}}
	{"id":1157717,"type":"sell","buyer":"freebornsociety","seller":"madstacks","symbol":"POB","quantity":"1.14194328","price":"0.87570024","timestamp":1624190271,"volume":"1.00000000","buyTxId":"MM-P-7968778-54945775-3-3-0","sellTxId":"f6fed3d158965c24a0d5eb2bb289bcc96b0082e6"}
{"index": {"_index":"pob","_id":"1157718"}}
	{"id":1157718,"type":"sell","buyer":"mmmmkkkk311","seller":"madstacks","symbol":"POB","quantity":"0.61989611","price":"0.87569024","timestamp":1624190271,"volume":"0.54283697","buyTxId":"MM-P-7968731-54945728-3-2-0","sellTxId":"f6fed3d158965c24a0d5eb2bb289bcc96b0082e6"}
{"index": {"_index":"pob","_id":"1157721"}}
	{"id":1157721,"type":"sell","buyer":"bilpcoinbpc","seller":"bilpcoinbpc","symbol":"POB","quantity":"0.11000000","price":"0.88000000","timestamp":1624190631,"volume":"0.09680000","buyTxId":"5d20a7cc63d9b46add59fedb437bc74b31f1b299","sellTxId":"ebab42b61171faf371c81e170ef8ac5cd7a3d944"}
{"index": {"_index":"pob","_id":"1157722"}}
	{"id":1157722,"type":"buy","buyer":"leifasaur","seller":"take-my-coinz","symbol":"POB","quantity":"8.65000000","price":"0.98999998","timestamp":1624190652,"volume":"8.56349983","buyTxId":"9ecc4165ac86fd6f8117c33941de5be45513772d","sellTxId":"4346747559324c8072b9bc5936c1a00c93b39ba8"}
{"index": {"_index":"pob","_id":"1157728"}}
	{"id":1157728,"type":"sell","buyer":"bilpcoinbpc","seller":"lebah","symbol":"POB","quantity":"0.89000000","price":"0.88000000","timestamp":1624190865,"volume":"0.78320000","buyTxId":"5d20a7cc63d9b46add59fedb437bc74b31f1b299","sellTxId":"b3b38e306c61c6dc6d74035788e605851a255d91"}
{"index": {"_index":"pob","_id":"1157729"}}
	{"id":1157729,"type":"sell","buyer":"bilpcoinbpc","seller":"lebah","symbol":"POB","quantity":"2.00000000","price":"0.87600000","timestamp":1624190865,"volume":"1.75200000","buyTxId":"4b62bfd15acad19ca531d18b1d050b1f4818b8c4","sellTxId":"b3b38e306c61c6dc6d74035788e605851a255d91"}
{"index": {"_index":"pob","_id":"1157730"}}
	{"id":1157730,"type":"sell","buyer":"freebornsociety","seller":"lebah","symbol":"POB","quantity":"1.11000000","price":"0.87573027","timestamp":1624190865,"volume":"0.97206060","buyTxId":"MM-P-7968978-54945975-3-3-0","sellTxId":"b3b38e306c61c6dc6d74035788e605851a255d91"}
{"index": {"_index":"pob","_id":"1157753"}}
	{"id":1157753,"type":"sell","buyer":"bilpcoinbpc","seller":"liaminit1","symbol":"POB","quantity":"2.00000000","price":"0.88000000","timestamp":1624192044,"volume":"1.76000000","buyTxId":"744ed6a344e062d19bef80f4def22bb9fb4198f0","sellTxId":"e3546dcb49386e497188f5a7caedb0c98d34053e"}
{"index": {"_index":"pob","_id":"1157754"}}
	{"id":1157754,"type":"sell","buyer":"bilpcoinbpc","seller":"liaminit1","symbol":"POB","quantity":"0.64718010","price":"0.87700000","timestamp":1624192044,"volume":"0.56757695","buyTxId":"4c7c034413ae165995f398564269eb7a7810704e","sellTxId":"e3546dcb49386e497188f5a7caedb0c98d34053e"}
{"index": {"_index":"pob","_id":"1157767"}}
	{"id":1157767,"type":"sell","buyer":"bilpcoinbpc","seller":"cryptoandcoffee","symbol":"POB","quantity":"0.35281990","price":"0.87700000","timestamp":1624192542,"volume":"0.30942305","buyTxId":"4c7c034413ae165995f398564269eb7a7810704e","sellTxId":"5845ad6131a01e0ceca0f9f472889b74a482dbda"}
{"index": {"_index":"pob","_id":"1157785"}}
	{"id":1157785,"type":"buy","buyer":"trayan","seller":"bilpcoinbpc","symbol":"POB","quantity":"0.09542820","price":"0.98000000","timestamp":1624193730,"volume":"0.09351964","buyTxId":"3700c803a3f026a6c00d113e0bc9e2d363e60c33","sellTxId":"c1371d21fbb97e56c55ea9ef868d7c12e0f3a1cc"}
{"index": {"_index":"pob","_id":"1157804"}}
	{"id":1157804,"type":"sell","buyer":"bilpcoinbpc","seller":"khazrakh","symbol":"POB","quantity":"10.00000000","price":"0.87610000","timestamp":1624194246,"volume":"8.76100000","buyTxId":"4be47294d64566d9afe5e568c641383fad000683","sellTxId":"e7552d1e24b541ffa6b56907b3f7d435d5d60b8f"}
{"index": {"_index":"pob","_id":"1157805"}}
	{"id":1157805,"type":"sell","buyer":"freebornsociety","seller":"khazrakh","symbol":"POB","quantity":"0.19484334","price":"0.87607001","timestamp":1624194246,"volume":"0.17069641","buyTxId":"MM-P-7970066-54947072-3-3-0","sellTxId":"e7552d1e24b541ffa6b56907b3f7d435d5d60b8f"}
{"index": {"_index":"pob","_id":"1157808"}}
	{"id":1157808,"type":"sell","buyer":"freebornsociety","seller":"risingstargame","symbol":"POB","quantity":"0.94661795","price":"0.87607001","timestamp":1624194321,"volume":"0.82930359","buyTxId":"MM-P-7970066-54947072-3-3-0","sellTxId":"475add2228bc1f71e9b88ad68253625f7855ed51"}
{"index": {"_index":"pob","_id":"1157809"}}
	{"id":1157809,"type":"sell","buyer":"mmmmkkkk311","seller":"risingstargame","symbol":"POB","quantity":"2.63076008","price":"0.87601001","timestamp":1624194321,"volume":"2.30457216","buyTxId":"MM-P-7969231-54946228-3-2-0","sellTxId":"475add2228bc1f71e9b88ad68253625f7855ed51"}
{"index": {"_index":"pob","_id":"1157814"}}
	{"id":1157814,"type":"sell","buyer":"freebornsociety","seller":"clixmoney","symbol":"POB","quantity":"1.14152644","price":"0.87602001","timestamp":1624194786,"volume":"1.00000000","buyTxId":"MM-P-7970166-54947172-3-3-0","sellTxId":"17c6e0e7729af2c36d42532c0bfcd7555707b752"}
{"index": {"_index":"pob","_id":"1157815"}}
	{"id":1157815,"type":"sell","buyer":"mmmmkkkk311","seller":"clixmoney","symbol":"POB","quantity":"0.08726609","price":"0.87601001","timestamp":1624194786,"volume":"0.07644597","buyTxId":"MM-P-7969231-54946228-3-2-0","sellTxId":"17c6e0e7729af2c36d42532c0bfcd7555707b752"}
{"index": {"_index":"pob","_id":"1157820"}}
	{"id":1157820,"type":"buy","buyer":"interpretation","seller":"heruvim1978","symbol":"POB","quantity":"4.58626389","price":"0.87607000","timestamp":1624195653,"volume":"4.01788821","buyTxId":"c93e2ce1d86822e7fdd7d474cc9e286677be1f35","sellTxId":"1c171172ae275bcd76515e0bfa79f9ddd75f6f36"}
{"index": {"_index":"pob","_id":"1157828"}}
	{"id":1157828,"type":"buy","buyer":"tonytrillions","seller":"heruvim1978","symbol":"POB","quantity":"0.00000541","price":"0.87607000","timestamp":1624195914,"volume":"0.00000474","buyTxId":"6b2197d6306536c53538888c4fba5cf9bc749a40","sellTxId":"1c171172ae275bcd76515e0bfa79f9ddd75f6f36"}
{"index": {"_index":"pob","_id":"1157839"}}
	{"id":1157839,"type":"sell","buyer":"freebornsociety","seller":"no-advice","symbol":"POB","quantity":"1.14152644","price":"0.87602001","timestamp":1624196130,"volume":"1.00000000","buyTxId":"MM-P-7970363-54947372-3-3-0","sellTxId":"ec5ade7c244106af1e02adcf2f3a912f2e2a813c"}
{"index": {"_index":"pob","_id":"1157840"}}
	{"id":1157840,"type":"sell","buyer":"mmmmkkkk311","seller":"no-advice","symbol":"POB","quantity":"33.74045873","price":"0.87601001","timestamp":1624196130,"volume":"29.55697959","buyTxId":"MM-P-7969231-54946228-3-2-0","sellTxId":"ec5ade7c244106af1e02adcf2f3a912f2e2a813c"}
{"index": {"_index":"pob","_id":"1157846"}}
	{"id":1157846,"type":"buy","buyer":"gimme-your-coinz","seller":"heruvim1978","symbol":"POB","quantity":"0.57526632","price":"0.87607000","timestamp":1624196526,"volume":"0.50397356","buyTxId":"2e46afe800e3e7ba1c89d3363c76f62202441c6b","sellTxId":"1c171172ae275bcd76515e0bfa79f9ddd75f6f36"}
{"index": {"_index":"pob","_id":"1157847"}}
	{"id":1157847,"type":"buy","buyer":"gimme-your-coinz","seller":"bilpcoinbpc","symbol":"POB","quantity":"0.00614942","price":"0.98000000","timestamp":1624196526,"volume":"0.00602644","buyTxId":"2e46afe800e3e7ba1c89d3363c76f62202441c6b","sellTxId":"c1371d21fbb97e56c55ea9ef868d7c12e0f3a1cc"}
{"index": {"_index":"pob","_id":"1157862"}}
	{"id":1157862,"type":"sell","buyer":"freebornsociety","seller":"jlufer","symbol":"POB","quantity":"1.14152644","price":"0.87602001","timestamp":1624196952,"volume":"1.00000000","buyTxId":"MM-P-7970760-54947772-3-3-0","sellTxId":"c6ab9cb6285047ed197cda8376aa4e82788dcc01"}
{"index": {"_index":"pob","_id":"1157863"}}
	{"id":1157863,"type":"sell","buyer":"mmmmkkkk311","seller":"jlufer","symbol":"POB","quantity":"1.21231751","price":"0.87601001","timestamp":1624196952,"volume":"1.06200227","buyTxId":"MM-P-7969231-54946228-3-2-0","sellTxId":"c6ab9cb6285047ed197cda8376aa4e82788dcc01"}
{"index": {"_index":"pob","_id":"1157864"}}
	{"id":1157864,"type":"sell","buyer":"gimme-your-coinz","seller":"jlufer","symbol":"POB","quantity":"6.82891399","price":"0.87600001","timestamp":1624196952,"volume":"5.98212872","buyTxId":"a8c7a7060742a2453570c03d474315eafded83a2","sellTxId":"c6ab9cb6285047ed197cda8376aa4e82788dcc01"}
{"index": {"_index":"pob","_id":"1157887"}}
	{"id":1157887,"type":"sell","buyer":"gimme-your-coinz","seller":"chireerocks","symbol":"POB","quantity":"2.02682109","price":"0.87600001","timestamp":1624197837,"volume":"1.77549530","buyTxId":"a8c7a7060742a2453570c03d474315eafded83a2","sellTxId":"c0bc697e5f2a1bb35079f3dd44d1e5e72df37ea8"}
{"index": {"_index":"pob","_id":"1157907"}}
	{"id":1157907,"type":"sell","buyer":"gimme-your-coinz","seller":"stevescoins","symbol":"POB","quantity":"1.43351575","price":"0.87600001","timestamp":1624198575,"volume":"1.25575981","buyTxId":"a8c7a7060742a2453570c03d474315eafded83a2","sellTxId":"6173f3b8fe87dfb4d52ad23a7bdc2da0194fdd7b"}
{"index": {"_index":"pob","_id":"1157908"}}
	{"id":1157908,"type":"sell","buyer":"gimme-your-coinz","seller":"clixmoney","symbol":"POB","quantity":"4.49267148","price":"0.87600001","timestamp":1624198575,"volume":"3.93558026","buyTxId":"a8c7a7060742a2453570c03d474315eafded83a2","sellTxId":"7387fb637eb98c95429f422a652b502fea3ab706"}
{"index": {"_index":"pob","_id":"1157945"}}
	{"id":1157945,"type":"sell","buyer":"gimme-your-coinz","seller":"bearbear613","symbol":"POB","quantity":"1.96505048","price":"0.87600001","timestamp":1624199349,"volume":"1.72138424","buyTxId":"a8c7a7060742a2453570c03d474315eafded83a2","sellTxId":"45f585e81b601509d82a2ff50c3b8bb336fe80e0"}
{"index": {"_index":"pob","_id":"1157956"}}
	{"id":1157956,"type":"sell","buyer":"gimme-your-coinz","seller":"mawit07","symbol":"POB","quantity":"7.12010443","price":"0.87600001","timestamp":1624200561,"volume":"6.23721155","buyTxId":"a8c7a7060742a2453570c03d474315eafded83a2","sellTxId":"df0dd71ab92bf65ac93ebf63d3ad06173dc03a1a"}
{"index": {"_index":"pob","_id":"1157968"}}
	{"id":1157968,"type":"sell","buyer":"bilpcoinbpc","seller":"gungunkrishu","symbol":"POB","quantity":"1.20000000","price":"0.87700000","timestamp":1624201167,"volume":"1.05240000","buyTxId":"3ebffdab47ed1ee40fd8a6f0434ece5418bb914b","sellTxId":"2c4d097967564beb7254a7c17b71c9dc6153a741"}
{"index": {"_index":"pob","_id":"1157979"}}
	{"id":1157979,"type":"sell","buyer":"bilpcoinbpc","seller":"marvinix","symbol":"POB","quantity":"8.80000000","price":"0.87700000","timestamp":1624201782,"volume":"7.71760000","buyTxId":"3ebffdab47ed1ee40fd8a6f0434ece5418bb914b","sellTxId":"cd10372ea61f1eebc7ae7a1e782e1f267f24cbb1"}
{"index": {"_index":"pob","_id":"1157980"}}
	{"id":1157980,"type":"sell","buyer":"freebornsociety","seller":"marvinix","symbol":"POB","quantity":"1.14151341","price":"0.87603001","timestamp":1624201782,"volume":"1.00000000","buyTxId":"MM-P-7972552-54949571-3-3-0","sellTxId":"cd10372ea61f1eebc7ae7a1e782e1f267f24cbb1"}
{"index": {"_index":"pob","_id":"1157981"}}
	{"id":1157981,"type":"sell","buyer":"gimme-your-coinz","seller":"marvinix","symbol":"POB","quantity":"20.13292278","price":"0.87600001","timestamp":1624201782,"volume":"17.63644056","buyTxId":"a8c7a7060742a2453570c03d474315eafded83a2","sellTxId":"cd10372ea61f1eebc7ae7a1e782e1f267f24cbb1"}
{"index": {"_index":"pob","_id":"1157982"}}
	{"id":1157982,"type":"sell","buyer":"mmmmkkkk311","seller":"marvinix","symbol":"POB","quantity":"20.92556381","price":"0.87535009","timestamp":1624201782,"volume":"18.31719416","buyTxId":"MM-P-7971512-54948526-3-2-0","sellTxId":"cd10372ea61f1eebc7ae7a1e782e1f267f24cbb1"}
{"index": {"_index":"pob","_id":"1158001"}}
	{"id":1158001,"type":"sell","buyer":"mmmmkkkk311","seller":"logicforce","symbol":"POB","quantity":"1.45120900","price":"0.87535009","timestamp":1624202646,"volume":"1.27031593","buyTxId":"MM-P-7971512-54948526-3-2-0","sellTxId":"e691a5627ab868412e2617dba93d216b32282948"}
{"index": {"_index":"pob","_id":"1158003"}}
	{"id":1158003,"type":"sell","buyer":"mmmmkkkk311","seller":"derangedvisions","symbol":"POB","quantity":"4.04264926","price":"0.87535009","timestamp":1624202691,"volume":"3.53873339","buyTxId":"MM-P-7971512-54948526-3-2-0","sellTxId":"c78fdb78663c206f9da68206b4dd0632780e3b0e"}
{"index": {"_index":"pob","_id":"1158015"}}
	{"id":1158015,"type":"sell","buyer":"mmmmkkkk311","seller":"melbourneswest","symbol":"POB","quantity":"2.08284465","price":"0.87535009","timestamp":1624203249,"volume":"1.82321825","buyTxId":"MM-P-7971512-54948526-3-2-0","sellTxId":"1fff6d480707515ee5e190ae4b8564234cef62ce"}
{"index": {"_index":"pob","_id":"1158016"}}
	{"id":1158016,"type":"sell","buyer":"mmmmkkkk311","seller":"karinxxl","symbol":"POB","quantity":"3.81315193","price":"0.87535009","timestamp":1624203288,"volume":"3.33784289","buyTxId":"MM-P-7971512-54948526-3-2-0","sellTxId":"1a6636d58fd04cc0568f0ec1263865022749eda9"}
{"index": {"_index":"pob","_id":"1158021"}}
	{"id":1158021,"type":"buy","buyer":"memeisfun","seller":"bilpcoinbpc","symbol":"POB","quantity":"7.91847266","price":"0.96900000","timestamp":1624203552,"volume":"7.67300001","buyTxId":"69b9126255c43e30eff283cf3c659c652932848f","sellTxId":"67322729d6d6dc7b4353d02239ab467cd88dcd3a"}
{"index": {"_index":"pob","_id":"1158034"}}
	{"id":1158034,"type":"buy","buyer":"tonytrillions","seller":"bilpcoinbpc","symbol":"POB","quantity":"0.00432145","price":"0.96900000","timestamp":1624203930,"volume":"0.00418749","buyTxId":"051cbcbe9bcc99a855dd0f7103a944fc46168e03","sellTxId":"67322729d6d6dc7b4353d02239ab467cd88dcd3a"}
{"index": {"_index":"pob","_id":"1158052"}}
	{"id":1158052,"type":"sell","buyer":"gimme-your-coinz","seller":"steevc","symbol":"POB","quantity":"2.00000000","price":"0.87538013","timestamp":1624204143,"volume":"1.75076026","buyTxId":"c9782992cc429f78b78aabca38556b4489b5df6b","sellTxId":"16c1a12a8f6d4a2e3314f5088482911c79243dea"}
{"index": {"_index":"pob","_id":"1158058"}}
	{"id":1158058,"type":"sell","buyer":"freebornsociety","seller":"denmarkguy","symbol":"POB","quantity":"1.14234781","price":"0.87539013","timestamp":1624204269,"volume":"1.00000000","buyTxId":"MM-P-7973448-54950470-3-3-0","sellTxId":"f86196caf9712a97cb99e0a8cc3364b1391ed70c"}
{"index": {"_index":"pob","_id":"1158059"}}
	{"id":1158059,"type":"sell","buyer":"gimme-your-coinz","seller":"denmarkguy","symbol":"POB","quantity":"0.64550587","price":"0.87538013","timestamp":1624204269,"volume":"0.56506301","buyTxId":"c9782992cc429f78b78aabca38556b4489b5df6b","sellTxId":"f86196caf9712a97cb99e0a8cc3364b1391ed70c"}
{"index": {"_index":"pob","_id":"1158076"}}
	{"id":1158076,"type":"sell","buyer":"gimme-your-coinz","seller":"whitelightxpress","symbol":"POB","quantity":"10.92114635","price":"0.87539014","timestamp":1624204929,"volume":"9.56026383","buyTxId":"c3a5809e8781c2d48d04fcbc3fcb1701756f728f","sellTxId":"bd12647aaac1441474c9ea317bc8a3e66fd1c600"}
{"index": {"_index":"pob","_id":"1158086"}}
	{"id":1158086,"type":"sell","buyer":"gimme-your-coinz","seller":"automaton","symbol":"POB","quantity":"3.00000000","price":"0.87539014","timestamp":1624205397,"volume":"2.62617042","buyTxId":"c3a5809e8781c2d48d04fcbc3fcb1701756f728f","sellTxId":"914263584316aa6f4d2194bb397d8d4bb9fdda16"}
{"index": {"_index":"pob","_id":"1158140"}}
	{"id":1158140,"type":"buy","buyer":"offgridlife","seller":"bilpcoinbpc","symbol":"POB","quantity":"0.01000000","price":"0.96900000","timestamp":1624207065,"volume":"0.00969000","buyTxId":"007913df8cdc7adf6d00170cbed7fa26111044fe","sellTxId":"67322729d6d6dc7b4353d02239ab467cd88dcd3a"}
{"index": {"_index":"pob","_id":"1158141"}}
	{"id":1158141,"type":"buy","buyer":"offgridlife","seller":"bilpcoinbpc","symbol":"POB","quantity":"0.01000000","price":"0.96900000","timestamp":1624207074,"volume":"0.00969000","buyTxId":"e291988dfe210667f73e8dadf0556764f1669bf3","sellTxId":"67322729d6d6dc7b4353d02239ab467cd88dcd3a"}
{"index": {"_index":"pob","_id":"1158142"}}
	{"id":1158142,"type":"buy","buyer":"offgridlife","seller":"bilpcoinbpc","symbol":"POB","quantity":"0.01000000","price":"0.96900000","timestamp":1624207083,"volume":"0.00969000","buyTxId":"e72c126f053510aadff7a93d0f939cb7ed725f69","sellTxId":"67322729d6d6dc7b4353d02239ab467cd88dcd3a"}
{"index": {"_index":"pob","_id":"1158152"}}
	{"id":1158152,"type":"sell","buyer":"gimme-your-coinz","seller":"halukshananah","symbol":"POB","quantity":"2.38100043","price":"0.87539014","timestamp":1624207698,"volume":"2.08430430","buyTxId":"c3a5809e8781c2d48d04fcbc3fcb1701756f728f","sellTxId":"27fdbab110d1c64bfc5e890eaaf9a0ec91568a69"}
{"index": {"_index":"pob","_id":"1158165"}}
	{"id":1158165,"type":"sell","buyer":"gimme-your-coinz","seller":"hive-189742","symbol":"POB","quantity":"0.46007317","price":"0.87539014","timestamp":1624207986,"volume":"0.40274352","buyTxId":"c3a5809e8781c2d48d04fcbc3fcb1701756f728f","sellTxId":"a7e677f51fc479752d160f5309f39fbc8314a09b"}
{"index": {"_index":"pob","_id":"1158174"}}
	{"id":1158174,"type":"buy","buyer":"offgridlife","seller":"bilpcoinbpc","symbol":"POB","quantity":"0.01000000","price":"0.96900000","timestamp":1624208169,"volume":"0.00969000","buyTxId":"6d243058a7188a3848f038d9c50be64330b7504c","sellTxId":"67322729d6d6dc7b4353d02239ab467cd88dcd3a"}
{"index": {"_index":"pob","_id":"1158181"}}
	{"id":1158181,"type":"sell","buyer":"gimme-your-coinz","seller":"curatorcat.pal","symbol":"POB","quantity":"0.50576629","price":"0.87539015","timestamp":1624208337,"volume":"0.44274283","buyTxId":"c6908d9458161af6e52480fb9879b17932c68615","sellTxId":"535cf86216e29c35f8a0b3c6ef801e16507a5866"}
{"index": {"_index":"pob","_id":"1158182"}}
	{"id":1158182,"type":"sell","buyer":"gimme-your-coinz","seller":"thelogicaldude","symbol":"POB","quantity":"18.49423371","price":"0.87539015","timestamp":1624208364,"volume":"16.18967002","buyTxId":"c6908d9458161af6e52480fb9879b17932c68615","sellTxId":"1089cdf3e154109df605cbfade278eae23410636"}
{"index": {"_index":"pob","_id":"1158183"}}
	{"id":1158183,"type":"sell","buyer":"freebornsociety","seller":"thelogicaldude","symbol":"POB","quantity":"1.14236091","price":"0.87538009","timestamp":1624208364,"volume":"1.00000000","buyTxId":"MM-P-7974742-54951770-3-3-0","sellTxId":"1089cdf3e154109df605cbfade278eae23410636"}
{"index": {"_index":"pob","_id":"1158184"}}
	{"id":1158184,"type":"sell","buyer":"captaincryptic","seller":"thelogicaldude","symbol":"POB","quantity":"6.29469961","price":"0.87525009","timestamp":1624208364,"volume":"5.50943640","buyTxId":"f8189e97d5f485739e7ee6eadc4b3f1f96d1bc82","sellTxId":"1089cdf3e154109df605cbfade278eae23410636"}
{"index": {"_index":"pob","_id":"1158190"}}
	{"id":1158190,"type":"sell","buyer":"gimme-your-coinz","seller":"pablodare","symbol":"POB","quantity":"0.06169695","price":"0.87526011","timestamp":1624208646,"volume":"0.05400088","buyTxId":"2fbd8836ab3ff30ad1919bdf71be16952b385ff6","sellTxId":"2a25396315c33559e76550bdbaecc6d3cba0044d"}
{"index": {"_index":"pob","_id":"1158199"}}
	{"id":1158199,"type":"sell","buyer":"gimme-your-coinz","seller":"dealhunter","symbol":"POB","quantity":"19.00000000","price":"0.87528013","timestamp":1624209252,"volume":"16.63032247","buyTxId":"95ae6102a51bab0f92c68ab5ee72aa1194cea2dd","sellTxId":"5484dca034e2fe419e12a1b75f220c17fde8f69b"}
{"index": {"_index":"pob","_id":"1158200"}}
	{"id":1158200,"type":"sell","buyer":"freebornsociety","seller":"dealhunter","symbol":"POB","quantity":"1.14249139","price":"0.87528012","timestamp":1624209252,"volume":"1.00000000","buyTxId":"MM-P-7975039-54952069-3-3-0","sellTxId":"5484dca034e2fe419e12a1b75f220c17fde8f69b"}
{"index": {"_index":"pob","_id":"1158201"}}
	{"id":1158201,"type":"sell","buyer":"captaincryptic","seller":"dealhunter","symbol":"POB","quantity":"6.70530039","price":"0.87525009","timestamp":1624209252,"volume":"5.86881477","buyTxId":"f8189e97d5f485739e7ee6eadc4b3f1f96d1bc82","sellTxId":"5484dca034e2fe419e12a1b75f220c17fde8f69b"}
{"index": {"_index":"pob","_id":"1158232"}}
	{"id":1158232,"type":"sell","buyer":"gimme-your-coinz","seller":"khan.dayyanz","symbol":"POB","quantity":"4.53700101","price":"0.85000001","timestamp":1624209882,"volume":"3.85645090","buyTxId":"dbbf70e1d02b17cb92e9fc9f156dc28fdbee9496","sellTxId":"6dc66eb505450b50a054cff811905d17cce36f66"}
{"index": {"_index":"pob","_id":"1158236"}}
	{"id":1158236,"type":"sell","buyer":"gimme-your-coinz","seller":"coffeelovers","symbol":"POB","quantity":"9.93888000","price":"0.85000001","timestamp":1624209966,"volume":"8.44804810","buyTxId":"dbbf70e1d02b17cb92e9fc9f156dc28fdbee9496","sellTxId":"a3c304c27399047b7c6a4892c371abf23f665ff5"}
{"index": {"_index":"pob","_id":"1158238"}}
	{"id":1158238,"type":"sell","buyer":"gimme-your-coinz","seller":"ahmetay","symbol":"POB","quantity":"0.89700894","price":"0.85000001","timestamp":1624209993,"volume":"0.76245761","buyTxId":"dbbf70e1d02b17cb92e9fc9f156dc28fdbee9496","sellTxId":"687449925ea6ba58294dd8c2a2f660b1623bc918"}
{"index": {"_index":"pob","_id":"1158247"}}
	{"id":1158247,"type":"sell","buyer":"gimme-your-coinz","seller":"thisismylife","symbol":"POB","quantity":"3.36826102","price":"0.85000001","timestamp":1624210179,"volume":"2.86302190","buyTxId":"dbbf70e1d02b17cb92e9fc9f156dc28fdbee9496","sellTxId":"386c2a02d9d926893571deeb64ea06432a95037e"}
{"index": {"_index":"pob","_id":"1158306"}}
	{"id":1158306,"type":"sell","buyer":"gimme-your-coinz","seller":"bitcoinflood","symbol":"POB","quantity":"19.00000000","price":"0.85000002","timestamp":1624210590,"volume":"16.15000038","buyTxId":"8b1c6b0a1965d6d333411f1dd5fbc982efcf979a","sellTxId":"c2da0b9262ccce89815d0948715d3214e3a76258"}
{"index": {"_index":"pob","_id":"1158315"}}
	{"id":1158315,"type":"buy","buyer":"chorock","seller":"dealhunter","symbol":"POB","quantity":"11.36739014","price":"0.87525000","timestamp":1624210764,"volume":"9.94930822","buyTxId":"f07abbc3981fdd38c85aeae916a264b2521e4bff","sellTxId":"5484dca034e2fe419e12a1b75f220c17fde8f69b"}
{"index": {"_index":"pob","_id":"1158331"}}
	{"id":1158331,"type":"sell","buyer":"gimme-your-coinz","seller":"toofasteddie","symbol":"POB","quantity":"2.34101844","price":"0.85000001","timestamp":1624211388,"volume":"1.98986570","buyTxId":"5ea8c4198b4c283b0e75e98393fbff72f93f5929","sellTxId":"95cf82589c7ee13f1fe03d88777f67d6d987634a"}
{"index": {"_index":"pob","_id":"1158415"}}
	{"id":1158415,"type":"sell","buyer":"gimme-your-coinz","seller":"slobberchops","symbol":"POB","quantity":"13.94738023","price":"0.85000001","timestamp":1624212672,"volume":"11.85527333","buyTxId":"5ea8c4198b4c283b0e75e98393fbff72f93f5929","sellTxId":"7e61ae010455dc7ef6c71627e424743bbdb52d30"}
{"index": {"_index":"pob","_id":"1158424"}}
	{"id":1158424,"type":"sell","buyer":"gimme-your-coinz","seller":"gadrian","symbol":"POB","quantity":"2.71160133","price":"0.85000001","timestamp":1624212903,"volume":"2.30486116","buyTxId":"5ea8c4198b4c283b0e75e98393fbff72f93f5929","sellTxId":"52cd25c87b4e51ccd85ff2848cc21652b6ce6262"}
{"index": {"_index":"pob","_id":"1158425"}}
	{"id":1158425,"type":"sell","buyer":"eirik","seller":"gadrian","symbol":"POB","quantity":"1.00000000","price":"0.85000000","timestamp":1624212903,"volume":"0.85000000","buyTxId":"96be7b4b1a41b26d6a451ade34f06bcab6555570","sellTxId":"52cd25c87b4e51ccd85ff2848cc21652b6ce6262"}
{"index": {"_index":"pob","_id":"1158426"}}
	{"id":1158426,"type":"sell","buyer":"freebornsociety","seller":"gadrian","symbol":"POB","quantity":"1.32881536","price":"0.75255000","timestamp":1624212903,"volume":"1.00000000","buyTxId":"MM-P-7976232-54953266-3-3-0","sellTxId":"52cd25c87b4e51ccd85ff2848cc21652b6ce6262"}
{"index": {"_index":"pob","_id":"1158431"}}
	{"id":1158431,"type":"sell","buyer":"gimme-your-coinz","seller":"cryptoandcoffee","symbol":"POB","quantity":"4.60000000","price":"0.75202002","timestamp":1624213005,"volume":"3.45929209","buyTxId":"e676f0bd9758db1a9d81720eb9a20e7e46cee976","sellTxId":"10578a58117ccc598be6ea59d25b293610dad554"}
{"index": {"_index":"pob","_id":"1158435"}}
	{"id":1158435,"type":"sell","buyer":"gimme-your-coinz","seller":"gadrian","symbol":"POB","quantity":"7.28901146","price":"0.75202002","timestamp":1624213047,"volume":"5.48148254","buyTxId":"e676f0bd9758db1a9d81720eb9a20e7e46cee976","sellTxId":"8cbe037dbb1a615c6edaa5a1ae8e80b3d13cb107"}
{"index": {"_index":"pob","_id":"1158453"}}
	{"id":1158453,"type":"sell","buyer":"gimme-your-coinz","seller":"urun","symbol":"POB","quantity":"1.44849583","price":"0.75203003","timestamp":1624213422,"volume":"1.08931236","buyTxId":"cb000cb4299be4ee0d05decab0ba0a839e2e3f93","sellTxId":"a676e266f479e8eb2ecad734536028a19edc9968"}
{"index": {"_index":"pob","_id":"1158477"}}
	{"id":1158477,"type":"sell","buyer":"gimme-your-coinz","seller":"hitmeasap","symbol":"POB","quantity":"19.00000000","price":"0.75236009","timestamp":1624214217,"volume":"14.29484171","buyTxId":"911ae71ec0f7fb989bfb151b308795c563b1b805","sellTxId":"e65f36fb9ae0b24e2d302e4e5ef828f897861e5a"}
{"index": {"_index":"pob","_id":"1158478"}}
	{"id":1158478,"type":"buy","buyer":"gimme-your-coinz","seller":"hitmeasap","symbol":"POB","quantity":"10.34625179","price":"0.75236009","timestamp":1624214226,"volume":"7.78410693","buyTxId":"5114cd70e4a2e1add59e07ae26d5a348de2f7021","sellTxId":"e65f36fb9ae0b24e2d302e4e5ef828f897861e5a"}
{"index": {"_index":"pob","_id":"1158494"}}
	{"id":1158494,"type":"sell","buyer":"gimme-your-coinz","seller":"evernoticethat","symbol":"POB","quantity":"6.72189438","price":"0.75239012","timestamp":1624215174,"volume":"5.05748692","buyTxId":"dcc8e1f0900ebdbc896c3d827375e60c0156740f","sellTxId":"413fae857a89a0e6a3bee9ec55a0c91113cf8685"}
{"index": {"_index":"pob","_id":"1158497"}}
	{"id":1158497,"type":"sell","buyer":"gimme-your-coinz","seller":"ahmetay","symbol":"POB","quantity":"0.00673640","price":"0.75239012","timestamp":1624215357,"volume":"0.00506840","buyTxId":"dcc8e1f0900ebdbc896c3d827375e60c0156740f","sellTxId":"a838a428559365a2cfdcede8bafbae16817f077a"}
{"index": {"_index":"pob","_id":"1158528"}}
	{"id":1158528,"type":"sell","buyer":"gimme-your-coinz","seller":"alejoca","symbol":"POB","quantity":"1.25041975","price":"0.75283020","timestamp":1624216491,"volume":"0.94135375","buyTxId":"e04d0730e26e34fbbe155990fa7cfa0e7c903aff","sellTxId":"fda39593288417ec1d41a191f4e26728ebd36d4c"}
{"index": {"_index":"pob","_id":"1158533"}}
	{"id":1158533,"type":"sell","buyer":"freebornsociety","seller":"monochromes","symbol":"POB","quantity":"1.16638038","price":"0.75284020","timestamp":1624216575,"volume":"0.87809804","buyTxId":"MM-P-7977524-54954566-3-3-0","sellTxId":"c653b8f33547376a616272d7d27e2fa0abb42c55"}
{"index": {"_index":"pob","_id":"1158544"}}
	{"id":1158544,"type":"sell","buyer":"gimme-your-coinz","seller":"cristina-zac","symbol":"POB","quantity":"19.00000000","price":"0.75305024","timestamp":1624217163,"volume":"14.30795456","buyTxId":"bd69cb73a636de21e1fc7ca76f05d505e8b60f57","sellTxId":"133f3b7119da6d89bf54aeb03913758218298fd7"}
{"index": {"_index":"pob","_id":"1158545"}}
	{"id":1158545,"type":"sell","buyer":"richardcrill","seller":"cristina-zac","symbol":"POB","quantity":"13.44249445","price":"0.75305023","timestamp":1624217163,"volume":"10.12287354","buyTxId":"MM-P-7977687-54954729-3-10-0","sellTxId":"133f3b7119da6d89bf54aeb03913758218298fd7"}
{"index": {"_index":"pob","_id":"1158546"}}
	{"id":1158546,"type":"sell","buyer":"freebornsociety","seller":"cristina-zac","symbol":"POB","quantity":"1.32810905","price":"0.75295022","timestamp":1624217163,"volume":"1.00000000","buyTxId":"MM-P-7977622-54954664-3-3-0","sellTxId":"133f3b7119da6d89bf54aeb03913758218298fd7"}
{"index": {"_index":"pob","_id":"1158547"}}
	{"id":1158547,"type":"sell","buyer":"mmmmkkkk311","seller":"cristina-zac","symbol":"POB","quantity":"29.22939650","price":"0.75206000","timestamp":1624217163,"volume":"21.98225993","buyTxId":"MM-P-7977677-54954719-3-2-0","sellTxId":"133f3b7119da6d89bf54aeb03913758218298fd7"}
{"index": {"_index":"pob","_id":"1158583"}}
	{"id":1158583,"type":"sell","buyer":"gimme-your-coinz","seller":"mightyrocklee","symbol":"POB","quantity":"1.41223668","price":"0.75209004","timestamp":1624218285,"volume":"1.06212914","buyTxId":"ed390a2da679273152c9825e034da13f4f7787f2","sellTxId":"2349203f602fe5e2367bd3861427b09b50d812f2"}
{"index": {"_index":"pob","_id":"1158591"}}
	{"id":1158591,"type":"sell","buyer":"gimme-your-coinz","seller":"revisesociology","symbol":"POB","quantity":"7.00000000","price":"0.75210005","timestamp":1624218444,"volume":"5.26470035","buyTxId":"c8aa3141c1362297826038387eddb5e68d5c9da8","sellTxId":"2c727d1f821c2f694e68f5bd386744e089db15f1"}
{"index": {"_index":"pob","_id":"1158594"}}
	{"id":1158594,"type":"sell","buyer":"gimme-your-coinz","seller":"liaminit1","symbol":"POB","quantity":"1.85826173","price":"0.75210005","timestamp":1624218624,"volume":"1.39759874","buyTxId":"c8aa3141c1362297826038387eddb5e68d5c9da8","sellTxId":"27b82becb24c591b7d775b5f9396a5a17d054aff"}
{"index": {"_index":"pob","_id":"1158625"}}
	{"id":1158625,"type":"sell","buyer":"anthonyadavisii","seller":"liaminit1","symbol":"POB","quantity":"2.22264055","price":"0.90000000","timestamp":1624219503,"volume":"2.00037650","buyTxId":"f8c3ce639e9bf843e4787fab851865575161eae0","sellTxId":"d8a47642157ed6f078c62dc14929fa1fc8c2c0de"}
{"index": {"_index":"pob","_id":"1158627"}}
	{"id":1158627,"type":"sell","buyer":"solovey6o2","seller":"meesterbrain","symbol":"POB","quantity":"4.48062380","price":"0.90000001","timestamp":1624219566,"volume":"4.03256146","buyTxId":"0e3ea332cb0b919575401415420b22d91246b0ba","sellTxId":"d851d4a4a08566fad619c72171220a986dbb6633"}
{"index": {"_index":"pob","_id":"1158639"}}
	{"id":1158639,"type":"sell","buyer":"solovey6o2","seller":"meesterbrain","symbol":"POB","quantity":"1.26960745","price":"0.90001002","timestamp":1624219695,"volume":"1.14265943","buyTxId":"189f7b3a09a1f12a8228c93163ab775f7d28ab25","sellTxId":"8ee358425375d5f82cf5f311aecc46d7cf13a093"}
{"index": {"_index":"pob","_id":"1158651"}}
	{"id":1158651,"type":"buy","buyer":"chorock","seller":"take-my-coinz","symbol":"POB","quantity":"66.00000000","price":"0.94992978","timestamp":1624219911,"volume":"62.69536548","buyTxId":"a484edbe72d98fa839cdda6174a7485d818215be","sellTxId":"75169e259d5a33e078f90ea6f4342774dba54f3d"}
{"index": {"_index":"pob","_id":"1158652"}}
	{"id":1158652,"type":"buy","buyer":"chorock","seller":"bluesniper","symbol":"POB","quantity":"29.00000000","price":"0.94992980","timestamp":1624219911,"volume":"27.54796420","buyTxId":"a484edbe72d98fa839cdda6174a7485d818215be","sellTxId":"MM-P-7978618-54955663-3-5-1"}
{"index": {"_index":"pob","_id":"1158653"}}
	{"id":1158653,"type":"buy","buyer":"chorock","seller":"take-my-coinz","symbol":"POB","quantity":"65.00000000","price":"0.94993980","timestamp":1624219911,"volume":"61.74608700","buyTxId":"a484edbe72d98fa839cdda6174a7485d818215be","sellTxId":"f755cec9d05080b4762abbe49aee3ed106729154"}
{"index": {"_index":"pob","_id":"1158675"}}
	{"id":1158675,"type":"sell","buyer":"anadolu","seller":"ironshield","symbol":"POB","quantity":"0.11177172","price":"0.90010000","timestamp":1624220499,"volume":"0.10060573","buyTxId":"0a80f931ecec6eddbf600c465c7d4d8b450edac1","sellTxId":"f05ca54b70ac941ea1c95aa2fb9647ab6febfada"}
{"index": {"_index":"pob","_id":"1158711"}}
	{"id":1158711,"type":"sell","buyer":"solovey6o2","seller":"madstacks","symbol":"POB","quantity":"70.11737283","price":"0.90011012","timestamp":1624221204,"volume":"63.11335687","buyTxId":"55c1da80b4077edd5e75dc91d6b1e9020fa15e47","sellTxId":"ec86af046f3664769f131c135dda8f005cf2d386"}
{"index": {"_index":"pob","_id":"1158720"}}
	{"id":1158720,"type":"sell","buyer":"mmmmkkkk311","seller":"liaminit1","symbol":"POB","quantity":"0.42480191","price":"0.90014014","timestamp":1624221588,"volume":"0.38238125","buyTxId":"MM-P-7979173-54956218-3-2-0","sellTxId":"199c6f7ef1f2eafe8f3eea39bfb8cea05bdf4209"}
{"index": {"_index":"pob","_id":"1158730"}}
	{"id":1158730,"type":"buy","buyer":"offgridlife","seller":"preparedwombat","symbol":"POB","quantity":"0.10000000","price":"0.96000000","timestamp":1624221966,"volume":"0.09600000","buyTxId":"464d93a02b273a0807b6632e1c3f4b6f15861a0b","sellTxId":"6a910098f0620ff5cc939eea0f627d23f84cafe3"}
{"index": {"_index":"pob","_id":"1158737"}}
	{"id":1158737,"type":"sell","buyer":"solovey6o2","seller":"offgridlife","symbol":"POB","quantity":"0.01000000","price":"0.90017018","timestamp":1624222107,"volume":"0.00900170","buyTxId":"11221cde4ef89960bd01dacf40a620a24e82f6fd","sellTxId":"43c35f270ebe282b8ec0c310d24d1b4568a57041"}
{"index": {"_index":"pob","_id":"1158746"}}
	{"id":1158746,"type":"buy","buyer":"offgridlife","seller":"preparedwombat","symbol":"POB","quantity":"2.00000000","price":"0.96000000","timestamp":1624222353,"volume":"1.92000000","buyTxId":"6e270303e2801d8854fedfa19f6e826237448730","sellTxId":"6a910098f0620ff5cc939eea0f627d23f84cafe3"}
{"index": {"_index":"pob","_id":"1158751"}}
	{"id":1158751,"type":"sell","buyer":"solovey6o2","seller":"panosdada","symbol":"POB","quantity":"0.29366219","price":"0.90019020","timestamp":1624222407,"volume":"0.26435183","buyTxId":"cd3b9ae678967999870e94521ada1a6b8414b397","sellTxId":"72abb292a8747451945723610df86585d9e9fd4c"}
{"index": {"_index":"pob","_id":"1158763"}}
	{"id":1158763,"type":"sell","buyer":"solovey6o2","seller":"belemo","symbol":"POB","quantity":"4.96686065","price":"0.90020021","timestamp":1624222548,"volume":"4.47116900","buyTxId":"b922dabfb434b6af3dd694e0b2b68c8f4d334493","sellTxId":"4c69a255e2cf7a2c53e76157072168d3bf8c6cb5"}
{"index": {"_index":"pob","_id":"1158777"}}
	{"id":1158777,"type":"sell","buyer":"freebornsociety","seller":"pablodare","symbol":"POB","quantity":"0.20815443","price":"0.90025024","timestamp":1624223469,"volume":"0.18739108","buyTxId":"MM-P-7979713-54956762-3-3-0","sellTxId":"d91f608532e43d7dc870ac623043e7c710d921cc"}
{"index": {"_index":"pob","_id":"1158793"}}
	{"id":1158793,"type":"sell","buyer":"freebornsociety","seller":"kraken99","symbol":"POB","quantity":"0.67313264","price":"0.90025024","timestamp":1624223883,"volume":"0.60598782","buyTxId":"MM-P-7979713-54956762-3-3-0","sellTxId":"f55c8f281d5fc3a2623598281d22904137473155"}
{"index": {"_index":"pob","_id":"1158797"}}
	{"id":1158797,"type":"sell","buyer":"mmmmkkkk311","seller":"eythorphoto","symbol":"POB","quantity":"0.19862914","price":"0.90025025","timestamp":1624224273,"volume":"0.17881593","buyTxId":"MM-P-7980066-54957117-3-2-0","sellTxId":"b48e2bc1d1c5a178e2706474675cabd62dbbd681"}
{"index": {"_index":"pob","_id":"1158808"}}
	{"id":1158808,"type":"buy","buyer":"chorock","seller":"preparedwombat","symbol":"POB","quantity":"0.64887785","price":"0.96000000","timestamp":1624224816,"volume":"0.62292274","buyTxId":"a0af696d54a112e01db8b9680af5847f425397cf","sellTxId":"6a910098f0620ff5cc939eea0f627d23f84cafe3"}
{"index": {"_index":"pob","_id":"1158809"}}
	{"id":1158809,"type":"buy","buyer":"chorock","seller":"solovey6o2","symbol":"POB","quantity":"81.13812692","price":"0.96882990","timestamp":1624224816,"volume":"78.60904339","buyTxId":"a0af696d54a112e01db8b9680af5847f425397cf","sellTxId":"15bb8c18374b24904263f6378c9d6536c8cec7fd"}
{"index": {"_index":"pob","_id":"1158810"}}
	{"id":1158810,"type":"buy","buyer":"chorock","seller":"bluesniper","symbol":"POB","quantity":"29.00000000","price":"0.96882991","timestamp":1624224816,"volume":"28.09606739","buyTxId":"a0af696d54a112e01db8b9680af5847f425397cf","sellTxId":"MM-P-7980211-54957262-3-5-1"}
{"index": {"_index":"pob","_id":"1158811"}}
	{"id":1158811,"type":"buy","buyer":"chorock","seller":"themarkymark","symbol":"POB","quantity":"120.42786703","price":"0.96893000","timestamp":1624224816,"volume":"116.68617320","buyTxId":"a0af696d54a112e01db8b9680af5847f425397cf","sellTxId":"6ab020d46ce6a892ca831915ffceeab7d2f6cf4a"}
{"index": {"_index":"pob","_id":"1158812"}}
	{"id":1158812,"type":"buy","buyer":"chorock","seller":"bilpcoinbpc","symbol":"POB","quantity":"2.13720589","price":"0.96900000","timestamp":1624224816,"volume":"2.07095251","buyTxId":"a0af696d54a112e01db8b9680af5847f425397cf","sellTxId":"67322729d6d6dc7b4353d02239ab467cd88dcd3a"}
{"index": {"_index":"pob","_id":"1158813"}}
	{"id":1158813,"type":"buy","buyer":"chorock","seller":"bilpcoinbpc","symbol":"POB","quantity":"1.49100000","price":"0.96900000","timestamp":1624224816,"volume":"1.44477900","buyTxId":"a0af696d54a112e01db8b9680af5847f425397cf","sellTxId":"84516968427b6f104d7fd34abb1cc1d007909691"}
{"index": {"_index":"pob","_id":"1158814"}}
	{"id":1158814,"type":"buy","buyer":"chorock","seller":"bilpcoinbpc","symbol":"POB","quantity":"8.80000000","price":"0.96900000","timestamp":1624224816,"volume":"8.52720000","buyTxId":"a0af696d54a112e01db8b9680af5847f425397cf","sellTxId":"06847e5b50cd6253a2022ccb4ad5ce44895da371"}
{"index": {"_index":"pob","_id":"1158815"}}
	{"id":1158815,"type":"buy","buyer":"chorock","seller":"take-my-coinz","symbol":"POB","quantity":"66.00000000","price":"0.96900000","timestamp":1624224816,"volume":"63.95400000","buyTxId":"a0af696d54a112e01db8b9680af5847f425397cf","sellTxId":"64a6a5e4095e1038480015b7ae7515bcba9d0dad"}
{"index": {"_index":"pob","_id":"1158816"}}
	{"id":1158816,"type":"buy","buyer":"chorock","seller":"andy4475","symbol":"POB","quantity":"0.35692231","price":"0.97000000","timestamp":1624224816,"volume":"0.34621464","buyTxId":"a0af696d54a112e01db8b9680af5847f425397cf","sellTxId":"30ccbeed8fbae773eaca14863f2255ba7ce1774b"}
{"index": {"_index":"pob","_id":"1158817"}}
	{"id":1158817,"type":"sell","buyer":"mmmmkkkk311","seller":"liaminit1","symbol":"POB","quantity":"0.28646387","price":"0.90029029","timestamp":1624224840,"volume":"0.25790064","buyTxId":"MM-P-7980266-54957317-3-2-0","sellTxId":"aff54a118c09b5b8f78058e36c545dc6f13e7400"}
{"index": {"_index":"pob","_id":"1158818"}}
	{"id":1158818,"type":"sell","buyer":"mmmmkkkk311","seller":"tarazkp","symbol":"POB","quantity":"6.37467722","price":"0.90029029","timestamp":1624224876,"volume":"5.73906000","buyTxId":"MM-P-7980266-54957317-3-2-0","sellTxId":"d04ac834fcc843511ddc8f189b6b264c92ef078a"}
{"index": {"_index":"pob","_id":"1158839"}}
	{"id":1158839,"type":"sell","buyer":"solovey6o2","seller":"accelerator","symbol":"POB","quantity":"0.00008564","price":"0.90034035","timestamp":1624225704,"volume":"0.00007711","buyTxId":"453be0fc7bd060db063f7f3b1f7c3a352405d637","sellTxId":"6423924b973bc03608377e12624fa449d2a2c8c3"}
{"index": {"_index":"pob","_id":"1158846"}}
	{"id":1158846,"type":"sell","buyer":"freebornsociety","seller":"liaminit1","symbol":"POB","quantity":"0.19725107","price":"0.90036036","timestamp":1624225890,"volume":"0.17759704","buyTxId":"MM-P-7980610-54957662-3-3-0","sellTxId":"e7e5dc403d8f874df78720addfb06a834070a62b"}
{"index": {"_index":"pob","_id":"1158868"}}
	{"id":1158868,"type":"buy","buyer":"offgridlife","seller":"andy4475","symbol":"POB","quantity":"1.00000000","price":"0.97000000","timestamp":1624226625,"volume":"0.97000000","buyTxId":"decdf5f5c4fb72e65f7e2a2ea03e0ddf51965a60","sellTxId":"30ccbeed8fbae773eaca14863f2255ba7ce1774b"}
{"index": {"_index":"pob","_id":"1158886"}}
	{"id":1158886,"type":"sell","buyer":"mmmmkkkk311","seller":"andy4475","symbol":"POB","quantity":"10.61614903","price":"0.90043043","timestamp":1624226982,"volume":"9.55910364","buyTxId":"MM-P-7980964-54958017-3-2-0","sellTxId":"9885553703090b69a2d0ccbb67e652519325a9d3"}
{"index": {"_index":"pob","_id":"1158923"}}
	{"id":1158923,"type":"sell","buyer":"mmmmkkkk311","seller":"liaminit1","symbol":"POB","quantity":"0.14327797","price":"0.90055055","timestamp":1624228779,"volume":"0.12902905","buyTxId":"MM-P-7981558-54958617-3-2-0","sellTxId":"1553aba4cb818f714ee3b2b0c203b83fd2d3c253"}
{"index": {"_index":"pob","_id":"1158959"}}
	{"id":1158959,"type":"sell","buyer":"mmmmkkkk311","seller":"cccf","symbol":"POB","quantity":"0.00500000","price":"0.90062062","timestamp":1624229946,"volume":"0.00450310","buyTxId":"MM-P-7981958-54959017-3-2-0","sellTxId":"4a62add6189bd9df23d6c7563604e0a69ba7ece5"}
{"index": {"_index":"pob","_id":"1158960"}}
	{"id":1158960,"type":"sell","buyer":"solovey6o2","seller":"gubbatv","symbol":"POB","quantity":"1.14760669","price":"0.90062063","timestamp":1624230009,"volume":"1.03355826","buyTxId":"88d6eb270e7b6181861342b451cb1e519711ef07","sellTxId":"87cf80c7ccf47bc55543541269521d8c5d3b3d07"}
{"index": {"_index":"pob","_id":"1158975"}}
	{"id":1158975,"type":"sell","buyer":"freebornsociety","seller":"cliffagreen","symbol":"POB","quantity":"0.02237845","price":"0.90065065","timestamp":1624230375,"volume":"0.02015517","buyTxId":"MM-P-7982102-54959162-3-3-0","sellTxId":"1b8b4fff8d37117c427ceccdbf79a27e6bb86f55"}
{"index": {"_index":"pob","_id":"1158977"}}
	{"id":1158977,"type":"sell","buyer":"solovey6o2","seller":"liaminit1","symbol":"POB","quantity":"0.19494507","price":"0.90065066","timestamp":1624230456,"volume":"0.17557741","buyTxId":"861f0b11394fd9586c75cf622212a66b4e7223b6","sellTxId":"1cbf45ee84be7d8e06963c1805d2a712c13f6a73"}
{"index": {"_index":"pob","_id":"1158979"}}
	{"id":1158979,"type":"sell","buyer":"solovey6o2","seller":"valor2s","symbol":"POB","quantity":"2.91081669","price":"0.90065066","timestamp":1624230504,"volume":"2.62162897","buyTxId":"861f0b11394fd9586c75cf622212a66b4e7223b6","sellTxId":"f01df57f6d7e6509d5280d6c0a7a5415e7d275aa"}
{"index": {"_index":"pob","_id":"1158981"}}
	{"id":1158981,"type":"sell","buyer":"mmmmkkkk311","seller":"andy4475","symbol":"POB","quantity":"1.71084715","price":"0.90068068","timestamp":1624230855,"volume":"1.54092697","buyTxId":"MM-P-7982257-54959317-3-2-0","sellTxId":"2b8e5bed685ad81b8d6b9adde7da737d167c8ec6"}
{"index": {"_index":"pob","_id":"1159019"}}
	{"id":1159019,"type":"sell","buyer":"solovey6o2","seller":"charcoalbuffet","symbol":"POB","quantity":"31.56100010","price":"0.90078079","timestamp":1624232460,"volume":"28.42954260","buyTxId":"c584f677786dbda7b05eeb6b1aa9bfd7b25a3292","sellTxId":"49c99a3dacbfe263a57cb7561f5951162935a19e"}
{"index": {"_index":"pob","_id":"1159039"}}
	{"id":1159039,"type":"sell","buyer":"mmmmkkkk311","seller":"isthistomorrow","symbol":"POB","quantity":"0.89891822","price":"0.90084084","timestamp":1624233270,"volume":"0.80978224","buyTxId":"MM-P-7983047-54960115-3-2-0","sellTxId":"85e938a6bda6bd6ab9697488e1a1860faac51595"}
{"index": {"_index":"pob","_id":"1159046"}}
	{"id":1159046,"type":"sell","buyer":"mmmmkkkk311","seller":"amr008","symbol":"POB","quantity":"10.00000000","price":"0.90086086","timestamp":1624233597,"volume":"9.00860860","buyTxId":"MM-P-7983147-54960215-3-2-0","sellTxId":"73349f8a9a38acc7d950575e48752c186c51244f"}
{"index": {"_index":"pob","_id":"1159098"}}
	{"id":1159098,"type":"sell","buyer":"solovey6o2","seller":"afril","symbol":"POB","quantity":"0.06522270","price":"0.90095096","timestamp":1624234977,"volume":"0.05876245","buyTxId":"fc1b115c1dcb08a3aff7d990864a44a76c5fbb7e","sellTxId":"18cb3c17d8a863a37affa7ea6a5c7a34995b7202"}
{"index": {"_index":"pob","_id":"1159119"}}
	{"id":1159119,"type":"sell","buyer":"solovey6o2","seller":"clicmaster","symbol":"POB","quantity":"11.09741062","price":"0.90111112","timestamp":1624237419,"volume":"10.00000011","buyTxId":"0b6fb204049aed5d6b45c79e6856281ad67aa4ea","sellTxId":"cba50a2c90118c2e2e4d50c65ede273fdd884d49"}
{"index": {"_index":"pob","_id":"1159120"}}
	{"id":1159120,"type":"sell","buyer":"mmmmkkkk311","seller":"clicmaster","symbol":"POB","quantity":"34.17101985","price":"0.90112112","timestamp":1624237443,"volume":"30.79222768","buyTxId":"MM-P-7984442-54961514-3-2-0","sellTxId":"52abdc3f167060cc52581b040694f9b9cd3a1dea"}
{"index": {"_index":"pob","_id":"1159167"}}
	{"id":1159167,"type":"sell","buyer":"freebornsociety","seller":"failingforwards","symbol":"POB","quantity":"9.30754679","price":"0.90125125","timestamp":1624239393,"volume":"8.38843818","buyTxId":"MM-P-7985082-54962158-3-3-0","sellTxId":"9781283b0d87b1b5842b65731e13d0d817bd0912"}
{"index": {"_index":"pob","_id":"1159188"}}
	{"id":1159188,"type":"sell","buyer":"solovey6o2","seller":"nervi","symbol":"POB","quantity":"3.35929658","price":"0.90131132","timestamp":1624240386,"volume":"3.02777203","buyTxId":"261b3e8542d8c8ae946fd751d2da447e3722af4f","sellTxId":"eb68027c718745615b92661607e7877ce450a616"}
{"index": {"_index":"pob","_id":"1159210"}}
	{"id":1159210,"type":"sell","buyer":"mmmmkkkk311","seller":"mrtats","symbol":"POB","quantity":"0.72229375","price":"0.90137001","timestamp":1624241064,"volume":"0.65105392","buyTxId":"MM-P-7985631-54962713-3-2-0","sellTxId":"93b0f5f30b04d24afd36ca7a99397c130c41c90f"}
{"index": {"_index":"pob","_id":"1159223"}}
	{"id":1159223,"type":"buy","buyer":"ezrider","seller":"bilpcoinbpc","symbol":"POB","quantity":"0.09842238","price":"0.98000000","timestamp":1624241562,"volume":"0.09645393","buyTxId":"a2ab882f25e845abe3f2451289fcb13871f86c03","sellTxId":"c1371d21fbb97e56c55ea9ef868d7c12e0f3a1cc"}
{"index": {"_index":"pob","_id":"1159224"}}
	{"id":1159224,"type":"buy","buyer":"ezrider","seller":"bilpcoinbpc","symbol":"POB","quantity":"3.00000000","price":"0.98000000","timestamp":1624241562,"volume":"2.94000000","buyTxId":"a2ab882f25e845abe3f2451289fcb13871f86c03","sellTxId":"02da750941a4eea72571b5929193a487b55fb86e"}
{"index": {"_index":"pob","_id":"1159225"}}
	{"id":1159225,"type":"buy","buyer":"ezrider","seller":"bilpcoinbpc","symbol":"POB","quantity":"2.80000000","price":"0.98000000","timestamp":1624241562,"volume":"2.74400000","buyTxId":"a2ab882f25e845abe3f2451289fcb13871f86c03","sellTxId":"63f5df58739d59ba246598664b26f920c1d38555"}
{"index": {"_index":"pob","_id":"1159226"}}
	{"id":1159226,"type":"buy","buyer":"ezrider","seller":"kemmyb","symbol":"POB","quantity":"5.00000000","price":"0.98000000","timestamp":1624241562,"volume":"4.90000000","buyTxId":"a2ab882f25e845abe3f2451289fcb13871f86c03","sellTxId":"b3d9a233e70398daf187b42c3159277417abf3d7"}
{"index": {"_index":"pob","_id":"1159227"}}
	{"id":1159227,"type":"buy","buyer":"ezrider","seller":"anadolu","symbol":"POB","quantity":"14.00000000","price":"0.98000000","timestamp":1624241562,"volume":"13.72000000","buyTxId":"a2ab882f25e845abe3f2451289fcb13871f86c03","sellTxId":"7833058ee6088d8bce4fe04d35d577ea1ec5fc71"}
{"index": {"_index":"pob","_id":"1159228"}}
	{"id":1159228,"type":"buy","buyer":"ezrider","seller":"bilpcoinbpc","symbol":"POB","quantity":"0.00100000","price":"0.99000000","timestamp":1624241562,"volume":"0.00099000","buyTxId":"a2ab882f25e845abe3f2451289fcb13871f86c03","sellTxId":"8216ddd74d2a5f4eae9bcaf58ca253d03f670170"}
{"index": {"_index":"pob","_id":"1159229"}}
	{"id":1159229,"type":"buy","buyer":"ezrider","seller":"solovey6o2","symbol":"POB","quantity":"50.33638409","price":"0.99843969","timestamp":1624241562,"volume":"50.25784373","buyTxId":"a2ab882f25e845abe3f2451289fcb13871f86c03","sellTxId":"ca49a5b0c76b2a1e4ebb926576055d044e55e07c"}
{"index": {"_index":"pob","_id":"1159230"}}
	{"id":1159230,"type":"buy","buyer":"ezrider","seller":"bluesniper","symbol":"POB","quantity":"29.00000000","price":"0.99843970","timestamp":1624241562,"volume":"28.95475130","buyTxId":"a2ab882f25e845abe3f2451289fcb13871f86c03","sellTxId":"MM-P-7985774-54962856-3-5-1"}
{"index": {"_index":"pob","_id":"1159231"}}
	{"id":1159231,"type":"buy","buyer":"ezrider","seller":"bilpcoinbpc","symbol":"POB","quantity":"2.00000000","price":"0.99999920","timestamp":1624241562,"volume":"1.99999840","buyTxId":"a2ab882f25e845abe3f2451289fcb13871f86c03","sellTxId":"bc860f4fb4161e762f97938d1bc5bb6dee9a1edf"}
{"index": {"_index":"pob","_id":"1159232"}}
	{"id":1159232,"type":"buy","buyer":"ezrider","seller":"eirik","symbol":"POB","quantity":"0.76419353","price":"1.00000000","timestamp":1624241562,"volume":"0.76419353","buyTxId":"a2ab882f25e845abe3f2451289fcb13871f86c03","sellTxId":"2f7ddfd5033001997379b23e3ff6411d14e03cfa"}
{"index": {"_index":"pob","_id":"1159275"}}
	{"id":1159275,"type":"sell","buyer":"solovey6o2","seller":"thatcryptodave","symbol":"POB","quantity":"10.26437081","price":"0.90156011","timestamp":1624242480,"volume":"9.25394728","buyTxId":"fa94f62f6a59a111abc029a02687a7ce76e5604c","sellTxId":"f2326cd543af78d72fd24aa85c778b3ddcbf8787"}
{"index": {"_index":"pob","_id":"1159297"}}
	{"id":1159297,"type":"sell","buyer":"freebornsociety","seller":"rob23","symbol":"POB","quantity":"11.09089881","price":"0.90164018","timestamp":1624243599,"volume":"10.00000000","buyTxId":"MM-P-7986473-54963556-3-3-0","sellTxId":"64c7457975a10b7b6744ecf9f6304acf8e376820"}
{"index": {"_index":"pob","_id":"1159298"}}
	{"id":1159298,"type":"sell","buyer":"bluesniper","seller":"rob23","symbol":"POB","quantity":"60.51439057","price":"0.90164018","timestamp":1624243599,"volume":"54.56220601","buyTxId":"MM-P-7986473-54963556-3-5-0","sellTxId":"64c7457975a10b7b6744ecf9f6304acf8e376820"}
