{"index": {"_index":"pob","_id":"3201739"}}
	{"id":3201739,"type":"sell","buyer":"richardcrill","seller":"cristo","symbol":"POB","quantity":"0.74150484","price":"0.02000070","timestamp":1649992788,"volume":"0.01483062","buyTxId":"MM-P-16530411-63519629-3-12-0","sellTxId":"f02c5732df174990111409c4714d5c5885e58770"}
{"index": {"_index":"pob","_id":"3201768"}}
	{"id":3201768,"type":"sell","buyer":"richardcrill","seller":"durlan","symbol":"POB","quantity":"7.59612736","price":"0.02000070","timestamp":1649993043,"volume":"0.15192786","buyTxId":"MM-P-16530411-63519629-3-12-0","sellTxId":"4dd3f8bc3cfeaa3ad83ab785183add96e0bf0f1b"}
{"index": {"_index":"pob","_id":"3201824"}}
	{"id":3201824,"type":"sell","buyer":"richardcrill","seller":"lipe100dedos","symbol":"POB","quantity":"6.18496076","price":"0.02000070","timestamp":1649993538,"volume":"0.12370354","buyTxId":"MM-P-16530411-63519629-3-12-0","sellTxId":"6803315ad889c4d144259e95e7dfaa3597f29dab"}
{"index": {"_index":"pob","_id":"3201841"}}
	{"id":3201841,"type":"sell","buyer":"richardcrill","seller":"osomar357","symbol":"POB","quantity":"4.70638869","price":"0.02000070","timestamp":1649993721,"volume":"0.09413107","buyTxId":"MM-P-16530411-63519629-3-12-0","sellTxId":"b90457bbe6d78a53242a54cf9281c55aac582346"}
{"index": {"_index":"pob","_id":"3202058"}}
	{"id":3202058,"type":"sell","buyer":"richardcrill","seller":"trumpman","symbol":"POB","quantity":"64.51350297","price":"0.02000070","timestamp":1649996925,"volume":"1.29031522","buyTxId":"MM-P-16530411-63519629-3-12-0","sellTxId":"3f7e117019641dc7e979313cbdc5f6a9b87eaf8a"}
{"index": {"_index":"pob","_id":"3202059"}}
	{"id":3202059,"type":"sell","buyer":"trostparadox","seller":"trumpman","symbol":"POB","quantity":"129.64017003","price":"0.02000020","timestamp":1649996925,"volume":"2.59282933","buyTxId":"d1377aecb431ba5ec5571500da7b53a72203115b","sellTxId":"3f7e117019641dc7e979313cbdc5f6a9b87eaf8a"}
{"index": {"_index":"pob","_id":"3202200"}}
	{"id":3202200,"type":"sell","buyer":"trostparadox","seller":"ajanaku","symbol":"POB","quantity":"800.00000000","price":"0.02000020","timestamp":1649998665,"volume":"16.00016000","buyTxId":"d1377aecb431ba5ec5571500da7b53a72203115b","sellTxId":"ec0f2321d2d6b14a80639239d7c2f7cd8943388e"}
{"index": {"_index":"pob","_id":"3202209"}}
	{"id":3202209,"type":"sell","buyer":"trostparadox","seller":"nineclaws","symbol":"POB","quantity":"0.21991076","price":"0.02000020","timestamp":1649998938,"volume":"0.00439826","buyTxId":"d1377aecb431ba5ec5571500da7b53a72203115b","sellTxId":"4791117c5515a4e21c37da650d06afd9f1be3237"}
{"index": {"_index":"pob","_id":"3202232"}}
	{"id":3202232,"type":"sell","buyer":"trostparadox","seller":"logicforce","symbol":"POB","quantity":"5.47562476","price":"0.02000020","timestamp":1649999406,"volume":"0.10951359","buyTxId":"d1377aecb431ba5ec5571500da7b53a72203115b","sellTxId":"84a9f736c5be919b6c88a441e47845aa2e705e8c"}
{"index": {"_index":"pob","_id":"3202398"}}
	{"id":3202398,"type":"sell","buyer":"trostparadox","seller":"firstborn.pob","symbol":"POB","quantity":"101.68916000","price":"0.02000020","timestamp":1650001878,"volume":"2.03380354","buyTxId":"d1377aecb431ba5ec5571500da7b53a72203115b","sellTxId":"fe4396ca5bc47c730b081c14b93844038616af69"}
{"index": {"_index":"pob","_id":"3202602"}}
	{"id":3202602,"type":"sell","buyer":"trostparadox","seller":"jersteemit","symbol":"POB","quantity":"777.11784961","price":"0.02000020","timestamp":1650004389,"volume":"15.54251242","buyTxId":"d1377aecb431ba5ec5571500da7b53a72203115b","sellTxId":"2722039981b32dbb820f9b6a2bfbe33c7db65fe5"}
{"index": {"_index":"pob","_id":"3202711"}}
	{"id":3202711,"type":"buy","buyer":"anadolu","seller":"richardcrill","symbol":"POB","quantity":"333.00000000","price":"0.02020000","timestamp":1650005508,"volume":"6.72660000","buyTxId":"26c08c77bef3978d3e064c1507f5a1f257471894","sellTxId":"MM-P-16531507-63520725-3-12-0"}
{"index": {"_index":"pob","_id":"3202850"}}
	{"id":3202850,"type":"sell","buyer":"trostparadox","seller":"josediccus","symbol":"POB","quantity":"60.00000000","price":"0.02000020","timestamp":1650007923,"volume":"1.20001200","buyTxId":"d1377aecb431ba5ec5571500da7b53a72203115b","sellTxId":"744c09136d0b1417b76f3f2bcacc0f4e7781bc61"}
{"index": {"_index":"pob","_id":"3202946"}}
	{"id":3202946,"type":"sell","buyer":"trostparadox","seller":"edskymiguel","symbol":"POB","quantity":"0.71989512","price":"0.02000020","timestamp":1650009090,"volume":"0.01439805","buyTxId":"d1377aecb431ba5ec5571500da7b53a72203115b","sellTxId":"4d54ecab1c6c1854233dd2e1917b3fdffebee848"}
{"index": {"_index":"pob","_id":"3202954"}}
	{"id":3202954,"type":"sell","buyer":"trostparadox","seller":"frawdie","symbol":"POB","quantity":"120.85736742","price":"0.02000020","timestamp":1650009168,"volume":"2.41717152","buyTxId":"d1377aecb431ba5ec5571500da7b53a72203115b","sellTxId":"0416e541d488c3823454ddcc8889aff29bc528a3"}
{"index": {"_index":"pob","_id":"3202958"}}
	{"id":3202958,"type":"sell","buyer":"trostparadox","seller":"frawdie","symbol":"POB","quantity":"123.53736162","price":"0.02000020","timestamp":1650009198,"volume":"2.47077194","buyTxId":"d1377aecb431ba5ec5571500da7b53a72203115b","sellTxId":"526d5277594b1521f90a6498322d42c35c06de83"}
{"index": {"_index":"pob","_id":"3202966"}}
	{"id":3202966,"type":"sell","buyer":"trostparadox","seller":"frawdie","symbol":"POB","quantity":"126.50147448","price":"0.02000020","timestamp":1650009261,"volume":"2.53005479","buyTxId":"d1377aecb431ba5ec5571500da7b53a72203115b","sellTxId":"9fc6cbf2046dc4299e563fcd34d3cb002a5237cf"}
{"index": {"_index":"pob","_id":"3203005"}}
	{"id":3203005,"type":"sell","buyer":"trostparadox","seller":"marfonso","symbol":"POB","quantity":"0.96700000","price":"0.02000020","timestamp":1650009600,"volume":"0.01934019","buyTxId":"d1377aecb431ba5ec5571500da7b53a72203115b","sellTxId":"0bee9f689084680ad51ea5168f13714127e34683"}
{"index": {"_index":"pob","_id":"3203201"}}
	{"id":3203201,"type":"sell","buyer":"trostparadox","seller":"clixmoney","symbol":"POB","quantity":"1.30621526","price":"0.02000020","timestamp":1650012576,"volume":"0.02612457","buyTxId":"d1377aecb431ba5ec5571500da7b53a72203115b","sellTxId":"51230d27844f96f0d9bf7eadb1a3504c5d8740c2"}
{"index": {"_index":"pob","_id":"3203211"}}
	{"id":3203211,"type":"sell","buyer":"trostparadox","seller":"mrlelouch00","symbol":"POB","quantity":"0.18046770","price":"0.02000020","timestamp":1650012675,"volume":"0.00360939","buyTxId":"d1377aecb431ba5ec5571500da7b53a72203115b","sellTxId":"8dbba06fc121167e3a87e8245a842090fa59ef06"}
{"index": {"_index":"pob","_id":"3203223"}}
	{"id":3203223,"type":"sell","buyer":"trostparadox","seller":"zirochka","symbol":"POB","quantity":"8.51681917","price":"0.02000020","timestamp":1650012846,"volume":"0.17033809","buyTxId":"d1377aecb431ba5ec5571500da7b53a72203115b","sellTxId":"54efaeff7112fb6b325931fe104cb665f85facc6"}
{"index": {"_index":"pob","_id":"3203335"}}
	{"id":3203335,"type":"sell","buyer":"richardcrill","seller":"ourpick","symbol":"POB","quantity":"8.05185378","price":"0.02000070","timestamp":1650014349,"volume":"0.16104271","buyTxId":"MM-P-16540488-63529708-3-12-0","sellTxId":"da132a57aef5f870e5c9ae4a5f65856bdea1e696"}
{"index": {"_index":"pob","_id":"3203350"}}
	{"id":3203350,"type":"sell","buyer":"richardcrill","seller":"liotes.voter","symbol":"POB","quantity":"8.31110183","price":"0.02000070","timestamp":1650014538,"volume":"0.16622785","buyTxId":"MM-P-16540488-63529708-3-12-0","sellTxId":"881a4ad870ff7deeee3887b956ed4b098da39d34"}
{"index": {"_index":"pob","_id":"3203426"}}
	{"id":3203426,"type":"buy","buyer":"chesatochi","seller":"richardcrill","symbol":"POB","quantity":"4.88527524","price":"0.02020000","timestamp":1650015393,"volume":"0.09868256","buyTxId":"8d77dba0917951fb43442bc19109f89f75998b92","sellTxId":"MM-P-16537897-63527115-3-12-1"}
{"index": {"_index":"pob","_id":"3203431"}}
	{"id":3203431,"type":"sell","buyer":"richardcrill","seller":"alekst7","symbol":"POB","quantity":"500.00000000","price":"0.02000070","timestamp":1650015408,"volume":"10.00035000","buyTxId":"MM-P-16540488-63529708-3-12-0","sellTxId":"50c15987eb6667ed641a8085242f8a74d5376fa7"}
{"index": {"_index":"pob","_id":"3203521"}}
	{"id":3203521,"type":"sell","buyer":"richardcrill","seller":"florenceboens","symbol":"POB","quantity":"0.05849300","price":"0.02000070","timestamp":1650016665,"volume":"0.00116990","buyTxId":"MM-P-16540488-63529708-3-12-0","sellTxId":"c4329f41c3e940184647367faf7e4b6e0b1c5ced"}
{"index": {"_index":"pob","_id":"3203596"}}
	{"id":3203596,"type":"sell","buyer":"richardcrill","seller":"mrtats","symbol":"POB","quantity":"3.381","price":"0.02000070","timestamp":1650017871,"volume":"0.06762237","buyTxId":"MM-P-16540488-63529708-3-12-0","sellTxId":"506d8b59f4a968175456bce26e6a05e1038bf991"}
{"index": {"_index":"pob","_id":"3203667"}}
	{"id":3203667,"type":"sell","buyer":"richardcrill","seller":"hiveclick","symbol":"POB","quantity":"28.27035141","price":"0.02000070","timestamp":1650018654,"volume":"0.56542682","buyTxId":"MM-P-16540488-63529708-3-12-0","sellTxId":"4960158a131c35cdfd30bddbed7262606634a717"}
{"index": {"_index":"pob","_id":"3203677"}}
	{"id":3203677,"type":"sell","buyer":"richardcrill","seller":"botefarm","symbol":"POB","quantity":"1.59942612","price":"0.02000070","timestamp":1650018795,"volume":"0.03198964","buyTxId":"MM-P-16540488-63529708-3-12-0","sellTxId":"fdbcc4d9f93ac9dff05a8bc30f07254e8aef1037"}
{"index": {"_index":"pob","_id":"3203719"}}
	{"id":3203719,"type":"sell","buyer":"richardcrill","seller":"fiberfrau","symbol":"POB","quantity":"1.49420761","price":"0.02000070","timestamp":1650019344,"volume":"0.02988520","buyTxId":"MM-P-16540488-63529708-3-12-0","sellTxId":"ff5dc7391b92ecd534bbfa4e055503dea939f6ad"}
{"index": {"_index":"pob","_id":"3203853"}}
	{"id":3203853,"type":"sell","buyer":"richardcrill","seller":"twicejoy","symbol":"POB","quantity":"3.55881207","price":"0.02000070","timestamp":1650021063,"volume":"0.07117873","buyTxId":"MM-P-16540488-63529708-3-12-0","sellTxId":"49b9bd1cacbdade211fb5f9e4a615034c2946ee9"}
{"index": {"_index":"pob","_id":"3203971"}}
	{"id":3203971,"type":"sell","buyer":"richardcrill","seller":"ervin-lemark","symbol":"POB","quantity":"133.53909853","price":"0.02000070","timestamp":1650022599,"volume":"2.67087545","buyTxId":"MM-P-16540488-63529708-3-12-0","sellTxId":"eb9c55e8f7cc2510fe5f517f853a24e9a5b89efa"}
{"index": {"_index":"pob","_id":"3204088"}}
	{"id":3204088,"type":"sell","buyer":"richardcrill","seller":"blackleg","symbol":"POB","quantity":"6.16110192","price":"0.02000070","timestamp":1650024423,"volume":"0.12322635","buyTxId":"MM-P-16540488-63529708-3-12-0","sellTxId":"ad143e80e874ae338dadc953a1da358e45b8afbf"}
{"index": {"_index":"pob","_id":"3204096"}}
	{"id":3204096,"type":"sell","buyer":"richardcrill","seller":"memeisfun","symbol":"POB","quantity":"258.93760702","price":"0.02000070","timestamp":1650024609,"volume":"5.17893340","buyTxId":"MM-P-16540488-63529708-3-12-0","sellTxId":"00b956e89e9ba8a9251aa2f8c9a7857993b28701"}
{"index": {"_index":"pob","_id":"3204131"}}
	{"id":3204131,"type":"sell","buyer":"trostparadox","seller":"fw206","symbol":"POB","quantity":"1.13807502","price":"0.02000020","timestamp":1650025050,"volume":"0.02276173","buyTxId":"d1377aecb431ba5ec5571500da7b53a72203115b","sellTxId":"d196e1e87e29f34fdbbbb432b662ada7ca7e62f3"}
{"index": {"_index":"pob","_id":"3204372"}}
	{"id":3204372,"type":"buy","buyer":"anadolu","seller":"memeisfun","symbol":"POB","quantity":"501.54120700","price":"0.02000037","timestamp":1650028314,"volume":"10.03100971","buyTxId":"54a0f29a9c11b409db809587127f782f0ca3cb7e","sellTxId":"00b956e89e9ba8a9251aa2f8c9a7857993b28701"}
{"index": {"_index":"pob","_id":"3204461"}}
	{"id":3204461,"type":"sell","buyer":"trostparadox","seller":"lisamgentile1961","symbol":"POB","quantity":"3.51920895","price":"0.02000020","timestamp":1650029187,"volume":"0.07038488","buyTxId":"d1377aecb431ba5ec5571500da7b53a72203115b","sellTxId":"7c889051a6fec7c833c4d621c8e2cd540ff4de05"}
{"index": {"_index":"pob","_id":"3204560"}}
	{"id":3204560,"type":"sell","buyer":"trostparadox","seller":"riansilva","symbol":"POB","quantity":"16.8933554","price":"0.02000020","timestamp":1650030207,"volume":"0.33787049","buyTxId":"d1377aecb431ba5ec5571500da7b53a72203115b","sellTxId":"d42956949f9e89474aec445ffcb5d3537e681fca"}
{"index": {"_index":"pob","_id":"3204703"}}
	{"id":3204703,"type":"sell","buyer":"trostparadox","seller":"dwinblood","symbol":"POB","quantity":"12.33891259","price":"0.02000020","timestamp":1650032004,"volume":"0.24678072","buyTxId":"d1377aecb431ba5ec5571500da7b53a72203115b","sellTxId":"53480b30e08421600702593e68857c81d57aba85"}
{"index": {"_index":"pob","_id":"3204801"}}
	{"id":3204801,"type":"sell","buyer":"trostparadox","seller":"atyh","symbol":"POB","quantity":"2.35150387","price":"0.02000020","timestamp":1650033240,"volume":"0.04703055","buyTxId":"d1377aecb431ba5ec5571500da7b53a72203115b","sellTxId":"fb8bca0846dbadcefb26d5f498ac55307cd0a3e2"}
{"index": {"_index":"pob","_id":"3204845"}}
	{"id":3204845,"type":"sell","buyer":"trostparadox","seller":"luizeba","symbol":"POB","quantity":"34.49748085","price":"0.02000020","timestamp":1650033750,"volume":"0.68995652","buyTxId":"d1377aecb431ba5ec5571500da7b53a72203115b","sellTxId":"f82339a3d6a48c95f6b02fd64ed33f4c340082e4"}
{"index": {"_index":"pob","_id":"3204864"}}
	{"id":3204864,"type":"sell","buyer":"trostparadox","seller":"underlock","symbol":"POB","quantity":"28.60856943","price":"0.02000020","timestamp":1650033912,"volume":"0.57217711","buyTxId":"d1377aecb431ba5ec5571500da7b53a72203115b","sellTxId":"5611a81c37048a39fd63ec29b5501ff1a86f57e6"}
{"index": {"_index":"pob","_id":"3205070"}}
	{"id":3205070,"type":"sell","buyer":"trostparadox","seller":"sonfecisinan","symbol":"POB","quantity":"0.00389105","price":"0.02000020","timestamp":1650036225,"volume":"0.00007782","buyTxId":"d1377aecb431ba5ec5571500da7b53a72203115b","sellTxId":"95d40154a675354da7583ddf744cd70c89d52c3d"}
{"index": {"_index":"pob","_id":"3205136"}}
	{"id":3205136,"type":"sell","buyer":"trostparadox","seller":"casimirio","symbol":"POB","quantity":"32.74173986","price":"0.02000020","timestamp":1650037044,"volume":"0.65484135","buyTxId":"d1377aecb431ba5ec5571500da7b53a72203115b","sellTxId":"ce3049e1912699bbb7c01b1b6a55780a309ac21e"}
{"index": {"_index":"pob","_id":"3205298"}}
	{"id":3205298,"type":"sell","buyer":"trostparadox","seller":"mba2020","symbol":"POB","quantity":"7.85441380","price":"0.02000020","timestamp":1650038475,"volume":"0.15708985","buyTxId":"d1377aecb431ba5ec5571500da7b53a72203115b","sellTxId":"ba20de6dffdd6ac419d6e4c564ed0875cfcf288c"}
{"index": {"_index":"pob","_id":"3205306"}}
	{"id":3205306,"type":"sell","buyer":"trostparadox","seller":"chacald.dcymt","symbol":"POB","quantity":"76.18591884","price":"0.02000020","timestamp":1650038511,"volume":"1.52373361","buyTxId":"d1377aecb431ba5ec5571500da7b53a72203115b","sellTxId":"949dec0987a64255d3f778bd18d505ab71d3c607"}
{"index": {"_index":"pob","_id":"3205386"}}
	{"id":3205386,"type":"sell","buyer":"trostparadox","seller":"brofi-market","symbol":"POB","quantity":"3.53886912","price":"0.02000020","timestamp":1650039423,"volume":"0.07077809","buyTxId":"d1377aecb431ba5ec5571500da7b53a72203115b","sellTxId":"d7dcf781390eb3bbbf45d9b6ea11bfb15d2d1168"}
{"index": {"_index":"pob","_id":"3205418"}}
	{"id":3205418,"type":"sell","buyer":"trostparadox","seller":"andy4475","symbol":"POB","quantity":"21.70122993","price":"0.02000020","timestamp":1650039861,"volume":"0.43402894","buyTxId":"d1377aecb431ba5ec5571500da7b53a72203115b","sellTxId":"5901ab6e4d7a3dc22e0e6c53bdb13744e0b93a0f"}
{"index": {"_index":"pob","_id":"3205441"}}
	{"id":3205441,"type":"buy","buyer":"master-lamps","seller":"leslieq78","symbol":"POB","quantity":"0.33488193","price":"0.02000021","timestamp":1650040332,"volume":"0.00669771","buyTxId":"89ce019e1b511aa8b33874399f121b70b1acb2f4","sellTxId":"91ddcce7a21daf4977d05f2691b36a8f7f7a427b"}
{"index": {"_index":"pob","_id":"3205442"}}
	{"id":3205442,"type":"buy","buyer":"master-lamps","seller":"brofi-market","symbol":"POB","quantity":"3.53886907","price":"0.02000021","timestamp":1650040332,"volume":"0.07077812","buyTxId":"89ce019e1b511aa8b33874399f121b70b1acb2f4","sellTxId":"f5d09fcb0df14b0161a4f2fab5164b07a3e83fb0"}
{"index": {"_index":"pob","_id":"3205921"}}
	{"id":3205921,"type":"sell","buyer":"trostparadox","seller":"madstacks","symbol":"POB","quantity":"6.45457008","price":"0.02000020","timestamp":1650043551,"volume":"0.12909269","buyTxId":"d1377aecb431ba5ec5571500da7b53a72203115b","sellTxId":"b8e456642c0800a21c907422c3648a8b9bf32627"}
{"index": {"_index":"pob","_id":"3206042"}}
	{"id":3206042,"type":"buy","buyer":"ugochill","seller":"memeisfun","symbol":"POB","quantity":"0.00000086","price":"0.02000037","timestamp":1650044766,"volume":"0.00000002","buyTxId":"2bd4b145efc904a709038959edfcd9b1907b45b3","sellTxId":"00b956e89e9ba8a9251aa2f8c9a7857993b28701"}
{"index": {"_index":"pob","_id":"3206043"}}
	{"id":3206043,"type":"buy","buyer":"ugochill","seller":"richardcrill","symbol":"POB","quantity":"4.99999914","price":"0.02020000","timestamp":1650044766,"volume":"0.10099998","buyTxId":"2bd4b145efc904a709038959edfcd9b1907b45b3","sellTxId":"MM-P-16537897-63527115-3-12-1"}
{"index": {"_index":"pob","_id":"3206474"}}
	{"id":3206474,"type":"sell","buyer":"trostparadox","seller":"brutalmonkey","symbol":"POB","quantity":"118.43925044","price":"0.02000020","timestamp":1650048423,"volume":"2.36880870","buyTxId":"d1377aecb431ba5ec5571500da7b53a72203115b","sellTxId":"2f6d2cd49f70ee1b7a42c85c20521cdd909429ea"}
{"index": {"_index":"pob","_id":"3206490"}}
	{"id":3206490,"type":"sell","buyer":"trostparadox","seller":"dhedge-drips","symbol":"POB","quantity":"0.37916453","price":"0.02000020","timestamp":1650048480,"volume":"0.00758337","buyTxId":"d1377aecb431ba5ec5571500da7b53a72203115b","sellTxId":"9f8789894925016383a43d5d2ed98b88cb8b5e50"}
{"index": {"_index":"pob","_id":"3206726"}}
	{"id":3206726,"type":"sell","buyer":"trostparadox","seller":"chireerocks","symbol":"POB","quantity":"4.51364406","price":"0.02000020","timestamp":1650050313,"volume":"0.09027378","buyTxId":"d1377aecb431ba5ec5571500da7b53a72203115b","sellTxId":"5900c4e50762470e712abb685e4c7e8c86f5ffee"}
{"index": {"_index":"pob","_id":"3206813"}}
	{"id":3206813,"type":"sell","buyer":"trostparadox","seller":"andy4475","symbol":"POB","quantity":"23.60776331","price":"0.02000020","timestamp":1650051438,"volume":"0.47215999","buyTxId":"d1377aecb431ba5ec5571500da7b53a72203115b","sellTxId":"90ba8624a25977269ec424f62fd797d70fca82ee"}
{"index": {"_index":"pob","_id":"3206890"}}
	{"id":3206890,"type":"sell","buyer":"trostparadox","seller":"queenstarr","symbol":"POB","quantity":"119.00000000","price":"0.02000020","timestamp":1650052122,"volume":"2.38002380","buyTxId":"d1377aecb431ba5ec5571500da7b53a72203115b","sellTxId":"adabbd57cbfb6a2279e006d637f0e8662ad78ee8"}
{"index": {"_index":"pob","_id":"3206926"}}
	{"id":3206926,"type":"buy","buyer":"pjansen","seller":"richardcrill","symbol":"POB","quantity":"100.00000000","price":"0.02010000","timestamp":1650052590,"volume":"2.01000000","buyTxId":"9ac7b16da1d3dda348b55d2146ae46742133747d","sellTxId":"MM-P-16552258-63541486-3-12-0"}
{"index": {"_index":"pob","_id":"3206931"}}
	{"id":3206931,"type":"buy","buyer":"pjansen","seller":"richardcrill","symbol":"POB","quantity":"100.00000000","price":"0.02010000","timestamp":1650052683,"volume":"2.01000000","buyTxId":"1beb0bd9c444dc839c4035ba99a519452141834c","sellTxId":"MM-P-16552258-63541486-3-12-0"}
{"index": {"_index":"pob","_id":"3207007"}}
	{"id":3207007,"type":"sell","buyer":"trostparadox","seller":"valorbeats","symbol":"POB","quantity":"0.54468388","price":"0.02000020","timestamp":1650053511,"volume":"0.01089379","buyTxId":"d1377aecb431ba5ec5571500da7b53a72203115b","sellTxId":"da663ef3ef895725d1bd6a521f0d9a0acf69306c"}
{"index": {"_index":"pob","_id":"3207249"}}
	{"id":3207249,"type":"sell","buyer":"trostparadox","seller":"deathwing","symbol":"POB","quantity":"0.026","price":"0.02000020","timestamp":1650056106,"volume":"0.00052001","buyTxId":"d1377aecb431ba5ec5571500da7b53a72203115b","sellTxId":"0281f20d990142ba7a1f2d9f72c11fd1b1822182-0"}
{"index": {"_index":"pob","_id":"3207305"}}
	{"id":3207305,"type":"sell","buyer":"trostparadox","seller":"operahoser","symbol":"POB","quantity":"0.82599845","price":"0.02000020","timestamp":1650056703,"volume":"0.01652013","buyTxId":"d1377aecb431ba5ec5571500da7b53a72203115b","sellTxId":"602a853219797b066559a9b79dd3dfee562e3b56"}
{"index": {"_index":"pob","_id":"3207364"}}
	{"id":3207364,"type":"sell","buyer":"trostparadox","seller":"laritheghost","symbol":"POB","quantity":"1.34059537","price":"0.02000020","timestamp":1650057333,"volume":"0.02681218","buyTxId":"d1377aecb431ba5ec5571500da7b53a72203115b","sellTxId":"79b8d61be6e2369391fe39589d3f3a16b5005bc4"}
{"index": {"_index":"pob","_id":"3207627"}}
	{"id":3207627,"type":"sell","buyer":"trostparadox","seller":"he-index","symbol":"POB","quantity":"0.04900000","price":"0.02000020","timestamp":1650060072,"volume":"0.00098001","buyTxId":"d1377aecb431ba5ec5571500da7b53a72203115b","sellTxId":"c4aab068ba123eaa351c5d6ce4a5b3ef3c942e86"}
{"index": {"_index":"pob","_id":"3207732"}}
	{"id":3207732,"type":"sell","buyer":"trostparadox","seller":"gadrian","symbol":"POB","quantity":"17.77880123","price":"0.02000020","timestamp":1650060717,"volume":"0.35557958","buyTxId":"d1377aecb431ba5ec5571500da7b53a72203115b","sellTxId":"0037fb22bd699dfc6b24cbb273cac425cd656fac"}
{"index": {"_index":"pob","_id":"3207763"}}
	{"id":3207763,"type":"buy","buyer":"dswap","seller":"richardcrill","symbol":"POB","quantity":"1.04113283","price":"0.02010000","timestamp":1650061083,"volume":"0.02092677","buyTxId":"9fb54ec5584961f70dee0b8687f3925d82fcec95","sellTxId":"MM-P-16552258-63541486-3-12-0"}
{"index": {"_index":"pob","_id":"3208042"}}
	{"id":3208042,"type":"sell","buyer":"trostparadox","seller":"andy4475","symbol":"POB","quantity":"41.71302970","price":"0.02000020","timestamp":1650062910,"volume":"0.83426894","buyTxId":"d1377aecb431ba5ec5571500da7b53a72203115b","sellTxId":"8549b55804b9b6ee90403f89592ae83a3750d9f3"}
{"index": {"_index":"pob","_id":"3208050"}}
	{"id":3208050,"type":"sell","buyer":"trostparadox","seller":"charcoalbuffet","symbol":"POB","quantity":"9.10329199","price":"0.02000020","timestamp":1650062958,"volume":"0.18206766","buyTxId":"d1377aecb431ba5ec5571500da7b53a72203115b","sellTxId":"50269cc0b11ce5d4b8a95920260930eb3aae88df"}
{"index": {"_index":"pob","_id":"3208055"}}
	{"id":3208055,"type":"sell","buyer":"trostparadox","seller":"denmarkguy","symbol":"POB","quantity":"1.72062304","price":"0.02000020","timestamp":1650062970,"volume":"0.03441280","buyTxId":"d1377aecb431ba5ec5571500da7b53a72203115b","sellTxId":"53ae24f19fdac0fad0db4a777b59f63ee3e86df2"}
{"index": {"_index":"pob","_id":"3208117"}}
	{"id":3208117,"type":"sell","buyer":"trostparadox","seller":"thranax","symbol":"POB","quantity":"0.65530963","price":"0.02000020","timestamp":1650063507,"volume":"0.01310632","buyTxId":"d1377aecb431ba5ec5571500da7b53a72203115b","sellTxId":"6eda17f229cea272a33b9a69e1843b44d3eaa28a"}
{"index": {"_index":"pob","_id":"3208442"}}
	{"id":3208442,"type":"sell","buyer":"trostparadox","seller":"hive-189742","symbol":"POB","quantity":"0.52418039","price":"0.02000020","timestamp":1650067080,"volume":"0.01048371","buyTxId":"d1377aecb431ba5ec5571500da7b53a72203115b","sellTxId":"205e13198ac50a82d817ac59ff97fc06565228d7"}
{"index": {"_index":"pob","_id":"3208582"}}
	{"id":3208582,"type":"sell","buyer":"trostparadox","seller":"teesart","symbol":"POB","quantity":"551.63925104","price":"0.02000020","timestamp":1650068841,"volume":"11.03289535","buyTxId":"d1377aecb431ba5ec5571500da7b53a72203115b","sellTxId":"26b7e66c967afb3dac926ceaa7e821d18006fc2e"}
{"index": {"_index":"pob","_id":"3208600"}}
	{"id":3208600,"type":"sell","buyer":"trostparadox","seller":"decentropia","symbol":"POB","quantity":"0.11655575","price":"0.02000020","timestamp":1650068991,"volume":"0.00233114","buyTxId":"d1377aecb431ba5ec5571500da7b53a72203115b","sellTxId":"092d935572e1f076347e8c9aba78e5994e549a30"}
{"index": {"_index":"pob","_id":"3208617"}}
	{"id":3208617,"type":"sell","buyer":"trostparadox","seller":"offgridlife","symbol":"POB","quantity":"20.34118832","price":"0.02000020","timestamp":1650069132,"volume":"0.40682783","buyTxId":"d1377aecb431ba5ec5571500da7b53a72203115b","sellTxId":"ce747443588d5d45b9ce7b5c25c99eecf92474bc"}
{"index": {"_index":"pob","_id":"3209304"}}
	{"id":3209304,"type":"sell","buyer":"trostparadox","seller":"steem82868","symbol":"POB","quantity":"0.90654522","price":"0.02000020","timestamp":1650077262,"volume":"0.01813109","buyTxId":"d1377aecb431ba5ec5571500da7b53a72203115b","sellTxId":"13a85e769eed9fc961ce60a26f19f7bbd78a77d7"}
