{"index": {"_index":"pob","_id":"3267709"}}
	{"id":3267709,"type":"sell","buyer":"alucian","seller":"steem82868","symbol":"POB","quantity":"0.01408253","price":"0.02110000","timestamp":1650769341,"volume":"0.00029714","buyTxId":"f7c8c1eb105d3ca1ce95232e2bdd8cb707391966","sellTxId":"32f4cf158faa0120b6c42f388625442eea2767d7"}
{"index": {"_index":"pob","_id":"3267731"}}
	{"id":3267731,"type":"sell","buyer":"alucian","seller":"dswap","symbol":"POB","quantity":"0.24727957","price":"0.02110000","timestamp":1650769563,"volume":"0.00521760","buyTxId":"f7c8c1eb105d3ca1ce95232e2bdd8cb707391966","sellTxId":"4dfcb1d2080bd6a31c52fd31609f3becf463d093"}
{"index": {"_index":"pob","_id":"3268323"}}
	{"id":3268323,"type":"sell","buyer":"alucian","seller":"decentropia","symbol":"POB","quantity":"0.37228296","price":"0.02110000","timestamp":1650779757,"volume":"0.00785517","buyTxId":"f7c8c1eb105d3ca1ce95232e2bdd8cb707391966","sellTxId":"c16ef910ba411339c13d2e710a8156998db93a19"}
{"index": {"_index":"pob","_id":"3268402"}}
	{"id":3268402,"type":"sell","buyer":"alucian","seller":"quinnertronics","symbol":"POB","quantity":"0.08490867","price":"0.02110000","timestamp":1650780849,"volume":"0.00179157","buyTxId":"f7c8c1eb105d3ca1ce95232e2bdd8cb707391966","sellTxId":"c55b42a3276123f6c3bbb43d3cb7220ae827cb42"}
{"index": {"_index":"pob","_id":"3268467"}}
	{"id":3268467,"type":"sell","buyer":"alucian","seller":"beemd","symbol":"POB","quantity":"6.05300706","price":"0.02110000","timestamp":1650781806,"volume":"0.12771845","buyTxId":"f7c8c1eb105d3ca1ce95232e2bdd8cb707391966","sellTxId":"e005ee1f349ab7b6b79a44cca6ed115a1081cee6"}
{"index": {"_index":"pob","_id":"3268468"}}
	{"id":3268468,"type":"sell","buyer":"alucian","seller":"zakludick","symbol":"POB","quantity":"0.14317339","price":"0.02110000","timestamp":1650781809,"volume":"0.00302096","buyTxId":"f7c8c1eb105d3ca1ce95232e2bdd8cb707391966","sellTxId":"5ec491632d5e629d95076f91c303158b94e7cf12"}
{"index": {"_index":"pob","_id":"3268473"}}
	{"id":3268473,"type":"buy","buyer":"master-lamps","seller":"sonfecisinan","symbol":"POB","quantity":"0.01292300","price":"0.02110024","timestamp":1650781845,"volume":"0.00027268","buyTxId":"6ff8ae3385673e74dec93617fee3fe96029d60d2","sellTxId":"bb416c9a6e45707a12dd960fcf970d959b4ef578"}
{"index": {"_index":"pob","_id":"3268528"}}
	{"id":3268528,"type":"sell","buyer":"alucian","seller":"steem82868","symbol":"POB","quantity":"0.02062846","price":"0.02110000","timestamp":1650782325,"volume":"0.00043526","buyTxId":"f7c8c1eb105d3ca1ce95232e2bdd8cb707391966","sellTxId":"c67b9611f86c873b6075b6fa934a17c41bad9402"}
{"index": {"_index":"pob","_id":"3268573"}}
	{"id":3268573,"type":"sell","buyer":"alucian","seller":"itharagaian","symbol":"POB","quantity":"0.50000000","price":"0.02110000","timestamp":1650782955,"volume":"0.01055000","buyTxId":"f7c8c1eb105d3ca1ce95232e2bdd8cb707391966","sellTxId":"23a89043b875531e62340c665e3ddd144211d0bc"}
{"index": {"_index":"pob","_id":"3268625"}}
	{"id":3268625,"type":"sell","buyer":"alucian","seller":"charcoalbuffet","symbol":"POB","quantity":"15.93205779","price":"0.02110000","timestamp":1650783615,"volume":"0.33616642","buyTxId":"f7c8c1eb105d3ca1ce95232e2bdd8cb707391966","sellTxId":"bdb4c7478b122a7c7454a0a9d57e2e4de1fef013"}
{"index": {"_index":"pob","_id":"3268626"}}
	{"id":3268626,"type":"sell","buyer":"onlydoge","seller":"charcoalbuffet","symbol":"POB","quantity":"1.25520772","price":"0.02011000","timestamp":1650783615,"volume":"0.02524223","buyTxId":"e1ab8977585fa7be63222864617a0648fe5be266","sellTxId":"bdb4c7478b122a7c7454a0a9d57e2e4de1fef013"}
{"index": {"_index":"pob","_id":"3268948"}}
	{"id":3268948,"type":"sell","buyer":"holovision","seller":"oks2crypto","symbol":"POB","quantity":"0.07793794","price":"0.02200000","timestamp":1650787683,"volume":"0.00171463","buyTxId":"1537c03e35a1c28ee6e10626d05f1e11ff684b00","sellTxId":"ab03315b1704eb4117f2782388bf225c44c87c41"}
{"index": {"_index":"pob","_id":"3269064"}}
	{"id":3269064,"type":"sell","buyer":"holovision","seller":"ourpick","symbol":"POB","quantity":"6.54403890","price":"0.02200000","timestamp":1650789096,"volume":"0.14396886","buyTxId":"1537c03e35a1c28ee6e10626d05f1e11ff684b00","sellTxId":"9bd5af529c6e6df0a48e78288f051c4cf80c6528"}
{"index": {"_index":"pob","_id":"3269120"}}
	{"id":3269120,"type":"sell","buyer":"holovision","seller":"readthisplease","symbol":"POB","quantity":"93.00000000","price":"0.02200000","timestamp":1650789969,"volume":"2.04600000","buyTxId":"1537c03e35a1c28ee6e10626d05f1e11ff684b00","sellTxId":"97c5dece90834789dddec8f09b8bf5e55e302822"}
{"index": {"_index":"pob","_id":"3269125"}}
	{"id":3269125,"type":"sell","buyer":"holovision","seller":"readthisplease","symbol":"POB","quantity":"0.37802316","price":"0.02200000","timestamp":1650790023,"volume":"0.00831651","buyTxId":"1537c03e35a1c28ee6e10626d05f1e11ff684b00","sellTxId":"853c9deaf6123c41940389ffee1966c7f6d4db0c"}
{"index": {"_index":"pob","_id":"3269126"}}
	{"id":3269126,"type":"sell","buyer":"onlydoge","seller":"readthisplease","symbol":"POB","quantity":"96.62197684","price":"0.02041000","timestamp":1650790023,"volume":"1.97205455","buyTxId":"eaed054c5fb1602ad4f6205481da94994a14e402","sellTxId":"853c9deaf6123c41940389ffee1966c7f6d4db0c"}
{"index": {"_index":"pob","_id":"3269130"}}
	{"id":3269130,"type":"sell","buyer":"onlydoge","seller":"readthisplease","symbol":"POB","quantity":"1.36919316","price":"0.02041000","timestamp":1650790059,"volume":"0.02794523","buyTxId":"eaed054c5fb1602ad4f6205481da94994a14e402","sellTxId":"038b4eeee41c6dadf7c07fe32a73b6fe71606a99"}
{"index": {"_index":"pob","_id":"3269131"}}
	{"id":3269131,"type":"sell","buyer":"marketroll","seller":"readthisplease","symbol":"POB","quantity":"100.00000000","price":"0.02040000","timestamp":1650790059,"volume":"2.04000000","buyTxId":"b536f649f0eba5da37011931f9a367f0db738164","sellTxId":"038b4eeee41c6dadf7c07fe32a73b6fe71606a99"}
{"index": {"_index":"pob","_id":"3269132"}}
	{"id":3269132,"type":"sell","buyer":"lebah","seller":"readthisplease","symbol":"POB","quantity":"152.63080684","price":"0.02010000","timestamp":1650790059,"volume":"3.06787922","buyTxId":"dcdcd55eca67f4ddce9780abcc4f58e6673f583b","sellTxId":"038b4eeee41c6dadf7c07fe32a73b6fe71606a99"}
{"index": {"_index":"pob","_id":"3269138"}}
	{"id":3269138,"type":"sell","buyer":"lebah","seller":"readthisplease","symbol":"POB","quantity":"101.00000000","price":"0.02010000","timestamp":1650790101,"volume":"2.03010000","buyTxId":"dcdcd55eca67f4ddce9780abcc4f58e6673f583b","sellTxId":"e261c554489643b57f19ae213e9ffabe233e890a"}
{"index": {"_index":"pob","_id":"3269144"}}
	{"id":3269144,"type":"sell","buyer":"lebah","seller":"readthisplease","symbol":"POB","quantity":"0.36919316","price":"0.02010000","timestamp":1650790131,"volume":"0.00742078","buyTxId":"dcdcd55eca67f4ddce9780abcc4f58e6673f583b","sellTxId":"f2a5a04ed422a74af10ff21956a5436bf99a8539"}
{"index": {"_index":"pob","_id":"3269145"}}
	{"id":3269145,"type":"sell","buyer":"master-lamps","seller":"readthisplease","symbol":"POB","quantity":"430.63080684","price":"0.01910000","timestamp":1650790131,"volume":"8.22504841","buyTxId":"faba21efbdb11ce35aa0b6271893282e265eaacf","sellTxId":"f2a5a04ed422a74af10ff21956a5436bf99a8539"}
{"index": {"_index":"pob","_id":"3269167"}}
	{"id":3269167,"type":"sell","buyer":"master-lamps","seller":"ugochill","symbol":"POB","quantity":"0.03000000","price":"0.01910000","timestamp":1650790461,"volume":"0.00057300","buyTxId":"faba21efbdb11ce35aa0b6271893282e265eaacf","sellTxId":"59c36387e13d9297c0e342dc1496a8856125bd18"}
{"index": {"_index":"pob","_id":"3269256"}}
	{"id":3269256,"type":"buy","buyer":"dswap","seller":"richardcrill","symbol":"POB","quantity":"0.05527798","price":"0.02439000","timestamp":1650791349,"volume":"0.00134823","buyTxId":"191586e0a01bf791a92a82d12675527a7c72b4ea","sellTxId":"MM-P-16798670-63788157-3-12-0"}
{"index": {"_index":"pob","_id":"3269264"}}
	{"id":3269264,"type":"buy","buyer":"dswap","seller":"richardcrill","symbol":"POB","quantity":"0.85043050","price":"0.02439000","timestamp":1650791421,"volume":"0.02074200","buyTxId":"3dc8a2bea925b4ab4aab0ac3ff5e87c2ddd92f37","sellTxId":"MM-P-16798670-63788157-3-12-0"}
{"index": {"_index":"pob","_id":"3269387"}}
	{"id":3269387,"type":"sell","buyer":"lebah","seller":"bilpcoinbpc","symbol":"POB","quantity":"0.19597387","price":"0.01950000","timestamp":1650793014,"volume":"0.00382149","buyTxId":"c3c13f1b2f163839738cac7d50e06fea9e894068","sellTxId":"bdb07da1f3842b247a061a10cdeb1bf4cdb52e1d"}
{"index": {"_index":"pob","_id":"3269449"}}
	{"id":3269449,"type":"sell","buyer":"lebah","seller":"forexbrokr","symbol":"POB","quantity":"2.90977951","price":"0.01950000","timestamp":1650793716,"volume":"0.05674070","buyTxId":"c3c13f1b2f163839738cac7d50e06fea9e894068","sellTxId":"71a6068f9fd8a2e9cb2c7694432ef2f3fe7f868c"}
{"index": {"_index":"pob","_id":"3269488"}}
	{"id":3269488,"type":"sell","buyer":"lebah","seller":"dlmmqb","symbol":"POB","quantity":"1.14842539","price":"0.01950000","timestamp":1650794319,"volume":"0.02239430","buyTxId":"c3c13f1b2f163839738cac7d50e06fea9e894068","sellTxId":"3bc37c3229113f691c3c2cf395343e0353c15272"}
{"index": {"_index":"pob","_id":"3269490"}}
	{"id":3269490,"type":"sell","buyer":"lebah","seller":"felipejoys","symbol":"POB","quantity":"20.33866917","price":"0.01950000","timestamp":1650794376,"volume":"0.39660405","buyTxId":"c3c13f1b2f163839738cac7d50e06fea9e894068","sellTxId":"c333e8ae93f0f3e7d859674229ebe8e5313cca0d"}
{"index": {"_index":"pob","_id":"3269771"}}
	{"id":3269771,"type":"buy","buyer":"chesatochi","seller":"liotes.voter","symbol":"POB","quantity":"0.52558508","price":"0.02239000","timestamp":1650798339,"volume":"0.01176785","buyTxId":"2dce6c0001537bc769f59e30d46c71ed39db0b2d","sellTxId":"33d80585411c95f0fa2c7e013f305a7fc9d0cc32"}
{"index": {"_index":"pob","_id":"3269955"}}
	{"id":3269955,"type":"sell","buyer":"lebah","seller":"steem82868","symbol":"POB","quantity":"0.02743825","price":"0.01950000","timestamp":1650800442,"volume":"0.00053505","buyTxId":"c3c13f1b2f163839738cac7d50e06fea9e894068","sellTxId":"c348b3af492466e1d333512bfe02f7b49beee1b4"}
{"index": {"_index":"pob","_id":"3270067"}}
	{"id":3270067,"type":"sell","buyer":"master-lamps","seller":"juanmiguelsalas","symbol":"POB","quantity":"8.00000000","price":"0.01950051","timestamp":1650801582,"volume":"0.15600408","buyTxId":"ec30321c3e6355d0d700efb1040f6cff2f130e0c","sellTxId":"08ce851d1cfee6cf5f77beb3ead79db0b9afaea9"}
{"index": {"_index":"pob","_id":"3270319"}}
	{"id":3270319,"type":"buy","buyer":"pjansen","seller":"beemd","symbol":"POB","quantity":"7.80844800","price":"0.02238900","timestamp":1650804102,"volume":"0.17482334","buyTxId":"7112ee17af6d6d9b9dba0ee5c3accb360b4b9d76","sellTxId":"b4b46bb697d0727e2eb6e53c5672a0e508a7992c"}
{"index": {"_index":"pob","_id":"3270323"}}
	{"id":3270323,"type":"buy","buyer":"pjansen","seller":"beemd","symbol":"POB","quantity":"0.00000083","price":"0.02238900","timestamp":1650804126,"volume":"0.00000002","buyTxId":"97ac4ffaf6b9d3b59c754f76c7f037b7f600960e","sellTxId":"b4b46bb697d0727e2eb6e53c5672a0e508a7992c"}
{"index": {"_index":"pob","_id":"3270324"}}
	{"id":3270324,"type":"buy","buyer":"pjansen","seller":"liotes.voter","symbol":"POB","quantity":"10.49038517","price":"0.02239000","timestamp":1650804126,"volume":"0.23487972","buyTxId":"97ac4ffaf6b9d3b59c754f76c7f037b7f600960e","sellTxId":"33d80585411c95f0fa2c7e013f305a7fc9d0cc32"}
{"index": {"_index":"pob","_id":"3270396"}}
	{"id":3270396,"type":"buy","buyer":"frawdielp","seller":"financeadviser","symbol":"POB","quantity":"135.00000000","price":"0.02100000","timestamp":1650805398,"volume":"2.83500000","buyTxId":"78d3dc5b6673bd9c4a5a50ede5a4c172c8053235","sellTxId":"6c7730a0a914aad99e6f14c0b516b94be9c9dd5a"}
{"index": {"_index":"pob","_id":"3270397"}}
	{"id":3270397,"type":"buy","buyer":"frawdielp","seller":"liotes.voter","symbol":"POB","quantity":"0.00000102","price":"0.02239000","timestamp":1650805398,"volume":"0.00000002","buyTxId":"78d3dc5b6673bd9c4a5a50ede5a4c172c8053235","sellTxId":"33d80585411c95f0fa2c7e013f305a7fc9d0cc32"}
{"index": {"_index":"pob","_id":"3270484"}}
	{"id":3270484,"type":"sell","buyer":"master-lamps","seller":"dswap","symbol":"POB","quantity":"2.20788292","price":"0.01950051","timestamp":1650806019,"volume":"0.04305484","buyTxId":"ec30321c3e6355d0d700efb1040f6cff2f130e0c","sellTxId":"f057d1157b93c3477530236577a24316c07ba510"}
{"index": {"_index":"pob","_id":"3270783"}}
	{"id":3270783,"type":"sell","buyer":"master-lamps","seller":"chireerocks","symbol":"POB","quantity":"3.22489492","price":"0.01950051","timestamp":1650808506,"volume":"0.06288710","buyTxId":"ec30321c3e6355d0d700efb1040f6cff2f130e0c","sellTxId":"3600a45a25f4a7b320864705c4bf7c940cffacc6"}
{"index": {"_index":"pob","_id":"3271130"}}
	{"id":3271130,"type":"sell","buyer":"master-lamps","seller":"victor-alexander","symbol":"POB","quantity":"8.05833737","price":"0.01950051","timestamp":1650812040,"volume":"0.15714169","buyTxId":"ec30321c3e6355d0d700efb1040f6cff2f130e0c","sellTxId":"6d2d406b96c90a8b6152718c1eb11537e707b9d9"}
{"index": {"_index":"pob","_id":"3271195"}}
	{"id":3271195,"type":"sell","buyer":"master-lamps","seller":"elevator09","symbol":"POB","quantity":"3.56584389","price":"0.01950051","timestamp":1650812622,"volume":"0.06953577","buyTxId":"ec30321c3e6355d0d700efb1040f6cff2f130e0c","sellTxId":"06d0d431f886d067ba5543dcdec803eb7ee969a3"}
{"index": {"_index":"pob","_id":"3271237"}}
	{"id":3271237,"type":"sell","buyer":"master-lamps","seller":"pantera1","symbol":"POB","quantity":"34.03338271","price":"0.01950051","timestamp":1650813057,"volume":"0.66366832","buyTxId":"ec30321c3e6355d0d700efb1040f6cff2f130e0c","sellTxId":"4c96e3c5168a99add4f584fde713dcaf6ac1c641"}
{"index": {"_index":"pob","_id":"3271589"}}
	{"id":3271589,"type":"sell","buyer":"master-lamps","seller":"denmarkguy","symbol":"POB","quantity":"0.54232075","price":"0.01950051","timestamp":1650816321,"volume":"0.01057553","buyTxId":"ec30321c3e6355d0d700efb1040f6cff2f130e0c","sellTxId":"6319234a174a4161d797ad7c98e3c471f5f1d30b"}
{"index": {"_index":"pob","_id":"3271990"}}
	{"id":3271990,"type":"sell","buyer":"master-lamps","seller":"zainalbakri","symbol":"POB","quantity":"3.59042217","price":"0.01950051","timestamp":1650819138,"volume":"0.07001506","buyTxId":"ec30321c3e6355d0d700efb1040f6cff2f130e0c","sellTxId":"c2fd04a6a1a6fd5fa3d1c14c5fb0ea1e8ffdeb0b"}
{"index": {"_index":"pob","_id":"3272064"}}
	{"id":3272064,"type":"sell","buyer":"master-lamps","seller":"curatorcat.leo","symbol":"POB","quantity":"5.19730648","price":"0.01950051","timestamp":1650819786,"volume":"0.10135013","buyTxId":"ec30321c3e6355d0d700efb1040f6cff2f130e0c","sellTxId":"d7bc93e2a443248f193261f293f6826890980073"}
{"index": {"_index":"pob","_id":"3272195"}}
	{"id":3272195,"type":"sell","buyer":"master-lamps","seller":"otherbrandt","symbol":"POB","quantity":"109.46584407","price":"0.01950051","timestamp":1650820776,"volume":"2.13463979","buyTxId":"ec30321c3e6355d0d700efb1040f6cff2f130e0c","sellTxId":"ea06ba254e3ebe80c28b8548c47cdd421898dc22"}
{"index": {"_index":"pob","_id":"3272196"}}
	{"id":3272196,"type":"sell","buyer":"lebah","seller":"otherbrandt","symbol":"POB","quantity":"131.14560275","price":"0.01950000","timestamp":1650820776,"volume":"2.55733925","buyTxId":"c3c13f1b2f163839738cac7d50e06fea9e894068","sellTxId":"ea06ba254e3ebe80c28b8548c47cdd421898dc22"}
{"index": {"_index":"pob","_id":"3272300"}}
	{"id":3272300,"type":"sell","buyer":"lebah","seller":"rose98734","symbol":"POB","quantity":"0.72739419","price":"0.01950000","timestamp":1650821976,"volume":"0.01418419","buyTxId":"c3c13f1b2f163839738cac7d50e06fea9e894068","sellTxId":"67baabbbe6925a77bcf68d1615ee84ae65110c82"}
{"index": {"_index":"pob","_id":"3272512"}}
	{"id":3272512,"type":"sell","buyer":"lebah","seller":"zakludick","symbol":"POB","quantity":"0.26625385","price":"0.01950000","timestamp":1650824454,"volume":"0.00519195","buyTxId":"c3c13f1b2f163839738cac7d50e06fea9e894068","sellTxId":"5053eb502385169877a02bc1c0c45706574c8ec1"}
{"index": {"_index":"pob","_id":"3272623"}}
	{"id":3272623,"type":"sell","buyer":"lebah","seller":"valorbeats","symbol":"POB","quantity":"2.25421997","price":"0.01950000","timestamp":1650825354,"volume":"0.04395729","buyTxId":"c3c13f1b2f163839738cac7d50e06fea9e894068","sellTxId":"0eb495857ea111eeed60c11acd3c7d8017b17802"}
{"index": {"_index":"pob","_id":"3272749"}}
	{"id":3272749,"type":"sell","buyer":"lebah","seller":"hive-103505","symbol":"POB","quantity":"6.76490068","price":"0.01950000","timestamp":1650826611,"volume":"0.13191556","buyTxId":"c3c13f1b2f163839738cac7d50e06fea9e894068","sellTxId":"ecc55caa27803124d04e7c68d48a127a3b602442"}
{"index": {"_index":"pob","_id":"3272780"}}
	{"id":3272780,"type":"sell","buyer":"lebah","seller":"soyunasantacruz","symbol":"POB","quantity":"0.11141299","price":"0.01950000","timestamp":1650827025,"volume":"0.00217255","buyTxId":"c3c13f1b2f163839738cac7d50e06fea9e894068","sellTxId":"3f8c56e69ae5be7d4fdcee9457adf617663ecde8"}
{"index": {"_index":"pob","_id":"3272851"}}
	{"id":3272851,"type":"sell","buyer":"lebah","seller":"jsantana","symbol":"POB","quantity":"3.38287274","price":"0.01950000","timestamp":1650828270,"volume":"0.06596602","buyTxId":"c3c13f1b2f163839738cac7d50e06fea9e894068","sellTxId":"19b5ffcb56363fbe6b056622227139b90bc29378"}
{"index": {"_index":"pob","_id":"3272871"}}
	{"id":3272871,"type":"sell","buyer":"lebah","seller":"esmeesmith","symbol":"POB","quantity":"1.79421615","price":"0.01950000","timestamp":1650828459,"volume":"0.03498721","buyTxId":"c3c13f1b2f163839738cac7d50e06fea9e894068","sellTxId":"da0c480381c6ea30758d62b50462fd2931a42373"}
{"index": {"_index":"pob","_id":"3272920"}}
	{"id":3272920,"type":"buy","buyer":"pjansen","seller":"beemd","symbol":"POB","quantity":"10.67009900","price":"0.02369000","timestamp":1650829062,"volume":"0.25277465","buyTxId":"7a3ee9aa31e29f6da4a061b6ed7919c03110cd14","sellTxId":"8df22b1cfcbe9f62c042e7b162d3f88b39699466"}
{"index": {"_index":"pob","_id":"3272924"}}
	{"id":3272924,"type":"buy","buyer":"pjansen","seller":"richardcrill","symbol":"POB","quantity":"100.00000000","price":"0.02364000","timestamp":1650829131,"volume":"2.36400000","buyTxId":"6273adfc70c02adda4376adcb2ede879a17a832c","sellTxId":"MM-P-16811410-63800903-3-12-0"}
{"index": {"_index":"pob","_id":"3272944"}}
	{"id":3272944,"type":"sell","buyer":"lebah","seller":"gestorsocial","symbol":"POB","quantity":"2.08700000","price":"0.01950000","timestamp":1650829359,"volume":"0.04069650","buyTxId":"c3c13f1b2f163839738cac7d50e06fea9e894068","sellTxId":"af8a499f21bf9e05c1ef78388b136ecd56b30560"}
{"index": {"_index":"pob","_id":"3273115"}}
	{"id":3273115,"type":"buy","buyer":"holovision","seller":"richardcrill","symbol":"POB","quantity":"250.00000000","price":"0.02353870","timestamp":1650830685,"volume":"5.88467500","buyTxId":"252f18241dc20e4eedf0f1d1041971c21ea51e22","sellTxId":"MM-P-16811510-63801003-3-12-0"}
{"index": {"_index":"pob","_id":"3273186"}}
	{"id":3273186,"type":"sell","buyer":"lebah","seller":"cflclosers","symbol":"POB","quantity":"13.70470988","price":"0.01950000","timestamp":1650831390,"volume":"0.26724184","buyTxId":"c3c13f1b2f163839738cac7d50e06fea9e894068","sellTxId":"c4fe79de5ebf96cb36492cb9745df79d6ab903e6"}
{"index": {"_index":"pob","_id":"3273282"}}
	{"id":3273282,"type":"buy","buyer":"fnvdesigns","seller":"richardcrill","symbol":"POB","quantity":"0.80850046","price":"0.02353870","timestamp":1650832488,"volume":"0.01903105","buyTxId":"68b64ed09cd256c2b8dbe7c86fd6528bf4fa8c7e","sellTxId":"MM-P-16811510-63801003-3-12-0"}
{"index": {"_index":"pob","_id":"3273378"}}
	{"id":3273378,"type":"buy","buyer":"fnvdesigns","seller":"richardcrill","symbol":"POB","quantity":"0.55097600","price":"0.02353870","timestamp":1650833670,"volume":"0.01296926","buyTxId":"f11c148152f0e9c9afa8f15e62d27a5081579581","sellTxId":"MM-P-16811510-63801003-3-12-0"}
{"index": {"_index":"pob","_id":"3273381"}}
	{"id":3273381,"type":"buy","buyer":"fnvdesigns","seller":"master-lamps","symbol":"POB","quantity":"100.00000000","price":"0.02363870","timestamp":1650833694,"volume":"2.36387000","buyTxId":"a5489a02045559a52809967f18f7d4b871d190f9","sellTxId":"6030a3a7a8a683872011ac10c76b0660e9d491fb"}
{"index": {"_index":"pob","_id":"3273587"}}
	{"id":3273587,"type":"sell","buyer":"lebah","seller":"kevmcc","symbol":"POB","quantity":"1.41857734","price":"0.01950000","timestamp":1650836397,"volume":"0.02766226","buyTxId":"c3c13f1b2f163839738cac7d50e06fea9e894068","sellTxId":"85886e4660df41a41f39b4fda771110d694cd56d"}
{"index": {"_index":"pob","_id":"3273701"}}
	{"id":3273701,"type":"sell","buyer":"lebah","seller":"he-index","symbol":"POB","quantity":"0.07100000","price":"0.01950000","timestamp":1650837726,"volume":"0.00138450","buyTxId":"c3c13f1b2f163839738cac7d50e06fea9e894068","sellTxId":"9b5775ef2f1ea1040382a6b4a68c7f768d5a2848"}
{"index": {"_index":"pob","_id":"3273964"}}
	{"id":3273964,"type":"sell","buyer":"master-lamps","seller":"jin-out","symbol":"POB","quantity":"77.65600822","price":"0.01950020","timestamp":1650840483,"volume":"1.51430769","buyTxId":"f514fcf0799b02b693f4ab6a79cef1c40cb10c0d","sellTxId":"ea19b2a0c08d692af972eb95b088f95e26bd3389"}
{"index": {"_index":"pob","_id":"3274166"}}
	{"id":3274166,"type":"sell","buyer":"master-lamps","seller":"neiraurdaneta","symbol":"POB","quantity":"16.77870630","price":"0.01950020","timestamp":1650843528,"volume":"0.32718813","buyTxId":"f514fcf0799b02b693f4ab6a79cef1c40cb10c0d","sellTxId":"40e01b54b93fb3b12f87d1103a58830e276440f8"}
{"index": {"_index":"pob","_id":"3274847"}}
	{"id":3274847,"type":"sell","buyer":"master-lamps","seller":"melbourneswest","symbol":"POB","quantity":"15.587","price":"0.01950020","timestamp":1650850953,"volume":"0.30394962","buyTxId":"f514fcf0799b02b693f4ab6a79cef1c40cb10c0d","sellTxId":"0fc3b56f13d6c314cdb1baebdbf9634a999101ea"}
{"index": {"_index":"pob","_id":"3275108"}}
	{"id":3275108,"type":"sell","buyer":"master-lamps","seller":"mein-senf-dazu","symbol":"POB","quantity":"5.21400860","price":"0.01950020","timestamp":1650855153,"volume":"0.10167421","buyTxId":"f514fcf0799b02b693f4ab6a79cef1c40cb10c0d","sellTxId":"e57fd8fda87384279b304e3cacd7add6a45e2038"}
