{"index": {"_index":"pob","_id":"2838775"}}
	{"id":2838775,"type":"buy","buyer":"holovision","seller":"richardcrill","symbol":"POB","quantity":"208.00000000","price":"0.03919900","timestamp":1645590909,"volume":"8.15339200","buyTxId":"3511f1743e5d4b36388229425ef51561f3eb9539","sellTxId":"MM-P-15067854-62055449-3-11-0"}
{"index": {"_index":"pob","_id":"2838776"}}
	{"id":2838776,"type":"buy","buyer":"holovision","seller":"balina","symbol":"POB","quantity":"150.00000000","price":"0.03925100","timestamp":1645590909,"volume":"5.88765000","buyTxId":"3511f1743e5d4b36388229425ef51561f3eb9539","sellTxId":"MM-P-15072549-62060148-3-1-1"}
{"index": {"_index":"pob","_id":"2838777"}}
	{"id":2838777,"type":"buy","buyer":"holovision","seller":"brofi-market","symbol":"POB","quantity":"9.85428148","price":"0.03940000","timestamp":1645590909,"volume":"0.38825869","buyTxId":"3511f1743e5d4b36388229425ef51561f3eb9539","sellTxId":"0e297b41ae99fd49de399b1808beaca462445497"}
{"index": {"_index":"pob","_id":"2838778"}}
	{"id":2838778,"type":"buy","buyer":"holovision","seller":"stader","symbol":"POB","quantity":"70.00000000","price":"0.03950000","timestamp":1645590909,"volume":"2.76500000","buyTxId":"3511f1743e5d4b36388229425ef51561f3eb9539","sellTxId":"db6508f9eb5ad6c151e4f7df095a97ee4a906729"}
{"index": {"_index":"pob","_id":"2838779"}}
	{"id":2838779,"type":"buy","buyer":"holovision","seller":"alberto0607","symbol":"POB","quantity":"62.14571852","price":"0.04000000","timestamp":1645590909,"volume":"2.48582874","buyTxId":"3511f1743e5d4b36388229425ef51561f3eb9539","sellTxId":"e939274e1ee07b15b21f2bb4d64e08047b943038"}
{"index": {"_index":"pob","_id":"2838910"}}
	{"id":2838910,"type":"sell","buyer":"balina","seller":"nineclaws","symbol":"POB","quantity":"0.37582618","price":"0.03710100","timestamp":1645592709,"volume":"0.01394353","buyTxId":"MM-P-15073146-62060745-3-1-0","sellTxId":"3e0a586b73062059aa50c09414d4d1a860e5e60b"}
{"index": {"_index":"pob","_id":"2838922"}}
	{"id":2838922,"type":"sell","buyer":"balina","seller":"the-ascendant","symbol":"POB","quantity":"1.30579362","price":"0.03710100","timestamp":1645592799,"volume":"0.04844625","buyTxId":"MM-P-15073146-62060745-3-1-0","sellTxId":"6d6797cce6d8d2b0449875a523f7a95dfcf752e2"}
{"index": {"_index":"pob","_id":"2838978"}}
	{"id":2838978,"type":"sell","buyer":"richardcrill","seller":"adventureready","symbol":"POB","quantity":"0.02848686","price":"0.03720100","timestamp":1645593417,"volume":"0.00105974","buyTxId":"MM-P-15073229-62060828-3-11-0","sellTxId":"4a2be3bed327f6e7cc87ef39be77690676e18633"}
{"index": {"_index":"pob","_id":"2839085"}}
	{"id":2839085,"type":"sell","buyer":"richardcrill","seller":"comet.ranker","symbol":"POB","quantity":"0.04782067","price":"0.03720100","timestamp":1645594854,"volume":"0.00177898","buyTxId":"MM-P-15073229-62060828-3-11-0","sellTxId":"94b473cd629fde74f3b8f5d94eb8e1b80042044e"}
{"index": {"_index":"pob","_id":"2839215"}}
	{"id":2839215,"type":"sell","buyer":"richardcrill","seller":"alexanderfluke","symbol":"POB","quantity":"0.40443000","price":"0.03720100","timestamp":1645596690,"volume":"0.01504520","buyTxId":"MM-P-15073229-62060828-3-11-0","sellTxId":"1d661be9622c8d98f7eab15508bceaae37fdd754"}
{"index": {"_index":"pob","_id":"2839218"}}
	{"id":2839218,"type":"sell","buyer":"richardcrill","seller":"failingforwards","symbol":"POB","quantity":"34.18782025","price":"0.03720100","timestamp":1645596846,"volume":"1.27182110","buyTxId":"MM-P-15073229-62060828-3-11-0","sellTxId":"0b176c60bb26e774a317a2a81735a1782a115cfd"}
{"index": {"_index":"pob","_id":"2839296"}}
	{"id":2839296,"type":"sell","buyer":"richardcrill","seller":"chekohler","symbol":"POB","quantity":"1.56355427","price":"0.03720100","timestamp":1645597722,"volume":"0.05816578","buyTxId":"MM-P-15073229-62060828-3-11-0","sellTxId":"f57b1e11372b377b95d419cff772f3a3739ae4e2"}
{"index": {"_index":"pob","_id":"2839351"}}
	{"id":2839351,"type":"sell","buyer":"richardcrill","seller":"gillianpearce","symbol":"POB","quantity":"50.00000000","price":"0.03720100","timestamp":1645598190,"volume":"1.86005000","buyTxId":"MM-P-15073229-62060828-3-11-0","sellTxId":"a8a74523e5e325b16b5c1b9c175b124f219cf0ca"}
{"index": {"_index":"pob","_id":"2839365"}}
	{"id":2839365,"type":"buy","buyer":"captainquack22","seller":"richardcrill","symbol":"POB","quantity":"25.23361486","price":"0.03996000","timestamp":1645598325,"volume":"1.00833525","buyTxId":"a10b4bd6d796f81fe6fd8571748ec5b8d2deeca0","sellTxId":"MM-P-15074624-62062223-3-11-0"}
{"index": {"_index":"pob","_id":"2839404"}}
	{"id":2839404,"type":"sell","buyer":"mamolya","seller":"globetrottergcc","symbol":"POB","quantity":"3.40670259","price":"0.03838000","timestamp":1645598745,"volume":"0.13074925","buyTxId":"edc2a2e0ea49f81cffe708a24bfb861e284df421","sellTxId":"396388a5dd4923742321a2f0d858c8a5c481a298"}
{"index": {"_index":"pob","_id":"2839428"}}
	{"id":2839428,"type":"sell","buyer":"mamolya","seller":"florenceboens","symbol":"POB","quantity":"0.04918826","price":"0.03838000","timestamp":1645599027,"volume":"0.00188785","buyTxId":"edc2a2e0ea49f81cffe708a24bfb861e284df421","sellTxId":"2f2c752058288f26386e53db12a88472967f11de"}
{"index": {"_index":"pob","_id":"2839465"}}
	{"id":2839465,"type":"sell","buyer":"mamolya","seller":"revisesociology","symbol":"POB","quantity":"32.60000000","price":"0.03838000","timestamp":1645599768,"volume":"1.25118800","buyTxId":"edc2a2e0ea49f81cffe708a24bfb861e284df421","sellTxId":"56343fad39821e3e1adc03f1199c3f0d293d5bc8"}
{"index": {"_index":"pob","_id":"2839469"}}
	{"id":2839469,"type":"sell","buyer":"mamolya","seller":"nabeeel","symbol":"POB","quantity":"1.24890410","price":"0.03838000","timestamp":1645599828,"volume":"0.04793294","buyTxId":"edc2a2e0ea49f81cffe708a24bfb861e284df421","sellTxId":"bfee83ac3b2d6324033711e956cfe49012f12d90"}
{"index": {"_index":"pob","_id":"2839652"}}
	{"id":2839652,"type":"sell","buyer":"mamolya","seller":"dswap","symbol":"POB","quantity":"0.16614046","price":"0.03838000","timestamp":1645602375,"volume":"0.00637647","buyTxId":"edc2a2e0ea49f81cffe708a24bfb861e284df421","sellTxId":"a05885d05f9ffcdbc37abb6e53e79da29b1afbfb"}
{"index": {"_index":"pob","_id":"2839691"}}
	{"id":2839691,"type":"sell","buyer":"mamolya","seller":"trumpman","symbol":"POB","quantity":"26.73422883","price":"0.03838000","timestamp":1645602930,"volume":"1.02605970","buyTxId":"edc2a2e0ea49f81cffe708a24bfb861e284df421","sellTxId":"ccddf280c0bc27d686082cc8848be029869c8493"}
{"index": {"_index":"pob","_id":"2840214"}}
	{"id":2840214,"type":"buy","buyer":"lebah","seller":"richardcrill","symbol":"POB","quantity":"2.00000000","price":"0.03986000","timestamp":1645608357,"volume":"0.07972000","buyTxId":"73d199a756d5d7164b3e9993cf71d63ac0e31a66","sellTxId":"MM-P-15077017-62064618-3-11-0"}
{"index": {"_index":"pob","_id":"2840240"}}
	{"id":2840240,"type":"sell","buyer":"mamolya","seller":"jazzy09","symbol":"POB","quantity":"14.79483576","price":"0.03838000","timestamp":1645608738,"volume":"0.56782579","buyTxId":"edc2a2e0ea49f81cffe708a24bfb861e284df421","sellTxId":"345520d6b4510f03b6d84a13f02917fb49c236a5"}
{"index": {"_index":"pob","_id":"2840351"}}
	{"id":2840351,"type":"buy","buyer":"mizuosemla","seller":"jazzy09","symbol":"POB","quantity":"38.20516424","price":"0.03838000","timestamp":1645610100,"volume":"1.46631420","buyTxId":"6c94e89d5abcf4881c9351ccf7b2379ce618d6b5","sellTxId":"345520d6b4510f03b6d84a13f02917fb49c236a5"}
{"index": {"_index":"pob","_id":"2840352"}}
	{"id":2840352,"type":"buy","buyer":"mizuosemla","seller":"balina","symbol":"POB","quantity":"150.00000000","price":"0.03945500","timestamp":1645610100,"volume":"5.91825000","buyTxId":"6c94e89d5abcf4881c9351ccf7b2379ce618d6b5","sellTxId":"MM-P-15078929-62066531-3-1-1"}
{"index": {"_index":"pob","_id":"2840353"}}
	{"id":2840353,"type":"buy","buyer":"mizuosemla","seller":"richardcrill","symbol":"POB","quantity":"210.00000000","price":"0.03945600","timestamp":1645610100,"volume":"8.28576000","buyTxId":"6c94e89d5abcf4881c9351ccf7b2379ce618d6b5","sellTxId":"MM-P-15078912-62066514-3-11-1"}
{"index": {"_index":"pob","_id":"2840354"}}
	{"id":2840354,"type":"buy","buyer":"mizuosemla","seller":"knowhow92","symbol":"POB","quantity":"13.76253358","price":"0.03996000","timestamp":1645610100,"volume":"0.54995084","buyTxId":"6c94e89d5abcf4881c9351ccf7b2379ce618d6b5","sellTxId":"46449d58d12ade55ced179d5b29bd7c4342e5730"}
{"index": {"_index":"pob","_id":"2840355"}}
	{"id":2840355,"type":"buy","buyer":"mizuosemla","seller":"alberto0607","symbol":"POB","quantity":"37.17349523","price":"0.04000000","timestamp":1645610100,"volume":"1.48693981","buyTxId":"6c94e89d5abcf4881c9351ccf7b2379ce618d6b5","sellTxId":"e939274e1ee07b15b21f2bb4d64e08047b943038"}
{"index": {"_index":"pob","_id":"2840356"}}
	{"id":2840356,"type":"buy","buyer":"mizuosemla","seller":"amigareaction","symbol":"POB","quantity":"0.25766550","price":"0.04000000","timestamp":1645610100,"volume":"0.01030662","buyTxId":"6c94e89d5abcf4881c9351ccf7b2379ce618d6b5","sellTxId":"74a5b88488922e31bf7080e6f496250b9bc08864"}
{"index": {"_index":"pob","_id":"2840357"}}
	{"id":2840357,"type":"buy","buyer":"mizuosemla","seller":"liotes.voter","symbol":"POB","quantity":"4.04490079","price":"0.04197501","timestamp":1645610100,"volume":"0.16978475","buyTxId":"6c94e89d5abcf4881c9351ccf7b2379ce618d6b5","sellTxId":"639442f444a2d28f387c07cdef43d7196c07cd1d"}
{"index": {"_index":"pob","_id":"2840358"}}
	{"id":2840358,"type":"buy","buyer":"mizuosemla","seller":"alberto0607","symbol":"POB","quantity":"100.00877108","price":"0.04198000","timestamp":1645610100,"volume":"4.19836821","buyTxId":"6c94e89d5abcf4881c9351ccf7b2379ce618d6b5","sellTxId":"0756e344e49998a5c76eacce47337fe574c55249"}
{"index": {"_index":"pob","_id":"2840359"}}
	{"id":2840359,"type":"buy","buyer":"mizuosemla","seller":"brofi-market","symbol":"POB","quantity":"8.00312459","price":"0.04199080","timestamp":1645610100,"volume":"0.33605760","buyTxId":"6c94e89d5abcf4881c9351ccf7b2379ce618d6b5","sellTxId":"08cefafa0d9f166b78607c9a27cbc4cbb1173e8d"}
{"index": {"_index":"pob","_id":"2840360"}}
	{"id":2840360,"type":"buy","buyer":"mizuosemla","seller":"erikah","symbol":"POB","quantity":"10.29900000","price":"0.04484000","timestamp":1645610100,"volume":"0.46180716","buyTxId":"6c94e89d5abcf4881c9351ccf7b2379ce618d6b5","sellTxId":"dec7fb48dbccb811d7e15141a62e79e4021a5304"}
{"index": {"_index":"pob","_id":"2840361"}}
	{"id":2840361,"type":"buy","buyer":"mizuosemla","seller":"liotes.voter","symbol":"POB","quantity":"8.89809704","price":"0.04496501","timestamp":1645610100,"volume":"0.40010302","buyTxId":"6c94e89d5abcf4881c9351ccf7b2379ce618d6b5","sellTxId":"c43d055a5ff6a8b64be66852621e3b20a67b804d"}
{"index": {"_index":"pob","_id":"2840362"}}
	{"id":2840362,"type":"buy","buyer":"mizuosemla","seller":"master-lamps","symbol":"POB","quantity":"2.02388981","price":"0.04497500","timestamp":1645610100,"volume":"0.09102444","buyTxId":"6c94e89d5abcf4881c9351ccf7b2379ce618d6b5","sellTxId":"127e505ccb96e8abef66df7ccb0bed87cbaeec8f"}
{"index": {"_index":"pob","_id":"2840363"}}
	{"id":2840363,"type":"buy","buyer":"mizuosemla","seller":"cryptofiloz","symbol":"POB","quantity":"5.94669790","price":"0.04497501","timestamp":1645610100,"volume":"0.26745280","buyTxId":"6c94e89d5abcf4881c9351ccf7b2379ce618d6b5","sellTxId":"5760fd98847362a5bd3f83727967b1e81f8977a5"}
{"index": {"_index":"pob","_id":"2840364"}}
	{"id":2840364,"type":"buy","buyer":"mizuosemla","seller":"mein-senf-dazu","symbol":"POB","quantity":"1.39000000","price":"0.04500000","timestamp":1645610100,"volume":"0.06255000","buyTxId":"6c94e89d5abcf4881c9351ccf7b2379ce618d6b5","sellTxId":"fa081db9af5a0fd815cdc6549282d3db61f05716"}
{"index": {"_index":"pob","_id":"2840365"}}
	{"id":2840365,"type":"buy","buyer":"mizuosemla","seller":"liotes.voter","symbol":"POB","quantity":"8.33654105","price":"0.04689501","timestamp":1645610100,"volume":"0.39094218","buyTxId":"6c94e89d5abcf4881c9351ccf7b2379ce618d6b5","sellTxId":"bdc9a10f4adfc2a6c5277ac8b6eca9cc53b589a7"}
{"index": {"_index":"pob","_id":"2840366"}}
	{"id":2840366,"type":"buy","buyer":"mizuosemla","seller":"master-lamps","symbol":"POB","quantity":"294.50365932","price":"0.04993698","timestamp":1645610100,"volume":"14.70662335","buyTxId":"6c94e89d5abcf4881c9351ccf7b2379ce618d6b5","sellTxId":"a9a099eba27a3cca5927d706c64861ef22c7100f"}
{"index": {"_index":"pob","_id":"2840367"}}
	{"id":2840367,"type":"buy","buyer":"mizuosemla","seller":"eirik","symbol":"POB","quantity":"2.40000000","price":"0.05000000","timestamp":1645610100,"volume":"0.12000000","buyTxId":"6c94e89d5abcf4881c9351ccf7b2379ce618d6b5","sellTxId":"9290ad7c4902449c373620b30a657acaec645c93"}
{"index": {"_index":"pob","_id":"2840368"}}
	{"id":2840368,"type":"buy","buyer":"mizuosemla","seller":"pixelfan","symbol":"POB","quantity":"126.00000000","price":"0.05000000","timestamp":1645610100,"volume":"6.30000000","buyTxId":"6c94e89d5abcf4881c9351ccf7b2379ce618d6b5","sellTxId":"5a6a9971f336c3d8ebcbee2fbbc14cf1bf2780e5"}
{"index": {"_index":"pob","_id":"2840369"}}
	{"id":2840369,"type":"buy","buyer":"mizuosemla","seller":"eirik","symbol":"POB","quantity":"11.00000000","price":"0.05100000","timestamp":1645610100,"volume":"0.56100000","buyTxId":"6c94e89d5abcf4881c9351ccf7b2379ce618d6b5","sellTxId":"29368641445a1fca4438039f533f79da366c550a"}
{"index": {"_index":"pob","_id":"2840370"}}
	{"id":2840370,"type":"buy","buyer":"mizuosemla","seller":"theimpostor","symbol":"POB","quantity":"80.62648221","price":"0.05230000","timestamp":1645610100,"volume":"4.21676502","buyTxId":"6c94e89d5abcf4881c9351ccf7b2379ce618d6b5","sellTxId":"2865881a96199aff6577f7b12a70f4fa26335835"}
{"index": {"_index":"pob","_id":"2840456"}}
	{"id":2840456,"type":"sell","buyer":"yintercept","seller":"shebe","symbol":"POB","quantity":"0.0869697","price":"0.03330000","timestamp":1645610925,"volume":"0.00289609","buyTxId":"a9001a5835c94dd8a3cf74c40d6a00161b0628d3","sellTxId":"c302182b70793eb9a7e4f15e49944df740f19e48"}
{"index": {"_index":"pob","_id":"2840523"}}
	{"id":2840523,"type":"sell","buyer":"yintercept","seller":"gbuchynska","symbol":"POB","quantity":"0.05570124","price":"0.03330000","timestamp":1645611390,"volume":"0.00185485","buyTxId":"a9001a5835c94dd8a3cf74c40d6a00161b0628d3","sellTxId":"5c12fe879b1a2bae156d5dc4af16d43c096ef58e"}
{"index": {"_index":"pob","_id":"2840532"}}
	{"id":2840532,"type":"sell","buyer":"yintercept","seller":"cesarsj5","symbol":"POB","quantity":"0.66447511","price":"0.03330000","timestamp":1645611405,"volume":"0.02212702","buyTxId":"a9001a5835c94dd8a3cf74c40d6a00161b0628d3","sellTxId":"08e545000c665f0b8a251d558cb11a2661dd3829"}
{"index": {"_index":"pob","_id":"2840703"}}
	{"id":2840703,"type":"buy","buyer":"chesatochi","seller":"shebe","symbol":"POB","quantity":"0.17536900","price":"0.05000000","timestamp":1645613052,"volume":"0.00876845","buyTxId":"882ee9a7803c27f9d85a528282b90796d7068efc","sellTxId":"76620cbcad7a58df1b39bec1c80dfd64472f7dd8"}
{"index": {"_index":"pob","_id":"2840863"}}
	{"id":2840863,"type":"sell","buyer":"richardcrill","seller":"hive-143869","symbol":"POB","quantity":"0.38100000","price":"0.03342000","timestamp":1645614918,"volume":"0.01273302","buyTxId":"MM-P-15080010-62067612-3-11-0","sellTxId":"cd8fd26e064592804b5192cc78f1f29a5adc6c86"}
{"index": {"_index":"pob","_id":"2841108"}}
	{"id":2841108,"type":"sell","buyer":"richardcrill","seller":"brofi-market","symbol":"POB","quantity":"8.41161886","price":"0.03342000","timestamp":1645618500,"volume":"0.28111630","buyTxId":"MM-P-15080010-62067612-3-11-0","sellTxId":"33d7ae90235779952e430d22be8e3409c5893800"}
{"index": {"_index":"pob","_id":"2841184"}}
	{"id":2841184,"type":"sell","buyer":"richardcrill","seller":"jin-out","symbol":"POB","quantity":"33","price":"0.03342000","timestamp":1645619535,"volume":"1.10286000","buyTxId":"MM-P-15080010-62067612-3-11-0","sellTxId":"9ef8a378039caf9737998ff49a354dfbde5797de"}
{"index": {"_index":"pob","_id":"2841231"}}
	{"id":2841231,"type":"sell","buyer":"richardcrill","seller":"dhedge-drips","symbol":"POB","quantity":"0.90124488","price":"0.03342000","timestamp":1645620381,"volume":"0.03011960","buyTxId":"MM-P-15080010-62067612-3-11-0","sellTxId":"16bdfced0b4acf7b56f1b063f60cf9413a6c29b8"}
{"index": {"_index":"pob","_id":"2841265"}}
	{"id":2841265,"type":"buy","buyer":"andy4475","seller":"master-lamps","symbol":"POB","quantity":"0.61228293","price":"0.03699999","timestamp":1645620951,"volume":"0.02265446","buyTxId":"a1f1ea8309f59020b526a7e7e7dd9a1ade4a02d3","sellTxId":"4a9f1aafb2e8007e065091a95e59912ab8c9f421"}
{"index": {"_index":"pob","_id":"2841266"}}
	{"id":2841266,"type":"buy","buyer":"andy4475","seller":"abh12345","symbol":"POB","quantity":"53.87616073","price":"0.03700000","timestamp":1645620951,"volume":"1.99341795","buyTxId":"a1f1ea8309f59020b526a7e7e7dd9a1ade4a02d3","sellTxId":"178dc275f81fa38e32cedc643b2aae92c67c0225"}
{"index": {"_index":"pob","_id":"2841267"}}
	{"id":2841267,"type":"buy","buyer":"andy4475","seller":"brofi-market","symbol":"POB","quantity":"8.41161886","price":"0.03700000","timestamp":1645620951,"volume":"0.31122990","buyTxId":"a1f1ea8309f59020b526a7e7e7dd9a1ade4a02d3","sellTxId":"11443008af1c172431c7bebb7e7c3cc80059d3f7"}
{"index": {"_index":"pob","_id":"2841268"}}
	{"id":2841268,"type":"buy","buyer":"andy4475","seller":"dhedge-drips","symbol":"POB","quantity":"0.90124488","price":"0.03700000","timestamp":1645620951,"volume":"0.03334606","buyTxId":"a1f1ea8309f59020b526a7e7e7dd9a1ade4a02d3","sellTxId":"47ef6dea76db158668d0c9120e26419889f99ae8"}
{"index": {"_index":"pob","_id":"2841461"}}
	{"id":2841461,"type":"sell","buyer":"richardcrill","seller":"esmeesmith","symbol":"POB","quantity":"0.50082062","price":"0.03721000","timestamp":1645622997,"volume":"0.01863554","buyTxId":"MM-P-15082900-62070503-3-11-0","sellTxId":"533aa182fecd67578dde05e32e3dbd03e5b91fa7"}
{"index": {"_index":"pob","_id":"2841514"}}
	{"id":2841514,"type":"sell","buyer":"master-lamps","seller":"jesustiano","symbol":"POB","quantity":"85.88","price":"0.03721001","timestamp":1645623552,"volume":"3.19559566","buyTxId":"8a17541ed6b88eb92fea8bc184be0d2bf0bb13fb","sellTxId":"34783f29565001ee314cad761bd5d096e9c1fe99"}
{"index": {"_index":"pob","_id":"2841689"}}
	{"id":2841689,"type":"sell","buyer":"richardcrill","seller":"apoloo1","symbol":"POB","quantity":"1.93659476","price":"0.03731101","timestamp":1645625568,"volume":"0.07225631","buyTxId":"MM-P-15083499-62071102-3-11-0","sellTxId":"ddd073b2e4e3d88020bad7834370388671ba3843"}
{"index": {"_index":"pob","_id":"2841717"}}
	{"id":2841717,"type":"sell","buyer":"richardcrill","seller":"iyiade","symbol":"POB","quantity":"11.00000000","price":"0.03731101","timestamp":1645625841,"volume":"0.41042111","buyTxId":"MM-P-15083499-62071102-3-11-0","sellTxId":"a329d76b089d4cfd5f0038b90b49099dd94dae95"}
{"index": {"_index":"pob","_id":"2841769"}}
	{"id":2841769,"type":"sell","buyer":"richardcrill","seller":"knowledge23.pob","symbol":"POB","quantity":"11.30000000","price":"0.03731101","timestamp":1645626156,"volume":"0.42161441","buyTxId":"MM-P-15083499-62071102-3-11-0","sellTxId":"e2501ae3e0cae131cf5461554ceb294f71203464"}
{"index": {"_index":"pob","_id":"2841903"}}
	{"id":2841903,"type":"sell","buyer":"richardcrill","seller":"hannahhive","symbol":"POB","quantity":"25.80000000","price":"0.03731101","timestamp":1645627236,"volume":"0.96262406","buyTxId":"MM-P-15083499-62071102-3-11-0","sellTxId":"2ef771cea6dbd9ce667b661900edbd569b01b2af"}
{"index": {"_index":"pob","_id":"2842034"}}
	{"id":2842034,"type":"sell","buyer":"richardcrill","seller":"tejimundo","symbol":"POB","quantity":"0.18857620","price":"0.03742000","timestamp":1645628934,"volume":"0.00705652","buyTxId":"MM-P-15084992-62072598-3-11-0","sellTxId":"b0d942b91fa27ca0d5985bc2ea94efb8e24c8864"}
{"index": {"_index":"pob","_id":"2842122"}}
	{"id":2842122,"type":"sell","buyer":"richardcrill","seller":"balina","symbol":"POB","quantity":"561.00864454","price":"0.03742000","timestamp":1645629534,"volume":"20.99294348","buyTxId":"MM-P-15084992-62072598-3-11-0","sellTxId":"10e4a94333d3bb2c8669f10412e90a19d7fdb7c1"}
{"index": {"_index":"pob","_id":"2842123"}}
	{"id":2842123,"type":"sell","buyer":"onlydoge","seller":"balina","symbol":"POB","quantity":"53.59056000","price":"0.03732000","timestamp":1645629534,"volume":"1.99999970","buyTxId":"1b98d83319e4e8e53afadf9ab0e45599958b3601","sellTxId":"10e4a94333d3bb2c8669f10412e90a19d7fdb7c1"}
{"index": {"_index":"pob","_id":"2842124"}}
	{"id":2842124,"type":"sell","buyer":"master-lamps","seller":"balina","symbol":"POB","quantity":"334.12457895","price":"0.03721102","timestamp":1645629534,"volume":"12.43311639","buyTxId":"3e2bc316c50461337fe59af75fa73d84d522b6a4","sellTxId":"10e4a94333d3bb2c8669f10412e90a19d7fdb7c1"}
{"index": {"_index":"pob","_id":"2842125"}}
	{"id":2842125,"type":"sell","buyer":"andy4475","seller":"balina","symbol":"POB","quantity":"210.27621651","price":"0.03700000","timestamp":1645629534,"volume":"7.78022001","buyTxId":"a1f1ea8309f59020b526a7e7e7dd9a1ade4a02d3","sellTxId":"10e4a94333d3bb2c8669f10412e90a19d7fdb7c1"}
{"index": {"_index":"pob","_id":"2842215"}}
	{"id":2842215,"type":"buy","buyer":"pjansen","seller":"richardcrill","symbol":"POB","quantity":"100.00000000","price":"0.03990000","timestamp":1645630734,"volume":"3.99000000","buyTxId":"6438843fc56a126ad4439ac6e2793a672e837640","sellTxId":"MM-P-15085691-62073297-3-11-1"}
{"index": {"_index":"pob","_id":"2842216"}}
	{"id":2842216,"type":"buy","buyer":"pjansen","seller":"richardcrill","symbol":"POB","quantity":"100.00000000","price":"0.03990000","timestamp":1645630815,"volume":"3.99000000","buyTxId":"6289da4dd0ce3ea02e3a847dea1ff788960d1e35","sellTxId":"MM-P-15085691-62073297-3-11-1"}
{"index": {"_index":"pob","_id":"2842240"}}
	{"id":2842240,"type":"buy","buyer":"pjansen","seller":"richardcrill","symbol":"POB","quantity":"133.00000000","price":"0.03990000","timestamp":1645630926,"volume":"5.30670000","buyTxId":"f744768f4dc74f49d7a54324a9e88133f54a1007","sellTxId":"MM-P-15085691-62073297-3-11-1"}
{"index": {"_index":"pob","_id":"2842251"}}
	{"id":2842251,"type":"sell","buyer":"pjansen","seller":"doziekash","symbol":"POB","quantity":"140.00000000","price":"0.04000000","timestamp":1645631070,"volume":"5.60000000","buyTxId":"34aad45d85c0dcb3f78157849fe2b05abe825b22","sellTxId":"d70fd7a5e1145c31b884a99d54db50dc555df8f9"}
{"index": {"_index":"pob","_id":"2842259"}}
	{"id":2842259,"type":"buy","buyer":"pjansen","seller":"clixmoney","symbol":"POB","quantity":"2.14692386","price":"0.04000000","timestamp":1645631169,"volume":"0.08587695","buyTxId":"4033956b44dd7b23546fc97936233d4fbc9ede10","sellTxId":"d1912ab7305961f7d975d76df97405663d0b45b3"}
{"index": {"_index":"pob","_id":"2842261"}}
	{"id":2842261,"type":"sell","buyer":"pjansen","seller":"doziekash","symbol":"POB","quantity":"137.85307614","price":"0.04000000","timestamp":1645631187,"volume":"5.51412305","buyTxId":"4033956b44dd7b23546fc97936233d4fbc9ede10","sellTxId":"c9446308c88d1a736df9774fd8464d40bbf7a537"}
{"index": {"_index":"pob","_id":"2842270"}}
	{"id":2842270,"type":"buy","buyer":"pjansen","seller":"doziekash","symbol":"POB","quantity":"150.00000000","price":"0.03990000","timestamp":1645631283,"volume":"5.98500000","buyTxId":"bc7ef78936e5f14bf3e55f23fe514d7708145d88","sellTxId":"c9446308c88d1a736df9774fd8464d40bbf7a537"}
{"index": {"_index":"pob","_id":"2842414"}}
	{"id":2842414,"type":"sell","buyer":"richardcrill","seller":"hernleon74","symbol":"POB","quantity":"1.2644","price":"0.03710000","timestamp":1645632771,"volume":"0.04690924","buyTxId":"MM-P-15085890-62073496-3-11-0","sellTxId":"17aa305c364a59e508caaea343fb3e187f248261"}
{"index": {"_index":"pob","_id":"2842463"}}
	{"id":2842463,"type":"sell","buyer":"richardcrill","seller":"hiroshige","symbol":"POB","quantity":"14.04744828","price":"0.03710000","timestamp":1645633494,"volume":"0.52116033","buyTxId":"MM-P-15085890-62073496-3-11-0","sellTxId":"29b9573f2af1e631d79cf806f64883a62703680b"}
{"index": {"_index":"pob","_id":"2842497"}}
	{"id":2842497,"type":"sell","buyer":"richardcrill","seller":"esecholo","symbol":"POB","quantity":"0.65000000","price":"0.03710000","timestamp":1645633947,"volume":"0.02411500","buyTxId":"MM-P-15085890-62073496-3-11-0","sellTxId":"022f53e31f8caefee1754bae459f0e9ac7c05522"}
{"index": {"_index":"pob","_id":"2842778"}}
	{"id":2842778,"type":"sell","buyer":"richardcrill","seller":"oks2crypto","symbol":"POB","quantity":"0.00262199","price":"0.03710000","timestamp":1645635804,"volume":"0.00009728","buyTxId":"MM-P-15085890-62073496-3-11-0","sellTxId":"f714015a6ff832ed670e430c268c88821eb49ecf"}
{"index": {"_index":"pob","_id":"2842782"}}
	{"id":2842782,"type":"sell","buyer":"richardcrill","seller":"insight.pob","symbol":"POB","quantity":"16.45000000","price":"0.03710000","timestamp":1645635888,"volume":"0.61029500","buyTxId":"MM-P-15085890-62073496-3-11-0","sellTxId":"93672ecbf0eec70c6a02720a2a6a510c919b1acf"}
{"index": {"_index":"pob","_id":"2842794"}}
	{"id":2842794,"type":"sell","buyer":"richardcrill","seller":"choritropical","symbol":"POB","quantity":"0.05194437","price":"0.03710000","timestamp":1645635990,"volume":"0.00192714","buyTxId":"MM-P-15085890-62073496-3-11-0","sellTxId":"b5b85f401d3e68406a776e64e9392c3af6d047e5"}
{"index": {"_index":"pob","_id":"2843035"}}
	{"id":2843035,"type":"sell","buyer":"richardcrill","seller":"denmarkguy","symbol":"POB","quantity":"5.94485426","price":"0.03710000","timestamp":1645637859,"volume":"0.22055409","buyTxId":"MM-P-15085890-62073496-3-11-0","sellTxId":"c63291d66359f1b918665ed5046dc4c2dfac8c14"}
{"index": {"_index":"pob","_id":"2843202"}}
	{"id":2843202,"type":"sell","buyer":"richardcrill","seller":"funshee","symbol":"POB","quantity":"46.00000000","price":"0.03710000","timestamp":1645639647,"volume":"1.70660000","buyTxId":"MM-P-15085890-62073496-3-11-0","sellTxId":"98e365499079d0e7bcebcb2142dbd908d8229377"}
{"index": {"_index":"pob","_id":"2843337"}}
	{"id":2843337,"type":"sell","buyer":"richardcrill","seller":"eythorphoto","symbol":"POB","quantity":"0.13262645","price":"0.03710000","timestamp":1645641423,"volume":"0.00492044","buyTxId":"MM-P-15085890-62073496-3-11-0","sellTxId":"abfbcde07df1e54e9b773fd49c59e360531fd10c"}
{"index": {"_index":"pob","_id":"2843418"}}
	{"id":2843418,"type":"buy","buyer":"taseli","seller":"doziekash","symbol":"POB","quantity":"68.09541559","price":"0.03720000","timestamp":1645642377,"volume":"2.53314946","buyTxId":"0b95215740ddad7a0509928e689376ca10412cbe","sellTxId":"48710377b347e9206dea567daa2a9cc3e2e3c2e7"}
{"index": {"_index":"pob","_id":"2843425"}}
	{"id":2843425,"type":"sell","buyer":"richardcrill","seller":"darth-azrael","symbol":"POB","quantity":"1.00000000","price":"0.03710000","timestamp":1645642419,"volume":"0.03710000","buyTxId":"MM-P-15085890-62073496-3-11-0","sellTxId":"cef1a9fb35d6f10947b2b93f7d83d71b03389624"}
{"index": {"_index":"pob","_id":"2843431"}}
	{"id":2843431,"type":"buy","buyer":"taseli","seller":"doziekash","symbol":"POB","quantity":"72.00000000","price":"0.03720000","timestamp":1645642488,"volume":"2.67840000","buyTxId":"180dd717fe27635deb95cf0ae341235dd8610cfe","sellTxId":"48710377b347e9206dea567daa2a9cc3e2e3c2e7"}
{"index": {"_index":"pob","_id":"2843441"}}
	{"id":2843441,"type":"buy","buyer":"taseli","seller":"doziekash","symbol":"POB","quantity":"78.46774193","price":"0.03720000","timestamp":1645642641,"volume":"2.919","buyTxId":"f42e605d729dbe2633932380f526d9c07f48808a","sellTxId":"48710377b347e9206dea567daa2a9cc3e2e3c2e7"}
{"index": {"_index":"pob","_id":"2843474"}}
	{"id":2843474,"type":"buy","buyer":"taseli","seller":"doziekash","symbol":"POB","quantity":"80.64516129","price":"0.03720000","timestamp":1645643028,"volume":"3","buyTxId":"b6676a3fdfbf14f5f4eeea80ab2751100e5938ab","sellTxId":"48710377b347e9206dea567daa2a9cc3e2e3c2e7"}
{"index": {"_index":"pob","_id":"2843491"}}
	{"id":2843491,"type":"buy","buyer":"taseli","seller":"doziekash","symbol":"POB","quantity":"88.70967741","price":"0.03720000","timestamp":1645643139,"volume":"3.3","buyTxId":"c68b41cd393ca886ea2a12499f31d66c32c8e007","sellTxId":"48710377b347e9206dea567daa2a9cc3e2e3c2e7"}
{"index": {"_index":"pob","_id":"2843531"}}
	{"id":2843531,"type":"sell","buyer":"richardcrill","seller":"ambiguity","symbol":"POB","quantity":"4.97558836","price":"0.03710000","timestamp":1645643652,"volume":"0.18459433","buyTxId":"MM-P-15085890-62073496-3-11-0","sellTxId":"235008d96cbf79df119b544f3e13614a501db200"}
{"index": {"_index":"pob","_id":"2843573"}}
	{"id":2843573,"type":"sell","buyer":"richardcrill","seller":"stickupboys","symbol":"POB","quantity":"11.26167627","price":"0.03710000","timestamp":1645644108,"volume":"0.41780819","buyTxId":"MM-P-15085890-62073496-3-11-0","sellTxId":"2ae27e2192bcde240f47742e5f822c454ffb6aa5"}
{"index": {"_index":"pob","_id":"2843578"}}
	{"id":2843578,"type":"sell","buyer":"richardcrill","seller":"whitelightxpress","symbol":"POB","quantity":"0.68465047","price":"0.03710000","timestamp":1645644159,"volume":"0.02540053","buyTxId":"MM-P-15085890-62073496-3-11-0","sellTxId":"68db5cdc24bd483885a4296f3281dce1ac27e9ab"}
{"index": {"_index":"pob","_id":"2843626"}}
	{"id":2843626,"type":"sell","buyer":"richardcrill","seller":"fernandosoder","symbol":"POB","quantity":"1.35192499","price":"0.03710000","timestamp":1645644789,"volume":"0.05015642","buyTxId":"MM-P-15085890-62073496-3-11-0","sellTxId":"413169cbfc83845c829631407b7e12eec1d78350"}
{"index": {"_index":"pob","_id":"2843661"}}
	{"id":2843661,"type":"sell","buyer":"richardcrill","seller":"erikah","symbol":"POB","quantity":"13.21000000","price":"0.03710000","timestamp":1645645413,"volume":"0.49009100","buyTxId":"MM-P-15085890-62073496-3-11-0","sellTxId":"2a56fe0b047bd6a01fa7e603d2aea59ca0c94d3d"}
{"index": {"_index":"pob","_id":"2843665"}}
	{"id":2843665,"type":"buy","buyer":"pjansen","seller":"doziekash","symbol":"POB","quantity":"78.00000000","price":"0.03720000","timestamp":1645645449,"volume":"2.90160000","buyTxId":"abf5519f931280c6306b6805a21cee604864e60b","sellTxId":"48710377b347e9206dea567daa2a9cc3e2e3c2e7"}
{"index": {"_index":"pob","_id":"2843668"}}
	{"id":2843668,"type":"buy","buyer":"pjansen","seller":"doziekash","symbol":"POB","quantity":"79.00000000","price":"0.03720000","timestamp":1645645581,"volume":"2.93880000","buyTxId":"f45192b364ada52901227437962f9d2194d98d96","sellTxId":"48710377b347e9206dea567daa2a9cc3e2e3c2e7"}
{"index": {"_index":"pob","_id":"2843674"}}
	{"id":2843674,"type":"buy","buyer":"pjansen","seller":"doziekash","symbol":"POB","quantity":"79.00000000","price":"0.03720000","timestamp":1645645731,"volume":"2.93880000","buyTxId":"ef2de36bb5b3199fd222f6889ff492db1c97c21a","sellTxId":"48710377b347e9206dea567daa2a9cc3e2e3c2e7"}
{"index": {"_index":"pob","_id":"2843684"}}
	{"id":2843684,"type":"sell","buyer":"richardcrill","seller":"curatorcat.leo","symbol":"POB","quantity":"12.38260946","price":"0.03710000","timestamp":1645645890,"volume":"0.45939481","buyTxId":"MM-P-15085890-62073496-3-11-0","sellTxId":"801dccd95c69bb9a4726fe1b7b1dd75903208b70"}
{"index": {"_index":"pob","_id":"2843726"}}
	{"id":2843726,"type":"sell","buyer":"richardcrill","seller":"jsantana","symbol":"POB","quantity":"6.03574860","price":"0.03710000","timestamp":1645646529,"volume":"0.22392627","buyTxId":"MM-P-15085890-62073496-3-11-0","sellTxId":"aaffe04a564b67fa9d9724d7801f610c2bcb7c38"}
{"index": {"_index":"pob","_id":"2843753"}}
	{"id":2843753,"type":"sell","buyer":"richardcrill","seller":"ggbits","symbol":"POB","quantity":"2.55122571","price":"0.03710000","timestamp":1645646670,"volume":"0.09465047","buyTxId":"MM-P-15085890-62073496-3-11-0","sellTxId":"f563091920b5b0fc4d6b541406f4f30d5167a211"}
{"index": {"_index":"pob","_id":"2843893"}}
	{"id":2843893,"type":"sell","buyer":"richardcrill","seller":"eddiespino","symbol":"POB","quantity":"18.11034438","price":"0.03710000","timestamp":1645647969,"volume":"0.67189378","buyTxId":"MM-P-15085890-62073496-3-11-0","sellTxId":"69bc7cbcb2d9b0ad861bbde77829cb8b38f2fae9"}
{"index": {"_index":"pob","_id":"2844057"}}
	{"id":2844057,"type":"sell","buyer":"richardcrill","seller":"deathwing","symbol":"POB","quantity":"0.025","price":"0.03710000","timestamp":1645649706,"volume":"0.00092750","buyTxId":"MM-P-15085890-62073496-3-11-0","sellTxId":"8a79fb10ea47ed84946cb4868dbeec390f21c291-0"}
{"index": {"_index":"pob","_id":"2844259"}}
	{"id":2844259,"type":"sell","buyer":"richardcrill","seller":"jlufer","symbol":"POB","quantity":"16.63612917","price":"0.03710000","timestamp":1645651815,"volume":"0.61720039","buyTxId":"MM-P-15085890-62073496-3-11-0","sellTxId":"c5a7f61925dbeed4f81e4fa08ddfc12fdbbe42c0"}
{"index": {"_index":"pob","_id":"2844434"}}
	{"id":2844434,"type":"sell","buyer":"richardcrill","seller":"ourfadedglory","symbol":"POB","quantity":"0.00000093","price":"0.03710000","timestamp":1645653648,"volume":"0.00000003","buyTxId":"MM-P-15085890-62073496-3-11-0","sellTxId":"82944edfd911f5a18f17b022518b73fc61d46310"}
{"index": {"_index":"pob","_id":"2844573"}}
	{"id":2844573,"type":"sell","buyer":"richardcrill","seller":"xabi","symbol":"POB","quantity":"2.35827352","price":"0.03710000","timestamp":1645654617,"volume":"0.08749195","buyTxId":"MM-P-15085890-62073496-3-11-0","sellTxId":"8eadbd23ea3b3a6a10c9fd993a4be866c011abc6"}
{"index": {"_index":"pob","_id":"2844665"}}
	{"id":2844665,"type":"sell","buyer":"richardcrill","seller":"bitcoinflood","symbol":"POB","quantity":"5.79582005","price":"0.03710000","timestamp":1645655406,"volume":"0.21502492","buyTxId":"MM-P-15085890-62073496-3-11-0","sellTxId":"bb51490f56564925bf8e4bf7ba15da72ed5cd4d3"}
{"index": {"_index":"pob","_id":"2844726"}}
	{"id":2844726,"type":"sell","buyer":"richardcrill","seller":"cliffagreen","symbol":"POB","quantity":"1.94700000","price":"0.03710000","timestamp":1645656411,"volume":"0.07223370","buyTxId":"MM-P-15085890-62073496-3-11-0","sellTxId":"9d54251efec93ccab330fbb8fe3c6b1b48418682"}
{"index": {"_index":"pob","_id":"2844733"}}
	{"id":2844733,"type":"sell","buyer":"richardcrill","seller":"kevmcc","symbol":"POB","quantity":"0.33917080","price":"0.03710000","timestamp":1645656459,"volume":"0.01258324","buyTxId":"MM-P-15085890-62073496-3-11-0","sellTxId":"217815bb0e0b9b766ddae6744241a764c204638f"}
{"index": {"_index":"pob","_id":"2844791"}}
	{"id":2844791,"type":"sell","buyer":"richardcrill","seller":"he-index","symbol":"POB","quantity":"0.07400000","price":"0.03710000","timestamp":1645657446,"volume":"0.00274540","buyTxId":"MM-P-15085890-62073496-3-11-0","sellTxId":"11920491c0d7d23ce972d4fea3e60e7974f4fc19"}
{"index": {"_index":"pob","_id":"2844861"}}
	{"id":2844861,"type":"sell","buyer":"richardcrill","seller":"candy49","symbol":"POB","quantity":"1.20144370","price":"0.03710000","timestamp":1645658172,"volume":"0.04457356","buyTxId":"MM-P-15085890-62073496-3-11-0","sellTxId":"a47e18773d3f1034ebad72356d353591889399c5"}
{"index": {"_index":"pob","_id":"2844957"}}
	{"id":2844957,"type":"sell","buyer":"richardcrill","seller":"mario02","symbol":"POB","quantity":"1.54363047","price":"0.03710000","timestamp":1645659555,"volume":"0.05726869","buyTxId":"MM-P-15085890-62073496-3-11-0","sellTxId":"03c9b926d55dde36f19abed163fa85e3966590d7"}
{"index": {"_index":"pob","_id":"2845225"}}
	{"id":2845225,"type":"sell","buyer":"richardcrill","seller":"chireerocks","symbol":"POB","quantity":"6.13537241","price":"0.03710000","timestamp":1645662735,"volume":"0.22762232","buyTxId":"MM-P-15085890-62073496-3-11-0","sellTxId":"654169383c7e0b3c3d52444757c7fcc8d05d9def"}
{"index": {"_index":"pob","_id":"2845381"}}
	{"id":2845381,"type":"sell","buyer":"richardcrill","seller":"ugochill","symbol":"POB","quantity":"0.07300000","price":"0.03710000","timestamp":1645664430,"volume":"0.00270830","buyTxId":"MM-P-15085890-62073496-3-11-0","sellTxId":"ad29f9ed2bb83749e05fbffee2173623e67090cf"}
{"index": {"_index":"pob","_id":"2845431"}}
	{"id":2845431,"type":"sell","buyer":"richardcrill","seller":"alfarero","symbol":"POB","quantity":"13.66646617","price":"0.03710000","timestamp":1645665186,"volume":"0.50702589","buyTxId":"MM-P-15085890-62073496-3-11-0","sellTxId":"e5915927b1756848abb31c68795b16bb4f64a5a5"}
{"index": {"_index":"pob","_id":"2845571"}}
	{"id":2845571,"type":"buy","buyer":"dswap","seller":"droida","symbol":"POB","quantity":"0.00065376","price":"0.03719998","timestamp":1645666320,"volume":"0.00002432","buyTxId":"4aa66c71dfc53061502928c6fce9d6bae659e5a7","sellTxId":"3450eaff0cd77083d83369a0fe3333974f395227"}
{"index": {"_index":"pob","_id":"2845573"}}
	{"id":2845573,"type":"sell","buyer":"richardcrill","seller":"skylinebuds-weed","symbol":"POB","quantity":"40.00000000","price":"0.03710000","timestamp":1645666341,"volume":"1.48400000","buyTxId":"MM-P-15085890-62073496-3-11-0","sellTxId":"aaaf6c04e7ca69c04fd114baeb0bb5bac0f5e50d"}
{"index": {"_index":"pob","_id":"2845734"}}
	{"id":2845734,"type":"sell","buyer":"richardcrill","seller":"decentropia","symbol":"POB","quantity":"0.13400040","price":"0.03710000","timestamp":1645668825,"volume":"0.00497141","buyTxId":"MM-P-15085890-62073496-3-11-0","sellTxId":"4e0643ddd651ee9013c70bfcd81253845db7df81"}
{"index": {"_index":"pob","_id":"2845836"}}
	{"id":2845836,"type":"buy","buyer":"andy4475","seller":"richardcrill","symbol":"POB","quantity":"333.00000000","price":"0.03710000","timestamp":1645670664,"volume":"12.35430000","buyTxId":"b1274fdb054e39e885ea92aa49466479c9bf2f73","sellTxId":"MM-P-15099055-62086668-3-11-0"}
{"index": {"_index":"pob","_id":"2845837"}}
	{"id":2845837,"type":"buy","buyer":"andy4475","seller":"andy-plays","symbol":"POB","quantity":"1.00000000","price":"0.03710000","timestamp":1645670664,"volume":"0.03710000","buyTxId":"b1274fdb054e39e885ea92aa49466479c9bf2f73","sellTxId":"2f0cf41c1ba18c5591b6f734ef4b28dfef829629"}
{"index": {"_index":"pob","_id":"2845838"}}
	{"id":2845838,"type":"buy","buyer":"andy4475","seller":"droida","symbol":"POB","quantity":"0.39374337","price":"0.03719998","timestamp":1645670664,"volume":"0.01464725","buyTxId":"b1274fdb054e39e885ea92aa49466479c9bf2f73","sellTxId":"3450eaff0cd77083d83369a0fe3333974f395227"}
{"index": {"_index":"pob","_id":"2845839"}}
	{"id":2845839,"type":"buy","buyer":"andy4475","seller":"quicktrades","symbol":"POB","quantity":"0.93448478","price":"0.03719999","timestamp":1645670664,"volume":"0.03476282","buyTxId":"b1274fdb054e39e885ea92aa49466479c9bf2f73","sellTxId":"81f0630aeaeadfa804f9c9fcb2b03747862a791e"}
{"index": {"_index":"pob","_id":"2845840"}}
	{"id":2845840,"type":"buy","buyer":"andy4475","seller":"doziekash","symbol":"POB","quantity":"76.08200378","price":"0.03720000","timestamp":1645670664,"volume":"2.83025054","buyTxId":"b1274fdb054e39e885ea92aa49466479c9bf2f73","sellTxId":"48710377b347e9206dea567daa2a9cc3e2e3c2e7"}
{"index": {"_index":"pob","_id":"2845841"}}
	{"id":2845841,"type":"buy","buyer":"andy4475","seller":"detlev","symbol":"POB","quantity":"300.00000000","price":"0.03730000","timestamp":1645670664,"volume":"11.19000000","buyTxId":"b1274fdb054e39e885ea92aa49466479c9bf2f73","sellTxId":"c3d00b696f6b2c46a2bb513578f7b73f5372820e"}
{"index": {"_index":"pob","_id":"2845842"}}
	{"id":2845842,"type":"buy","buyer":"andy4475","seller":"master-lamps","symbol":"POB","quantity":"288.58976807","price":"0.03979999","timestamp":1645670664,"volume":"11.48586988","buyTxId":"b1274fdb054e39e885ea92aa49466479c9bf2f73","sellTxId":"40a38f722038ea14c9f881204cd2e8fa2871433b"}
{"index": {"_index":"pob","_id":"2845848"}}
	{"id":2845848,"type":"buy","buyer":"andy4475","seller":"master-lamps","symbol":"POB","quantity":"45.53481088","price":"0.03979999","timestamp":1645670721,"volume":"1.81228502","buyTxId":"22dde426f5d7390b808dae7c0a758bf51182d275","sellTxId":"40a38f722038ea14c9f881204cd2e8fa2871433b"}
{"index": {"_index":"pob","_id":"2845849"}}
	{"id":2845849,"type":"buy","buyer":"andy4475","seller":"onlydoge","symbol":"POB","quantity":"49.93758000","price":"0.04005000","timestamp":1645670721,"volume":"2.00000008","buyTxId":"22dde426f5d7390b808dae7c0a758bf51182d275","sellTxId":"f386531deff2f2e19f8b99cbb2a7a334ecca69b7"}
{"index": {"_index":"pob","_id":"2845850"}}
	{"id":2845850,"type":"buy","buyer":"andy4475","seller":"master-lamps","symbol":"POB","quantity":"4.52760912","price":"0.04799999","timestamp":1645670721,"volume":"0.21732519","buyTxId":"22dde426f5d7390b808dae7c0a758bf51182d275","sellTxId":"c174d54f7e5228a69c6ec485fb20ae4497d769d8"}
{"index": {"_index":"pob","_id":"2845928"}}
	{"id":2845928,"type":"sell","buyer":"richardcrill","seller":"zullyscott","symbol":"POB","quantity":"1.91650372","price":"0.03341000","timestamp":1645671525,"volume":"0.06403039","buyTxId":"MM-P-15099155-62086768-3-11-0","sellTxId":"2cc4d049bd0d2628f1a35a6f1bccb2651702ed2a"}
{"index": {"_index":"pob","_id":"2846051"}}
	{"id":2846051,"type":"sell","buyer":"richardcrill","seller":"kamrunnahar","symbol":"POB","quantity":"0.02919674","price":"0.03341000","timestamp":1645673391,"volume":"0.00097546","buyTxId":"MM-P-15099754-62087368-3-11-0","sellTxId":"95be3258d9b269827da11640d3f37fd39b21d665"}
