{"index": {"_index":"pob","_id":"4007324"}}
	{"id":4007324,"type":"sell","buyer":"pjansen","seller":"lipe100dedos","symbol":"POB","quantity":"16.52281426","price":"0.01211001","timestamp":1658978736,"volume":"0.20009145","buyTxId":"940a6a883ca94b0d165a08ffd7c9f8ff9f2e991d","sellTxId":"fbb5a98dba5128175ecb5497daa90c94eba7e589"}
{"index": {"_index":"pob","_id":"4007811"}}
	{"id":4007811,"type":"sell","buyer":"pjansen","seller":"xplosive","symbol":"POB","quantity":"0.71806299","price":"0.01211001","timestamp":1658986272,"volume":"0.00869575","buyTxId":"05d39e11dbb46540fd64357c598647189cf2ed40","sellTxId":"956d46b3db9018df44d53dc2eedb9927d7dcc6ad"}
{"index": {"_index":"pob","_id":"4008051"}}
	{"id":4008051,"type":"sell","buyer":"pjansen","seller":"automaton","symbol":"POB","quantity":"20.00000000","price":"0.01211001","timestamp":1658989815,"volume":"0.24220020","buyTxId":"39774f748ccc11929a9c3ac44b090e83458184ad","sellTxId":"b3e2071ab2a3f473a6a7689543aae3c6bcb79501"}
{"index": {"_index":"pob","_id":"4008253"}}
	{"id":4008253,"type":"sell","buyer":"pjansen","seller":"khang572","symbol":"POB","quantity":"9.28368741","price":"0.01211001","timestamp":1658992428,"volume":"0.11242555","buyTxId":"ab0ba1bd5f6cb817e5030f7fa805761c2b54b698","sellTxId":"869a996f55d7ea6307e573e40292566df28a2a12"}
{"index": {"_index":"pob","_id":"4008324"}}
	{"id":4008324,"type":"sell","buyer":"pjansen","seller":"ugochill","symbol":"POB","quantity":"0.35880929","price":"0.01211001","timestamp":1658993439,"volume":"0.00434518","buyTxId":"24c69a6e35b1910dea933315adbb0b6093d73ad8","sellTxId":"fe07e8a0b83d368eecde1ef6e2213ed2228911e2"}
{"index": {"_index":"pob","_id":"4008695"}}
	{"id":4008695,"type":"sell","buyer":"pjansen","seller":"costanza","symbol":"POB","quantity":"99.17217960","price":"0.01211001","timestamp":1658998206,"volume":"1.20097609","buyTxId":"4070243eb42c4476ed473625f334cad8f882fc00","sellTxId":"567e6c8c2073712dbc1e406f8ba5c7d84cd80d3b"}
{"index": {"_index":"pob","_id":"4008707"}}
	{"id":4008707,"type":"sell","buyer":"pjansen","seller":"steem82868","symbol":"POB","quantity":"7.65241081","price":"0.01211001","timestamp":1658998308,"volume":"0.09267077","buyTxId":"4070243eb42c4476ed473625f334cad8f882fc00","sellTxId":"02cca0357ae1433e638c6175ea1d8b2cd493ed8f"}
{"index": {"_index":"pob","_id":"4008993"}}
	{"id":4008993,"type":"sell","buyer":"pjansen","seller":"toofasteddie","symbol":"POB","quantity":"35.70408466","price":"0.01211001","timestamp":1659002592,"volume":"0.43237682","buyTxId":"6c6a1a5b3e997b32e4bd95ef5fcd7df9b8c50d10","sellTxId":"e8c58b95ea5b238ee3bd33be60d9e379ee88fc6c"}
{"index": {"_index":"pob","_id":"4009073"}}
	{"id":4009073,"type":"sell","buyer":"pjansen","seller":"stayoutoftherz","symbol":"POB","quantity":"14.00000000","price":"0.01211001","timestamp":1659003741,"volume":"0.16954014","buyTxId":"7e950922acec32ed4623b566bdebaf2a7412909b","sellTxId":"7581a1aac915e030355494c8e7271107f0183e96"}
{"index": {"_index":"pob","_id":"4009189"}}
	{"id":4009189,"type":"buy","buyer":"chesatochi","seller":"richardcrill","symbol":"POB","quantity":"9.66647894","price":"0.01330000","timestamp":1659006018,"volume":"0.12856417","buyTxId":"5af3948863bdb84c5750c490d5a3bbbd8b93c86c","sellTxId":"MM-P-19519925-66514048-3-12-0"}
{"index": {"_index":"pob","_id":"4009201"}}
	{"id":4009201,"type":"sell","buyer":"pjansen","seller":"myvest","symbol":"POB","quantity":"0.00200000","price":"0.01211001","timestamp":1659006261,"volume":"0.00002422","buyTxId":"37121af317ed842da39c93c40a5a744b28ace9c0","sellTxId":"2030c65aacda7eb2cf2c4108ee9d19eb2b4e0fe3"}
{"index": {"_index":"pob","_id":"4009403"}}
	{"id":4009403,"type":"sell","buyer":"pjansen","seller":"steem82868","symbol":"POB","quantity":"0.15354995","price":"0.01211001","timestamp":1659008061,"volume":"0.00185949","buyTxId":"7d37d37b554b5b21a84fd67f0748e8b7cec1bdd7","sellTxId":"0c176197e793550facb6454019ebb9c606483b2d"}
{"index": {"_index":"pob","_id":"4009495"}}
	{"id":4009495,"type":"sell","buyer":"pjansen","seller":"erikah","symbol":"POB","quantity":"37.43900000","price":"0.01211001","timestamp":1659009453,"volume":"0.45338666","buyTxId":"e6a03706f6680be59978513e2c89516c8dc55ee7","sellTxId":"ee2ef01670bd1a2945dae99bd879486762c3063d"}
{"index": {"_index":"pob","_id":"4009580"}}
	{"id":4009580,"type":"sell","buyer":"pjansen","seller":"edgy-ed-morrison","symbol":"POB","quantity":"2.21741740","price":"0.01211001","timestamp":1659010716,"volume":"0.02685295","buyTxId":"4ed5a9186aa3157300a3f2586bb3a1fb84e10fde","sellTxId":"a7548fb28276b7a0e54c447292eb792041eb92b8"}
{"index": {"_index":"pob","_id":"4010041"}}
	{"id":4010041,"type":"sell","buyer":"pjansen","seller":"ugochill","symbol":"POB","quantity":"0.02662975","price":"0.01211001","timestamp":1659015513,"volume":"0.00032249","buyTxId":"4fa0b547cffcbaa996fdb040ab1a72aeb7cae8b2","sellTxId":"38e36e6e80edb6d907123e0b1c2ecfd9f9608037"}
{"index": {"_index":"pob","_id":"4010257"}}
	{"id":4010257,"type":"sell","buyer":"pjansen","seller":"steem82868","symbol":"POB","quantity":"0.07053889","price":"0.01211001","timestamp":1659016992,"volume":"0.00085423","buyTxId":"26306a59d1938254ce14b112f08f68b9d99294ee","sellTxId":"6919aa4368f0369030cd5dea8baf2ac62f8c0226"}
{"index": {"_index":"pob","_id":"4010345"}}
	{"id":4010345,"type":"sell","buyer":"pjansen","seller":"quinnertronics","symbol":"POB","quantity":"4.34502283","price":"0.01211001","timestamp":1659018477,"volume":"0.05261827","buyTxId":"6b1518a1d6d28889917e691a3ed443ebe65f3a83","sellTxId":"8b85ed2711f5bff23ecab53f583c6fcf4d9f6ee2"}
{"index": {"_index":"pob","_id":"4010358"}}
	{"id":4010358,"type":"buy","buyer":"morzex","seller":"sketchygamerguy","symbol":"POB","quantity":"0.18153633","price":"0.01211002","timestamp":1659018594,"volume":"0.00219841","buyTxId":"ad8c4b1a9a9dc8d7bc371ec363eabb971cce7927","sellTxId":"ce0256fb3f3ea3dd9379e7e57a7c94283079c2a1"}
{"index": {"_index":"pob","_id":"4010385"}}
	{"id":4010385,"type":"sell","buyer":"morzex","seller":"achim03","symbol":"POB","quantity":"41.00000000","price":"0.01211002","timestamp":1659018807,"volume":"0.49651082","buyTxId":"ad8c4b1a9a9dc8d7bc371ec363eabb971cce7927","sellTxId":"0da3f130fa9f99522744ba9cfcc25e994bc4c026"}
{"index": {"_index":"pob","_id":"4010388"}}
	{"id":4010388,"type":"buy","buyer":"ugochill","seller":"richardcrill","symbol":"POB","quantity":"10.00000000","price":"0.01330000","timestamp":1659018885,"volume":"0.13300000","buyTxId":"af641a7e55a0539a301898a7f02732dbccadefb5","sellTxId":"MM-P-19519925-66514048-3-12-0"}
{"index": {"_index":"pob","_id":"4010571"}}
	{"id":4010571,"type":"sell","buyer":"pjansen","seller":"felipejoys","symbol":"POB","quantity":"200.00000000","price":"0.01211003","timestamp":1659020562,"volume":"2.42200600","buyTxId":"09031b6281a3e036520f03e52aad09f0a502ed90","sellTxId":"fdf930a86c32562b1f1e328b1253583de51bffc3"}
{"index": {"_index":"pob","_id":"4010572"}}
	{"id":4010572,"type":"sell","buyer":"morzex","seller":"felipejoys","symbol":"POB","quantity":"58.81846367","price":"0.01211002","timestamp":1659020562,"volume":"0.71229277","buyTxId":"ad8c4b1a9a9dc8d7bc371ec363eabb971cce7927","sellTxId":"fdf930a86c32562b1f1e328b1253583de51bffc3"}
{"index": {"_index":"pob","_id":"4010573"}}
	{"id":4010573,"type":"sell","buyer":"maarnio","seller":"felipejoys","symbol":"POB","quantity":"201.82844223","price":"0.01211000","timestamp":1659020562,"volume":"2.44414244","buyTxId":"3d1eeb9b95ccd796b8236b321142c31e1c0d421f","sellTxId":"fdf930a86c32562b1f1e328b1253583de51bffc3"}
{"index": {"_index":"pob","_id":"4010574"}}
	{"id":4010574,"type":"sell","buyer":"coininstant","seller":"felipejoys","symbol":"POB","quantity":"54.19216811","price":"0.01210000","timestamp":1659020562,"volume":"0.65572523","buyTxId":"aab40caf3dcb6e5f46bf4ceefac9d54e51cc9f9a","sellTxId":"fdf930a86c32562b1f1e328b1253583de51bffc3"}
{"index": {"_index":"pob","_id":"4010703"}}
	{"id":4010703,"type":"sell","buyer":"pjansen","seller":"rollingbones","symbol":"POB","quantity":"20.38611574","price":"0.01210001","timestamp":1659021660,"volume":"0.24667220","buyTxId":"d117412c4d254233c9293d0bda8325419b383aa2","sellTxId":"0adebb4c2e27dc161ea14d48164261442b219a23"}
{"index": {"_index":"pob","_id":"4010719"}}
	{"id":4010719,"type":"sell","buyer":"pjansen","seller":"stemgeeks","symbol":"POB","quantity":"4.24928565","price":"0.01210001","timestamp":1659021798,"volume":"0.05141640","buyTxId":"d117412c4d254233c9293d0bda8325419b383aa2","sellTxId":"0e4c10c0d7b104ea0a2d6e50dc603fc9a612111e"}
{"index": {"_index":"pob","_id":"4011771"}}
	{"id":4011771,"type":"sell","buyer":"pjansen","seller":"fabian98","symbol":"POB","quantity":"9.46100000","price":"0.01210001","timestamp":1659031641,"volume":"0.11447819","buyTxId":"3a8aed0db1685e88aae104a5290954ba634d5bdc","sellTxId":"02fb3c9303d27777ee46b8969271ce8c695ccc1c"}
{"index": {"_index":"pob","_id":"4011807"}}
	{"id":4011807,"type":"sell","buyer":"pjansen","seller":"bearbear613","symbol":"POB","quantity":"5.50512675","price":"0.01210001","timestamp":1659031854,"volume":"0.06661209","buyTxId":"183c1df342207655c507e19a05ba7b88381a0a52","sellTxId":"9eed44262b344f4a3db37b216fa7cfd4ea4f7773"}
{"index": {"_index":"pob","_id":"4011945"}}
	{"id":4011945,"type":"sell","buyer":"pjansen","seller":"barski","symbol":"POB","quantity":"0.57197255","price":"0.01210001","timestamp":1659033411,"volume":"0.00692087","buyTxId":"b81be258cbc61ec49f3feef08aedea4b408737c6","sellTxId":"1b1267a8149a94c8c156091148b569e32b0a37cc"}
{"index": {"_index":"pob","_id":"4011961"}}
	{"id":4011961,"type":"sell","buyer":"pjansen","seller":"clixmoney","symbol":"POB","quantity":"13.70869538","price":"0.01210001","timestamp":1659033624,"volume":"0.16587535","buyTxId":"e29b9c011c2bc976afbbb6e0b13773c712de2ca9","sellTxId":"0ce8932341f7ced0c794eed9957382f0ae48949f"}
{"index": {"_index":"pob","_id":"4012297"}}
	{"id":4012297,"type":"sell","buyer":"pjansen","seller":"cutekitty","symbol":"POB","quantity":"11.76473143","price":"0.01210001","timestamp":1659035175,"volume":"0.14235337","buyTxId":"0858b3f52eeda3933b0b92005cc77a636b6dd8a9","sellTxId":"26429c98832f4e93f810409e14dfdac70d958588"}
{"index": {"_index":"pob","_id":"4012407"}}
	{"id":4012407,"type":"sell","buyer":"pjansen","seller":"vempromundo.pob","symbol":"POB","quantity":"144.00000000","price":"0.01210001","timestamp":1659036177,"volume":"1.74240144","buyTxId":"e5056764bd9c0672aa8c4f1def4f40f3303ac839","sellTxId":"2e16786cf3a693269bce16527eb3fb0c099a812c"}
{"index": {"_index":"pob","_id":"4012639"}}
	{"id":4012639,"type":"sell","buyer":"coininstant","seller":"zakludick","symbol":"POB","quantity":"1.45009155","price":"0.01210000","timestamp":1659038712,"volume":"0.01754611","buyTxId":"aab40caf3dcb6e5f46bf4ceefac9d54e51cc9f9a","sellTxId":"e273cdc4265ff6e0e6e2697f8bd7a7da37a7cca1"}
{"index": {"_index":"pob","_id":"4012768"}}
	{"id":4012768,"type":"sell","buyer":"coininstant","seller":"curatorcat.pal","symbol":"POB","quantity":"0.04665774","price":"0.01210000","timestamp":1659039882,"volume":"0.00056456","buyTxId":"aab40caf3dcb6e5f46bf4ceefac9d54e51cc9f9a","sellTxId":"6d72c94a671e95e75763b5da5d9c4bce6073d98a"}
{"index": {"_index":"pob","_id":"4012823"}}
	{"id":4012823,"type":"buy","buyer":"terminado","seller":"richardcrill","symbol":"POB","quantity":"430.33352106","price":"0.01330000","timestamp":1659040497,"volume":"5.72343583","buyTxId":"128315208ccdeb146fa1ff857bade74c5d9ea7f5","sellTxId":"MM-P-19519925-66514048-3-12-0"}
{"index": {"_index":"pob","_id":"4012824"}}
	{"id":4012824,"type":"buy","buyer":"terminado","seller":"onlydoge","symbol":"POB","quantity":"474.32145493","price":"0.01400000","timestamp":1659040497,"volume":"6.64050037","buyTxId":"128315208ccdeb146fa1ff857bade74c5d9ea7f5","sellTxId":"9f290aa5a0e4a602befacf9f60e442c22fc1fa73"}
{"index": {"_index":"pob","_id":"4012825"}}
	{"id":4012825,"type":"buy","buyer":"terminado","seller":"mypathtofire","symbol":"POB","quantity":"101.39971436","price":"0.01410000","timestamp":1659040497,"volume":"1.42973597","buyTxId":"128315208ccdeb146fa1ff857bade74c5d9ea7f5","sellTxId":"64388c3c5278847785c593bcc1173b64f0666886"}
{"index": {"_index":"pob","_id":"4012826"}}
	{"id":4012826,"type":"buy","buyer":"terminado","seller":"pob.curator","symbol":"POB","quantity":"33.05113340","price":"0.01410000","timestamp":1659040497,"volume":"0.46602098","buyTxId":"128315208ccdeb146fa1ff857bade74c5d9ea7f5","sellTxId":"1254837ed7fedd528e037ae2e9ae4ee6597e123d"}
{"index": {"_index":"pob","_id":"4012827"}}
	{"id":4012827,"type":"sell","buyer":"terminado","seller":"god0","symbol":"POB","quantity":"0.89417625","price":"0.01410000","timestamp":1659040497,"volume":"0.01260789","buyTxId":"128315208ccdeb146fa1ff857bade74c5d9ea7f5","sellTxId":"590502ae09c6723a0877b0627f314e69d12cef6d-1"}
{"index": {"_index":"pob","_id":"4012839"}}
	{"id":4012839,"type":"sell","buyer":"terminado","seller":"god0","symbol":"POB","quantity":"994.50740409","price":"0.01300000","timestamp":1659040599,"volume":"12.92859625","buyTxId":"02ecdc58f1bf700c80b375e024ae54ed1abe1125","sellTxId":"47bb2550cb3ddc577da59c1c357af20213fd15fe-1"}
{"index": {"_index":"pob","_id":"4012856"}}
	{"id":4012856,"type":"sell","buyer":"terminado","seller":"pjansen","symbol":"POB","quantity":"435.2639119","price":"0.01300000","timestamp":1659040737,"volume":"5.65843085","buyTxId":"02ecdc58f1bf700c80b375e024ae54ed1abe1125","sellTxId":"d1cd01e2ecbd528d9995e7647ccd942a8caccc42"}
{"index": {"_index":"pob","_id":"4012890"}}
	{"id":4012890,"type":"sell","buyer":"terminado","seller":"pjansen","symbol":"POB","quantity":"178.39804418","price":"0.01300000","timestamp":1659041265,"volume":"2.31917457","buyTxId":"02ecdc58f1bf700c80b375e024ae54ed1abe1125","sellTxId":"492732d6571ff412986e5c093c55b1226fc63876-1"}
{"index": {"_index":"pob","_id":"4012892"}}
	{"id":4012892,"type":"sell","buyer":"terminado","seller":"pjansen","symbol":"POB","quantity":"44.82008041","price":"0.01300000","timestamp":1659041277,"volume":"0.58266105","buyTxId":"02ecdc58f1bf700c80b375e024ae54ed1abe1125","sellTxId":"c495a441339b8ebcba6912d8a3b382b9e1d1b30f"}
{"index": {"_index":"pob","_id":"4012924"}}
	{"id":4012924,"type":"sell","buyer":"onlydoge","seller":"god0","symbol":"POB","quantity":"119.85362713","price":"0.01310000","timestamp":1659041901,"volume":"1.57008252","buyTxId":"c6f4157e79eb2ec07a117efcc9234919f61bfad5","sellTxId":"3137bb56d199dd4ba057f7409aa721d305722d0e-1"}
{"index": {"_index":"pob","_id":"4012964"}}
	{"id":4012964,"type":"sell","buyer":"onlydoge","seller":"pjansen","symbol":"POB","quantity":"108.88700592","price":"0.01310000","timestamp":1659042120,"volume":"1.42641978","buyTxId":"c6f4157e79eb2ec07a117efcc9234919f61bfad5","sellTxId":"76f8532e5ae97fe98fce7c9bea4c5c8797f7c5bb"}
{"index": {"_index":"pob","_id":"4013033"}}
	{"id":4013033,"type":"sell","buyer":"onlydoge","seller":"smilejerry","symbol":"POB","quantity":"4.60799999","price":"0.01310000","timestamp":1659043053,"volume":"0.06036480","buyTxId":"c6f4157e79eb2ec07a117efcc9234919f61bfad5","sellTxId":"29431af7ade8263a807966c33febafe5eb86500d"}
{"index": {"_index":"pob","_id":"4013082"}}
	{"id":4013082,"type":"sell","buyer":"onlydoge","seller":"florenceboens","symbol":"POB","quantity":"0.32451500","price":"0.01310000","timestamp":1659043836,"volume":"0.00425115","buyTxId":"c6f4157e79eb2ec07a117efcc9234919f61bfad5","sellTxId":"1fb14f85e1a16c268f3a31d6901803180d72c612"}
{"index": {"_index":"pob","_id":"4013095"}}
	{"id":4013095,"type":"sell","buyer":"onlydoge","seller":"soyunasantacruz","symbol":"POB","quantity":"0.70765450","price":"0.01310000","timestamp":1659044004,"volume":"0.00927027","buyTxId":"c6f4157e79eb2ec07a117efcc9234919f61bfad5","sellTxId":"5279bc4a1e3eabe646f97b80495eee8da8023848"}
{"index": {"_index":"pob","_id":"4013174"}}
	{"id":4013174,"type":"sell","buyer":"onlydoge","seller":"god0","symbol":"POB","quantity":"73.64892912","price":"0.01310000","timestamp":1659044949,"volume":"0.96480097","buyTxId":"c6f4157e79eb2ec07a117efcc9234919f61bfad5","sellTxId":"3c89613273029140d25b1f0afe3786e5faa96ee7-1"}
{"index": {"_index":"pob","_id":"4013232"}}
	{"id":4013232,"type":"sell","buyer":"onlydoge","seller":"he-index","symbol":"POB","quantity":"0.06500000","price":"0.01310000","timestamp":1659045738,"volume":"0.00085150","buyTxId":"c6f4157e79eb2ec07a117efcc9234919f61bfad5","sellTxId":"8b836d045ce28db0b1555bff56748593cbc61bfd"}
{"index": {"_index":"pob","_id":"4013234"}}
	{"id":4013234,"type":"sell","buyer":"onlydoge","seller":"mein-senf-dazu","symbol":"POB","quantity":"4.72298292","price":"0.01310000","timestamp":1659045768,"volume":"0.06187108","buyTxId":"c6f4157e79eb2ec07a117efcc9234919f61bfad5","sellTxId":"eabf5a283c45689797391f77b9e83cd83fdcc5ce"}
{"index": {"_index":"pob","_id":"4013363"}}
	{"id":4013363,"type":"sell","buyer":"onlydoge","seller":"pixelfan","symbol":"POB","quantity":"24.14057630","price":"0.01310000","timestamp":1659047148,"volume":"0.31624155","buyTxId":"c6f4157e79eb2ec07a117efcc9234919f61bfad5","sellTxId":"e4a55fdb7b594ddb0ee040ce59f3104a96320d1b"}
{"index": {"_index":"pob","_id":"4013508"}}
	{"id":4013508,"type":"sell","buyer":"onlydoge","seller":"god0","symbol":"POB","quantity":"1.73846165","price":"0.01310000","timestamp":1659049407,"volume":"0.02277385","buyTxId":"c6f4157e79eb2ec07a117efcc9234919f61bfad5","sellTxId":"7375cd3449e66fc150e2de88cbe4b26679d57c95-1"}
{"index": {"_index":"pob","_id":"4013541"}}
	{"id":4013541,"type":"sell","buyer":"onlydoge","seller":"god0","symbol":"POB","quantity":"50.59751282","price":"0.01310000","timestamp":1659049860,"volume":"0.66282742","buyTxId":"c6f4157e79eb2ec07a117efcc9234919f61bfad5","sellTxId":"36be7b1535aa6a40fc33073bf40e4fa848b6c997-1"}
{"index": {"_index":"pob","_id":"4013691"}}
	{"id":4013691,"type":"sell","buyer":"onlydoge","seller":"ugochill","symbol":"POB","quantity":"0.05458352","price":"0.01310000","timestamp":1659051744,"volume":"0.00071504","buyTxId":"c6f4157e79eb2ec07a117efcc9234919f61bfad5","sellTxId":"0e23b390ccdd6cdfb9db30dc1603801072efe977"}
{"index": {"_index":"pob","_id":"4013756"}}
	{"id":4013756,"type":"sell","buyer":"onlydoge","seller":"sidekickmatt","symbol":"POB","quantity":"3.81313676","price":"0.01310000","timestamp":1659052611,"volume":"0.04995209","buyTxId":"c6f4157e79eb2ec07a117efcc9234919f61bfad5","sellTxId":"3cf242ac4ba1dcb0f08a265ad8186d107edf89ff"}
{"index": {"_index":"pob","_id":"4013784"}}
	{"id":4013784,"type":"sell","buyer":"onlydoge","seller":"steem82868","symbol":"POB","quantity":"0.06990509","price":"0.01310000","timestamp":1659053109,"volume":"0.00091576","buyTxId":"c6f4157e79eb2ec07a117efcc9234919f61bfad5","sellTxId":"cfd2786f9b5dd548382235b6844d2f1c6dcbe0ad"}
{"index": {"_index":"pob","_id":"4013808"}}
	{"id":4013808,"type":"sell","buyer":"onlydoge","seller":"god0","symbol":"POB","quantity":"28.92645880","price":"0.01310000","timestamp":1659053346,"volume":"0.37893661","buyTxId":"c6f4157e79eb2ec07a117efcc9234919f61bfad5","sellTxId":"b4eb7d3a8ec364f88c9abb6342fe029aaf70d943-1"}
{"index": {"_index":"pob","_id":"4013813"}}
	{"id":4013813,"type":"sell","buyer":"onlydoge","seller":"apoloo1","symbol":"POB","quantity":"6.84584949","price":"0.01310000","timestamp":1659053391,"volume":"0.08968063","buyTxId":"c6f4157e79eb2ec07a117efcc9234919f61bfad5","sellTxId":"005f4c449245bbf3bce08836d83d66b0c0449898"}
{"index": {"_index":"pob","_id":"4013913"}}
	{"id":4013913,"type":"sell","buyer":"onlydoge","seller":"ugochill","symbol":"POB","quantity":"0.50103725","price":"0.01310000","timestamp":1659054516,"volume":"0.00656359","buyTxId":"c6f4157e79eb2ec07a117efcc9234919f61bfad5","sellTxId":"5101919d0068997104479f4a915b4db3de1ca1da"}
{"index": {"_index":"pob","_id":"4013951"}}
	{"id":4013951,"type":"sell","buyer":"onlydoge","seller":"god0","symbol":"POB","quantity":"4.52883401","price":"0.01310000","timestamp":1659054951,"volume":"0.05932773","buyTxId":"c6f4157e79eb2ec07a117efcc9234919f61bfad5","sellTxId":"e9f8c398bd71fed4162a866235e6de0a74e09b49-1"}
{"index": {"_index":"pob","_id":"4014227"}}
	{"id":4014227,"type":"sell","buyer":"onlydoge","seller":"teteuzinho","symbol":"POB","quantity":"7.01164980","price":"0.01310000","timestamp":1659058353,"volume":"0.09185261","buyTxId":"c6f4157e79eb2ec07a117efcc9234919f61bfad5","sellTxId":"12c5ccfce7529775cdaf27099a044a63c1d17194"}
{"index": {"_index":"pob","_id":"4014263"}}
	{"id":4014263,"type":"sell","buyer":"onlydoge","seller":"gubbatv","symbol":"POB","quantity":"7.01541170","price":"0.01310000","timestamp":1659059157,"volume":"0.09190189","buyTxId":"c6f4157e79eb2ec07a117efcc9234919f61bfad5","sellTxId":"f75b6b390146a26a908f1f4a3196a85c89377514"}
{"index": {"_index":"pob","_id":"4014279"}}
	{"id":4014279,"type":"sell","buyer":"onlydoge","seller":"splinter100dedos","symbol":"POB","quantity":"22.75182078","price":"0.01310000","timestamp":1659059355,"volume":"0.29804885","buyTxId":"c6f4157e79eb2ec07a117efcc9234919f61bfad5","sellTxId":"c33b35230ea976b8e4ca4529cdab1c1ad617173a"}
{"index": {"_index":"pob","_id":"4014307"}}
	{"id":4014307,"type":"sell","buyer":"onlydoge","seller":"god0","symbol":"POB","quantity":"0.06739365","price":"0.01310000","timestamp":1659059505,"volume":"0.00088286","buyTxId":"c6f4157e79eb2ec07a117efcc9234919f61bfad5","sellTxId":"006ffcf7bc8b392de305c7a5ff5cecf9f1eb7554-1"}
{"index": {"_index":"pob","_id":"4014540"}}
	{"id":4014540,"type":"sell","buyer":"onlydoge","seller":"steem82868","symbol":"POB","quantity":"3.13805695","price":"0.01310000","timestamp":1659061470,"volume":"0.04110855","buyTxId":"c6f4157e79eb2ec07a117efcc9234919f61bfad5","sellTxId":"7163743556e3dc54c51a02c5c2bb5bc4efa3df75"}
{"index": {"_index":"pob","_id":"4014588"}}
	{"id":4014588,"type":"sell","buyer":"onlydoge","seller":"god0","symbol":"POB","quantity":"64.41528791","price":"0.01310000","timestamp":1659062280,"volume":"0.84384027","buyTxId":"c6f4157e79eb2ec07a117efcc9234919f61bfad5","sellTxId":"59639fb21623a1a3bb8a78643fce01c64d1efea9-1"}
{"index": {"_index":"pob","_id":"4014627"}}
	{"id":4014627,"type":"sell","buyer":"onlydoge","seller":"haseeb-asif-khan","symbol":"POB","quantity":"4.07147012","price":"0.01310000","timestamp":1659062853,"volume":"0.05333626","buyTxId":"c6f4157e79eb2ec07a117efcc9234919f61bfad5","sellTxId":"64969f0b280673f6d44a5b3ea3c110791d30b09c"}
