{"id":5582257,"type":"sell","buyer":"god0","seller":"barski","symbol":"POB","quantity":"1.74511238","price":"0.02073020","timestamp":1677566262,"volume":"0.03617653","buyTxId":"ec3b3bbe5a796451773405908e5c1cf8c7e6f0bb-0","sellTxId":"7514042ca53d28f3615ef73af02eddf071588f84"
{"id":5582258,"type":"buy","buyer":"god0","seller":"barski","symbol":"POB","quantity":"1.10581400","price":"0.02073020","timestamp":1677566262,"volume":"0.02292375","buyTxId":"0bd2d4387765cbfebfae9a4941b8a254f60c58d5-0","sellTxId":"7514042ca53d28f3615ef73af02eddf071588f84"
{"id":5582294,"type":"sell","buyer":"god0","seller":"beemd","symbol":"POB","quantity":"1.74511238","price":"0.02073030","timestamp":1677566721,"volume":"0.03617670","buyTxId":"0bd2d4387765cbfebfae9a4941b8a254f60c58d5-0","sellTxId":"5587dc94720773f384eee997af36be5a4a7a9f7f"
{"id":5582298,"type":"sell","buyer":"richardcrill","seller":"beemd","symbol":"POB","quantity":"28.93917709","price":"0.02073005","timestamp":1677566736,"volume":"0.59991059","buyTxId":"MM-P-25695652-72693863-3-12-0","sellTxId":"588627cd285031e55dba268a518ad5b3ba552867"
{"id":5582336,"type":"sell","buyer":"richardcrill","seller":"phoenixwren","symbol":"POB","quantity":"2.71089608","price":"0.02083015","timestamp":1677567627,"volume":"0.05646837","buyTxId":"MM-P-25699048-72697259-3-12-0","sellTxId":"e3f9dc3719e7b9644c8c5273ade380375bbf94bb"
{"id":5582410,"type":"sell","buyer":"god0","seller":"ricestrela","symbol":"POB","quantity":"2.59891897","price":"0.02083024","timestamp":1677568605,"volume":"0.05413611","buyTxId":"cd2c9f24dd9f9acd3007539fe5dd9c9ff87b8b67-0","sellTxId":"8c0678bb896fa9c420331d908b16dcb099e7dbca"
{"id":5582576,"type":"sell","buyer":"god0","seller":"misshugo","symbol":"POB","quantity":"2.59891897","price":"0.02083034","timestamp":1677571158,"volume":"0.05413637","buyTxId":"f72c312ddfccc323af43a859f4cf511d488d68bb-0","sellTxId":"37e096a9262bdb4f0e4196070b030c762d99a0d1"
{"id":5582577,"type":"sell","buyer":"god0","seller":"misshugo","symbol":"POB","quantity":"2.59891897","price":"0.02083034","timestamp":1677571158,"volume":"0.05413637","buyTxId":"e0ddc6409661040f72e78046082614cd9e6b536f-0","sellTxId":"37e096a9262bdb4f0e4196070b030c762d99a0d1"
{"id":5582578,"type":"buy","buyer":"god0","seller":"misshugo","symbol":"POB","quantity":"0.30942305","price":"0.02083034","timestamp":1677571158,"volume":"0.00644539","buyTxId":"ba3eda50496475839013b922e74445ecc19a6c7b-0","sellTxId":"37e096a9262bdb4f0e4196070b030c762d99a0d1"
{"id":5582598,"type":"sell","buyer":"god0","seller":"zakludick","symbol":"POB","quantity":"2.56897636","price":"0.02083044","timestamp":1677571374,"volume":"0.05351291","buyTxId":"ba3eda50496475839013b922e74445ecc19a6c7b-0","sellTxId":"ecd81d47b0f03308e4bf6adec93c139733212f01"
{"id":5582725,"type":"sell","buyer":"god0","seller":"hankanon","symbol":"POB","quantity":"12.52385397","price":"0.02083057","timestamp":1677573642,"volume":"0.26087902","buyTxId":"56906ca764a428c0837797415c868c1782d6645e-0","sellTxId":"5e590752d34cc0b42f0c970a761fa15444bd3907"
{"id":5582836,"type":"sell","buyer":"richardcrill","seller":"kingsleymark","symbol":"POB","quantity":"1.81600000","price":"0.02093057","timestamp":1677575478,"volume":"0.03800992","buyTxId":"MM-P-25701545-72699757-3-12-0","sellTxId":"6a71ea1bd18c5c820235ad0b8cdebae9eea60a3e"
{"id":5582864,"type":"sell","buyer":"richardcrill","seller":"victor54","symbol":"POB","quantity":"0.67000000","price":"0.02093057","timestamp":1677576075,"volume":"0.01402348","buyTxId":"MM-P-25701545-72699757-3-12-0","sellTxId":"3432a4ff071eb5d962d8bff92995d99ad1ff9d48"
{"id":5583028,"type":"sell","buyer":"richardcrill","seller":"dswap","symbol":"POB","quantity":"60","price":"0.02093057","timestamp":1677578865,"volume":"1.25583420","buyTxId":"MM-P-25701545-72699757-3-12-0","sellTxId":"665d3c8eae5465d1453ddf37ba093f6d4d64ef8e"
{"id":5583037,"type":"buy","buyer":"richardcrill","seller":"pedrobrito2004","symbol":"POB","quantity":"0.05112030","price":"0.02100000","timestamp":1677579036,"volume":"0.00107353","buyTxId":"MM-P-25703143-72701356-3-12-0","sellTxId":"eed3288fc981cd3197a1033d94782399d48d2a1a"
{"id":5583044,"type":"sell","buyer":"richardcrill","seller":"atyh","symbol":"POB","quantity":"20.36309850","price":"0.02103067","timestamp":1677579291,"volume":"0.42824960","buyTxId":"MM-P-25703143-72701356-3-12-0","sellTxId":"5da9d868ca46733ac46d4e76e2a0204737e8e2f6"
{"id":5583126,"type":"buy","buyer":"airhawk-exchange","seller":"hansvonkatte","symbol":"POB","quantity":"32.25209988","price":"0.02149999","timestamp":1677581556,"volume":"0.69341982","buyTxId":"381cca93af96a537d3f91e0fac93e9ca28d1bf4f","sellTxId":"e44cecbb0868124e96468e29ea28a519c38f484e"
{"id":5583127,"type":"buy","buyer":"airhawk-exchange","seller":"bozz","symbol":"POB","quantity":"467.74790012","price":"0.02150000","timestamp":1677581556,"volume":"10.05657985","buyTxId":"381cca93af96a537d3f91e0fac93e9ca28d1bf4f","sellTxId":"44b068b40370b6e2b9bb7b8a890b52b12fbb826e"
{"id":5583144,"type":"sell","buyer":"richardcrill","seller":"globetrottergcc","symbol":"POB","quantity":"3.06637400","price":"0.02113077","timestamp":1677581979,"volume":"0.06479484","buyTxId":"MM-P-25703243-72701456-3-12-0","sellTxId":"f349f5c26746eac0bd74ecd263b72c8c2dd81b58"
{"id":5583191,"type":"sell","buyer":"richardcrill","seller":"ieronimus","symbol":"POB","quantity":"8.64682484","price":"0.02113077","timestamp":1677582660,"volume":"0.18271407","buyTxId":"MM-P-25703243-72701456-3-12-0","sellTxId":"d3cdc93667b0403c9b95ee11fce91df2824fb693"
{"id":5583206,"type":"sell","buyer":"god0","seller":"drax","symbol":"POB","quantity":"8.64682484","price":"0.02113087","timestamp":1677582897,"volume":"0.18271493","buyTxId":"fcc7caa38d56a1855859b26f60de34258553073d-0","sellTxId":"4fd1e0e175e2258f243e454567446656c60ac3aa"
{"id":5583207,"type":"sell","buyer":"god0","seller":"drax","symbol":"POB","quantity":"8.64682484","price":"0.02113087","timestamp":1677582897,"volume":"0.18271493","buyTxId":"9ab8698c7a869fa1048cbe765dabc80e519c46b5-0","sellTxId":"4fd1e0e175e2258f243e454567446656c60ac3aa"
{"id":5583208,"type":"sell","buyer":"richardcrill","seller":"drax","symbol":"POB","quantity":"7.70635032","price":"0.02113077","timestamp":1677582897,"volume":"0.16284112","buyTxId":"MM-P-25703243-72701456-3-12-0","sellTxId":"4fd1e0e175e2258f243e454567446656c60ac3aa"
{"id":5583283,"type":"sell","buyer":"richardcrill","seller":"thecuriousfool","symbol":"POB","quantity":"0.84936859","price":"0.02123097","timestamp":1677583623,"volume":"0.01803292","buyTxId":"MM-P-25704440-72702654-3-12-0","sellTxId":"e549a663da504adf0c20e6ebb3a7b5c5171c9db7"
{"id":5583303,"type":"sell","buyer":"richardcrill","seller":"ugochill","symbol":"POB","quantity":"0.97103168","price":"0.02123097","timestamp":1677584250,"volume":"0.02061594","buyTxId":"MM-P-25704440-72702654-3-12-0","sellTxId":"7c1674cc44d6aa0d3cd66fec597b10f8c8124cf5"
{"id":5583347,"type":"sell","buyer":"richardcrill","seller":"truth2","symbol":"POB","quantity":"0.97880746","price":"0.02123097","timestamp":1677584880,"volume":"0.02078103","buyTxId":"MM-P-25704440-72702654-3-12-0","sellTxId":"d4bdfd61362dddbb2b99d05d8ef810884d2e3f4c"
{"id":5583463,"type":"sell","buyer":"richardcrill","seller":"victor-alexander","symbol":"POB","quantity":"3.42198745","price":"0.02123097","timestamp":1677587490,"volume":"0.07265211","buyTxId":"MM-P-25704440-72702654-3-12-0","sellTxId":"9f6b8b356da1fbb91939c38747291bcce609417c"
{"id":5583630,"type":"sell","buyer":"richardcrill","seller":"uyobong","symbol":"POB","quantity":"100.35519246","price":"0.02063005","timestamp":1677590208,"volume":"2.07033264","buyTxId":"MM-P-25706138-72704353-3-12-0","sellTxId":"edd204eb800e9fc3cc7c04a1456e081f30ef3d2d"
{"id":5583717,"type":"buy","buyer":"palomap3","seller":"bozz","symbol":"POB","quantity":"139.53488372","price":"0.02150000","timestamp":1677591555,"volume":"3","buyTxId":"c3e15dc43aaa98cf8e38796ce68294b12bcaa42d","sellTxId":"44b068b40370b6e2b9bb7b8a890b52b12fbb826e"
{"id":5583742,"type":"sell","buyer":"richardcrill","seller":"phortun","symbol":"POB","quantity":"11.11202166","price":"0.02063005","timestamp":1677591741,"volume":"0.22924156","buyTxId":"MM-P-25706138-72704353-3-12-0","sellTxId":"c8095b19dcf0f340b9a726d82337861ca3c43830"
{"id":5583958,"type":"sell","buyer":"god0","seller":"alexvan","symbol":"POB","quantity":"27.81131409","price":"0.02073024","timestamp":1677594135,"volume":"0.57653522","buyTxId":"427d4f688421b7580dd621ebe71f42dea11ff2d0-0","sellTxId":"1d96264b7e92bd2d353812d158a3cf113f19827b"
{"id":5584367,"type":"sell","buyer":"richardcrill","seller":"splinter100dedos","symbol":"POB","quantity":"6.09894397","price":"0.02083024","timestamp":1677597753,"volume":"0.12704247","buyTxId":"MM-P-25708235-72706450-3-12-0","sellTxId":"19d71c4bce81ff69d219779ff197876fa469cfab"
{"id":5584378,"type":"sell","buyer":"god0","seller":"mariakekin","symbol":"POB","quantity":"4.94597809","price":"0.02083034","timestamp":1677597834,"volume":"0.10302641","buyTxId":"cd7c872705891f53442e264fbfbdc7ebba939ce6-0","sellTxId":"12b52e7efb9d44bdc67cb3d59eadd0af141e43ba"
{"id":5584536,"type":"sell","buyer":"god0","seller":"blackibutterfly","symbol":"POB","quantity":"1.26420494","price":"0.02083044","timestamp":1677599391,"volume":"0.02633395","buyTxId":"8d46bf3bd05e723e6166a702e2665f30d77bdf27","sellTxId":"9b839896ff5674c55a8857f730b7b27b04b7dc7e"
{"id":5584789,"type":"sell","buyer":"god0","seller":"mypathtofire","symbol":"POB","quantity":"3.68177314","price":"0.02083044","timestamp":1677600672,"volume":"0.07669295","buyTxId":"8d46bf3bd05e723e6166a702e2665f30d77bdf27","sellTxId":"2b86513ddbabe12f42ee40a3c93ab2a9915995ce"
{"id":5584790,"type":"sell","buyer":"god0","seller":"mypathtofire","symbol":"POB","quantity":"4.94597808","price":"0.02083044","timestamp":1677600672,"volume":"0.10302690","buyTxId":"a43fc786cc3e782e9f8329926a289435cdf8bb57","sellTxId":"2b86513ddbabe12f42ee40a3c93ab2a9915995ce"
{"id":5584791,"type":"buy","buyer":"god0","seller":"mypathtofire","symbol":"POB","quantity":"55.95979167","price":"0.02083043","timestamp":1677600672,"volume":"1.16566652","buyTxId":"5eba75d90051ff3f87d9bfce3729e5da51d74dbb-0","sellTxId":"2b86513ddbabe12f42ee40a3c93ab2a9915995ce"
{"id":5584792,"type":"buy","buyer":"god0","seller":"mypathtofire","symbol":"POB","quantity":"21.32121370","price":"0.02083043","timestamp":1677600672,"volume":"0.44413005","buyTxId":"b28e6c70efe323a8b6d7fe68f090bf0a4f65c1ea-0","sellTxId":"2b86513ddbabe12f42ee40a3c93ab2a9915995ce"
{"id":5585453,"type":"sell","buyer":"richardcrill","seller":"denmarkguy","symbol":"POB","quantity":"2.16079114","price":"0.02093053","timestamp":1677607329,"volume":"0.04522650","buyTxId":"MM-P-25710631-72708847-3-12-0","sellTxId":"449ffd561aaad10c2daf988427f06e71f382bcb1"
{"id":5585496,"type":"sell","buyer":"richardcrill","seller":"whitelightxpress","symbol":"POB","quantity":"0.62129011","price":"0.02093053","timestamp":1677608022,"volume":"0.01300393","buyTxId":"MM-P-25710631-72708847-3-12-0","sellTxId":"c5b5bffcfeac3a0127c23ebe9bdb06acdc89620b"
{"id":5585510,"type":"sell","buyer":"all.coin.hive","seller":"curatorcat.pal","symbol":"POB","quantity":"0.85064664","price":"0.02053005","timestamp":1677608427,"volume":"0.01746382","buyTxId":"8ec8cb5bc977c6ffdccac6d8769c418d6c955e74-1","sellTxId":"c8fd316dcc470583ba6e949beb6f6db359f44fc8"
{"id":5585525,"type":"sell","buyer":"richardcrill","seller":"ugochill","symbol":"POB","quantity":"0.16793856","price":"0.02063005","timestamp":1677608610,"volume":"0.00346458","buyTxId":"MM-P-25712927-72711143-3-12-0","sellTxId":"cf934529c32e4ea38acfad8faa711e06c874204f"
{"id":5585531,"type":"sell","buyer":"richardcrill","seller":"curatorcat.leo","symbol":"POB","quantity":"2.25000000","price":"0.02063005","timestamp":1677608700,"volume":"0.04641761","buyTxId":"MM-P-25712927-72711143-3-12-0","sellTxId":"f2c5594038960d0b01c73ff2d0897b4956936611"
{"id":5585718,"type":"sell","buyer":"richardcrill","seller":"labyrinths","symbol":"POB","quantity":"0.07108899","price":"0.02063005","timestamp":1677609093,"volume":"0.00146657","buyTxId":"MM-P-25712927-72711143-3-12-0","sellTxId":"52415e405da3112dc56df157952a832be63dca92"
{"id":5586156,"type":"buy","buyer":"ugochill","seller":"bozz","symbol":"POB","quantity":"5.00000000","price":"0.02150000","timestamp":1677613920,"volume":"0.10750000","buyTxId":"1174f602885ef86d34d54b2c02c6fef81790f718","sellTxId":"44b068b40370b6e2b9bb7b8a890b52b12fbb826e"
{"id":5586331,"type":"sell","buyer":"richardcrill","seller":"steemadi","symbol":"POB","quantity":"0.86052779","price":"0.02063005","timestamp":1677616527,"volume":"0.01775273","buyTxId":"MM-P-25712927-72711143-3-12-0","sellTxId":"cec7d50370312b8135be708bb93abcd2b48a1384"
{"id":5586347,"type":"sell","buyer":"richardcrill","seller":"misshugo","symbol":"POB","quantity":"0.28435508","price":"0.02063005","timestamp":1677616869,"volume":"0.00586626","buyTxId":"MM-P-25712927-72711143-3-12-0","sellTxId":"4096028c6d61705edc766f8f6e0aaa4ac22ada8c"
{"id":5586598,"type":"sell","buyer":"richardcrill","seller":"dswap","symbol":"POB","quantity":"6.34640129","price":"0.02063005","timestamp":1677619323,"volume":"0.13092658","buyTxId":"MM-P-25712927-72711143-3-12-0","sellTxId":"17700679ad85268a99b812d50dbb0be5320eb240"
{"id":5586660,"type":"sell","buyer":"god0","seller":"cryptoandcoffee","symbol":"POB","quantity":"6.00000000","price":"0.02063015","timestamp":1677619884,"volume":"0.12378090","buyTxId":"03f316b89251b44e1c8111c3e1cf7b61ee47f692","sellTxId":"11d73b9852e4027442aaaa212861082d94bf858d"
{"id":5586672,"type":"sell","buyer":"god0","seller":"kevinnag58","symbol":"POB","quantity":"4.2726253","price":"0.02063025","timestamp":1677620034,"volume":"0.08814533","buyTxId":"6d0b873bf34473acbf7ca8e6757fdcacaa921199-0","sellTxId":"1d4327b148c82c4d3e73ffcbae44d4a53da2327d"
{"id":5586703,"type":"sell","buyer":"god0","seller":"dragokazo","symbol":"POB","quantity":"0.27051343","price":"0.02063035","timestamp":1677620271,"volume":"0.00558079","buyTxId":"680a14327170381bb092e998095f17989371de44","sellTxId":"f0acfce5963b10c719cfa2867c0383258c9b3582"
{"id":5586817,"type":"sell","buyer":"god0","seller":"spinvest-leo","symbol":"POB","quantity":"4.00211186","price":"0.02063035","timestamp":1677621051,"volume":"0.08256497","buyTxId":"680a14327170381bb092e998095f17989371de44","sellTxId":"2a15dc6458eb4c044547e8070636f2e35e352048"
{"id":5586818,"type":"sell","buyer":"god0","seller":"spinvest-leo","symbol":"POB","quantity":"4.27262529","price":"0.02063035","timestamp":1677621051,"volume":"0.08814576","buyTxId":"e2fcf330f83c0747ca21c814eae91858651ada54","sellTxId":"2a15dc6458eb4c044547e8070636f2e35e352048"
{"id":5586819,"type":"sell","buyer":"god0","seller":"spinvest-leo","symbol":"POB","quantity":"1.72737470","price":"0.02063025","timestamp":1677621051,"volume":"0.03563617","buyTxId":"6d0b873bf34473acbf7ca8e6757fdcacaa921199-0","sellTxId":"2a15dc6458eb4c044547e8070636f2e35e352048"
{"id":5586820,"type":"sell","buyer":"god0","seller":"spinvest-leo","symbol":"POB","quantity":"6.00000000","price":"0.02063025","timestamp":1677621051,"volume":"0.12378150","buyTxId":"f54f3a5a31fc5d013abf2925b62c27d1d70bb844-0","sellTxId":"2a15dc6458eb4c044547e8070636f2e35e352048"
{"id":5586821,"type":"sell","buyer":"richardcrill","seller":"spinvest-leo","symbol":"POB","quantity":"24.13035086","price":"0.02063005","timestamp":1677621051,"volume":"0.49781034","buyTxId":"MM-P-25712927-72711143-3-12-0","sellTxId":"2a15dc6458eb4c044547e8070636f2e35e352048"
{"id":5586903,"type":"sell","buyer":"richardcrill","seller":"qumao","symbol":"POB","quantity":"0.86598738","price":"0.02073045","timestamp":1677621843,"volume":"0.01795231","buyTxId":"MM-P-25717223-72715439-3-12-0","sellTxId":"198ec1ac26945d64210b697bdf8a0422edeba3bc"
{"id":5587396,"type":"sell","buyer":"richardcrill","seller":"jesustiano","symbol":"POB","quantity":"35.51041851","price":"0.02073010","timestamp":1677628164,"volume":"0.73613453","buyTxId":"MM-P-25717723-72715939-3-12-0","sellTxId":"b11c570cd5cc469e1959d8f62c6f34b23b6651e6"
{"id":5587397,"type":"buy","buyer":"god0","seller":"hivecluster","symbol":"POB","quantity":"0.15977143","price":"0.02073011","timestamp":1677628164,"volume":"0.00331208","buyTxId":"5d45743db337eecf3c3121bf28dbe327cc402120-0","sellTxId":"3cba224e4e89f741383c11290d751bb5921fa139"
{"id":5587437,"type":"sell","buyer":"richardcrill","seller":"davot","symbol":"POB","quantity":"41.20689292","price":"0.02083020","timestamp":1677628698,"volume":"0.85834782","buyTxId":"MM-P-25719522-72717738-3-12-0","sellTxId":"dc111ce90ae0f08c0b22365015fcec5bfbf14c09"
{"id":5587719,"type":"sell","buyer":"castri-ja","seller":"dhedge-drips","symbol":"POB","quantity":"0.34267349","price":"0.02103060","timestamp":1677631554,"volume":"0.00720663","buyTxId":"210a88e1a8905f828515041a1229662a67e6c6d8","sellTxId":"d68a31dbe38e96b9a2f2c8f3a4a38a8e178e6956"
{"id":5587972,"type":"sell","buyer":"castri-ja","seller":"teatree","symbol":"POB","quantity":"0.17024237","price":"0.02103060","timestamp":1677634707,"volume":"0.00358030","buyTxId":"210a88e1a8905f828515041a1229662a67e6c6d8","sellTxId":"20f7441192e02c3021d49585b03b14471d688d7e"
{"id":5588056,"type":"sell","buyer":"richardcrill","seller":"opidia","symbol":"POB","quantity":"170.36903800","price":"0.02113060","timestamp":1677635535,"volume":"3.59999999","buyTxId":"MM-P-25721919-72720135-3-12-0","sellTxId":"5255293fdde1bfbb7a6872f56469f1ebf4211674"
{"id":5588057,"type":"sell","buyer":"richardcrill","seller":"opidia","symbol":"POB","quantity":"0.00000027","price":"0.02113060","timestamp":1677635565,"volume":"0.00000001","buyTxId":"MM-P-25721919-72720135-3-12-0","sellTxId":"cee74fb2df75abfb76ff0d3b7e8ea119104c95c7"
{"id":5588058,"type":"sell","buyer":"castri-ja","seller":"opidia","symbol":"POB","quantity":"2.28815305","price":"0.02103060","timestamp":1677635565,"volume":"0.04812123","buyTxId":"210a88e1a8905f828515041a1229662a67e6c6d8","sellTxId":"cee74fb2df75abfb76ff0d3b7e8ea119104c95c7"
{"id":5588059,"type":"sell","buyer":"pob.curator","seller":"opidia","symbol":"POB","quantity":"1.09702254","price":"0.02093060","timestamp":1677635565,"volume":"0.02296134","buyTxId":"adc12e41bc58ad6f6c1a13f7d8d6696efc119c56","sellTxId":"cee74fb2df75abfb76ff0d3b7e8ea119104c95c7"
{"id":5588060,"type":"sell","buyer":"pob.curator","seller":"opidia","symbol":"POB","quantity":"21.94193573","price":"0.02093060","timestamp":1677635565,"volume":"0.45925788","buyTxId":"0d727546dfbed2eebb2cd8cc27a4d68ba46cb233","sellTxId":"cee74fb2df75abfb76ff0d3b7e8ea119104c95c7"
{"id":5588061,"type":"sell","buyer":"all.coin.hive","seller":"opidia","symbol":"POB","quantity":"139.36828072","price":"0.02063010","timestamp":1677635565,"volume":"2.87518157","buyTxId":"0f2829f486c09d7695ca0941efec1b00760aca65-1","sellTxId":"cee74fb2df75abfb76ff0d3b7e8ea119104c95c7"
{"id":5588223,"type":"sell","buyer":"richardcrill","seller":"ironshield","symbol":"POB","quantity":"5.83768733","price":"0.02073020","timestamp":1677636945,"volume":"0.12101643","buyTxId":"MM-P-25722019-72720235-3-12-0","sellTxId":"2cece6ffd78bca0dbdc59668220c91e4a19efab5"
{"id":5588241,"type":"sell","buyer":"god0","seller":"hiveclick","symbol":"POB","quantity":"4.35920312","price":"0.02073030","timestamp":1677637263,"volume":"0.09036759","buyTxId":"665c21a67a09a7473d219cb8d6c16e3676d3b7f4-0","sellTxId":"5236d80dc3051aa28baf5d28dfca8ca0295668df"
{"id":5588278,"type":"sell","buyer":"god0","seller":"ironshield","symbol":"POB","quantity":"1.96649615","price":"0.02073040","timestamp":1677637677,"volume":"0.04076625","buyTxId":"1637668b4542cc449dd53618e1d410f53d7f81b7-0","sellTxId":"9bd415d5e4a5bc1598781fc6095f7d1bb2a7992c"
{"id":5588300,"type":"sell","buyer":"god0","seller":"b0s","symbol":"POB","quantity":"2.39270697","price":"0.02073040","timestamp":1677638082,"volume":"0.04960177","buyTxId":"1637668b4542cc449dd53618e1d410f53d7f81b7-0","sellTxId":"a757c9e4cdf08c6420be4085402f4da2573e1912"
{"id":5588301,"type":"sell","buyer":"god0","seller":"b0s","symbol":"POB","quantity":"4.35920312","price":"0.02073040","timestamp":1677638082,"volume":"0.09036802","buyTxId":"9be4e75be660c58969cfb6875d45719c33f00cd7-0","sellTxId":"a757c9e4cdf08c6420be4085402f4da2573e1912"
{"id":5588302,"type":"sell","buyer":"god0","seller":"b0s","symbol":"POB","quantity":"1.47848421","price":"0.02073030","timestamp":1677638082,"volume":"0.03064942","buyTxId":"665c21a67a09a7473d219cb8d6c16e3676d3b7f4-0","sellTxId":"a757c9e4cdf08c6420be4085402f4da2573e1912"
{"id":5588303,"type":"sell","buyer":"richardcrill","seller":"b0s","symbol":"POB","quantity":"173.66052262","price":"0.02073010","timestamp":1677638082,"volume":"3.60000000","buyTxId":"MM-P-25722619-72720835-3-12-0","sellTxId":"a757c9e4cdf08c6420be4085402f4da2573e1912"
{"id":5588304,"type":"sell","buyer":"all.coin.hive","seller":"b0s","symbol":"POB","quantity":"211.77736860","price":"0.02063010","timestamp":1677638082,"volume":"4.36898829","buyTxId":"0f2829f486c09d7695ca0941efec1b00760aca65-1","sellTxId":"a757c9e4cdf08c6420be4085402f4da2573e1912"
{"id":5588494,"type":"sell","buyer":"richardcrill","seller":"lipe100dedos","symbol":"POB","quantity":"17.85118120","price":"0.02073020","timestamp":1677641283,"volume":"0.37005856","buyTxId":"MM-P-25722819-72721035-3-12-0","sellTxId":"7e12ebadc0975c15cc08015e7f435d9733e00a8a"
{"id":5588535,"type":"sell","buyer":"richardcrill","seller":"knowledge.clime","symbol":"POB","quantity":"3.02250513","price":"0.02083030","timestamp":1677642348,"volume":"0.06295969","buyTxId":"MM-P-25723917-72722133-3-12-0","sellTxId":"e4973b76dcafb00cd8c7cc145cf60eeff6e8ae06"
{"id":5588608,"type":"buy","buyer":"mcbot","seller":"all.coin.hive","symbol":"POB","quantity":"234.46566154","price":"0.02149995","timestamp":1677643491,"volume":"5.0410","buyTxId":"034ea3d6735d5893e9b0d236e5dce43665e650aa","sellTxId":"4afa3d44bf728d39ac7fd90b16ea977c47b2011e-1"
{"id":5588640,"type":"sell","buyer":"god0","seller":"wolfy","symbol":"POB","quantity":"0.57399256","price":"0.02083040","timestamp":1677643965,"volume":"0.01195649","buyTxId":"bce077ca3d748e788b023a123b6ae78c6c356e24-0","sellTxId":"db4fb3d031c88630a5bfeca31b3e423d796a11b4"
{"id":5588649,"type":"sell","buyer":"god0","seller":"alfarero","symbol":"POB","quantity":"0.00526149","price":"0.02083040","timestamp":1677644058,"volume":"0.00010960","buyTxId":"bce077ca3d748e788b023a123b6ae78c6c356e24-0","sellTxId":"79ca5ed43c7cf6680ff3c5df6a2a3988194a50f6"
{"id":5588735,"type":"sell","buyer":"god0","seller":"dswap","symbol":"POB","quantity":"0.53919015","price":"0.02083040","timestamp":1677645162,"volume":"0.01123155","buyTxId":"bce077ca3d748e788b023a123b6ae78c6c356e24-0","sellTxId":"058819fde26bfba68f857ade9779eda70a2380c6"
{"id":5588746,"type":"sell","buyer":"god0","seller":"metzli","symbol":"POB","quantity":"0.96844086","price":"0.02083040","timestamp":1677645279,"volume":"0.02017301","buyTxId":"bce077ca3d748e788b023a123b6ae78c6c356e24-0","sellTxId":"5cde307c4d59f375fa9aa9dca9f3af8c3f42fcc2"
{"id":5588923,"type":"sell","buyer":"richardcrill","seller":"busted1","symbol":"POB","quantity":"1.34964267","price":"0.02095005","timestamp":1677648168,"volume":"0.02827508","buyTxId":"MM-P-25725910-72724127-3-12-0","sellTxId":"f759cf7ecbf0289300b47b4761464cf3efc756ec"
{"id":5589094,"type":"sell","buyer":"richardcrill","seller":"mein-senf-dazu","symbol":"POB","quantity":"7.34235719","price":"0.02095005","timestamp":1677650145,"volume":"0.15382275","buyTxId":"MM-P-25725910-72724127-3-12-0","sellTxId":"d1ea81afc4b1a8a4afb081b0318c48c792719288-21"