{"index": {"_index":"pob","_id":"1440799"}}
	{"id":1440799,"type":"sell","buyer":"razackpulo.sport","seller":"melbourneswest","symbol":"POB","quantity":"4.00525377","price":"0.41000000","timestamp":1630208253,"volume":"1.64215405","buyTxId":"d45538886911947ce8facdf34fe0aa48b011cc6d","sellTxId":"b2ee2e4c6882fdf57ecf6b0db31850a409905a73"}
{"index": {"_index":"pob","_id":"1440837"}}
	{"id":1440837,"type":"sell","buyer":"razackpulo.sport","seller":"nahupuku","symbol":"POB","quantity":"0.81435800","price":"0.41000000","timestamp":1630209207,"volume":"0.33388678","buyTxId":"d45538886911947ce8facdf34fe0aa48b011cc6d","sellTxId":"8ee44398074c397da980ba52e989864b0da3a60a"}
{"index": {"_index":"pob","_id":"1440853"}}
	{"id":1440853,"type":"sell","buyer":"razackpulo.sport","seller":"hirohurl","symbol":"POB","quantity":"0.76112098","price":"0.41000000","timestamp":1630209711,"volume":"0.31205960","buyTxId":"d45538886911947ce8facdf34fe0aa48b011cc6d","sellTxId":"8f0aeff5112bb19051e89c855dbeaca89d967b38"}
{"index": {"_index":"pob","_id":"1440881"}}
	{"id":1440881,"type":"sell","buyer":"razackpulo.sport","seller":"phycosimo","symbol":"POB","quantity":"0.20193971","price":"0.41000000","timestamp":1630210668,"volume":"0.08279528","buyTxId":"d45538886911947ce8facdf34fe0aa48b011cc6d","sellTxId":"be9eaa066051a73df941a0599ce4d6e3727f4de2"}
{"index": {"_index":"pob","_id":"1440885"}}
	{"id":1440885,"type":"sell","buyer":"razackpulo.sport","seller":"lebah","symbol":"POB","quantity":"0.96000000","price":"0.41000000","timestamp":1630210791,"volume":"0.39360000","buyTxId":"d45538886911947ce8facdf34fe0aa48b011cc6d","sellTxId":"f25de3e765968318767391de093fdd2e2086e130"}
{"index": {"_index":"pob","_id":"1440964"}}
	{"id":1440964,"type":"sell","buyer":"razackpulo.sport","seller":"shadowmask","symbol":"POB","quantity":"21.49705187","price":"0.41000000","timestamp":1630212138,"volume":"8.81379127","buyTxId":"d45538886911947ce8facdf34fe0aa48b011cc6d","sellTxId":"3fa1e0d0cc401d5a15f6ecc577c203c6d39e5990"}
{"index": {"_index":"pob","_id":"1441016"}}
	{"id":1441016,"type":"sell","buyer":"razackpulo.sport","seller":"masshole","symbol":"POB","quantity":"3.01359524","price":"0.41000000","timestamp":1630212663,"volume":"1.23557404","buyTxId":"d45538886911947ce8facdf34fe0aa48b011cc6d","sellTxId":"532fde5c84a62860c29542fc85fb909be0dfaa69"}
{"index": {"_index":"pob","_id":"1441017"}}
	{"id":1441017,"type":"sell","buyer":"richardcrill","seller":"masshole","symbol":"POB","quantity":"82.47731874","price":"0.40011000","timestamp":1630212663,"volume":"33.00000000","buyTxId":"MM-P-9963695-56947312-3-11-0","sellTxId":"532fde5c84a62860c29542fc85fb909be0dfaa69"}
{"index": {"_index":"pob","_id":"1441018"}}
	{"id":1441018,"type":"sell","buyer":"eirik","seller":"masshole","symbol":"POB","quantity":"2.91219225","price":"0.40010000","timestamp":1630212663,"volume":"1.16516812","buyTxId":"ca36190b582d768771648e21b370f874b45bb962","sellTxId":"532fde5c84a62860c29542fc85fb909be0dfaa69"}
{"index": {"_index":"pob","_id":"1441133"}}
	{"id":1441133,"type":"sell","buyer":"richardcrill","seller":"boddhisattva","symbol":"POB","quantity":"82.47731874","price":"0.40011000","timestamp":1630216161,"volume":"33.00000000","buyTxId":"MM-P-9963795-56947412-3-11-0","sellTxId":"5bffe9749c2a600b1cd9527e181f04259fca5569"}
{"index": {"_index":"pob","_id":"1441134"}}
	{"id":1441134,"type":"sell","buyer":"eirik","seller":"boddhisattva","symbol":"POB","quantity":"2.08780775","price":"0.40010000","timestamp":1630216161,"volume":"0.83533188","buyTxId":"ca36190b582d768771648e21b370f874b45bb962","sellTxId":"5bffe9749c2a600b1cd9527e181f04259fca5569"}
{"index": {"_index":"pob","_id":"1441135"}}
	{"id":1441135,"type":"sell","buyer":"gimme-your-coinz","seller":"boddhisattva","symbol":"POB","quantity":"29.58424387","price":"0.40001000","timestamp":1630216161,"volume":"11.83399339","buyTxId":"4ddca78b7de71582d2b61c7b8f2c8435718e7c47","sellTxId":"5bffe9749c2a600b1cd9527e181f04259fca5569"}
{"index": {"_index":"pob","_id":"1441279"}}
	{"id":1441279,"type":"sell","buyer":"richardcrill","seller":"fieryfootprints","symbol":"POB","quantity":"0.21802233","price":"0.40011000","timestamp":1630219386,"volume":"0.08723291","buyTxId":"MM-P-9964891-56948510-3-11-0","sellTxId":"cd382240bd8116692a14680b770c89b46d0f16a7"}
{"index": {"_index":"pob","_id":"1441281"}}
	{"id":1441281,"type":"sell","buyer":"richardcrill","seller":"cwow2","symbol":"POB","quantity":"23.50820412","price":"0.40011000","timestamp":1630219467,"volume":"9.40586755","buyTxId":"MM-P-9964891-56948510-3-11-0","sellTxId":"565ab068ecd612b0d7efc0ebc5c2e23a736a9a8d"}
{"index": {"_index":"pob","_id":"1441288"}}
	{"id":1441288,"type":"sell","buyer":"richardcrill","seller":"nrg","symbol":"POB","quantity":"23.75611079","price":"0.40011000","timestamp":1630219527,"volume":"9.50505749","buyTxId":"MM-P-9964891-56948510-3-11-0","sellTxId":"02e02de872a0090738c03cbb1002b718162dc2fd"}
{"index": {"_index":"pob","_id":"1441340"}}
	{"id":1441340,"type":"sell","buyer":"richardcrill","seller":"risingstargame","symbol":"POB","quantity":"4.00000000","price":"0.40011000","timestamp":1630220454,"volume":"1.60044000","buyTxId":"MM-P-9964891-56948510-3-11-0","sellTxId":"51209ce0e3d2ce6665ae88c1e5b57d25d61ca2d6"}
{"index": {"_index":"pob","_id":"1441415"}}
	{"id":1441415,"type":"sell","buyer":"richardcrill","seller":"blezyn","symbol":"POB","quantity":"27.21109982","price":"0.40011000","timestamp":1630222344,"volume":"10.88743315","buyTxId":"MM-P-9964891-56948510-3-11-0","sellTxId":"2942a6419a49b76b001ceae51dc52a9b12170fda"}
{"index": {"_index":"pob","_id":"1441438"}}
	{"id":1441438,"type":"sell","buyer":"richardcrill","seller":"ctpsb","symbol":"POB","quantity":"3.78388168","price":"0.40011000","timestamp":1630222857,"volume":"1.51396890","buyTxId":"MM-P-9964891-56948510-3-11-0","sellTxId":"65bc72b2a3ce42c32234528f1b410214f60d5011"}
{"index": {"_index":"pob","_id":"1441448"}}
	{"id":1441448,"type":"sell","buyer":"gimme-your-coinz","seller":"ctpsb","symbol":"POB","quantity":"1.21200000","price":"0.40001000","timestamp":1630222995,"volume":"0.48481212","buyTxId":"4ddca78b7de71582d2b61c7b8f2c8435718e7c47","sellTxId":"911501af14ae2ae3488b4d4b69db84d654e37617"}
{"index": {"_index":"pob","_id":"1441596"}}
	{"id":1441596,"type":"buy","buyer":"gidlark","seller":"pablodare","symbol":"POB","quantity":"1.35876667","price":"0.41900000","timestamp":1630225503,"volume":"0.56932323","buyTxId":"151057840376da88f6e36d237ec4cabdf563937e","sellTxId":"94f72277c4ea1e07a2ec4e8c0782c3f16df7a848"}
{"index": {"_index":"pob","_id":"1441597"}}
	{"id":1441597,"type":"buy","buyer":"gidlark","seller":"jelly13","symbol":"POB","quantity":"1.75591948","price":"0.41950000","timestamp":1630225503,"volume":"0.73660822","buyTxId":"151057840376da88f6e36d237ec4cabdf563937e","sellTxId":"f502e58a2dee84a37faf5dcb3c6536df7d811147"}
{"index": {"_index":"pob","_id":"1441598"}}
	{"id":1441598,"type":"buy","buyer":"gidlark","seller":"photophile","symbol":"POB","quantity":"1.58531385","price":"0.41995000","timestamp":1630225503,"volume":"0.66575255","buyTxId":"151057840376da88f6e36d237ec4cabdf563937e","sellTxId":"865334f8cc3bbfb35c5805a889be02283b7f7e0a"}
{"index": {"_index":"pob","_id":"1441601"}}
	{"id":1441601,"type":"buy","buyer":"razack-pulo","seller":"photophile","symbol":"POB","quantity":"56.00000000","price":"0.41995000","timestamp":1630225620,"volume":"23.51720000","buyTxId":"74fe5a04d8abfea669f774e1d195cc51306fd343","sellTxId":"865334f8cc3bbfb35c5805a889be02283b7f7e0a"}
{"index": {"_index":"pob","_id":"1441605"}}
	{"id":1441605,"type":"sell","buyer":"gimme-your-coinz","seller":"josediccus","symbol":"POB","quantity":"17.00000000","price":"0.40001000","timestamp":1630225689,"volume":"6.80017000","buyTxId":"4ddca78b7de71582d2b61c7b8f2c8435718e7c47","sellTxId":"8f2f6de1f70d2c4708dc5d2157a9a5321083bc3e"}
{"index": {"_index":"pob","_id":"1441701"}}
	{"id":1441701,"type":"buy","buyer":"tipy","seller":"photophile","symbol":"POB","quantity":"0.12181210","price":"0.41995000","timestamp":1630227582,"volume":"0.05115499","buyTxId":"3cb55bf087b7241279082604a2b7a964db1be4a8","sellTxId":"865334f8cc3bbfb35c5805a889be02283b7f7e0a"}
{"index": {"_index":"pob","_id":"1441724"}}
	{"id":1441724,"type":"sell","buyer":"gimme-your-coinz","seller":"siniceku","symbol":"POB","quantity":"0.26660000","price":"0.40001000","timestamp":1630227948,"volume":"0.10664267","buyTxId":"4ddca78b7de71582d2b61c7b8f2c8435718e7c47","sellTxId":"46f41a229e7e34acb11b0c6050ca6a4f0a4e542d"}
{"index": {"_index":"pob","_id":"1441787"}}
	{"id":1441787,"type":"sell","buyer":"gimme-your-coinz","seller":"marianomariano","symbol":"POB","quantity":"0.27844013","price":"0.40001000","timestamp":1630228740,"volume":"0.11137884","buyTxId":"4ddca78b7de71582d2b61c7b8f2c8435718e7c47","sellTxId":"b50d5fb06854c5ec46b86049b54ff5e3be1ed2b4"}
{"index": {"_index":"pob","_id":"1441812"}}
	{"id":1441812,"type":"buy","buyer":"walterjay","seller":"photophile","symbol":"POB","quantity":"10.27993265","price":"0.41995000","timestamp":1630228917,"volume":"4.31705772","buyTxId":"3a2d3a8682486560afaa79523856cc98534b73dd","sellTxId":"865334f8cc3bbfb35c5805a889be02283b7f7e0a"}
{"index": {"_index":"pob","_id":"1441813"}}
	{"id":1441813,"type":"buy","buyer":"walterjay","seller":"finguru","symbol":"POB","quantity":"1.62209272","price":"0.42000000","timestamp":1630228917,"volume":"0.68127894","buyTxId":"3a2d3a8682486560afaa79523856cc98534b73dd","sellTxId":"222ef1b864fd7b3826ba6bd71ab1ac1d4f8824cc"}
{"index": {"_index":"pob","_id":"1441814"}}
	{"id":1441814,"type":"buy","buyer":"walterjay","seller":"dhedge-drips","symbol":"POB","quantity":"0.07167033","price":"0.42000000","timestamp":1630228917,"volume":"0.03010154","buyTxId":"3a2d3a8682486560afaa79523856cc98534b73dd","sellTxId":"3603b3684a6383f1ba7741fc51a1fcb1ddf02f5c"}
{"index": {"_index":"pob","_id":"1441815"}}
	{"id":1441815,"type":"buy","buyer":"walterjay","seller":"kemmyb","symbol":"POB","quantity":"5.00000000","price":"0.44000000","timestamp":1630228917,"volume":"2.20000000","buyTxId":"3a2d3a8682486560afaa79523856cc98534b73dd","sellTxId":"6f5876fd0427a93ad40c1ef5d25d99e6cf5061af"}
{"index": {"_index":"pob","_id":"1441816"}}
	{"id":1441816,"type":"buy","buyer":"walterjay","seller":"brofi-market","symbol":"POB","quantity":"0.66892163","price":"0.44000000","timestamp":1630228917,"volume":"0.29432552","buyTxId":"3a2d3a8682486560afaa79523856cc98534b73dd","sellTxId":"0b14a14cd1e822c1973ff9c76c166a4dd3a06787"}
{"index": {"_index":"pob","_id":"1441817"}}
	{"id":1441817,"type":"buy","buyer":"walterjay","seller":"specialfeelings","symbol":"POB","quantity":"2.93604508","price":"0.49200000","timestamp":1630228917,"volume":"1.44453418","buyTxId":"3a2d3a8682486560afaa79523856cc98534b73dd","sellTxId":"54a77591574680e8d48ebdc07b1abf5cfd5d9347"}
{"index": {"_index":"pob","_id":"1441818"}}
	{"id":1441818,"type":"buy","buyer":"walterjay","seller":"ddn688","symbol":"POB","quantity":"14.53327622","price":"0.49290000","timestamp":1630228917,"volume":"7.16345185","buyTxId":"3a2d3a8682486560afaa79523856cc98534b73dd","sellTxId":"4b3d211777e06248586cbcd25ca86061add39937"}
{"index": {"_index":"pob","_id":"1441819"}}
	{"id":1441819,"type":"buy","buyer":"walterjay","seller":"liotes.voter","symbol":"POB","quantity":"6.20814431","price":"0.49299501","timestamp":1630228917,"volume":"3.06058417","buyTxId":"3a2d3a8682486560afaa79523856cc98534b73dd","sellTxId":"83c7ace12d9f8a5d731ebd1cd13abd30d4649811"}
{"index": {"_index":"pob","_id":"1441820"}}
	{"id":1441820,"type":"buy","buyer":"walterjay","seller":"piaabao","symbol":"POB","quantity":"5.00000000","price":"0.49300000","timestamp":1630228917,"volume":"2.46500000","buyTxId":"3a2d3a8682486560afaa79523856cc98534b73dd","sellTxId":"624d39058d0d3cbdd663ab658a1f201c1ab8e512"}
{"index": {"_index":"pob","_id":"1441821"}}
	{"id":1441821,"type":"buy","buyer":"walterjay","seller":"clixy","symbol":"POB","quantity":"21.55208330","price":"0.49500000","timestamp":1630228917,"volume":"10.66828123","buyTxId":"3a2d3a8682486560afaa79523856cc98534b73dd","sellTxId":"449102c396e7dbdbc390730d892466d06cfdd1fa"}
{"index": {"_index":"pob","_id":"1441822"}}
	{"id":1441822,"type":"buy","buyer":"walterjay","seller":"clixy","symbol":"POB","quantity":"8.86110465","price":"0.49500000","timestamp":1630228917,"volume":"4.38624680","buyTxId":"3a2d3a8682486560afaa79523856cc98534b73dd","sellTxId":"85e56ade21d60b93f40fd2e6739f6da69d84d2c9"}
{"index": {"_index":"pob","_id":"1441823"}}
	{"id":1441823,"type":"buy","buyer":"walterjay","seller":"tawadak24","symbol":"POB","quantity":"2.10606583","price":"0.49600000","timestamp":1630228917,"volume":"1.04460865","buyTxId":"3a2d3a8682486560afaa79523856cc98534b73dd","sellTxId":"d28ef9db1cc5bab1ef3b4148db37ec5d017238ef"}
{"index": {"_index":"pob","_id":"1441824"}}
	{"id":1441824,"type":"buy","buyer":"walterjay","seller":"rach","symbol":"POB","quantity":"1.00380369","price":"0.49800000","timestamp":1630228917,"volume":"0.49989424","buyTxId":"3a2d3a8682486560afaa79523856cc98534b73dd","sellTxId":"ec0663dddb78da601cc1e01e7083bb5837e1c236"}
{"index": {"_index":"pob","_id":"1441825"}}
	{"id":1441825,"type":"buy","buyer":"walterjay","seller":"dhedge-drips","symbol":"POB","quantity":"1.66301809","price":"0.49800000","timestamp":1630228917,"volume":"0.82818301","buyTxId":"3a2d3a8682486560afaa79523856cc98534b73dd","sellTxId":"a86fe82abdbb8159bfe43ff2af7b7da58553cd36"}
{"index": {"_index":"pob","_id":"1441826"}}
	{"id":1441826,"type":"buy","buyer":"walterjay","seller":"donthaveone","symbol":"POB","quantity":"4.86164544","price":"0.49899900","timestamp":1630228917,"volume":"2.42595621","buyTxId":"3a2d3a8682486560afaa79523856cc98534b73dd","sellTxId":"3cc697feb8ad43e2640c0af0b9ec918ddcd66e0a"}
{"index": {"_index":"pob","_id":"1441827"}}
	{"id":1441827,"type":"buy","buyer":"walterjay","seller":"brofi-market","symbol":"POB","quantity":"14.81560235","price":"0.49899900","timestamp":1630228917,"volume":"7.39297076","buyTxId":"3a2d3a8682486560afaa79523856cc98534b73dd","sellTxId":"fe1276c6f0ab89a0136e36d048cec29d6e77c1f9"}
{"index": {"_index":"pob","_id":"1441828"}}
	{"id":1441828,"type":"buy","buyer":"walterjay","seller":"chekohler","symbol":"POB","quantity":"0.50130852","price":"0.49899900","timestamp":1630228917,"volume":"0.25015245","buyTxId":"3a2d3a8682486560afaa79523856cc98534b73dd","sellTxId":"0e93377fc5b5bcbfdab9e2e15692fb2fa094a975"}
{"index": {"_index":"pob","_id":"1441829"}}
	{"id":1441829,"type":"buy","buyer":"walterjay","seller":"jersteemit","symbol":"POB","quantity":"18.26527542","price":"0.50000000","timestamp":1630228917,"volume":"9.13263771","buyTxId":"3a2d3a8682486560afaa79523856cc98534b73dd","sellTxId":"0150637f3efc85460fa43128f73bd353bba8651c"}
{"index": {"_index":"pob","_id":"1441830"}}
	{"id":1441830,"type":"buy","buyer":"walterjay","seller":"piaabao","symbol":"POB","quantity":"5.00099999","price":"0.50000000","timestamp":1630228917,"volume":"2.50050000","buyTxId":"3a2d3a8682486560afaa79523856cc98534b73dd","sellTxId":"db367b36c4ccd031c4e11b6760b1acc92118a67e"}
{"index": {"_index":"pob","_id":"1441831"}}
	{"id":1441831,"type":"buy","buyer":"walterjay","seller":"brofi-market","symbol":"POB","quantity":"18.42737221","price":"0.50000000","timestamp":1630228917,"volume":"9.21368611","buyTxId":"3a2d3a8682486560afaa79523856cc98534b73dd","sellTxId":"f8e3b353a0be95b903bb4b9602c2496fe9b80559"}
{"index": {"_index":"pob","_id":"1441832"}}
	{"id":1441832,"type":"buy","buyer":"walterjay","seller":"eirik","symbol":"POB","quantity":"2.80000000","price":"0.50000000","timestamp":1630228917,"volume":"1.40000000","buyTxId":"3a2d3a8682486560afaa79523856cc98534b73dd","sellTxId":"7baf1a0264478fc0e5d61cf805fdbbae53595a55"}
{"index": {"_index":"pob","_id":"1441833"}}
	{"id":1441833,"type":"buy","buyer":"walterjay","seller":"take-my-coinz","symbol":"POB","quantity":"34.00000000","price":"0.50060000","timestamp":1630228917,"volume":"17.02040000","buyTxId":"3a2d3a8682486560afaa79523856cc98534b73dd","sellTxId":"ec0a6e9ae70f03895d87160fb386974bdbd05876"}
{"index": {"_index":"pob","_id":"1441834"}}
	{"id":1441834,"type":"buy","buyer":"walterjay","seller":"failingforwards","symbol":"POB","quantity":"19.82163757","price":"0.50070008","timestamp":1630228917,"volume":"9.92469552","buyTxId":"3a2d3a8682486560afaa79523856cc98534b73dd","sellTxId":"740c40aa9640fce0cbfd3dda2ea8ea1915ff2c6f"}
{"index": {"_index":"pob","_id":"1441882"}}
	{"id":1441882,"type":"sell","buyer":"gimme-your-coinz","seller":"geom","symbol":"POB","quantity":"0.02875628","price":"0.40001000","timestamp":1630229721,"volume":"0.01150280","buyTxId":"4ddca78b7de71582d2b61c7b8f2c8435718e7c47","sellTxId":"42b9313fb329f439e2818e76fbc03aabe6146d33"}
{"index": {"_index":"pob","_id":"1441896"}}
	{"id":1441896,"type":"sell","buyer":"gimme-your-coinz","seller":"abh12345","symbol":"POB","quantity":"10.70535647","price":"0.40001000","timestamp":1630230198,"volume":"4.28224964","buyTxId":"4ddca78b7de71582d2b61c7b8f2c8435718e7c47","sellTxId":"4f7d1c8d6b6ce6cc1a34ca94ac03ca884fd77fa1"}
{"index": {"_index":"pob","_id":"1441950"}}
	{"id":1441950,"type":"sell","buyer":"clixy","seller":"felipejoys","symbol":"POB","quantity":"4.50000000","price":"0.41000000","timestamp":1630231764,"volume":"1.84500000","buyTxId":"c218e5e817dea1214f87aeb139cbac9b2ff66f59","sellTxId":"385ba9974293350b7834151c9ad0a005b09afd16"}
{"index": {"_index":"pob","_id":"1441954"}}
	{"id":1441954,"type":"sell","buyer":"clixy","seller":"jersteemit","symbol":"POB","quantity":"32.30000000","price":"0.41000000","timestamp":1630231830,"volume":"13.24300000","buyTxId":"c218e5e817dea1214f87aeb139cbac9b2ff66f59","sellTxId":"d36fb943b6fe0dd5491858c5fd7b03d249954bf0"}
{"index": {"_index":"pob","_id":"1442085"}}
	{"id":1442085,"type":"buy","buyer":"gimme-your-coinz","seller":"jersteemit","symbol":"POB","quantity":"1.44485009","price":"0.41000000","timestamp":1630235403,"volume":"0.59238854","buyTxId":"1be440929ba826ebb2f3a74942cb7ce60d791854","sellTxId":"d36fb943b6fe0dd5491858c5fd7b03d249954bf0"}
{"index": {"_index":"pob","_id":"1442086"}}
	{"id":1442086,"type":"buy","buyer":"gimme-your-coinz","seller":"asia-pl","symbol":"POB","quantity":"0.33902686","price":"0.41000000","timestamp":1630235403,"volume":"0.13900101","buyTxId":"1be440929ba826ebb2f3a74942cb7ce60d791854","sellTxId":"bddf2a84d7e567b8a4b74cf368110ffb69fa0dac"}
{"index": {"_index":"pob","_id":"1442120"}}
	{"id":1442120,"type":"sell","buyer":"gimme-your-coinz","seller":"tonytrillions","symbol":"POB","quantity":"0.00002305","price":"0.41010000","timestamp":1630235949,"volume":"0.00000945","buyTxId":"1be440929ba826ebb2f3a74942cb7ce60d791854","sellTxId":"b151390aa3e8aecc5b1fb771ab3440e078a2fb96"}
{"index": {"_index":"pob","_id":"1442134"}}
	{"id":1442134,"type":"sell","buyer":"gimme-your-coinz","seller":"itharagaian","symbol":"POB","quantity":"0.14686000","price":"0.40001000","timestamp":1630236225,"volume":"0.05874547","buyTxId":"4ddca78b7de71582d2b61c7b8f2c8435718e7c47","sellTxId":"dd2c753be3a4584feb9f394481890320262a4a8e"}
{"index": {"_index":"pob","_id":"1442281"}}
	{"id":1442281,"type":"sell","buyer":"richardcrill","seller":"der-prophet","symbol":"POB","quantity":"4.27333079","price":"0.40010000","timestamp":1630239387,"volume":"1.70975965","buyTxId":"MM-P-9972469-56956095-3-11-0","sellTxId":"efaa67ef20dbe04a92109b4ef671fa419279ac9e"}
{"index": {"_index":"pob","_id":"1442282"}}
	{"id":1442282,"type":"buy","buyer":"ugochill","seller":"take-my-coinz","symbol":"POB","quantity":"0.10000000","price":"0.49899998","timestamp":1630239432,"volume":"0.04990000","buyTxId":"19fb323bb2178d9e127c396877b0f2d1dab63ab6","sellTxId":"e0082bc97b5fbe9a0f867b5bf3c1934e1ec21a26"}
{"index": {"_index":"pob","_id":"1442305"}}
	{"id":1442305,"type":"sell","buyer":"richardcrill","seller":"andy4475","symbol":"POB","quantity":"1.24461071","price":"0.40010000","timestamp":1630239645,"volume":"0.49796875","buyTxId":"MM-P-9972469-56956095-3-11-0","sellTxId":"69827c48c8a677ba8526c11e33b0009ea9d866c3"}
{"index": {"_index":"pob","_id":"1442313"}}
	{"id":1442313,"type":"sell","buyer":"richardcrill","seller":"tonytrillions","symbol":"POB","quantity":"0.43728360","price":"0.40010000","timestamp":1630239789,"volume":"0.17495717","buyTxId":"MM-P-9972469-56956095-3-11-0","sellTxId":"19c4e7a84e555b74d07251ce8e8a829c20f9f0df"}
{"index": {"_index":"pob","_id":"1442329"}}
	{"id":1442329,"type":"sell","buyer":"richardcrill","seller":"dwixer","symbol":"POB","quantity":"49.00000000","price":"0.40010000","timestamp":1630240056,"volume":"19.60490000","buyTxId":"MM-P-9972469-56956095-3-11-0","sellTxId":"0c6edca4bb4a7b4cfe5b6dce107e078edb5d2b88"}
{"index": {"_index":"pob","_id":"1442332"}}
	{"id":1442332,"type":"sell","buyer":"richardcrill","seller":"madmanmusic","symbol":"POB","quantity":"7.26171227","price":"0.40010000","timestamp":1630240116,"volume":"2.90541107","buyTxId":"MM-P-9972469-56956095-3-11-0","sellTxId":"9df581833666dde1f349e6af11a3fd817b787b09"}
{"index": {"_index":"pob","_id":"1442382"}}
	{"id":1442382,"type":"sell","buyer":"lulu-the-fizzgig","seller":"savagetobi","symbol":"POB","quantity":"2.52560671","price":"0.40002100","timestamp":1630241505,"volume":"1.01029572","buyTxId":"cbe8b9b36d23b8b4f8e1bd31ea04a6ea788e7931","sellTxId":"2aef75fb2a1b710a1b54301b95a6909f6bd84820"}
{"index": {"_index":"pob","_id":"1442383"}}
	{"id":1442383,"type":"sell","buyer":"ddn688","seller":"savagetobi","symbol":"POB","quantity":"0.69939329","price":"0.40002000","timestamp":1630241505,"volume":"0.27977130","buyTxId":"d362c7215636c3b97bee0f827d19ee3efe549392","sellTxId":"2aef75fb2a1b710a1b54301b95a6909f6bd84820"}
{"index": {"_index":"pob","_id":"1442407"}}
	{"id":1442407,"type":"buy","buyer":"gimme-your-coinz","seller":"madmanmusic","symbol":"POB","quantity":"2.23213091","price":"0.40010000","timestamp":1630241814,"volume":"0.89307558","buyTxId":"d8e017db3c595e99955bfa59730499fef6a85d30","sellTxId":"9df581833666dde1f349e6af11a3fd817b787b09"}
{"index": {"_index":"pob","_id":"1442408"}}
	{"id":1442408,"type":"buy","buyer":"gimme-your-coinz","seller":"digital-fortress","symbol":"POB","quantity":"0.51833947","price":"0.40010000","timestamp":1630241814,"volume":"0.20738762","buyTxId":"d8e017db3c595e99955bfa59730499fef6a85d30","sellTxId":"eb93d5232eb04e44c86c28e33f15e6a30265ad25"}
{"index": {"_index":"pob","_id":"1442409"}}
	{"id":1442409,"type":"buy","buyer":"gimme-your-coinz","seller":"take-my-coinz","symbol":"POB","quantity":"0.00452962","price":"0.49899998","timestamp":1630241814,"volume":"0.00226028","buyTxId":"d8e017db3c595e99955bfa59730499fef6a85d30","sellTxId":"e0082bc97b5fbe9a0f867b5bf3c1934e1ec21a26"}
{"index": {"_index":"pob","_id":"1442410"}}
	{"id":1442410,"type":"sell","buyer":"ddn688","seller":"tonytrillions","symbol":"POB","quantity":"0.00454023","price":"0.40002000","timestamp":1630241829,"volume":"0.00181618","buyTxId":"d362c7215636c3b97bee0f827d19ee3efe549392","sellTxId":"2493bb4cdbed0ded5d44731a4b7e40668f1194b5"}
{"index": {"_index":"pob","_id":"1442582"}}
	{"id":1442582,"type":"sell","buyer":"ddn688","seller":"candy49","symbol":"POB","quantity":"0.47877760","price":"0.40002000","timestamp":1630244373,"volume":"0.19152062","buyTxId":"d362c7215636c3b97bee0f827d19ee3efe549392","sellTxId":"be1b67db268eaf6152bdf94a8ef1b22bb330cb05"}
{"index": {"_index":"pob","_id":"1442664"}}
	{"id":1442664,"type":"sell","buyer":"ddn688","seller":"sportsgeek","symbol":"POB","quantity":"16.81728888","price":"0.40002000","timestamp":1630246230,"volume":"6.72725190","buyTxId":"d362c7215636c3b97bee0f827d19ee3efe549392","sellTxId":"e8d84e70733f9de209b3d51f3678fbf9fb36fdb4"}
{"index": {"_index":"pob","_id":"1442671"}}
	{"id":1442671,"type":"sell","buyer":"he-index","seller":"tonytrillions","symbol":"POB","quantity":"0.10200000","price":"0.40001000","timestamp":1630246344,"volume":"0.04080102","buyTxId":"07600a30211df61e9caec2c56f86cc35db983ae7","sellTxId":"1e6336e37b49f7c9a98b15765be16997686178fd"}
{"index": {"_index":"pob","_id":"1442678"}}
	{"id":1442678,"type":"buy","buyer":"ddn688","seller":"tonytrillions","symbol":"POB","quantity":"4.50000000","price":"0.40001000","timestamp":1630246494,"volume":"1.80004500","buyTxId":"3507effcb807571342b95f275a3104ba6b0f66af","sellTxId":"1e6336e37b49f7c9a98b15765be16997686178fd"}
{"index": {"_index":"pob","_id":"1442691"}}
	{"id":1442691,"type":"sell","buyer":"edicted","seller":"tonytrillions","symbol":"POB","quantity":"2.39800000","price":"0.40000000","timestamp":1630246716,"volume":"0.95920000","buyTxId":"043e376176b6406ae52488c5d575614076428a63","sellTxId":"d6de052b522ef52fc067888ca34bb538e4e7ed17"}
{"index": {"_index":"pob","_id":"1442700"}}
	{"id":1442700,"type":"sell","buyer":"edicted","seller":"chireerocks","symbol":"POB","quantity":"10.89800820","price":"0.40000000","timestamp":1630246833,"volume":"4.35920328","buyTxId":"043e376176b6406ae52488c5d575614076428a63","sellTxId":"bdd9fc7dd848f139c23772f07ea4dcedfb3feb4e"}
{"index": {"_index":"pob","_id":"1442803"}}
	{"id":1442803,"type":"sell","buyer":"edicted","seller":"cloudblade","symbol":"POB","quantity":"0.62867899","price":"0.40000000","timestamp":1630248144,"volume":"0.25147160","buyTxId":"043e376176b6406ae52488c5d575614076428a63","sellTxId":"eb5fc54e792d383eb2f88469791cc9822d474319"}
{"index": {"_index":"pob","_id":"1442850"}}
	{"id":1442850,"type":"sell","buyer":"edicted","seller":"chireerocks","symbol":"POB","quantity":"3.76625587","price":"0.40000000","timestamp":1630248753,"volume":"1.50650235","buyTxId":"043e376176b6406ae52488c5d575614076428a63","sellTxId":"43d1362431e8a2a109a0c4cb8bf3c132d443cf6d"}
{"index": {"_index":"pob","_id":"1442864"}}
	{"id":1442864,"type":"sell","buyer":"edicted","seller":"jorge234nv","symbol":"POB","quantity":"0.69405018","price":"0.40000000","timestamp":1630248891,"volume":"0.27762007","buyTxId":"043e376176b6406ae52488c5d575614076428a63","sellTxId":"fccdc54f4755c6a5f4b45194e197569bdf49d516"}
{"index": {"_index":"pob","_id":"1442866"}}
	{"id":1442866,"type":"sell","buyer":"edicted","seller":"tonytrillions","symbol":"POB","quantity":"0.00455500","price":"0.40000000","timestamp":1630248906,"volume":"0.00182200","buyTxId":"043e376176b6406ae52488c5d575614076428a63","sellTxId":"33f4de85fa89700aa4be4641e224673eded201f0"}
{"index": {"_index":"pob","_id":"1442979"}}
	{"id":1442979,"type":"buy","buyer":"tipy","seller":"sportsgeek","symbol":"POB","quantity":"0.14864639","price":"0.40002000","timestamp":1630250343,"volume":"0.05946153","buyTxId":"78a9f40c6f3c8601ea1eaaa9d661cf252ff4f2cf","sellTxId":"e8d84e70733f9de209b3d51f3678fbf9fb36fdb4"}
{"index": {"_index":"pob","_id":"1443114"}}
	{"id":1443114,"type":"sell","buyer":"edicted","seller":"aiovo","symbol":"POB","quantity":"2.50000000","price":"0.40000000","timestamp":1630251660,"volume":"1.00000000","buyTxId":"043e376176b6406ae52488c5d575614076428a63","sellTxId":"aa5b7d0f98c91acd7f9ceddf409e8f7f6fdc1e50"}
{"index": {"_index":"pob","_id":"1443125"}}
	{"id":1443125,"type":"buy","buyer":"razackpulo.sport","seller":"sportsgeek","symbol":"POB","quantity":"5.70000000","price":"0.40002000","timestamp":1630251783,"volume":"2.28011400","buyTxId":"142936917f21c601079a61d88e562fdd4136ec89","sellTxId":"e8d84e70733f9de209b3d51f3678fbf9fb36fdb4"}
{"index": {"_index":"pob","_id":"1443140"}}
	{"id":1443140,"type":"sell","buyer":"edicted","seller":"justinparke","symbol":"POB","quantity":"1.6732354","price":"0.40000000","timestamp":1630251873,"volume":"0.66929416","buyTxId":"043e376176b6406ae52488c5d575614076428a63","sellTxId":"1d9692fedbbf961a08359793a3ecd62a7134d5dd"}
{"index": {"_index":"pob","_id":"1443143"}}
	{"id":1443143,"type":"buy","buyer":"razackpulo.sport","seller":"sportsgeek","symbol":"POB","quantity":"54.42000000","price":"0.40002000","timestamp":1630251933,"volume":"21.76908840","buyTxId":"31c8dd10475a3c13a9b1d229d2587a28bbfab0d3","sellTxId":"e8d84e70733f9de209b3d51f3678fbf9fb36fdb4"}
{"index": {"_index":"pob","_id":"1443218"}}
	{"id":1443218,"type":"sell","buyer":"edicted","seller":"flaxz","symbol":"POB","quantity":"0.534","price":"0.40000000","timestamp":1630252764,"volume":"0.21360000","buyTxId":"043e376176b6406ae52488c5d575614076428a63","sellTxId":"0915e550682919e4847337b0658370a3d38293a0"}
{"index": {"_index":"pob","_id":"1443336"}}
	{"id":1443336,"type":"buy","buyer":"richardcrill","seller":"sportsgeek","symbol":"POB","quantity":"68.22894254","price":"0.40002000","timestamp":1630254294,"volume":"27.29294159","buyTxId":"MM-P-9977561-56961189-3-11-0","sellTxId":"e8d84e70733f9de209b3d51f3678fbf9fb36fdb4"}
{"index": {"_index":"pob","_id":"1443383"}}
	{"id":1443383,"type":"sell","buyer":"edicted","seller":"zirochka","symbol":"POB","quantity":"0.76863577","price":"0.40000000","timestamp":1630254750,"volume":"0.30745431","buyTxId":"043e376176b6406ae52488c5d575614076428a63","sellTxId":"5c1c0e9519a65c9ddb17b1c4457497d2cb9622a4"}
{"index": {"_index":"pob","_id":"1443522"}}
	{"id":1443522,"type":"sell","buyer":"edicted","seller":"agr8buzz","symbol":"POB","quantity":"5.94300000","price":"0.40000000","timestamp":1630255884,"volume":"2.37720000","buyTxId":"043e376176b6406ae52488c5d575614076428a63","sellTxId":"56fccfd5648703e5c6adc3d5d5acd45081d153ec"}
{"index": {"_index":"pob","_id":"1443579"}}
	{"id":1443579,"type":"sell","buyer":"edicted","seller":"politeumico","symbol":"POB","quantity":"20.61189716","price":"0.40000000","timestamp":1630256466,"volume":"8.24475886","buyTxId":"043e376176b6406ae52488c5d575614076428a63","sellTxId":"0de55812b0e71c4772ceb28310821b5033805544"}
{"index": {"_index":"pob","_id":"1443604"}}
	{"id":1443604,"type":"sell","buyer":"edicted","seller":"kraken99","symbol":"POB","quantity":"1.27436275","price":"0.40000000","timestamp":1630256793,"volume":"0.50974510","buyTxId":"043e376176b6406ae52488c5d575614076428a63","sellTxId":"b14b12b4f75be5fa4e912184454844089d142c19"}
{"index": {"_index":"pob","_id":"1443652"}}
	{"id":1443652,"type":"sell","buyer":"edicted","seller":"whitelightxpress","symbol":"POB","quantity":"1.75600790","price":"0.40000000","timestamp":1630257195,"volume":"0.70240316","buyTxId":"043e376176b6406ae52488c5d575614076428a63","sellTxId":"a140de1c36220cc6f3e9e75634456ccc5191a1e8"}
{"index": {"_index":"pob","_id":"1443694"}}
	{"id":1443694,"type":"sell","buyer":"edicted","seller":"halukshananah","symbol":"POB","quantity":"0.53784823","price":"0.40000000","timestamp":1630257687,"volume":"0.21513929","buyTxId":"043e376176b6406ae52488c5d575614076428a63","sellTxId":"83bc75de4377e01ee39d2fa91e04e908adca18e2"}
{"index": {"_index":"pob","_id":"1443736"}}
	{"id":1443736,"type":"sell","buyer":"edicted","seller":"hive-189742","symbol":"POB","quantity":"0.89459236","price":"0.40000000","timestamp":1630257939,"volume":"0.35783694","buyTxId":"043e376176b6406ae52488c5d575614076428a63","sellTxId":"2f89862b97cb27867ccf931d03d4e4c36096fe5f"}
{"index": {"_index":"pob","_id":"1443781"}}
	{"id":1443781,"type":"buy","buyer":"tipy","seller":"sportsgeek","symbol":"POB","quantity":"0.00036000","price":"0.40002000","timestamp":1630258137,"volume":"0.00014401","buyTxId":"5c25507a940bc0255eb0c615ce46088cbb2a6615","sellTxId":"e8d84e70733f9de209b3d51f3678fbf9fb36fdb4"}
{"index": {"_index":"pob","_id":"1443797"}}
	{"id":1443797,"type":"sell","buyer":"edicted","seller":"dudeontheweb","symbol":"POB","quantity":"4.00000000","price":"0.40000000","timestamp":1630258263,"volume":"1.60000000","buyTxId":"043e376176b6406ae52488c5d575614076428a63","sellTxId":"66499172c62d280ee9ebb0d49ba73116eee38228"}
{"index": {"_index":"pob","_id":"1443817"}}
	{"id":1443817,"type":"buy","buyer":"gaboamc2393","seller":"sportsgeek","symbol":"POB","quantity":"4.68476219","price":"0.40002000","timestamp":1630258398,"volume":"1.87399857","buyTxId":"5dcc57c2f345aea609bb626797f66f0fb5a1e72c","sellTxId":"e8d84e70733f9de209b3d51f3678fbf9fb36fdb4"}
{"index": {"_index":"pob","_id":"1443885"}}
	{"id":1443885,"type":"sell","buyer":"gaboamc2393","seller":"bitcoinflood","symbol":"POB","quantity":"17.75082777","price":"0.41000000","timestamp":1630258920,"volume":"7.27783939","buyTxId":"fc8be26f4472a53a27adb4393e075b23ddf4160e","sellTxId":"c65428eb982ce7e8b2f0f4a08a836e374872a605"}
{"index": {"_index":"pob","_id":"1443924"}}
	{"id":1443924,"type":"sell","buyer":"gaboamc2393","seller":"mightyrocklee","symbol":"POB","quantity":"1.60502949","price":"0.41000000","timestamp":1630259349,"volume":"0.65806209","buyTxId":"fc8be26f4472a53a27adb4393e075b23ddf4160e","sellTxId":"bf7179fba7cb583794339f162912c734f7c414c9"}
{"index": {"_index":"pob","_id":"1443950"}}
	{"id":1443950,"type":"sell","buyer":"gaboamc2393","seller":"toofasteddie","symbol":"POB","quantity":"0.64414274","price":"0.41000000","timestamp":1630259568,"volume":"0.26409852","buyTxId":"fc8be26f4472a53a27adb4393e075b23ddf4160e","sellTxId":"12e629168ec42fecd8118753deb6059ebb50afef"}
{"index": {"_index":"pob","_id":"1443960"}}
	{"id":1443960,"type":"sell","buyer":"edicted","seller":"toofasteddie","symbol":"POB","quantity":"30.00000000","price":"0.40000000","timestamp":1630259634,"volume":"12.00000000","buyTxId":"043e376176b6406ae52488c5d575614076428a63","sellTxId":"144aa1472988e987013cc386bbd4ab794863115b"}
{"index": {"_index":"pob","_id":"1443980"}}
	{"id":1443980,"type":"sell","buyer":"edicted","seller":"heruvim1978","symbol":"POB","quantity":"5.58464581","price":"0.40000000","timestamp":1630259811,"volume":"2.23385832","buyTxId":"043e376176b6406ae52488c5d575614076428a63","sellTxId":"c64c1bb3eae0c6e2020562ac58637d2617e83f6c"}
{"index": {"_index":"pob","_id":"1444036"}}
	{"id":1444036,"type":"buy","buyer":"silvergoldhunter","seller":"gaboamc2393","symbol":"POB","quantity":"0.08827789","price":"0.47999900","timestamp":1630260390,"volume":"0.04237330","buyTxId":"1a15370f5c951de49112daabf81112d7faa69d4f","sellTxId":"d76cba97874170804092cfe91fa7d0acd1d0c6b6"}
{"index": {"_index":"pob","_id":"1444106"}}
	{"id":1444106,"type":"sell","buyer":"gaboamc2393","seller":"cryptoandcoffee","symbol":"POB","quantity":"6.00000000","price":"0.41000000","timestamp":1630261305,"volume":"2.46000000","buyTxId":"d86658c356553c4a49678ce13891729e517652b5","sellTxId":"d53b4f985604f6122b017097d183da9ebfcab04e"}
{"index": {"_index":"pob","_id":"1444233"}}
	{"id":1444233,"type":"sell","buyer":"gaboamc2393","seller":"thelogicaldude","symbol":"POB","quantity":"11.48221635","price":"0.41000000","timestamp":1630262766,"volume":"4.70770870","buyTxId":"d86658c356553c4a49678ce13891729e517652b5","sellTxId":"cc27b7162ea9566f6b909ebe98437f05a9c48925"}
{"index": {"_index":"pob","_id":"1444280"}}
	{"id":1444280,"type":"sell","buyer":"gaboamc2393","seller":"automaton","symbol":"POB","quantity":"2.51778365","price":"0.41000000","timestamp":1630263330,"volume":"1.03229130","buyTxId":"d86658c356553c4a49678ce13891729e517652b5","sellTxId":"8f4165d818d1e5e5dfeb684268a0a7b4ba0f8bfa"}
{"index": {"_index":"pob","_id":"1444281"}}
	{"id":1444281,"type":"sell","buyer":"edicted","seller":"automaton","symbol":"POB","quantity":"1.13566046","price":"0.40000000","timestamp":1630263330,"volume":"0.45426418","buyTxId":"043e376176b6406ae52488c5d575614076428a63","sellTxId":"8f4165d818d1e5e5dfeb684268a0a7b4ba0f8bfa"}
{"index": {"_index":"pob","_id":"1444317"}}
	{"id":1444317,"type":"buy","buyer":"silvergoldhunter","seller":"lallo","symbol":"POB","quantity":"0.44942223","price":"0.47000000","timestamp":1630263627,"volume":"0.21122845","buyTxId":"3496a964db40775677864515d035149ff10752e7","sellTxId":"05837f386e3ba4a2020170152eca3f6430f02ea8"}
{"index": {"_index":"pob","_id":"1444368"}}
	{"id":1444368,"type":"sell","buyer":"edicted","seller":"andy4475","symbol":"POB","quantity":"2.33366254","price":"0.40000000","timestamp":1630264116,"volume":"0.93346502","buyTxId":"043e376176b6406ae52488c5d575614076428a63","sellTxId":"1108c9bdb66c1df2c84407d41aabc2ba609cee8f"}
{"index": {"_index":"pob","_id":"1444370"}}
	{"id":1444370,"type":"sell","buyer":"edicted","seller":"monsterjamgold","symbol":"POB","quantity":"0.34365919","price":"0.40000000","timestamp":1630264212,"volume":"0.13746368","buyTxId":"043e376176b6406ae52488c5d575614076428a63","sellTxId":"d756eca22bcde0c2ab982031cf02b1eb8a48dad3"}
{"index": {"_index":"pob","_id":"1444374"}}
	{"id":1444374,"type":"sell","buyer":"edicted","seller":"smooms","symbol":"POB","quantity":"3.84582434","price":"0.40000000","timestamp":1630264296,"volume":"1.53832974","buyTxId":"043e376176b6406ae52488c5d575614076428a63","sellTxId":"4e012271a1cb8bad5ef3bb0ed21389fc5cd33422"}
{"index": {"_index":"pob","_id":"1444547"}}
	{"id":1444547,"type":"sell","buyer":"edicted","seller":"ylich","symbol":"POB","quantity":"12.00000000","price":"0.40000000","timestamp":1630266447,"volume":"4.80000000","buyTxId":"043e376176b6406ae52488c5d575614076428a63","sellTxId":"9fb9bd3165a6bfdf622977ef90e21135b8295bab"}
{"index": {"_index":"pob","_id":"1444643"}}
	{"id":1444643,"type":"sell","buyer":"edicted","seller":"alexvan","symbol":"POB","quantity":"13.10806816","price":"0.40000000","timestamp":1630268061,"volume":"5.24322726","buyTxId":"043e376176b6406ae52488c5d575614076428a63","sellTxId":"954ee7a62f9007f48d93dc1309c449f10a7378e5"}
{"index": {"_index":"pob","_id":"1444690"}}
	{"id":1444690,"type":"buy","buyer":"silvergoldhunter","seller":"nonsowrites","symbol":"POB","quantity":"0.18878545","price":"0.46000000","timestamp":1630268838,"volume":"0.08684131","buyTxId":"737ff574271d00c1dc12a0b8a9eca714e7c3f0c2","sellTxId":"5f1628c1a2576f8335e207dcf7c557127083e41e"}
{"index": {"_index":"pob","_id":"1444703"}}
	{"id":1444703,"type":"sell","buyer":"edicted","seller":"steevc","symbol":"POB","quantity":"3.00000000","price":"0.40000000","timestamp":1630268997,"volume":"1.20000000","buyTxId":"043e376176b6406ae52488c5d575614076428a63","sellTxId":"193efaf1bae0c6170678ac31e1d780501ad2eaf9"}
{"index": {"_index":"pob","_id":"1444769"}}
	{"id":1444769,"type":"sell","buyer":"edicted","seller":"dudeontheweb","symbol":"POB","quantity":"1.00679016","price":"0.40000000","timestamp":1630269990,"volume":"0.40271606","buyTxId":"043e376176b6406ae52488c5d575614076428a63","sellTxId":"561e07155b8a81cb6a469814f9dfc6c0de27a467"}
{"index": {"_index":"pob","_id":"1444797"}}
	{"id":1444797,"type":"sell","buyer":"davedickeyyall","seller":"gubbatv","symbol":"POB","quantity":"0.63864987","price":"0.41000000","timestamp":1630270536,"volume":"0.26184645","buyTxId":"f563ba7bbc1764e43161e453b87e061b33709ae1","sellTxId":"5e61af44ea1246a2cdb88c2db206d8e32bd42838"}
{"index": {"_index":"pob","_id":"1444836"}}
	{"id":1444836,"type":"sell","buyer":"davedickeyyall","seller":"stayoutoftherz","symbol":"POB","quantity":"5.00000000","price":"0.41000000","timestamp":1630270920,"volume":"2.05000000","buyTxId":"f563ba7bbc1764e43161e453b87e061b33709ae1","sellTxId":"56257a0672db46e2a39c01898d77f5aa61799f5c"}
{"index": {"_index":"pob","_id":"1444877"}}
	{"id":1444877,"type":"sell","buyer":"davedickeyyall","seller":"acesontop","symbol":"POB","quantity":"9.61159317","price":"0.41000000","timestamp":1630271529,"volume":"3.94075320","buyTxId":"f563ba7bbc1764e43161e453b87e061b33709ae1","sellTxId":"cce41b964ffce55d553eb9ff4a0621e9a5d76629"}
{"index": {"_index":"pob","_id":"1444904"}}
	{"id":1444904,"type":"sell","buyer":"davedickeyyall","seller":"esecholo","symbol":"POB","quantity":"0.68000000","price":"0.41000000","timestamp":1630272018,"volume":"0.27880000","buyTxId":"f563ba7bbc1764e43161e453b87e061b33709ae1","sellTxId":"c989d5aaf4a3c4bb4bd0d843e6d16d73ea0f33b8"}
{"index": {"_index":"pob","_id":"1444910"}}
	{"id":1444910,"type":"sell","buyer":"davedickeyyall","seller":"jersteemit","symbol":"POB","quantity":"22.84787216","price":"0.41000000","timestamp":1630272165,"volume":"9.36762759","buyTxId":"f563ba7bbc1764e43161e453b87e061b33709ae1","sellTxId":"c07564ba5d91797da32d2256475dc819b27dd151"}
{"index": {"_index":"pob","_id":"1444927"}}
	{"id":1444927,"type":"sell","buyer":"davedickeyyall","seller":"dwinblood","symbol":"POB","quantity":"11.22188480","price":"0.41000000","timestamp":1630272411,"volume":"4.60097276","buyTxId":"f563ba7bbc1764e43161e453b87e061b33709ae1","sellTxId":"8ef16ef988d1f2898f94ff755560c1da7798c3bc"}
{"index": {"_index":"pob","_id":"1444935"}}
	{"id":1444935,"type":"sell","buyer":"edicted","seller":"droida","symbol":"POB","quantity":"0.14944220","price":"0.40000000","timestamp":1630272519,"volume":"0.05977688","buyTxId":"043e376176b6406ae52488c5d575614076428a63","sellTxId":"751704a58aa98d1fe2d4139451be26cec5154d1e"}
{"index": {"_index":"pob","_id":"1444953"}}
	{"id":1444953,"type":"sell","buyer":"edicted","seller":"joemark","symbol":"POB","quantity":"5.25904307","price":"0.40000000","timestamp":1630272651,"volume":"2.10361723","buyTxId":"043e376176b6406ae52488c5d575614076428a63","sellTxId":"949842cb617550bd34e5d9a6e79b8142b1d42262"}
{"index": {"_index":"pob","_id":"1444955"}}
	{"id":1444955,"type":"sell","buyer":"edicted","seller":"hive.pizza","symbol":"POB","quantity":"1.07904055","price":"0.40000000","timestamp":1630272690,"volume":"0.43161622","buyTxId":"043e376176b6406ae52488c5d575614076428a63","sellTxId":"b58dfb9de2fd5626363fc116f33849fd8aa2ca6c"}
{"index": {"_index":"pob","_id":"1444958"}}
	{"id":1444958,"type":"sell","buyer":"edicted","seller":"joemark","symbol":"POB","quantity":"11.22188480","price":"0.40000000","timestamp":1630272798,"volume":"4.48875392","buyTxId":"043e376176b6406ae52488c5d575614076428a63","sellTxId":"75a5912ba3d17c5fa75081b82870e32f42736d2e"}
{"index": {"_index":"pob","_id":"1444961"}}
	{"id":1444961,"type":"sell","buyer":"edicted","seller":"trentonlundy1","symbol":"POB","quantity":"0.11379677","price":"0.40000000","timestamp":1630272882,"volume":"0.04551871","buyTxId":"043e376176b6406ae52488c5d575614076428a63","sellTxId":"7ae403554a18a7ada735504bd8cff0fa64ff5721"}
{"index": {"_index":"pob","_id":"1445086"}}
	{"id":1445086,"type":"sell","buyer":"edicted","seller":"roleerob","symbol":"POB","quantity":"17.86036317","price":"0.40000000","timestamp":1630274145,"volume":"7.14414527","buyTxId":"043e376176b6406ae52488c5d575614076428a63","sellTxId":"a02da10293be7f8120b6945c2e029757b0a010f1"}
{"index": {"_index":"pob","_id":"1445148"}}
	{"id":1445148,"type":"sell","buyer":"edicted","seller":"mawit07","symbol":"POB","quantity":"4.81876838","price":"0.40000000","timestamp":1630275015,"volume":"1.92750735","buyTxId":"043e376176b6406ae52488c5d575614076428a63","sellTxId":"01c1f043309d0115700c35d3774cc5c7a6b12787"}
{"index": {"_index":"pob","_id":"1445176"}}
	{"id":1445176,"type":"sell","buyer":"edicted","seller":"chronocrypto","symbol":"POB","quantity":"46.27716329","price":"0.40000000","timestamp":1630275447,"volume":"18.51086532","buyTxId":"043e376176b6406ae52488c5d575614076428a63","sellTxId":"38ef386a1ee65ec23698a4667e787375f74e8596"}
{"index": {"_index":"pob","_id":"1445221"}}
	{"id":1445221,"type":"buy","buyer":"steem-holder","seller":"nonsowrites","symbol":"POB","quantity":"0.70000000","price":"0.46000000","timestamp":1630276611,"volume":"0.32200000","buyTxId":"9ad532bb19750e2db1588fafaf135d45db5cd022","sellTxId":"5f1628c1a2576f8335e207dcf7c557127083e41e"}
{"index": {"_index":"pob","_id":"1445244"}}
	{"id":1445244,"type":"sell","buyer":"edicted","seller":"kevinnag58","symbol":"POB","quantity":"19.79739585","price":"0.40000000","timestamp":1630276959,"volume":"7.91895834","buyTxId":"043e376176b6406ae52488c5d575614076428a63","sellTxId":"fe37c231754cfd982ac0232a173e117fb0340d62"}
{"index": {"_index":"pob","_id":"1445255"}}
	{"id":1445255,"type":"sell","buyer":"edicted","seller":"liaminit1","symbol":"POB","quantity":"1.03500629","price":"0.40000000","timestamp":1630277064,"volume":"0.41400252","buyTxId":"043e376176b6406ae52488c5d575614076428a63","sellTxId":"ef74160e063d551235bb7c7b4d679b03212053e1"}
{"index": {"_index":"pob","_id":"1445266"}}
	{"id":1445266,"type":"buy","buyer":"pixelfan","seller":"nonsowrites","symbol":"POB","quantity":"7.83455581","price":"0.46000000","timestamp":1630277211,"volume":"3.60389567","buyTxId":"9b1b6f874240ef3a7dd5561ad3dd80b1e35d6d10","sellTxId":"5f1628c1a2576f8335e207dcf7c557127083e41e"}
{"index": {"_index":"pob","_id":"1445283"}}
	{"id":1445283,"type":"sell","buyer":"edicted","seller":"dennys0antunez","symbol":"POB","quantity":"77.19303556","price":"0.40000000","timestamp":1630277682,"volume":"30.87721422","buyTxId":"043e376176b6406ae52488c5d575614076428a63","sellTxId":"3c4f8ef99a72a0da06c0750f281ab687555871e2"}
{"index": {"_index":"pob","_id":"1445328"}}
	{"id":1445328,"type":"sell","buyer":"edicted","seller":"thegoliath","symbol":"POB","quantity":"10.58519502","price":"0.40000000","timestamp":1630278435,"volume":"4.23407801","buyTxId":"043e376176b6406ae52488c5d575614076428a63","sellTxId":"d5ee5309e1275532e1c9cac268173a29a09bd0bc"}
{"index": {"_index":"pob","_id":"1445346"}}
	{"id":1445346,"type":"buy","buyer":"dennys0antunez","seller":"nonsowrites","symbol":"POB","quantity":"0.00108000","price":"0.46000000","timestamp":1630278774,"volume":"0.00049680","buyTxId":"78d4dadaa68a1390b9ca7ff474e9a2b2c7e64de2","sellTxId":"5f1628c1a2576f8335e207dcf7c557127083e41e"}
{"index": {"_index":"pob","_id":"1445364"}}
	{"id":1445364,"type":"buy","buyer":"dennys0antunez","seller":"nonsowrites","symbol":"POB","quantity":"0.00107000","price":"0.46000000","timestamp":1630279140,"volume":"0.00049220","buyTxId":"e19edf742bbf9a5aee4b4a8f7a53e68c6abb56fc","sellTxId":"5f1628c1a2576f8335e207dcf7c557127083e41e"}
{"index": {"_index":"pob","_id":"1445467"}}
	{"id":1445467,"type":"sell","buyer":"edicted","seller":"josediccus","symbol":"POB","quantity":"20.00000000","price":"0.40000000","timestamp":1630281489,"volume":"8.00000000","buyTxId":"043e376176b6406ae52488c5d575614076428a63","sellTxId":"4f12279e1255206b9bf91a6aac6a80d4928638a7"}
{"index": {"_index":"pob","_id":"1445516"}}
	{"id":1445516,"type":"sell","buyer":"edicted","seller":"brofi-market","symbol":"POB","quantity":"9.85769965","price":"0.40000000","timestamp":1630282488,"volume":"3.94307986","buyTxId":"043e376176b6406ae52488c5d575614076428a63","sellTxId":"26b071336749c0ee2e492fb658272f77f30fff35"}
{"index": {"_index":"pob","_id":"1445545"}}
	{"id":1445545,"type":"sell","buyer":"edicted","seller":"hivecoffee","symbol":"POB","quantity":"5.84900452","price":"0.40000000","timestamp":1630283136,"volume":"2.33960181","buyTxId":"043e376176b6406ae52488c5d575614076428a63","sellTxId":"f09de54a636621a8d36e57f62021b5620443f45d"}
{"index": {"_index":"pob","_id":"1445566"}}
	{"id":1445566,"type":"sell","buyer":"edicted","seller":"darkflame","symbol":"POB","quantity":"23.50468270","price":"0.40000000","timestamp":1630283535,"volume":"9.40187308","buyTxId":"043e376176b6406ae52488c5d575614076428a63","sellTxId":"59d5f3465c0093ce17e96bd709b6384c99796245"}
{"index": {"_index":"pob","_id":"1445623"}}
	{"id":1445623,"type":"sell","buyer":"eirik","seller":"dhedge-drips","symbol":"POB","quantity":"1.05618210","price":"0.40000000","timestamp":1630284456,"volume":"0.42247284","buyTxId":"638c3240c9867ee785a998a35290cae541d0bce7","sellTxId":"02d2374b9074dfba5ffc18284a20d18b5bd2101b"}
{"index": {"_index":"pob","_id":"1445629"}}
	{"id":1445629,"type":"sell","buyer":"eirik","seller":"thebeardflex","symbol":"POB","quantity":"3.94381790","price":"0.40000000","timestamp":1630284609,"volume":"1.57752716","buyTxId":"638c3240c9867ee785a998a35290cae541d0bce7","sellTxId":"b2d67b6be7bdf91259cbc7ace036fd8dc2bce805"}
{"index": {"_index":"pob","_id":"1445630"}}
	{"id":1445630,"type":"sell","buyer":"wrestlingdesires","seller":"thebeardflex","symbol":"POB","quantity":"0.21992276","price":"0.39999001","timestamp":1630284609,"volume":"0.08796691","buyTxId":"d4705706edaecd054f6de8c79b91503a7877c360","sellTxId":"b2d67b6be7bdf91259cbc7ace036fd8dc2bce805"}
{"index": {"_index":"pob","_id":"1445648"}}
	{"id":1445648,"type":"sell","buyer":"wrestlingdesires","seller":"andy4475","symbol":"POB","quantity":"0.31562763","price":"0.39999001","timestamp":1630285080,"volume":"0.12624790","buyTxId":"d4705706edaecd054f6de8c79b91503a7877c360","sellTxId":"376b697e3322c00907ae0f2e7ad09e4a33474233"}
{"index": {"_index":"pob","_id":"1445711"}}
	{"id":1445711,"type":"sell","buyer":"wrestlingdesires","seller":"bashadow","symbol":"POB","quantity":"0.13796338","price":"0.39999001","timestamp":1630286307,"volume":"0.05518397","buyTxId":"d4705706edaecd054f6de8c79b91503a7877c360","sellTxId":"a0ae43a7eca97ec2b99456ad3ebed8b702f9d83d"}
{"index": {"_index":"pob","_id":"1445721"}}
	{"id":1445721,"type":"sell","buyer":"wrestlingdesires","seller":"liaminit1","symbol":"POB","quantity":"0.16823596","price":"0.39999001","timestamp":1630286574,"volume":"0.06729270","buyTxId":"d4705706edaecd054f6de8c79b91503a7877c360","sellTxId":"d4a2b74830b2c8c4899b39ecbfbbb34eb9fde5e1"}
{"index": {"_index":"pob","_id":"1445889"}}
	{"id":1445889,"type":"sell","buyer":"wrestlingdesires","seller":"thelogicaldude","symbol":"POB","quantity":"18.28613288","price":"0.39999001","timestamp":1630290177,"volume":"7.31427047","buyTxId":"d4705706edaecd054f6de8c79b91503a7877c360","sellTxId":"72087f5aff671b038920e61b15569b6cbf899af6"}
{"index": {"_index":"pob","_id":"1445976"}}
	{"id":1445976,"type":"sell","buyer":"razack-pulo","seller":"samgiset.life","symbol":"POB","quantity":"20.00000000","price":"0.40000000","timestamp":1630291839,"volume":"8.00000000","buyTxId":"12d544edbcc66e73c374417d4ea4b34c7f1fb30a","sellTxId":"f9c621825ecaf1ee85a2d36f3a733fe0cf9f60f9"}
{"index": {"_index":"pob","_id":"1445979"}}
	{"id":1445979,"type":"sell","buyer":"razack-pulo","seller":"klye","symbol":"POB","quantity":"1.53598213","price":"0.40000000","timestamp":1630291863,"volume":"0.61439285","buyTxId":"12d544edbcc66e73c374417d4ea4b34c7f1fb30a","sellTxId":"6922ef6a33f84558200d963cf3d7509acda2bc5d"}
