{"index": {"_index":"pob","_id":"3517865"}}
	{"id":3517865,"type":"sell","buyer":"andy4475","seller":"falcout","symbol":"POB","quantity":"11.53622680","price":"0.02300000","timestamp":1653445839,"volume":"0.26533322","buyTxId":"c4021ee8ac090cfd4d35e54a4f6d8f8590b613e3","sellTxId":"fe1768ae976a83b2ed5ee454ce18ba22331c926d"}
{"index": {"_index":"pob","_id":"3518443"}}
	{"id":3518443,"type":"sell","buyer":"andy4475","seller":"chireerocks","symbol":"POB","quantity":"8.64888672","price":"0.02300000","timestamp":1653451215,"volume":"0.19892439","buyTxId":"c4021ee8ac090cfd4d35e54a4f6d8f8590b613e3","sellTxId":"945e57cd2009901417aca3807eb3d0943d0f3703"}
{"index": {"_index":"pob","_id":"3518931"}}
	{"id":3518931,"type":"sell","buyer":"andy4475","seller":"pjansen","symbol":"POB","quantity":"83.257235","price":"0.02300000","timestamp":1653456522,"volume":"1.91491641","buyTxId":"c4021ee8ac090cfd4d35e54a4f6d8f8590b613e3","sellTxId":"78f6bc564a09e1295cc781e1b3cee8b13843a13c"}
{"index": {"_index":"pob","_id":"3519010"}}
	{"id":3519010,"type":"sell","buyer":"andy4475","seller":"melbourneswest","symbol":"POB","quantity":"10","price":"0.02300000","timestamp":1653456972,"volume":"0.23000000","buyTxId":"c4021ee8ac090cfd4d35e54a4f6d8f8590b613e3","sellTxId":"45e1a69288cb4b275528de93bd46e12b7cca277a"}
{"index": {"_index":"pob","_id":"3519180"}}
	{"id":3519180,"type":"sell","buyer":"andy4475","seller":"beemd","symbol":"POB","quantity":"6.32739301","price":"0.02300000","timestamp":1653458481,"volume":"0.14553004","buyTxId":"c4021ee8ac090cfd4d35e54a4f6d8f8590b613e3","sellTxId":"c2243140b2c64b14542744963e64a6afc7657348"}
{"index": {"_index":"pob","_id":"3519348"}}
	{"id":3519348,"type":"sell","buyer":"andy4475","seller":"ugochill","symbol":"POB","quantity":"0.16433403","price":"0.02300000","timestamp":1653459804,"volume":"0.00377968","buyTxId":"c4021ee8ac090cfd4d35e54a4f6d8f8590b613e3","sellTxId":"2cc1c716993a28e3f76a400396a33dde57f05b69"}
{"index": {"_index":"pob","_id":"3519365"}}
	{"id":3519365,"type":"sell","buyer":"andy4475","seller":"repayme4568","symbol":"POB","quantity":"1.61384600","price":"0.02300000","timestamp":1653459852,"volume":"0.03711846","buyTxId":"c4021ee8ac090cfd4d35e54a4f6d8f8590b613e3","sellTxId":"50e5bdbdb72553f97780f39d7bc66aaa3b62094d"}
{"index": {"_index":"pob","_id":"3520171"}}
	{"id":3520171,"type":"sell","buyer":"andy4475","seller":"steem82868","symbol":"POB","quantity":"1.04513769","price":"0.02300000","timestamp":1653466197,"volume":"0.02403817","buyTxId":"c4021ee8ac090cfd4d35e54a4f6d8f8590b613e3","sellTxId":"2d0d200c5e8d35cd11e4bd84402b909486063fce"}
{"index": {"_index":"pob","_id":"3520880"}}
	{"id":3520880,"type":"sell","buyer":"andy4475","seller":"dera123","symbol":"POB","quantity":"94.19786959","price":"0.02300000","timestamp":1653472383,"volume":"2.16655100","buyTxId":"c4021ee8ac090cfd4d35e54a4f6d8f8590b613e3","sellTxId":"09ee376acc295c47d96345195c3e2a26cba740eb"}
{"index": {"_index":"pob","_id":"3520995"}}
	{"id":3520995,"type":"sell","buyer":"andy4475","seller":"kaminchan","symbol":"POB","quantity":"71.46811305","price":"0.02300000","timestamp":1653473598,"volume":"1.64376660","buyTxId":"c4021ee8ac090cfd4d35e54a4f6d8f8590b613e3","sellTxId":"ace5056e147f4b479fdb4ddb7ce14a6b86fbff2f"}
{"index": {"_index":"pob","_id":"3521154"}}
	{"id":3521154,"type":"sell","buyer":"andy4475","seller":"laritheghost","symbol":"POB","quantity":"0.40463647","price":"0.02300000","timestamp":1653474300,"volume":"0.00930664","buyTxId":"c4021ee8ac090cfd4d35e54a4f6d8f8590b613e3","sellTxId":"ff10e1d14324de4f758bb96e688ba066f8a48cca"}
{"index": {"_index":"pob","_id":"3521320"}}
	{"id":3521320,"type":"sell","buyer":"andy4475","seller":"theissen","symbol":"POB","quantity":"0.00419237","price":"0.02300000","timestamp":1653475617,"volume":"0.00009642","buyTxId":"c4021ee8ac090cfd4d35e54a4f6d8f8590b613e3","sellTxId":"55e620bec5860ec9ea9508b8933331f9f931889b"}
{"index": {"_index":"pob","_id":"3521397"}}
	{"id":3521397,"type":"sell","buyer":"andy4475","seller":"scooter77","symbol":"POB","quantity":"24.50000000","price":"0.02300000","timestamp":1653476259,"volume":"0.56350000","buyTxId":"c4021ee8ac090cfd4d35e54a4f6d8f8590b613e3","sellTxId":"1f2132c373e08e5c38dce03b8f1c8717bbb870f4"}
{"index": {"_index":"pob","_id":"3521519"}}
	{"id":3521519,"type":"sell","buyer":"andy4475","seller":"flipflopcrypto","symbol":"POB","quantity":"14.04834429","price":"0.02300000","timestamp":1653477162,"volume":"0.32311192","buyTxId":"c4021ee8ac090cfd4d35e54a4f6d8f8590b613e3","sellTxId":"3aa4d2e7068518b1ddec9345a5db8ee608aa0fa5"}
{"index": {"_index":"pob","_id":"3521583"}}
	{"id":3521583,"type":"sell","buyer":"andy4475","seller":"ugochill","symbol":"POB","quantity":"0.45797788","price":"0.02300000","timestamp":1653477570,"volume":"0.01053349","buyTxId":"c4021ee8ac090cfd4d35e54a4f6d8f8590b613e3","sellTxId":"ff02937095f8601ef178abf4f7f1dd1f1b6f4f25"}
{"index": {"_index":"pob","_id":"3521626"}}
	{"id":3521626,"type":"buy","buyer":"chesatochi","seller":"richardcrill","symbol":"POB","quantity":"0.32005425","price":"0.02470000","timestamp":1653477963,"volume":"0.00790534","buyTxId":"dfa4082814c4f331121ae0c453df6b0f3a7bd10f","sellTxId":"MM-P-17691160-64681561-3-12-0"}
{"index": {"_index":"pob","_id":"3521744"}}
	{"id":3521744,"type":"sell","buyer":"andy4475","seller":"centtrail","symbol":"POB","quantity":"0.05038117","price":"0.02300000","timestamp":1653479148,"volume":"0.00115877","buyTxId":"c4021ee8ac090cfd4d35e54a4f6d8f8590b613e3","sellTxId":"d673cd8fabb5d0893dca6ba91c2d95a7a47f320e"}
{"index": {"_index":"pob","_id":"3522557"}}
	{"id":3522557,"type":"sell","buyer":"andy4475","seller":"gubbatv","symbol":"POB","quantity":"0.58068993","price":"0.02300000","timestamp":1653485304,"volume":"0.01335587","buyTxId":"c4021ee8ac090cfd4d35e54a4f6d8f8590b613e3","sellTxId":"28968650495921afb02e8d43e24f0ad20ff3db8c"}
{"index": {"_index":"pob","_id":"3522668"}}
	{"id":3522668,"type":"sell","buyer":"andy4475","seller":"chronocrypto","symbol":"POB","quantity":"256.24674904","price":"0.02300000","timestamp":1653485844,"volume":"5.89367523","buyTxId":"c4021ee8ac090cfd4d35e54a4f6d8f8590b613e3","sellTxId":"e70b55735460729774da9640feb3c70bcacfd2dc"}
{"index": {"_index":"pob","_id":"3522745"}}
	{"id":3522745,"type":"sell","buyer":"andy4475","seller":"luizeba","symbol":"POB","quantity":"252.85699875","price":"0.02300000","timestamp":1653486324,"volume":"5.81571097","buyTxId":"c4021ee8ac090cfd4d35e54a4f6d8f8590b613e3","sellTxId":"d0bf5db9bef401ab6a84f70cb63fc43a01bbed1b"}
{"index": {"_index":"pob","_id":"3522884"}}
	{"id":3522884,"type":"sell","buyer":"andy4475","seller":"esecholo","symbol":"POB","quantity":"1.30000000","price":"0.02300000","timestamp":1653487209,"volume":"0.02990000","buyTxId":"c4021ee8ac090cfd4d35e54a4f6d8f8590b613e3","sellTxId":"6567573d0ad807cbb843391ba67d385238556e99"}
{"index": {"_index":"pob","_id":"3522894"}}
	{"id":3522894,"type":"sell","buyer":"andy4475","seller":"florenceboens","symbol":"POB","quantity":"0.20739300","price":"0.02300000","timestamp":1653487290,"volume":"0.00477004","buyTxId":"c4021ee8ac090cfd4d35e54a4f6d8f8590b613e3","sellTxId":"91cd5041a50c73f1c9a07b7a5e595d6a04d667cc"}
{"index": {"_index":"pob","_id":"3522956"}}
	{"id":3522956,"type":"sell","buyer":"andy4475","seller":"papacrusher","symbol":"POB","quantity":"4.17998171","price":"0.02300000","timestamp":1653487488,"volume":"0.09613958","buyTxId":"c4021ee8ac090cfd4d35e54a4f6d8f8590b613e3","sellTxId":"6e0d256aed986dcd193cc0d081d19f945d7e7c68"}
{"index": {"_index":"pob","_id":"3524195"}}
	{"id":3524195,"type":"sell","buyer":"andy4475","seller":"epicur0","symbol":"POB","quantity":"23.93723348","price":"0.02300000","timestamp":1653492675,"volume":"0.55055637","buyTxId":"c4021ee8ac090cfd4d35e54a4f6d8f8590b613e3","sellTxId":"37563c1fcb0c422c19f57c075d6b23f5bfc8c43d"}
{"index": {"_index":"pob","_id":"3525542"}}
	{"id":3525542,"type":"sell","buyer":"andy4475","seller":"beemd","symbol":"POB","quantity":"30.62819623","price":"0.02300000","timestamp":1653495774,"volume":"0.70444851","buyTxId":"c4021ee8ac090cfd4d35e54a4f6d8f8590b613e3","sellTxId":"cb6e9c7b6df59f77c40b74653ec4ae6bb6baea82"}
{"index": {"_index":"pob","_id":"3525640"}}
	{"id":3525640,"type":"sell","buyer":"andy4475","seller":"mein-senf-dazu","symbol":"POB","quantity":"4.47183682","price":"0.02300000","timestamp":1653495972,"volume":"0.10285225","buyTxId":"c4021ee8ac090cfd4d35e54a4f6d8f8590b613e3","sellTxId":"6de40b2769007813a58cf75fedfcaaad7f6928fa"}
{"index": {"_index":"pob","_id":"3525756"}}
	{"id":3525756,"type":"sell","buyer":"andy4475","seller":"denmarkguy","symbol":"POB","quantity":"0.73076383","price":"0.02300000","timestamp":1653496308,"volume":"0.01680757","buyTxId":"c4021ee8ac090cfd4d35e54a4f6d8f8590b613e3","sellTxId":"f4d2d1b5c2fc8f3721ef4827688876972ce6e389"}
{"index": {"_index":"pob","_id":"3526021"}}
	{"id":3526021,"type":"sell","buyer":"andy4475","seller":"phoenixwren","symbol":"POB","quantity":"26.67852801","price":"0.02300000","timestamp":1653497472,"volume":"0.61360614","buyTxId":"c4021ee8ac090cfd4d35e54a4f6d8f8590b613e3","sellTxId":"4ce86be785b29b3a5f3f06dd5eaee8f4251481d9"}
{"index": {"_index":"pob","_id":"3526275"}}
	{"id":3526275,"type":"sell","buyer":"andy4475","seller":"curatorcat.pal","symbol":"POB","quantity":"0.84506368","price":"0.02300000","timestamp":1653498633,"volume":"0.01943646","buyTxId":"c4021ee8ac090cfd4d35e54a4f6d8f8590b613e3","sellTxId":"50c532f0302d55a3d4497e59be5c23eb60689fea"}
{"index": {"_index":"pob","_id":"3526487"}}
	{"id":3526487,"type":"sell","buyer":"andy4475","seller":"bionicpainter","symbol":"POB","quantity":"293.21941433","price":"0.02300000","timestamp":1653499800,"volume":"6.74404653","buyTxId":"c4021ee8ac090cfd4d35e54a4f6d8f8590b613e3","sellTxId":"2bd9d547e05bced3a69afadd8295300b158716b1"}
{"index": {"_index":"pob","_id":"3526501"}}
	{"id":3526501,"type":"sell","buyer":"andy4475","seller":"bionicpainter","symbol":"POB","quantity":"300.16384343","price":"0.02300000","timestamp":1653499839,"volume":"6.90376840","buyTxId":"c4021ee8ac090cfd4d35e54a4f6d8f8590b613e3","sellTxId":"daf40c60fa3b04146a73714d6ac5e7f6caad8815"}
{"index": {"_index":"pob","_id":"3526506"}}
	{"id":3526506,"type":"sell","buyer":"andy4475","seller":"bionicpainter","symbol":"POB","quantity":"302.80313896","price":"0.02300000","timestamp":1653499890,"volume":"6.96447220","buyTxId":"c4021ee8ac090cfd4d35e54a4f6d8f8590b613e3","sellTxId":"9f28f3cb6c29fb45b843cb5b640baa8eb2c1386a"}
{"index": {"_index":"pob","_id":"3526560"}}
	{"id":3526560,"type":"buy","buyer":"ugochill","seller":"richardcrill","symbol":"POB","quantity":"4.96000000","price":"0.02470000","timestamp":1653500310,"volume":"0.12251200","buyTxId":"c03d367ce7ed56a77a3a905565a7834d2db740e6","sellTxId":"MM-P-17697945-64688353-3-12-0"}
{"index": {"_index":"pob","_id":"3526585"}}
	{"id":3526585,"type":"sell","buyer":"andy4475","seller":"curatorcat.leo","symbol":"POB","quantity":"3.25368993","price":"0.02300000","timestamp":1653500502,"volume":"0.07483487","buyTxId":"c4021ee8ac090cfd4d35e54a4f6d8f8590b613e3","sellTxId":"492b3d5145e010fbd19ebccb0d9193cbf1db36b3"}
{"index": {"_index":"pob","_id":"3526754"}}
	{"id":3526754,"type":"sell","buyer":"andy4475","seller":"jsantana","symbol":"POB","quantity":"9.36924656","price":"0.02300000","timestamp":1653501462,"volume":"0.21549267","buyTxId":"c4021ee8ac090cfd4d35e54a4f6d8f8590b613e3","sellTxId":"edda4200185dbbf13cf3f983f3d47c9144d34faf"}
{"index": {"_index":"pob","_id":"3526777"}}
	{"id":3526777,"type":"sell","buyer":"andy4475","seller":"decentropia","symbol":"POB","quantity":"0.12605812","price":"0.02300000","timestamp":1653501564,"volume":"0.00289934","buyTxId":"c4021ee8ac090cfd4d35e54a4f6d8f8590b613e3","sellTxId":"896ef966211f5a332d86bf286a8ada107b31bf91"}
{"index": {"_index":"pob","_id":"3527015"}}
	{"id":3527015,"type":"sell","buyer":"andy4475","seller":"oks2crypto","symbol":"POB","quantity":"0.19223786","price":"0.02300000","timestamp":1653503472,"volume":"0.00442147","buyTxId":"c4021ee8ac090cfd4d35e54a4f6d8f8590b613e3","sellTxId":"0cc06b97b00147c05b25a234b7f0902b4cd0ac85"}
{"index": {"_index":"pob","_id":"3527118"}}
	{"id":3527118,"type":"sell","buyer":"andy4475","seller":"dswap","symbol":"POB","quantity":"2.17097941","price":"0.02300000","timestamp":1653504423,"volume":"0.04993253","buyTxId":"c4021ee8ac090cfd4d35e54a4f6d8f8590b613e3","sellTxId":"2448e54633b91d564d737e93a91bb77dc9ce7c0e"}
{"index": {"_index":"pob","_id":"3527221"}}
	{"id":3527221,"type":"sell","buyer":"andy4475","seller":"justinparke","symbol":"POB","quantity":"6.82268074","price":"0.02300000","timestamp":1653505395,"volume":"0.15692166","buyTxId":"c4021ee8ac090cfd4d35e54a4f6d8f8590b613e3","sellTxId":"f24cc00fb68457f2c81069d74a3340f6f780b4ee"}
{"index": {"_index":"pob","_id":"3527290"}}
	{"id":3527290,"type":"sell","buyer":"andy4475","seller":"zakludick","symbol":"POB","quantity":"13.30998452","price":"0.02300000","timestamp":1653506013,"volume":"0.30612964","buyTxId":"c4021ee8ac090cfd4d35e54a4f6d8f8590b613e3","sellTxId":"c0c1cfcf7b79faf69477a2222ba0c5d3e55b9983"}
{"index": {"_index":"pob","_id":"3527402"}}
	{"id":3527402,"type":"sell","buyer":"andy4475","seller":"mango-juice","symbol":"POB","quantity":"13.41361370","price":"0.02300000","timestamp":1653507279,"volume":"0.30851312","buyTxId":"c4021ee8ac090cfd4d35e54a4f6d8f8590b613e3","sellTxId":"b40706cfee664feb1ecb1e9e241cea26d9466df7"}
{"index": {"_index":"pob","_id":"3527579"}}
	{"id":3527579,"type":"sell","buyer":"andy4475","seller":"underlock","symbol":"POB","quantity":"45.54001395","price":"0.02300000","timestamp":1653509052,"volume":"1.04742032","buyTxId":"c4021ee8ac090cfd4d35e54a4f6d8f8590b613e3","sellTxId":"d751ac3bc39af1e00a86ffe10752638973b26f17"}
{"index": {"_index":"pob","_id":"3527975"}}
	{"id":3527975,"type":"sell","buyer":"andy4475","seller":"beemd","symbol":"POB","quantity":"11.04077966","price":"0.02300000","timestamp":1653511875,"volume":"0.25393793","buyTxId":"c4021ee8ac090cfd4d35e54a4f6d8f8590b613e3","sellTxId":"401f17c143ced30165fdddaecc2699da445ed052"}
{"index": {"_index":"pob","_id":"3528465"}}
	{"id":3528465,"type":"sell","buyer":"vagabondspirit","seller":"he-index","symbol":"POB","quantity":"0.05700000","price":"0.02340000","timestamp":1653516066,"volume":"0.00133380","buyTxId":"906d53cc021b647ed1719a0bbb0af1b7938620bf","sellTxId":"38dbbae2ca756c639fc426ab1e53ca1c10788b96"}
{"index": {"_index":"pob","_id":"3528483"}}
	{"id":3528483,"type":"sell","buyer":"vagabondspirit","seller":"pjansen","symbol":"POB","quantity":"4.14962820","price":"0.02340000","timestamp":1653516294,"volume":"0.09710130","buyTxId":"906d53cc021b647ed1719a0bbb0af1b7938620bf","sellTxId":"b06e7aebb7184ce084b0518adf7c1a17b7aa9034"}
{"index": {"_index":"pob","_id":"3528484"}}
	{"id":3528484,"type":"sell","buyer":"andy4475","seller":"pjansen","symbol":"POB","quantity":"28.74648822","price":"0.02300000","timestamp":1653516294,"volume":"0.66116923","buyTxId":"c4021ee8ac090cfd4d35e54a4f6d8f8590b613e3","sellTxId":"b06e7aebb7184ce084b0518adf7c1a17b7aa9034"}
{"index": {"_index":"pob","_id":"3528582"}}
	{"id":3528582,"type":"sell","buyer":"andy4475","seller":"forexbrokr","symbol":"POB","quantity":"3.57587765","price":"0.02300000","timestamp":1653517584,"volume":"0.08224519","buyTxId":"c4021ee8ac090cfd4d35e54a4f6d8f8590b613e3","sellTxId":"a3a20ace337b4d7535fe97f652f13decb4c18c6d"}
{"index": {"_index":"pob","_id":"3529272"}}
	{"id":3529272,"type":"sell","buyer":"andy4475","seller":"laritheghost","symbol":"POB","quantity":"0.40610047","price":"0.02300000","timestamp":1653523605,"volume":"0.00934031","buyTxId":"c4021ee8ac090cfd4d35e54a4f6d8f8590b613e3","sellTxId":"302c9609ae751571b8ebfc0aa2c1aa8a2e4b7c6b"}
{"index": {"_index":"pob","_id":"3529460"}}
	{"id":3529460,"type":"sell","buyer":"opidia","seller":"pjansen","symbol":"POB","quantity":"95.37466519","price":"0.02310000","timestamp":1653525396,"volume":"2.20315477","buyTxId":"bdf395b0bc38e8450c1b85809aaf206e355440f3","sellTxId":"03c515fde58d1893ad330c564dff3875cee8276d"}
{"index": {"_index":"pob","_id":"3529495"}}
	{"id":3529495,"type":"sell","buyer":"opidia","seller":"ugochill","symbol":"POB","quantity":"0.19653717","price":"0.02310000","timestamp":1653525837,"volume":"0.00454001","buyTxId":"bdf395b0bc38e8450c1b85809aaf206e355440f3","sellTxId":"85272930e586260642eaf5c5b5e40ae014e9068b"}
{"index": {"_index":"pob","_id":"3529811"}}
	{"id":3529811,"type":"sell","buyer":"imagenius.dac","seller":"pjansen","symbol":"POB","quantity":"215.30959791","price":"0.02340000","timestamp":1653528957,"volume":"5.03824459","buyTxId":"c7712a66726b0b223623ec1c9c41dcce1ab1cf97","sellTxId":"29fa874f452d2184b6869e1fa006279d61a063c2"}
{"index": {"_index":"pob","_id":"3529919"}}
	{"id":3529919,"type":"sell","buyer":"imagenius.dac","seller":"splinterlandshq","symbol":"POB","quantity":"3.87727254","price":"0.02340000","timestamp":1653529746,"volume":"0.09072818","buyTxId":"c7712a66726b0b223623ec1c9c41dcce1ab1cf97","sellTxId":"aeb09719155857f544e43fbce856219a33088f03"}
{"index": {"_index":"pob","_id":"3529957"}}
	{"id":3529957,"type":"sell","buyer":"imagenius.dac","seller":"fiberfrau","symbol":"POB","quantity":"1.78647301","price":"0.02340000","timestamp":1653530226,"volume":"0.04180347","buyTxId":"c7712a66726b0b223623ec1c9c41dcce1ab1cf97","sellTxId":"6791675ce5caa7e8d6623e4e310900df7f07a982"}
{"index": {"_index":"pob","_id":"3529972"}}
	{"id":3529972,"type":"sell","buyer":"imagenius.dac","seller":"steem82868","symbol":"POB","quantity":"0.05279514","price":"0.02340000","timestamp":1653530370,"volume":"0.00123541","buyTxId":"c7712a66726b0b223623ec1c9c41dcce1ab1cf97","sellTxId":"6e7a3a5d77154d95557efcff6e3a8beef8549b7b"}
