{"index": {"_index":"pob","_id":"1416456"}}
	{"id":1416456,"type":"sell","buyer":"gimme-your-coinz","seller":"pablodare","symbol":"POB","quantity":"1.09544808","price":"0.46010012","timestamp":1629860067,"volume":"0.50401579","buyTxId":"e57f7bab5c5c4605f5e35bc5ee37e5b8a5547716","sellTxId":"5487c75413330b0b369aebb2532de9284f7a8124"}
{"index": {"_index":"pob","_id":"1416477"}}
	{"id":1416477,"type":"sell","buyer":"gimme-your-coinz","seller":"iyanpol12","symbol":"POB","quantity":"0.50895443","price":"0.46010012","timestamp":1629860550,"volume":"0.23416999","buyTxId":"e57f7bab5c5c4605f5e35bc5ee37e5b8a5547716","sellTxId":"6bfe3247452725e3ede74c37b9c09d3708b20edd"}
{"index": {"_index":"pob","_id":"1416500"}}
	{"id":1416500,"type":"sell","buyer":"gimme-your-coinz","seller":"nahueldare3627","symbol":"POB","quantity":"0.88206536","price":"0.46010012","timestamp":1629861291,"volume":"0.40583838","buyTxId":"e57f7bab5c5c4605f5e35bc5ee37e5b8a5547716","sellTxId":"b8dcc2e01112584dcc399cf00e9da27da30489c6"}
{"index": {"_index":"pob","_id":"1416565"}}
	{"id":1416565,"type":"sell","buyer":"gimme-your-coinz","seller":"sugandhaseth","symbol":"POB","quantity":"10.00000000","price":"0.46010012","timestamp":1629862365,"volume":"4.60100120","buyTxId":"e57f7bab5c5c4605f5e35bc5ee37e5b8a5547716","sellTxId":"273c3e98684f27e6db08b78f2dd93da51a2b5d01"}
{"index": {"_index":"pob","_id":"1416631"}}
	{"id":1416631,"type":"sell","buyer":"gimme-your-coinz","seller":"finguru","symbol":"POB","quantity":"6.00000000","price":"0.46010014","timestamp":1629863211,"volume":"2.76060084","buyTxId":"89bc6e89e4129dde9ca722a6ceca7ca57ffe026e","sellTxId":"731cd672f3275c196cadb20991d81576bd5e1c02"}
{"index": {"_index":"pob","_id":"1416635"}}
	{"id":1416635,"type":"buy","buyer":"insight.pob","seller":"chuckrick","symbol":"POB","quantity":"7.27852156","price":"0.47999000","timestamp":1629863322,"volume":"3.49361756","buyTxId":"ba2059933539fd6964c792a8499a6f1b083a7187","sellTxId":"2ce4f06ccc8b0f1842f8676cedc91a6374110bbe"}
{"index": {"_index":"pob","_id":"1416636"}}
	{"id":1416636,"type":"buy","buyer":"insight.pob","seller":"elemarg25","symbol":"POB","quantity":"12.22388430","price":"0.47999000","timestamp":1629863322,"volume":"5.86734223","buyTxId":"ba2059933539fd6964c792a8499a6f1b083a7187","sellTxId":"2bb4c8635d3873b7f7556ec528431bb699238026"}
{"index": {"_index":"pob","_id":"1416821"}}
	{"id":1416821,"type":"sell","buyer":"insight.pob","seller":"torrecoin90","symbol":"POB","quantity":"2.08425290","price":"0.47999000","timestamp":1629866262,"volume":"1.00042055","buyTxId":"ba2059933539fd6964c792a8499a6f1b083a7187","sellTxId":"d8f3e3ff5b08f32c41eca9f0ab83d6da225ce451"}
{"index": {"_index":"pob","_id":"1416829"}}
	{"id":1416829,"type":"buy","buyer":"razack-pulo","seller":"kemmyb","symbol":"POB","quantity":"1.17174501","price":"0.48000000","timestamp":1629866427,"volume":"0.56243760","buyTxId":"8a5cadeae48923008ace2c3f982da2190840ad1d","sellTxId":"850624603bcd6a48aa85bc7c5aefdbf8a8168ba8"}
{"index": {"_index":"pob","_id":"1416830"}}
	{"id":1416830,"type":"buy","buyer":"razack-pulo","seller":"kemmyb","symbol":"POB","quantity":"5.00000000","price":"0.48500000","timestamp":1629866427,"volume":"2.42500000","buyTxId":"8a5cadeae48923008ace2c3f982da2190840ad1d","sellTxId":"2e6c25d3b33638a057edeb2f56f3e411171e3e78"}
{"index": {"_index":"pob","_id":"1416831"}}
	{"id":1416831,"type":"buy","buyer":"razack-pulo","seller":"kemmyb","symbol":"POB","quantity":"4.82825499","price":"0.50000000","timestamp":1629866427,"volume":"2.41412750","buyTxId":"8a5cadeae48923008ace2c3f982da2190840ad1d","sellTxId":"b3ddbd7c92d3aa9d82dbe2ef9191529652fecb18"}
{"index": {"_index":"pob","_id":"1416858"}}
	{"id":1416858,"type":"buy","buyer":"razackpulo.sport","seller":"kemmyb","symbol":"POB","quantity":"0.17174501","price":"0.50000000","timestamp":1629867231,"volume":"0.08587251","buyTxId":"b232d25389ebb5f58be67e31f890aa1af9c88e4c","sellTxId":"b3ddbd7c92d3aa9d82dbe2ef9191529652fecb18"}
{"index": {"_index":"pob","_id":"1416859"}}
	{"id":1416859,"type":"buy","buyer":"razackpulo.sport","seller":"beemd","symbol":"POB","quantity":"0.68998860","price":"0.52439000","timestamp":1629867231,"volume":"0.36182312","buyTxId":"b232d25389ebb5f58be67e31f890aa1af9c88e4c","sellTxId":"2a4811cf90543eb3fd0149dddfa4354a56d19f4e"}
{"index": {"_index":"pob","_id":"1416860"}}
	{"id":1416860,"type":"buy","buyer":"razackpulo.sport","seller":"kibela","symbol":"POB","quantity":"0.58826639","price":"0.52440000","timestamp":1629867231,"volume":"0.30848689","buyTxId":"b232d25389ebb5f58be67e31f890aa1af9c88e4c","sellTxId":"7464f232f83279b720ce7a0846d2d1bc424c0ac9"}
{"index": {"_index":"pob","_id":"1416865"}}
	{"id":1416865,"type":"sell","buyer":"razack-pulo","seller":"dwinblood","symbol":"POB","quantity":"18.83877521","price":"0.48200000","timestamp":1629867243,"volume":"9.08028965","buyTxId":"9cae013d65b1a2185a2c4e3ab7b9c4ff713fc0a8","sellTxId":"77cde056e4bc1db72838675792f1b5e2bcc6921a"}
{"index": {"_index":"pob","_id":"1416931"}}
	{"id":1416931,"type":"sell","buyer":"razack-pulo","seller":"pouchon","symbol":"POB","quantity":"10.71122479","price":"0.48200000","timestamp":1629868317,"volume":"5.16281035","buyTxId":"9cae013d65b1a2185a2c4e3ab7b9c4ff713fc0a8","sellTxId":"4ce4d9b0773e52b81a5b685a6bc85ff139584b9e"}
{"index": {"_index":"pob","_id":"1416932"}}
	{"id":1416932,"type":"sell","buyer":"insight.pob","seller":"pouchon","symbol":"POB","quantity":"51.80200380","price":"0.47999000","timestamp":1629868317,"volume":"24.86444380","buyTxId":"ba2059933539fd6964c792a8499a6f1b083a7187","sellTxId":"4ce4d9b0773e52b81a5b685a6bc85ff139584b9e"}
{"index": {"_index":"pob","_id":"1417055"}}
	{"id":1417055,"type":"sell","buyer":"insight.pob","seller":"dynamicgreentk","symbol":"POB","quantity":"0.13655323","price":"0.47999000","timestamp":1629870495,"volume":"0.06554418","buyTxId":"ba2059933539fd6964c792a8499a6f1b083a7187","sellTxId":"e983d8029179bc4d40444c7a4888c06e3ee5e0e8"}
{"index": {"_index":"pob","_id":"1417061"}}
	{"id":1417061,"type":"sell","buyer":"insight.pob","seller":"dynamichivers","symbol":"POB","quantity":"0.19483147","price":"0.47999000","timestamp":1629870678,"volume":"0.09351716","buyTxId":"ba2059933539fd6964c792a8499a6f1b083a7187","sellTxId":"2f5ce434ae06174c684538811a7d5eeedc0056a0"}
{"index": {"_index":"pob","_id":"1417111"}}
	{"id":1417111,"type":"sell","buyer":"gimme-your-coinz","seller":"zainalbakri","symbol":"POB","quantity":"0.99860468","price":"0.47999001","timestamp":1629871515,"volume":"0.47932027","buyTxId":"94c9f70bb899a4acafad7d37f0e48c4552cf2242","sellTxId":"8a883523129ee60fc7e9cbb2f6e88ef91a3fa3cd"}
{"index": {"_index":"pob","_id":"1417139"}}
	{"id":1417139,"type":"sell","buyer":"gimme-your-coinz","seller":"justinparke","symbol":"POB","quantity":"3.91935882","price":"0.47999001","timestamp":1629871884,"volume":"1.88125308","buyTxId":"94c9f70bb899a4acafad7d37f0e48c4552cf2242","sellTxId":"3dc5f27489cd1a58c66eb83e7e5a1bfc5887fd08"}
{"index": {"_index":"pob","_id":"1417153"}}
	{"id":1417153,"type":"sell","buyer":"gimme-your-coinz","seller":"magdiel7","symbol":"POB","quantity":"1.24602487","price":"0.47999001","timestamp":1629872025,"volume":"0.59807949","buyTxId":"94c9f70bb899a4acafad7d37f0e48c4552cf2242","sellTxId":"77dc3b48301d1a7a0145802a679d98c8be4fe247"}
{"index": {"_index":"pob","_id":"1417284"}}
	{"id":1417284,"type":"sell","buyer":"gimme-your-coinz","seller":"trumpman","symbol":"POB","quantity":"21.00000000","price":"0.47999001","timestamp":1629873471,"volume":"10.07979021","buyTxId":"94c9f70bb899a4acafad7d37f0e48c4552cf2242","sellTxId":"e09ba0997dac93f25b24308145487e9a3d8ae0a6"}
{"index": {"_index":"pob","_id":"1417317"}}
	{"id":1417317,"type":"sell","buyer":"gimme-your-coinz","seller":"fullcoverbetting","symbol":"POB","quantity":"1.68405951","price":"0.47999001","timestamp":1629874038,"volume":"0.80833174","buyTxId":"94c9f70bb899a4acafad7d37f0e48c4552cf2242","sellTxId":"f5860ec134552a1801df1425ab60dd0f1bef6d6c"}
{"index": {"_index":"pob","_id":"1417365"}}
	{"id":1417365,"type":"sell","buyer":"gimme-your-coinz","seller":"itharagaian","symbol":"POB","quantity":"0.09220000","price":"0.47999001","timestamp":1629874464,"volume":"0.04425508","buyTxId":"94c9f70bb899a4acafad7d37f0e48c4552cf2242","sellTxId":"e48180f7bda99ce62ff589c733c415a6fd835216"}
{"index": {"_index":"pob","_id":"1417379"}}
	{"id":1417379,"type":"sell","buyer":"gimme-your-coinz","seller":"phusionphil","symbol":"POB","quantity":"4.59695697","price":"0.47999001","timestamp":1629874791,"volume":"2.20649342","buyTxId":"94c9f70bb899a4acafad7d37f0e48c4552cf2242","sellTxId":"d9160185b4f691a514048384c34d08f3f852b439"}
{"index": {"_index":"pob","_id":"1417416"}}
	{"id":1417416,"type":"buy","buyer":"insight.pob","seller":"beemd","symbol":"POB","quantity":"0.17901102","price":"0.50999900","timestamp":1629875544,"volume":"0.09129544","buyTxId":"407fd620278a63f2673480c32d4839187a355fd6","sellTxId":"3011e6a0fc5225c7263b2cde8838f3b4e9aa01d1"}
{"index": {"_index":"pob","_id":"1417427"}}
	{"id":1417427,"type":"sell","buyer":"gimme-your-coinz","seller":"hive-143869","symbol":"POB","quantity":"0.17360000","price":"0.47999001","timestamp":1629875661,"volume":"0.08332627","buyTxId":"94c9f70bb899a4acafad7d37f0e48c4552cf2242","sellTxId":"6b5c897ffc76ae4c07345a318131b5a29d68ad30"}
{"index": {"_index":"pob","_id":"1417433"}}
	{"id":1417433,"type":"sell","buyer":"gimme-your-coinz","seller":"risingstargame","symbol":"POB","quantity":"3.00000000","price":"0.47999001","timestamp":1629875721,"volume":"1.43997003","buyTxId":"94c9f70bb899a4acafad7d37f0e48c4552cf2242","sellTxId":"089e31af44116dd77105c7cb5ea9cc463d593d0b"}
{"index": {"_index":"pob","_id":"1417514"}}
	{"id":1417514,"type":"sell","buyer":"gimme-your-coinz","seller":"cwow2","symbol":"POB","quantity":"0.58060319","price":"0.47999001","timestamp":1629877065,"volume":"0.27868373","buyTxId":"94c9f70bb899a4acafad7d37f0e48c4552cf2242","sellTxId":"51e359e5fd506f15a7ad5cdc0163c3cd14c45fde"}
{"index": {"_index":"pob","_id":"1417614"}}
	{"id":1417614,"type":"sell","buyer":"gimme-your-coinz","seller":"brofi-market","symbol":"POB","quantity":"0.33619147","price":"0.46010014","timestamp":1629879099,"volume":"0.15468174","buyTxId":"79a3277501e643eea19ddb6b84f9e375bb9754d2","sellTxId":"558663d553389801dd48c2187a1256bf44f4fed0"}
{"index": {"_index":"pob","_id":"1417725"}}
	{"id":1417725,"type":"sell","buyer":"gimme-your-coinz","seller":"dragosroua","symbol":"POB","quantity":"32.61313509","price":"0.46010014","timestamp":1629880506,"volume":"15.00530802","buyTxId":"79a3277501e643eea19ddb6b84f9e375bb9754d2","sellTxId":"8b377d42d0555c145174fc638cec5abc2c766bbc"}
{"index": {"_index":"pob","_id":"1417911"}}
	{"id":1417911,"type":"sell","buyer":"gimme-your-coinz","seller":"savagetobi","symbol":"POB","quantity":"20.449","price":"0.46010014","timestamp":1629882540,"volume":"9.40858776","buyTxId":"79a3277501e643eea19ddb6b84f9e375bb9754d2","sellTxId":"1e5afd0ceb4afc800a04e21dfca014d2e237fa74"}
{"index": {"_index":"pob","_id":"1417917"}}
	{"id":1417917,"type":"buy","buyer":"razack-pulo","seller":"alekst7","symbol":"POB","quantity":"20.00000000","price":"0.46100000","timestamp":1629882630,"volume":"9.22000000","buyTxId":"079da4d76ec017a2f0069e1723574b8c8a7a4fdc","sellTxId":"ef322b177e29d4bdda633f381b0ec5b81cc2e45a"}
{"index": {"_index":"pob","_id":"1417918"}}
	{"id":1417918,"type":"buy","buyer":"razack-pulo","seller":"alekst7","symbol":"POB","quantity":"25.00000000","price":"0.46500000","timestamp":1629882630,"volume":"11.62500000","buyTxId":"079da4d76ec017a2f0069e1723574b8c8a7a4fdc","sellTxId":"a6f959541f3b9b83d2745ba7058b865cbab3496d"}
{"index": {"_index":"pob","_id":"1417919"}}
	{"id":1417919,"type":"buy","buyer":"razack-pulo","seller":"gaboamc2393","symbol":"POB","quantity":"20.00000000","price":"0.51000000","timestamp":1629882630,"volume":"10.20000000","buyTxId":"079da4d76ec017a2f0069e1723574b8c8a7a4fdc","sellTxId":"7d0f74feb5281c6f0a4682f408a26571fb68af08"}
{"index": {"_index":"pob","_id":"1417955"}}
	{"id":1417955,"type":"buy","buyer":"chesatochi","seller":"gaboamc2393","symbol":"POB","quantity":"0.19308853","price":"0.51000000","timestamp":1629882903,"volume":"0.09847515","buyTxId":"af271e8dbf056ef31a324f411988e60e27abf03c","sellTxId":"7d0f74feb5281c6f0a4682f408a26571fb68af08"}
{"index": {"_index":"pob","_id":"1417956"}}
	{"id":1417956,"type":"buy","buyer":"chesatochi","seller":"brofi-market","symbol":"POB","quantity":"0.33619147","price":"0.51000000","timestamp":1629882903,"volume":"0.17145765","buyTxId":"af271e8dbf056ef31a324f411988e60e27abf03c","sellTxId":"030c29dfe2443978e5ba7f5e777ac59c81e3fe5e"}
{"index": {"_index":"pob","_id":"1418125"}}
	{"id":1418125,"type":"sell","buyer":"chesatochi","seller":"beemd","symbol":"POB","quantity":"0.21306382","price":"0.51000000","timestamp":1629885099,"volume":"0.10866255","buyTxId":"af271e8dbf056ef31a324f411988e60e27abf03c","sellTxId":"9ecaa5deb06186137dd46d14d5581600f37e4fba"}
{"index": {"_index":"pob","_id":"1418158"}}
	{"id":1418158,"type":"sell","buyer":"gimme-your-coinz","seller":"oswvin01","symbol":"POB","quantity":"11.75207340","price":"0.47000001","timestamp":1629885918,"volume":"5.52347462","buyTxId":"e2543b42fabe5cc08c6df11c06599ddd32290756","sellTxId":"042ef2f880932608255b7f300a3e09a1181bba10"}
{"index": {"_index":"pob","_id":"1418187"}}
	{"id":1418187,"type":"sell","buyer":"gimme-your-coinz","seller":"brunonacif","symbol":"POB","quantity":"4.66109763","price":"0.47000001","timestamp":1629886725,"volume":"2.19071593","buyTxId":"e2543b42fabe5cc08c6df11c06599ddd32290756","sellTxId":"a8505218669385a855e3daeeed076d5a04151acd"}
{"index": {"_index":"pob","_id":"1418311"}}
	{"id":1418311,"type":"sell","buyer":"gimme-your-coinz","seller":"scooter77","symbol":"POB","quantity":"18.28983286","price":"0.47000001","timestamp":1629888915,"volume":"8.59622163","buyTxId":"e2543b42fabe5cc08c6df11c06599ddd32290756","sellTxId":"a6a7bf1e1eb7b74b0b155fd9cf8a157ca5ab75b9"}
{"index": {"_index":"pob","_id":"1418399"}}
	{"id":1418399,"type":"sell","buyer":"gimme-your-coinz","seller":"nrg","symbol":"POB","quantity":"31.29699611","price":"0.47000001","timestamp":1629889380,"volume":"14.70958848","buyTxId":"e2543b42fabe5cc08c6df11c06599ddd32290756","sellTxId":"d60f6e90fdd0bb607883f975ba0c8a68b12d4904"}
{"index": {"_index":"pob","_id":"1418400"}}
	{"id":1418400,"type":"sell","buyer":"razack-pulo","seller":"nrg","symbol":"POB","quantity":"22.39935284","price":"0.47000000","timestamp":1629889380,"volume":"10.52769583","buyTxId":"4e21668dc37dc1f33c73e7022ea211da984802c3","sellTxId":"d60f6e90fdd0bb607883f975ba0c8a68b12d4904"}
{"index": {"_index":"pob","_id":"1418681"}}
	{"id":1418681,"type":"sell","buyer":"gimme-your-coinz","seller":"andy4475","symbol":"POB","quantity":"0.54746165","price":"0.47500001","timestamp":1629892743,"volume":"0.26004429","buyTxId":"9087180c21e0029cd66f36cff415a448f8d298b0","sellTxId":"bfa4be59170138e042c904fbcfaf95e8924eb4dc"}
{"index": {"_index":"pob","_id":"1418717"}}
	{"id":1418717,"type":"sell","buyer":"gimme-your-coinz","seller":"abimbola753","symbol":"POB","quantity":"9.70000000","price":"0.47500001","timestamp":1629893133,"volume":"4.60750010","buyTxId":"9087180c21e0029cd66f36cff415a448f8d298b0","sellTxId":"cf1f8079438a57d38f0425fd78b1288cfc7d8946"}
{"index": {"_index":"pob","_id":"1418733"}}
	{"id":1418733,"type":"sell","buyer":"gimme-your-coinz","seller":"nikkybabe","symbol":"POB","quantity":"2.10000000","price":"0.48000001","timestamp":1629893304,"volume":"1.00800002","buyTxId":"87fcdeba1133f014fcaab7c2f5168601c7789ac8","sellTxId":"0e979408e24f049b31b837da004621765b255400"}
{"index": {"_index":"pob","_id":"1418852"}}
	{"id":1418852,"type":"sell","buyer":"gimme-your-coinz","seller":"phoenixwren","symbol":"POB","quantity":"0.00952589","price":"0.48000001","timestamp":1629894366,"volume":"0.00457243","buyTxId":"87fcdeba1133f014fcaab7c2f5168601c7789ac8","sellTxId":"2362d0ac36c16ea72cd2e89cd6f99ae04a946585"}
{"index": {"_index":"pob","_id":"1418982"}}
	{"id":1418982,"type":"buy","buyer":"razackpulo.sport","seller":"kemmyb","symbol":"POB","quantity":"4.50000000","price":"0.49500000","timestamp":1629895482,"volume":"2.22750000","buyTxId":"e38388137037fe1ee323241c3ee296636e78d528","sellTxId":"67feb03bf004b10b5a6e6bdc1d45f618bd028a3f"}
{"index": {"_index":"pob","_id":"1418997"}}
	{"id":1418997,"type":"sell","buyer":"gimme-your-coinz","seller":"dhedge-drips","symbol":"POB","quantity":"0.03602050","price":"0.48000001","timestamp":1629895602,"volume":"0.01728984","buyTxId":"87fcdeba1133f014fcaab7c2f5168601c7789ac8","sellTxId":"4c276416eeaac7ab059eb5e16763748de54634dc"}
{"index": {"_index":"pob","_id":"1419040"}}
	{"id":1419040,"type":"sell","buyer":"gimme-your-coinz","seller":"hirohurl","symbol":"POB","quantity":"0.96380201","price":"0.48000001","timestamp":1629896130,"volume":"0.46262497","buyTxId":"87fcdeba1133f014fcaab7c2f5168601c7789ac8","sellTxId":"88d2f8cad7196ae1dfbe89130a0fb194e00d247b"}
{"index": {"_index":"pob","_id":"1419045"}}
	{"id":1419045,"type":"sell","buyer":"gimme-your-coinz","seller":"bilpcoinbot","symbol":"POB","quantity":"0.00499541","price":"0.48000001","timestamp":1629896145,"volume":"0.00239780","buyTxId":"87fcdeba1133f014fcaab7c2f5168601c7789ac8","sellTxId":"3c1e2c947ca84cf5e9153a7f194c9b4f48a655d7"}
{"index": {"_index":"pob","_id":"1419089"}}
	{"id":1419089,"type":"sell","buyer":"gimme-your-coinz","seller":"tonytrillions","symbol":"POB","quantity":"4.81163467","price":"0.48000001","timestamp":1629896805,"volume":"2.30958469","buyTxId":"87fcdeba1133f014fcaab7c2f5168601c7789ac8","sellTxId":"6b27fccbe92dd77436f859b299b562d684720bd6"}
{"index": {"_index":"pob","_id":"1419136"}}
	{"id":1419136,"type":"sell","buyer":"gimme-your-coinz","seller":"tonytrillions","symbol":"POB","quantity":"9.54757848","price":"0.48000001","timestamp":1629897315,"volume":"4.58283777","buyTxId":"87fcdeba1133f014fcaab7c2f5168601c7789ac8","sellTxId":"0b020db4b68b39f9750bbb2d1de9e5e8a09afe1c"}
{"index": {"_index":"pob","_id":"1419157"}}
	{"id":1419157,"type":"sell","buyer":"gimme-your-coinz","seller":"trentonlundy1","symbol":"POB","quantity":"0.00183118","price":"0.48000001","timestamp":1629897702,"volume":"0.00087897","buyTxId":"87fcdeba1133f014fcaab7c2f5168601c7789ac8","sellTxId":"658c2fb9d2667e2fe30eb6bb540cfb2b4107422f"}
{"index": {"_index":"pob","_id":"1419270"}}
	{"id":1419270,"type":"sell","buyer":"gimme-your-coinz","seller":"sozdemir","symbol":"POB","quantity":"8.68400000","price":"0.48000002","timestamp":1629899289,"volume":"4.16832017","buyTxId":"65cb2dc90ac54a3e5d846dd76ae6f35eea8b288b","sellTxId":"d055b38361493c75862a28598ee7364f07ea3133"}
{"index": {"_index":"pob","_id":"1419358"}}
	{"id":1419358,"type":"buy","buyer":"insight.pob","seller":"kemmyb","symbol":"POB","quantity":"0.50000000","price":"0.49500000","timestamp":1629900168,"volume":"0.24750000","buyTxId":"52c5e27aa4114a64f3c7c159cc227e78aba36c6d","sellTxId":"67feb03bf004b10b5a6e6bdc1d45f618bd028a3f"}
{"index": {"_index":"pob","_id":"1419359"}}
	{"id":1419359,"type":"buy","buyer":"insight.pob","seller":"dhedge-drips","symbol":"POB","quantity":"0.03602050","price":"0.49500000","timestamp":1629900168,"volume":"0.01783015","buyTxId":"52c5e27aa4114a64f3c7c159cc227e78aba36c6d","sellTxId":"0263ff98b7c05ce6f8c6ecab476809fa52f8f9e3"}
{"index": {"_index":"pob","_id":"1419452"}}
	{"id":1419452,"type":"sell","buyer":"insight.pob","seller":"dibblers.dabs","symbol":"POB","quantity":"15.00000000","price":"0.49500000","timestamp":1629901338,"volume":"7.42500000","buyTxId":"52c5e27aa4114a64f3c7c159cc227e78aba36c6d","sellTxId":"80aeaa2e031b82d6e60603b4c6064b8cd6bb3d62"}
{"index": {"_index":"pob","_id":"1419491"}}
	{"id":1419491,"type":"sell","buyer":"insight.pob","seller":"hiro-hive","symbol":"POB","quantity":"34.46397950","price":"0.49500000","timestamp":1629901884,"volume":"17.05966985","buyTxId":"52c5e27aa4114a64f3c7c159cc227e78aba36c6d","sellTxId":"87f1c38954ff64db0d3a08cd925a0b054e3f79af"}
{"index": {"_index":"pob","_id":"1419509"}}
	{"id":1419509,"type":"sell","buyer":"gimme-your-coinz","seller":"devpress","symbol":"POB","quantity":"1.53174677","price":"0.48000002","timestamp":1629901992,"volume":"0.73523848","buyTxId":"65cb2dc90ac54a3e5d846dd76ae6f35eea8b288b","sellTxId":"defe9a8a623f364304c8aef2d8c8785fee144923"}
{"index": {"_index":"pob","_id":"1419547"}}
	{"id":1419547,"type":"sell","buyer":"gimme-your-coinz","seller":"gubbatv","symbol":"POB","quantity":"0.87553179","price":"0.48000002","timestamp":1629902637,"volume":"0.42025528","buyTxId":"308a398eff2a094df8d1985266176cbba77d5aea","sellTxId":"56b4f21af8fe0b7af3ba85368e34698de498a3a6"}
{"index": {"_index":"pob","_id":"1419561"}}
	{"id":1419561,"type":"sell","buyer":"gimme-your-coinz","seller":"hiro-hive","symbol":"POB","quantity":"28.95786983","price":"0.48000002","timestamp":1629902739,"volume":"13.89977810","buyTxId":"308a398eff2a094df8d1985266176cbba77d5aea","sellTxId":"051b13698d5b78002ce306e174b50fdad7c18b25"}
{"index": {"_index":"pob","_id":"1419566"}}
	{"id":1419566,"type":"sell","buyer":"gimme-your-coinz","seller":"melbourneswest","symbol":"POB","quantity":"13.75103265","price":"0.48000002","timestamp":1629902802,"volume":"6.60049595","buyTxId":"308a398eff2a094df8d1985266176cbba77d5aea","sellTxId":"55736d6eda34a2ae028c7f77d36928321bde79fe"}
{"index": {"_index":"pob","_id":"1419596"}}
	{"id":1419596,"type":"sell","buyer":"gimme-your-coinz","seller":"valor2s","symbol":"POB","quantity":"1.73003708","price":"0.48000002","timestamp":1629903372,"volume":"0.83041783","buyTxId":"308a398eff2a094df8d1985266176cbba77d5aea","sellTxId":"8c63f00addf65e634468b4f614ac8b36b036a588"}
{"index": {"_index":"pob","_id":"1419659"}}
	{"id":1419659,"type":"sell","buyer":"interpretation","seller":"captainquack22","symbol":"POB","quantity":"0.9846","price":"0.49000000","timestamp":1629903942,"volume":"0.48245400","buyTxId":"39885efbedca5361452fafa265ddf010a162cd64","sellTxId":"a841db154d0c25eeba82dfad01a917b3fb8d8fe5"}
{"index": {"_index":"pob","_id":"1419676"}}
	{"id":1419676,"type":"sell","buyer":"interpretation","seller":"kevmcc","symbol":"POB","quantity":"1.00000000","price":"0.49000000","timestamp":1629904191,"volume":"0.49000000","buyTxId":"39885efbedca5361452fafa265ddf010a162cd64","sellTxId":"721aad098d1da411172f3790de24ad4ef674ed42"}
{"index": {"_index":"pob","_id":"1419723"}}
	{"id":1419723,"type":"buy","buyer":"insight.pob","seller":"anandjadhao","symbol":"POB","quantity":"1.00000000","price":"0.49500000","timestamp":1629904680,"volume":"0.49500000","buyTxId":"2744688be5be4fc1ad15e1af62023d8f9f3a0bed","sellTxId":"ca4de28f45d84cc7ce412092bc5e5b5dd93b1914"}
{"index": {"_index":"pob","_id":"1419770"}}
	{"id":1419770,"type":"sell","buyer":"insight.pob","seller":"ftfund","symbol":"POB","quantity":"1.80349721","price":"0.49500000","timestamp":1629905355,"volume":"0.89273112","buyTxId":"2744688be5be4fc1ad15e1af62023d8f9f3a0bed","sellTxId":"757a5dace3733c19b63973cc8ef21f1ddef8d92b"}
{"index": {"_index":"pob","_id":"1419840"}}
	{"id":1419840,"type":"sell","buyer":"insight.pob","seller":"chireerocks","symbol":"POB","quantity":"8.27704093","price":"0.49500000","timestamp":1629906123,"volume":"4.09713526","buyTxId":"2744688be5be4fc1ad15e1af62023d8f9f3a0bed","sellTxId":"537b83b7465a548c4e3a089a0e37b583cfab79eb"}
{"index": {"_index":"pob","_id":"1419855"}}
	{"id":1419855,"type":"sell","buyer":"insight.pob","seller":"tawadak24","symbol":"POB","quantity":"1.51600731","price":"0.49500000","timestamp":1629906279,"volume":"0.75042362","buyTxId":"2744688be5be4fc1ad15e1af62023d8f9f3a0bed","sellTxId":"3b6f036573e1bb010946ee4d59c98b4513826a99"}
{"index": {"_index":"pob","_id":"1419961"}}
	{"id":1419961,"type":"buy","buyer":"razack-pulo","seller":"kemmyb","symbol":"POB","quantity":"5.00000000","price":"0.50000000","timestamp":1629907938,"volume":"2.50000000","buyTxId":"9a98815e07ac843e694d2dd19396249487e5ecb3","sellTxId":"8df0fc25c803d7779d0e50e950dc91a3fd3a4a76"}
{"index": {"_index":"pob","_id":"1419962"}}
	{"id":1419962,"type":"buy","buyer":"razack-pulo","seller":"beemd","symbol":"POB","quantity":"0.38840331","price":"0.50000000","timestamp":1629907938,"volume":"0.19420166","buyTxId":"9a98815e07ac843e694d2dd19396249487e5ecb3","sellTxId":"aa66a4e401e51ee56ded06188bb868350664d818"}
{"index": {"_index":"pob","_id":"1419963"}}
	{"id":1419963,"type":"buy","buyer":"razack-pulo","seller":"beemd","symbol":"POB","quantity":"0.20060031","price":"0.51000000","timestamp":1629907938,"volume":"0.10230616","buyTxId":"9a98815e07ac843e694d2dd19396249487e5ecb3","sellTxId":"9ecaa5deb06186137dd46d14d5581600f37e4fba"}
{"index": {"_index":"pob","_id":"1419964"}}
	{"id":1419964,"type":"buy","buyer":"razack-pulo","seller":"antonym.splinter","symbol":"POB","quantity":"5.42891478","price":"0.51000000","timestamp":1629907938,"volume":"2.76874654","buyTxId":"9a98815e07ac843e694d2dd19396249487e5ecb3","sellTxId":"987e17124c83f046e69e085e4586456a25a76108"}
{"index": {"_index":"pob","_id":"1419965"}}
	{"id":1419965,"type":"buy","buyer":"razack-pulo","seller":"kemmyb","symbol":"POB","quantity":"5.00000000","price":"0.51000000","timestamp":1629907938,"volume":"2.55000000","buyTxId":"9a98815e07ac843e694d2dd19396249487e5ecb3","sellTxId":"9cafd153af7e7c4ac8be6f923badeee3553d0042"}
{"index": {"_index":"pob","_id":"1419966"}}
	{"id":1419966,"type":"buy","buyer":"razack-pulo","seller":"kemmyb","symbol":"POB","quantity":"3.98208160","price":"0.51500000","timestamp":1629907938,"volume":"2.05077202","buyTxId":"9a98815e07ac843e694d2dd19396249487e5ecb3","sellTxId":"0807bb0d5f8c1ad0b36617e1e0002d9f641fe578"}
{"index": {"_index":"pob","_id":"1419975"}}
	{"id":1419975,"type":"sell","buyer":"insight.pob","seller":"lammbock","symbol":"POB","quantity":"0.76304277","price":"0.49500000","timestamp":1629908118,"volume":"0.37770617","buyTxId":"2744688be5be4fc1ad15e1af62023d8f9f3a0bed","sellTxId":"7da60ffbff79a6ca9fe0e038f5767ebe8d39530a"}
{"index": {"_index":"pob","_id":"1420021"}}
	{"id":1420021,"type":"sell","buyer":"lulu-the-fizzgig","seller":"whitelightxpress","symbol":"POB","quantity":"0.71403292","price":"0.49510000","timestamp":1629908784,"volume":"0.35351770","buyTxId":"1cd83f38d0392cbf688b1ba9c986389512fde83d","sellTxId":"46cb054a1f6f7ed5f139792e1ddb75964a4aa640"}
{"index": {"_index":"pob","_id":"1420166"}}
	{"id":1420166,"type":"buy","buyer":"funt33","seller":"lulu-the-fizzgig","symbol":"POB","quantity":"0.54000000","price":"0.51499900","timestamp":1629909933,"volume":"0.27809946","buyTxId":"689cfa7f7f3d8c04bdd314435f41dfd9df5207e0","sellTxId":"62720792d5eb52f001eecae6fd4fcdc221082aba"}
{"index": {"_index":"pob","_id":"1420167"}}
	{"id":1420167,"type":"buy","buyer":"funt33","seller":"kemmyb","symbol":"POB","quantity":"0.36000000","price":"0.51500000","timestamp":1629909933,"volume":"0.18540000","buyTxId":"689cfa7f7f3d8c04bdd314435f41dfd9df5207e0","sellTxId":"0807bb0d5f8c1ad0b36617e1e0002d9f641fe578"}
{"index": {"_index":"pob","_id":"1420170"}}
	{"id":1420170,"type":"sell","buyer":"lulu-the-fizzgig","seller":"monsterjamgold","symbol":"POB","quantity":"2.39594281","price":"0.49510000","timestamp":1629909945,"volume":"1.18623129","buyTxId":"1cd83f38d0392cbf688b1ba9c986389512fde83d","sellTxId":"652f796eb0a41ace37f449f9dd34429090c6f539"}
{"index": {"_index":"pob","_id":"1420248"}}
	{"id":1420248,"type":"buy","buyer":"razackpulo.sport","seller":"kemmyb","symbol":"POB","quantity":"0.65791840","price":"0.51500000","timestamp":1629910470,"volume":"0.33882798","buyTxId":"ea9f2c076cd7d28eb5fa409b61a9c2104d00d880","sellTxId":"0807bb0d5f8c1ad0b36617e1e0002d9f641fe578"}
{"index": {"_index":"pob","_id":"1420249"}}
	{"id":1420249,"type":"buy","buyer":"razackpulo.sport","seller":"liotes.voter","symbol":"POB","quantity":"2.94208160","price":"0.51999501","timestamp":1629910470,"volume":"1.52986775","buyTxId":"ea9f2c076cd7d28eb5fa409b61a9c2104d00d880","sellTxId":"39592a71806c10a74fe29f72375fb59dab62844c"}
{"index": {"_index":"pob","_id":"1420372"}}
	{"id":1420372,"type":"sell","buyer":"lulu-the-fizzgig","seller":"ahmetay","symbol":"POB","quantity":"1.89002400","price":"0.49510000","timestamp":1629911985,"volume":"0.93575088","buyTxId":"1cd83f38d0392cbf688b1ba9c986389512fde83d","sellTxId":"b1f35a4ee54d757522689068a7885d5fd56132db"}
{"index": {"_index":"pob","_id":"1420376"}}
	{"id":1420376,"type":"sell","buyer":"lulu-the-fizzgig","seller":"ahmetay","symbol":"POB","quantity":"0.00000027","price":"0.49510000","timestamp":1629912027,"volume":"0.00000013","buyTxId":"1cd83f38d0392cbf688b1ba9c986389512fde83d","sellTxId":"999e923a83724fb082e1ad17c6b1e8e27f4fbaaf"}
{"index": {"_index":"pob","_id":"1420377"}}
	{"id":1420377,"type":"sell","buyer":"insight.pob","seller":"ahmetay","symbol":"POB","quantity":"2.15037129","price":"0.49500000","timestamp":1629912027,"volume":"1.06443379","buyTxId":"2744688be5be4fc1ad15e1af62023d8f9f3a0bed","sellTxId":"999e923a83724fb082e1ad17c6b1e8e27f4fbaaf"}
{"index": {"_index":"pob","_id":"1420523"}}
	{"id":1420523,"type":"sell","buyer":"insight.pob","seller":"cbuendia57","symbol":"POB","quantity":"0.59218753","price":"0.49500000","timestamp":1629913899,"volume":"0.29313283","buyTxId":"2744688be5be4fc1ad15e1af62023d8f9f3a0bed","sellTxId":"db809824727c6c8749fe11b11939532c34364022"}
{"index": {"_index":"pob","_id":"1420535"}}
	{"id":1420535,"type":"sell","buyer":"insight.pob","seller":"tezzmax","symbol":"POB","quantity":"33.89785296","price":"0.49500000","timestamp":1629914085,"volume":"16.77943721","buyTxId":"2744688be5be4fc1ad15e1af62023d8f9f3a0bed","sellTxId":"c63fbe2fe856551a5c6ac7faac5245d83532aefe"}
{"index": {"_index":"pob","_id":"1420540"}}
	{"id":1420540,"type":"sell","buyer":"interpretation","seller":"tezzmax","symbol":"POB","quantity":"9.30341846","price":"0.49000000","timestamp":1629914181,"volume":"4.55867505","buyTxId":"39885efbedca5361452fafa265ddf010a162cd64","sellTxId":"e63ff92fa257a1ab2f0637d1db6e1d105b844873"}
{"index": {"_index":"pob","_id":"1420577"}}
	{"id":1420577,"type":"sell","buyer":"he-index","seller":"dwinblood","symbol":"POB","quantity":"0.47500000","price":"0.48000001","timestamp":1629914679,"volume":"0.22800000","buyTxId":"3d9a333e3249ffbe9200ff4d2f6ed8e3d5db3e01","sellTxId":"0b2375f209ca1afae4a199a49adc46bab6cc75f3"}
{"index": {"_index":"pob","_id":"1420578"}}
	{"id":1420578,"type":"sell","buyer":"razack-pulo","seller":"dwinblood","symbol":"POB","quantity":"31.00230000","price":"0.48000000","timestamp":1629914679,"volume":"14.88110400","buyTxId":"fa0f1f185effc17f86180086b15e6f9daf67ba0f","sellTxId":"0b2375f209ca1afae4a199a49adc46bab6cc75f3"}
{"index": {"_index":"pob","_id":"1420750"}}
	{"id":1420750,"type":"sell","buyer":"razack-pulo","seller":"andy4475","symbol":"POB","quantity":"3.63725353","price":"0.48000000","timestamp":1629916512,"volume":"1.74588169","buyTxId":"fa0f1f185effc17f86180086b15e6f9daf67ba0f","sellTxId":"86a76dc32b6b2c6b6e7bac3613d120a2761f6ca5"}
{"index": {"_index":"pob","_id":"1420755"}}
	{"id":1420755,"type":"buy","buyer":"insight.pob","seller":"tezzmax","symbol":"POB","quantity":"2.29658154","price":"0.48900000","timestamp":1629916554,"volume":"1.12302837","buyTxId":"eeb3d3640d8368de3eb05fb622fe5dd56990de6d","sellTxId":"e63ff92fa257a1ab2f0637d1db6e1d105b844873"}
{"index": {"_index":"pob","_id":"1420762"}}
	{"id":1420762,"type":"sell","buyer":"insight.pob","seller":"peerfinance","symbol":"POB","quantity":"0.06400000","price":"0.48900000","timestamp":1629916620,"volume":"0.03129600","buyTxId":"eeb3d3640d8368de3eb05fb622fe5dd56990de6d","sellTxId":"1af553cb6f91bbbd842a522c744845b198841f06"}
{"index": {"_index":"pob","_id":"1420985"}}
	{"id":1420985,"type":"sell","buyer":"insight.pob","seller":"looftee","symbol":"POB","quantity":"0.93381735","price":"0.48900000","timestamp":1629918618,"volume":"0.45663668","buyTxId":"eeb3d3640d8368de3eb05fb622fe5dd56990de6d","sellTxId":"be1e470a8714e2dfe270851881f1205b3fc97f0d"}
{"index": {"_index":"pob","_id":"1421047"}}
	{"id":1421047,"type":"sell","buyer":"insight.pob","seller":"tonytrillions","symbol":"POB","quantity":"46.00000000","price":"0.48900000","timestamp":1629919269,"volume":"22.49400000","buyTxId":"eeb3d3640d8368de3eb05fb622fe5dd56990de6d","sellTxId":"31c89c535db61468a672f56dc75d979ab4352287"}
{"index": {"_index":"pob","_id":"1421058"}}
	{"id":1421058,"type":"sell","buyer":"insight.pob","seller":"tonytrillions","symbol":"POB","quantity":"0.70560111","price":"0.48900000","timestamp":1629919404,"volume":"0.34503894","buyTxId":"eeb3d3640d8368de3eb05fb622fe5dd56990de6d","sellTxId":"ec5d77e552859c724db41cede02db68571392a3b"}
{"index": {"_index":"pob","_id":"1421065"}}
	{"id":1421065,"type":"sell","buyer":"razack-pulo","seller":"tonytrillions","symbol":"POB","quantity":"23.29439889","price":"0.48000000","timestamp":1629919449,"volume":"11.18131147","buyTxId":"fa0f1f185effc17f86180086b15e6f9daf67ba0f","sellTxId":"7741d427df33134407b2ee212683bbc5915f1982"}
{"index": {"_index":"pob","_id":"1421109"}}
	{"id":1421109,"type":"sell","buyer":"razack-pulo","seller":"diebitch","symbol":"POB","quantity":"6.06604758","price":"0.48000000","timestamp":1629919872,"volume":"2.91170284","buyTxId":"fa0f1f185effc17f86180086b15e6f9daf67ba0f","sellTxId":"f21371cb8b1a56428079fb8e2015c1fa9efd64f1"}
{"index": {"_index":"pob","_id":"1421141"}}
	{"id":1421141,"type":"sell","buyer":"holovision","seller":"heruvim1978","symbol":"POB","quantity":"0.38500000","price":"0.47500000","timestamp":1629920460,"volume":"0.18287500","buyTxId":"7f5d63d86f023414527193e71eba85cc71c76d04","sellTxId":"d94666bbea6548bff240e6643212451cc88d6eea"}
{"index": {"_index":"pob","_id":"1421182"}}
	{"id":1421182,"type":"buy","buyer":"d-pend","seller":"heruvim1978","symbol":"POB","quantity":"10.47758271","price":"0.47500000","timestamp":1629920913,"volume":"4.97685179","buyTxId":"06a56f166e5b1e92f04ac899824891d3bdd8f81f","sellTxId":"d94666bbea6548bff240e6643212451cc88d6eea"}
{"index": {"_index":"pob","_id":"1421183"}}
	{"id":1421183,"type":"buy","buyer":"d-pend","seller":"diebitch","symbol":"POB","quantity":"35.91581628","price":"0.48000000","timestamp":1629920913,"volume":"17.23959181","buyTxId":"06a56f166e5b1e92f04ac899824891d3bdd8f81f","sellTxId":"f21371cb8b1a56428079fb8e2015c1fa9efd64f1"}
{"index": {"_index":"pob","_id":"1421184"}}
	{"id":1421184,"type":"buy","buyer":"d-pend","seller":"cesarsj5","symbol":"POB","quantity":"3.60660101","price":"0.49510000","timestamp":1629920913,"volume":"1.78562816","buyTxId":"06a56f166e5b1e92f04ac899824891d3bdd8f81f","sellTxId":"fa597decd0bd8751edc5cce3334aaeba7516b982"}
{"index": {"_index":"pob","_id":"1421273"}}
	{"id":1421273,"type":"sell","buyer":"insight.pob","seller":"cryptoandcoffee","symbol":"POB","quantity":"6.00000000","price":"0.48000000","timestamp":1629922176,"volume":"2.88000000","buyTxId":"dcd6bd273baef3f672a3aaee7dce31c66bdd3620","sellTxId":"1a018917b3a5062cf764a26606c78d96f476c284"}
{"index": {"_index":"pob","_id":"1421307"}}
	{"id":1421307,"type":"sell","buyer":"insight.pob","seller":"optimistically","symbol":"POB","quantity":"0.50505594","price":"0.48000000","timestamp":1629922734,"volume":"0.24242685","buyTxId":"dcd6bd273baef3f672a3aaee7dce31c66bdd3620","sellTxId":"5203e20e20704ce9ca22d5482d96ad9df51a85df"}
{"index": {"_index":"pob","_id":"1421374"}}
	{"id":1421374,"type":"sell","buyer":"insight.pob","seller":"ecoinstant","symbol":"POB","quantity":"5.18675283","price":"0.48000000","timestamp":1629923790,"volume":"2.48964136","buyTxId":"dcd6bd273baef3f672a3aaee7dce31c66bdd3620","sellTxId":"d1d76c491f289388cc377b5fc75a4f077c9c739f"}
{"index": {"_index":"pob","_id":"1421414"}}
	{"id":1421414,"type":"sell","buyer":"insight.pob","seller":"readthisplease","symbol":"POB","quantity":"32.00000000","price":"0.48000000","timestamp":1629924525,"volume":"15.36000000","buyTxId":"dcd6bd273baef3f672a3aaee7dce31c66bdd3620","sellTxId":"522ed5a4547b4cee5b8e9c5da8387d5ec1a67582"}
{"index": {"_index":"pob","_id":"1421422"}}
	{"id":1421422,"type":"sell","buyer":"insight.pob","seller":"readthisplease","symbol":"POB","quantity":"17.00000000","price":"0.48000000","timestamp":1629924603,"volume":"8.16000000","buyTxId":"dcd6bd273baef3f672a3aaee7dce31c66bdd3620","sellTxId":"1ccbf541e68e161a2a19b4f9c3af02ef82154e9f"}
{"index": {"_index":"pob","_id":"1421429"}}
	{"id":1421429,"type":"sell","buyer":"insight.pob","seller":"stevescoins","symbol":"POB","quantity":"9.83521029","price":"0.48000000","timestamp":1629924684,"volume":"4.72090094","buyTxId":"dcd6bd273baef3f672a3aaee7dce31c66bdd3620","sellTxId":"e5c1f9016e8ec77662eb1681dfbeb7d5b323ad4f"}
{"index": {"_index":"pob","_id":"1421451"}}
	{"id":1421451,"type":"sell","buyer":"insight.pob","seller":"cwow2","symbol":"POB","quantity":"0.89541493","price":"0.48000000","timestamp":1629924969,"volume":"0.42979917","buyTxId":"dcd6bd273baef3f672a3aaee7dce31c66bdd3620","sellTxId":"07ec0e2233cbbded6551a8b83e688eb026fd135d"}
{"index": {"_index":"pob","_id":"1421475"}}
	{"id":1421475,"type":"sell","buyer":"insight.pob","seller":"flsfserkan","symbol":"POB","quantity":"3.76015744","price":"0.48000000","timestamp":1629925059,"volume":"1.80487557","buyTxId":"dcd6bd273baef3f672a3aaee7dce31c66bdd3620","sellTxId":"9c7b60395c91b4fbb83cae4e3e5e62bb1dc28e27"}
{"index": {"_index":"pob","_id":"1421498"}}
	{"id":1421498,"type":"buy","buyer":"nathanpieters","seller":"cesarsj5","symbol":"POB","quantity":"1.14569455","price":"0.49510000","timestamp":1629925530,"volume":"0.56723337","buyTxId":"625e629d62fc675cb9cfde6dca3985e4ce0f6e15","sellTxId":"fa597decd0bd8751edc5cce3334aaeba7516b982"}
{"index": {"_index":"pob","_id":"1421653"}}
	{"id":1421653,"type":"sell","buyer":"nathanpieters","seller":"karmadorje","symbol":"POB","quantity":"0.75430545","price":"0.49510000","timestamp":1629927417,"volume":"0.37345663","buyTxId":"625e629d62fc675cb9cfde6dca3985e4ce0f6e15","sellTxId":"21c1a9c1b924b79175be8cf636fa9b0626072cae"}
{"index": {"_index":"pob","_id":"1421654"}}
	{"id":1421654,"type":"sell","buyer":"he-index","seller":"karmadorje","symbol":"POB","quantity":"0.02198764","price":"0.49510000","timestamp":1629927417,"volume":"0.01088608","buyTxId":"f4f72b369513ef4587a7ddb08d1aee04541b0da0","sellTxId":"21c1a9c1b924b79175be8cf636fa9b0626072cae"}
{"index": {"_index":"pob","_id":"1421675"}}
	{"id":1421675,"type":"sell","buyer":"he-index","seller":"littledisciples","symbol":"POB","quantity":"0.18401236","price":"0.49510000","timestamp":1629927765,"volume":"0.09110452","buyTxId":"f4f72b369513ef4587a7ddb08d1aee04541b0da0","sellTxId":"981453accbf7f960447e3633d2a84edb9173856b"}
{"index": {"_index":"pob","_id":"1421680"}}
	{"id":1421680,"type":"sell","buyer":"insight.pob","seller":"automaton","symbol":"POB","quantity":"2.37860859","price":"0.48000000","timestamp":1629927852,"volume":"1.14173212","buyTxId":"dcd6bd273baef3f672a3aaee7dce31c66bdd3620","sellTxId":"6ca40d065b67bad2d4644174e49ff809d525a4ee"}
{"index": {"_index":"pob","_id":"1421738"}}
	{"id":1421738,"type":"sell","buyer":"insight.pob","seller":"resiliencia","symbol":"POB","quantity":"3.15576773","price":"0.48000000","timestamp":1629928590,"volume":"1.51476851","buyTxId":"dcd6bd273baef3f672a3aaee7dce31c66bdd3620","sellTxId":"558781e668a49338891b54097eaa6a2b50176be0"}
{"index": {"_index":"pob","_id":"1421759"}}
	{"id":1421759,"type":"sell","buyer":"insight.pob","seller":"tarazkp","symbol":"POB","quantity":"19.28303225","price":"0.48000000","timestamp":1629928869,"volume":"9.25585548","buyTxId":"dcd6bd273baef3f672a3aaee7dce31c66bdd3620","sellTxId":"eabac976f6d10bff199a780cac648a08456af62f"}
{"index": {"_index":"pob","_id":"1421764"}}
	{"id":1421764,"type":"sell","buyer":"holovision","seller":"droida","symbol":"POB","quantity":"0.06084706","price":"0.47000000","timestamp":1629929049,"volume":"0.02859812","buyTxId":"76d8ed54cb22778a7da4cf2a3f931a8ed0c48486","sellTxId":"15533ff464067941ac9ca4af4c4cce8099b569cb"}
{"index": {"_index":"pob","_id":"1421770"}}
	{"id":1421770,"type":"sell","buyer":"edicted","seller":"cliffagreen","symbol":"POB","quantity":"0.75431617","price":"0.46100000","timestamp":1629929160,"volume":"0.34773975","buyTxId":"fc56121195fa5ffbecbdd9d642dd4ea5fe8d4320","sellTxId":"d2f4b23b0171c67e735388890b62295d1233f617"}
{"index": {"_index":"pob","_id":"1421803"}}
	{"id":1421803,"type":"sell","buyer":"edicted","seller":"metzli","symbol":"POB","quantity":"3.32275177","price":"0.46100000","timestamp":1629929661,"volume":"1.53178857","buyTxId":"fc56121195fa5ffbecbdd9d642dd4ea5fe8d4320","sellTxId":"a9fe3e02a8a5562f885fb04edb060885eeb87a0e"}
{"index": {"_index":"pob","_id":"1421805"}}
	{"id":1421805,"type":"buy","buyer":"cryptictruth","seller":"droida","symbol":"POB","quantity":"0.05193599","price":"0.47000000","timestamp":1629929703,"volume":"0.02440992","buyTxId":"ce845b3955a028542cdc2b894a47f0d40be88312","sellTxId":"15533ff464067941ac9ca4af4c4cce8099b569cb"}
{"index": {"_index":"pob","_id":"1421927"}}
	{"id":1421927,"type":"sell","buyer":"cryptictruth","seller":"lhp.app","symbol":"POB","quantity":"1.94806401","price":"0.47000000","timestamp":1629930918,"volume":"0.91559008","buyTxId":"ce845b3955a028542cdc2b894a47f0d40be88312","sellTxId":"671406d35615c0b75e0a8bc12e66c2b9c7d8bff3"}
{"index": {"_index":"pob","_id":"1421928"}}
	{"id":1421928,"type":"sell","buyer":"edicted","seller":"lhp.app","symbol":"POB","quantity":"145.92293206","price":"0.46100000","timestamp":1629930918,"volume":"67.27047168","buyTxId":"fc56121195fa5ffbecbdd9d642dd4ea5fe8d4320","sellTxId":"671406d35615c0b75e0a8bc12e66c2b9c7d8bff3"}
{"index": {"_index":"pob","_id":"1421929"}}
	{"id":1421929,"type":"sell","buyer":"richardcrill","seller":"lhp.app","symbol":"POB","quantity":"39.74238242","price":"0.46080000","timestamp":1629930918,"volume":"18.31328982","buyTxId":"MM-P-9870185-56853593-3-11-0","sellTxId":"671406d35615c0b75e0a8bc12e66c2b9c7d8bff3"}
{"index": {"_index":"pob","_id":"1421930"}}
	{"id":1421930,"type":"sell","buyer":"pinkfloyd878","seller":"lhp.app","symbol":"POB","quantity":"1.50000000","price":"0.46010013","timestamp":1629930918,"volume":"0.69015020","buyTxId":"306a5301874abfbbe22068be4542fe1fcbdcc54d","sellTxId":"671406d35615c0b75e0a8bc12e66c2b9c7d8bff3"}
{"index": {"_index":"pob","_id":"1421931"}}
	{"id":1421931,"type":"sell","buyer":"master-lamps","seller":"lhp.app","symbol":"POB","quantity":"1.36630000","price":"0.46010010","timestamp":1629930918,"volume":"0.62863477","buyTxId":"0466440a5977208c555644ba9983d245d735e581","sellTxId":"671406d35615c0b75e0a8bc12e66c2b9c7d8bff3"}
{"index": {"_index":"pob","_id":"1421932"}}
	{"id":1421932,"type":"sell","buyer":"insight.pob","seller":"lhp.app","symbol":"POB","quantity":"3.55487131","price":"0.46010000","timestamp":1629930918,"volume":"1.63559629","buyTxId":"c0ff48351a1e90aedec3dfbb2bed31ab1135b1e4","sellTxId":"671406d35615c0b75e0a8bc12e66c2b9c7d8bff3"}
{"index": {"_index":"pob","_id":"1422028"}}
	{"id":1422028,"type":"sell","buyer":"insight.pob","seller":"bitcoinflood","symbol":"POB","quantity":"72.35194908","price":"0.46010000","timestamp":1629933045,"volume":"33.28913177","buyTxId":"c0ff48351a1e90aedec3dfbb2bed31ab1135b1e4","sellTxId":"70b7d9323f46c1f721dcf999da45352b76340e65"}
{"index": {"_index":"pob","_id":"1422085"}}
	{"id":1422085,"type":"sell","buyer":"insight.pob","seller":"thranax","symbol":"POB","quantity":"4.82469866","price":"0.46010000","timestamp":1629934488,"volume":"2.21984385","buyTxId":"c0ff48351a1e90aedec3dfbb2bed31ab1135b1e4","sellTxId":"b1e8dd5e5bbea76229d1ac5d1c03cc7b79d311dd"}
{"index": {"_index":"pob","_id":"1422151"}}
	{"id":1422151,"type":"sell","buyer":"insight.pob","seller":"hallmann","symbol":"POB","quantity":"22.00000000","price":"0.46010000","timestamp":1629935814,"volume":"10.12220000","buyTxId":"c0ff48351a1e90aedec3dfbb2bed31ab1135b1e4","sellTxId":"95248c8b3950cc29bd2649805a3e85362efd10ba"}
{"index": {"_index":"pob","_id":"1422223"}}
	{"id":1422223,"type":"sell","buyer":"insight.pob","seller":"celi130","symbol":"POB","quantity":"313.86000000","price":"0.46010000","timestamp":1629937443,"volume":"144.40698600","buyTxId":"c0ff48351a1e90aedec3dfbb2bed31ab1135b1e4","sellTxId":"5f14c40bd916cb60c378eb2cf20f370f598b89b0"}
{"index": {"_index":"pob","_id":"1422232"}}
	{"id":1422232,"type":"sell","buyer":"insight.pob","seller":"cryptowingnut","symbol":"POB","quantity":"4.76705527","price":"0.46010000","timestamp":1629937506,"volume":"2.19332213","buyTxId":"c0ff48351a1e90aedec3dfbb2bed31ab1135b1e4","sellTxId":"a55fd4d5fb1234c666dfbf2f5819e186d7d154cd"}
{"index": {"_index":"pob","_id":"1422237"}}
	{"id":1422237,"type":"sell","buyer":"insight.pob","seller":"zaibkang","symbol":"POB","quantity":"13","price":"0.46010000","timestamp":1629937560,"volume":"5.98130000","buyTxId":"c0ff48351a1e90aedec3dfbb2bed31ab1135b1e4","sellTxId":"7477e61e02ea533f0160e059e2e6d86e9c2d67dd"}
{"index": {"_index":"pob","_id":"1422248"}}
	{"id":1422248,"type":"sell","buyer":"insight.pob","seller":"melbourneswest","symbol":"POB","quantity":"2.48604702","price":"0.46010000","timestamp":1629937791,"volume":"1.14383023","buyTxId":"c0ff48351a1e90aedec3dfbb2bed31ab1135b1e4","sellTxId":"cefc281c011f7eb27eb226b0d11c029afdc7cb4b"}
{"index": {"_index":"pob","_id":"1422390"}}
	{"id":1422390,"type":"sell","buyer":"insight.pob","seller":"preparedwombat","symbol":"POB","quantity":"3.22378173","price":"0.46010000","timestamp":1629940296,"volume":"1.48326197","buyTxId":"c0ff48351a1e90aedec3dfbb2bed31ab1135b1e4","sellTxId":"77c4dbe424d8cd354a62943a1aa5a2ad6b7c3adc"}
{"index": {"_index":"pob","_id":"1422784"}}
	{"id":1422784,"type":"sell","buyer":"insight.pob","seller":"sayago","symbol":"POB","quantity":"13.74831252","price":"0.46010000","timestamp":1629944895,"volume":"6.32559859","buyTxId":"c0ff48351a1e90aedec3dfbb2bed31ab1135b1e4","sellTxId":"829fce0530e328d1e1fd3ee42b2a408fcd8319d0"}
