{"index": {"_index":"pob","_id":"1243796"}}
	{"id":1243796,"type":"sell","buyer":"freebornsociety","seller":"melbourneswest","symbol":"POB","quantity":"7.15071620","price":"0.60145047","timestamp":1627008579,"volume":"4.30080162","buyTxId":"MM-P-8901148-55881919-3-3-0","sellTxId":"20d93bd131b76896a67e8226d17996f08f81e5d3"}
{"index": {"_index":"pob","_id":"1243830"}}
	{"id":1243830,"type":"sell","buyer":"solovey6o2","seller":"freevoluntarist","symbol":"POB","quantity":"0.02700000","price":"0.60159053","timestamp":1627010286,"volume":"0.01624294","buyTxId":"94ac96458eff6057b96e8be3bd6f479132c4d24b","sellTxId":"84301feaa5df9ce9386cbbea67e5ebdf0b52f3db"}
{"index": {"_index":"pob","_id":"1243838"}}
	{"id":1243838,"type":"sell","buyer":"solovey6o2","seller":"darkpylon","symbol":"POB","quantity":"2.01991850","price":"0.60179055","timestamp":1627010748,"volume":"1.21556787","buyTxId":"1d2ff334c5b662ed6a3682eca0d258f3c9bf8d66","sellTxId":"350b1af00883b840ee7fa45756553e6d01033289"}
{"index": {"_index":"pob","_id":"1243895"}}
	{"id":1243895,"type":"sell","buyer":"solovey6o2","seller":"dynamicgreentk","symbol":"POB","quantity":"0.72235353","price":"0.60219059","timestamp":1627012050,"volume":"0.43499450","buyTxId":"66b8ff604733e44273de8d382130541fc56d422f","sellTxId":"2d0abd17f63a0c319d45d78ac40597c9d8256383"}
{"index": {"_index":"pob","_id":"1243923"}}
	{"id":1243923,"type":"buy","buyer":"scholaris.pob","seller":"solovey6o2","symbol":"POB","quantity":"130.91496905","price":"0.87922992","timestamp":1627012758,"volume":"115.10435777","buyTxId":"9bcd80797d78d4918a3238a0c1328fa7aba095ab","sellTxId":"a8a4a443233fb742e3e0455764a9a696f03b1e06"}
{"index": {"_index":"pob","_id":"1243933"}}
	{"id":1243933,"type":"buy","buyer":"thatcryptodave","seller":"solovey6o2","symbol":"POB","quantity":"0.74700000","price":"0.87900990","timestamp":1627013358,"volume":"0.65662040","buyTxId":"caf79f005e867a15f28dce4bfd955bbc080b7a0f","sellTxId":"d8e85a91e2fc732ada9f7ea8d4f376ca44ca5ce7"}
{"index": {"_index":"pob","_id":"1243940"}}
	{"id":1243940,"type":"sell","buyer":"solovey6o2","seller":"anggreklestari","symbol":"POB","quantity":"2.35989716","price":"0.60269064","timestamp":1627013634,"volume":"1.42228793","buyTxId":"16df7b9e6548bbe3bfe997f48a1a4c36be919658","sellTxId":"8c01573fd34bffa43587160092723d1ffadfd233"}
{"index": {"_index":"pob","_id":"1243987"}}
	{"id":1243987,"type":"sell","buyer":"solovey6o2","seller":"nirvana3003","symbol":"POB","quantity":"160.00000000","price":"0.60349072","timestamp":1627015890,"volume":"96.55851520","buyTxId":"2179c28fb4ed2017008b4be5854805b0cacb1de7","sellTxId":"07d6a88fd4f4bf02ea68820e7ff764ef38af3c28"}
{"index": {"_index":"pob","_id":"1244033"}}
	{"id":1244033,"type":"sell","buyer":"gimme-your-coinz","seller":"pablodare","symbol":"POB","quantity":"3.01704333","price":"0.60959079","timestamp":1627017846,"volume":"1.83916183","buyTxId":"12420efdea56f7f82ab0baf9014f882ca4824499","sellTxId":"f1cbd862cb7ad4e8c142b7249e00da74e5ba406a"}
{"index": {"_index":"pob","_id":"1244038"}}
	{"id":1244038,"type":"buy","buyer":"gimme-your-coinz","seller":"saachi","symbol":"POB","quantity":"8.00000000","price":"0.70000000","timestamp":1627018449,"volume":"5.60000000","buyTxId":"dfc956238089f80e3290e74e05da48d5dd84895f","sellTxId":"80b70f26adc567bc9ab55d8513b7d16733f6bb29"}
{"index": {"_index":"pob","_id":"1244091"}}
	{"id":1244091,"type":"sell","buyer":"gimme-your-coinz","seller":"nikkybabe","symbol":"POB","quantity":"13.00000000","price":"0.62110003","timestamp":1627020234,"volume":"8.07430039","buyTxId":"94c31c4bd48789ae045f8ce1f40994e077f3c8ad","sellTxId":"988d41da7e405a85c1d5234d79ac9c58bae7fa33"}
{"index": {"_index":"pob","_id":"1244092"}}
	{"id":1244092,"type":"sell","buyer":"gimme-your-coinz","seller":"nikkybabe","symbol":"POB","quantity":"13.00000000","price":"0.62110003","timestamp":1627020234,"volume":"8.07430039","buyTxId":"5da673a7bc546b632c01f9fc8a4f1471172ac884","sellTxId":"988d41da7e405a85c1d5234d79ac9c58bae7fa33"}
{"index": {"_index":"pob","_id":"1244093"}}
	{"id":1244093,"type":"sell","buyer":"solovey6o2","seller":"nikkybabe","symbol":"POB","quantity":"32.00000000","price":"0.62110003","timestamp":1627020234,"volume":"19.87520096","buyTxId":"5f340acf8a5d8ba21212b0c26f9fd14dac42db26","sellTxId":"988d41da7e405a85c1d5234d79ac9c58bae7fa33"}
{"index": {"_index":"pob","_id":"1244095"}}
	{"id":1244095,"type":"sell","buyer":"gimme-your-coinz","seller":"mairapanelo","symbol":"POB","quantity":"0.05336555","price":"0.62210005","timestamp":1627020297,"volume":"0.03319871","buyTxId":"5fe5989532fd486bb7917c2a59b29edfa07effbf","sellTxId":"d66f5eea01e2258e39e898c7f21177f7b7c2434a"}
{"index": {"_index":"pob","_id":"1244119"}}
	{"id":1244119,"type":"sell","buyer":"gimme-your-coinz","seller":"abimbola753","symbol":"POB","quantity":"13.00000000","price":"0.62440010","timestamp":1627021116,"volume":"8.11720130","buyTxId":"298f4a6120433bfcbcc4523ef8c354930819e348","sellTxId":"4b26aecf9f360c7cb4f9f5bf698d1a1ed8b8d33a"}
{"index": {"_index":"pob","_id":"1244120"}}
	{"id":1244120,"type":"sell","buyer":"gimme-your-coinz","seller":"abimbola753","symbol":"POB","quantity":"13.00000000","price":"0.62440010","timestamp":1627021116,"volume":"8.11720130","buyTxId":"15a89895baeff324ebb985240522dfd8f0e5831b","sellTxId":"4b26aecf9f360c7cb4f9f5bf698d1a1ed8b8d33a"}
{"index": {"_index":"pob","_id":"1244121"}}
	{"id":1244121,"type":"sell","buyer":"solovey6o2","seller":"abimbola753","symbol":"POB","quantity":"98.81324702","price":"0.62440010","timestamp":1627021116,"volume":"61.69900132","buyTxId":"d80ab002e821a48c70513e448853a5ddfec72dfe","sellTxId":"4b26aecf9f360c7cb4f9f5bf698d1a1ed8b8d33a"}
{"index": {"_index":"pob","_id":"1244185"}}
	{"id":1244185,"type":"sell","buyer":"gimme-your-coinz","seller":"josediccus","symbol":"POB","quantity":"12.03409317","price":"0.63310026","timestamp":1627023291,"volume":"7.61878751","buyTxId":"c32478db836ed40d2a1674afcaf189a7d1437e64","sellTxId":"943a37f563f8c2ee9092852e8871e8e3c02578a9"}
{"index": {"_index":"pob","_id":"1244194"}}
	{"id":1244194,"type":"sell","buyer":"gimme-your-coinz","seller":"ftfund","symbol":"POB","quantity":"0.67971143","price":"0.63430029","timestamp":1627023837,"volume":"0.43114116","buyTxId":"ec915e3a52374f806e932d75438a55651f336d80","sellTxId":"d7b9c0261c787b7e4e7c3387bd6dbb4aead8ea65"}
{"index": {"_index":"pob","_id":"1244197"}}
	{"id":1244197,"type":"sell","buyer":"gimme-your-coinz","seller":"klye","symbol":"POB","quantity":"1.45554674","price":"0.63540031","timestamp":1627024068,"volume":"0.92485485","buyTxId":"c6d73aed6bf5dc02182c0cc45a07057a61421a18","sellTxId":"a38faf7a1f8a9167997e53a35463b01a6d4ac4e9"}
{"index": {"_index":"pob","_id":"1244202"}}
	{"id":1244202,"type":"sell","buyer":"gimme-your-coinz","seller":"failingforwards","symbol":"POB","quantity":"13.00000000","price":"0.63640032","timestamp":1627024224,"volume":"8.27320416","buyTxId":"100ad0e7db6076036f26e5571213c71af930daff","sellTxId":"a52228cc714f5f39e2a6a8a2c7f14a11cab0075c"}
{"index": {"_index":"pob","_id":"1244203"}}
	{"id":1244203,"type":"sell","buyer":"solovey6o2","seller":"failingforwards","symbol":"POB","quantity":"12.20274769","price":"0.63640032","timestamp":1627024224,"volume":"7.76583253","buyTxId":"817eeba32d47ab3c4e206fa7ae34f22b6bc712b4","sellTxId":"a52228cc714f5f39e2a6a8a2c7f14a11cab0075c"}
{"index": {"_index":"pob","_id":"1244207"}}
	{"id":1244207,"type":"sell","buyer":"freebornsociety","seller":"risingstargame","symbol":"POB","quantity":"4.00000000","price":"0.63860035","timestamp":1627024776,"volume":"2.55440140","buyTxId":"MM-P-8906528-55887303-3-3-0","sellTxId":"67a3839204afed0273d9f8e18839515a65c34273"}
{"index": {"_index":"pob","_id":"1244221"}}
	{"id":1244221,"type":"sell","buyer":"gimme-your-coinz","seller":"steevc","symbol":"POB","quantity":"2.00000000","price":"0.64080040","timestamp":1627025472,"volume":"1.28160080","buyTxId":"d9206c1a2c1ff003340fb171374f78b0f8699105","sellTxId":"d6673b431f5179ba0c64288005a7789d2226eb34"}
{"index": {"_index":"pob","_id":"1244237"}}
	{"id":1244237,"type":"sell","buyer":"gimme-your-coinz","seller":"ocotuchodzi","symbol":"POB","quantity":"13.00000000","price":"0.64190042","timestamp":1627025784,"volume":"8.34470546","buyTxId":"e41817b5788ef14203b60446e2e4dbd0fd4017fe","sellTxId":"e664367010fbda5e8a8486d924729aad43c9e966"}
{"index": {"_index":"pob","_id":"1244238"}}
	{"id":1244238,"type":"sell","buyer":"solovey6o2","seller":"ocotuchodzi","symbol":"POB","quantity":"99.09314366","price":"0.64190042","timestamp":1627025784,"volume":"63.60793053","buyTxId":"136b5bd9ac8aadda4479c854830f90e8d340885e","sellTxId":"e664367010fbda5e8a8486d924729aad43c9e966"}
{"index": {"_index":"pob","_id":"1244290"}}
	{"id":1244290,"type":"sell","buyer":"gimme-your-coinz","seller":"jersteemit","symbol":"POB","quantity":"13.00000000","price":"0.64770055","timestamp":1627028073,"volume":"8.42010715","buyTxId":"2903c79bf62f37479a9237e4d185ecf434b71584","sellTxId":"89a83284130ddd0d604a30314bc9b3315e485d75"}
{"index": {"_index":"pob","_id":"1244291"}}
	{"id":1244291,"type":"sell","buyer":"solovey6o2","seller":"jersteemit","symbol":"POB","quantity":"12.29329678","price":"0.64770055","timestamp":1627028073,"volume":"7.96237509","buyTxId":"95d92d2a03600214e015c54f684931f49451b60b","sellTxId":"89a83284130ddd0d604a30314bc9b3315e485d75"}
{"index": {"_index":"pob","_id":"1244308"}}
	{"id":1244308,"type":"sell","buyer":"gimme-your-coinz","seller":"acesontop","symbol":"POB","quantity":"13.00000000","price":"0.64790057","timestamp":1627028709,"volume":"8.42270741","buyTxId":"a0e76ba1347b19d7e8b4389c6be2c0c5391482b1","sellTxId":"c611f88ed7b18b77a520240665223ec67430efd6"}
{"index": {"_index":"pob","_id":"1244309"}}
	{"id":1244309,"type":"sell","buyer":"gimme-your-coinz","seller":"acesontop","symbol":"POB","quantity":"7.96232508","price":"0.64790057","timestamp":1627028709,"volume":"5.15879496","buyTxId":"d01f123cf2137d12e9708ca445f7afeef0584c14","sellTxId":"c611f88ed7b18b77a520240665223ec67430efd6"}
{"index": {"_index":"pob","_id":"1244323"}}
	{"id":1244323,"type":"sell","buyer":"gimme-your-coinz","seller":"anadolu","symbol":"POB","quantity":"13.00000000","price":"0.64810059","timestamp":1627029357,"volume":"8.42530767","buyTxId":"a0e6f6a63001f7cdd6de483fc21bf2f9f485ad46","sellTxId":"501bf4feccb761820ea4b623287335f20f6cb6f1"}
{"index": {"_index":"pob","_id":"1244324"}}
	{"id":1244324,"type":"sell","buyer":"solovey6o2","seller":"anadolu","symbol":"POB","quantity":"6.00000000","price":"0.64810059","timestamp":1627029357,"volume":"3.88860354","buyTxId":"734c1cbbef0a059450e447d37b1acbe7bec16016","sellTxId":"501bf4feccb761820ea4b623287335f20f6cb6f1"}
{"index": {"_index":"pob","_id":"1244337"}}
	{"id":1244337,"type":"buy","buyer":"memeisfun","seller":"take-my-coinz","symbol":"POB","quantity":"9.02068508","price":"0.66790936","timestamp":1627030089,"volume":"6.02500000","buyTxId":"eb7a8b5c9ea2bfcda4efc7c78fdf90c56a810348","sellTxId":"5c556e9d0ebef9ef0f0f730cd054432b6f6c0597"}
{"index": {"_index":"pob","_id":"1244362"}}
	{"id":1244362,"type":"sell","buyer":"gimme-your-coinz","seller":"toofasteddie","symbol":"POB","quantity":"1.17498693","price":"0.64870065","timestamp":1627031208,"volume":"0.76221479","buyTxId":"c4967718bb91218574802350a285cb325d18b9b3","sellTxId":"d8b22e84f86c6732a8f451707812718753b38e9c"}
{"index": {"_index":"pob","_id":"1244370"}}
	{"id":1244370,"type":"sell","buyer":"gimme-your-coinz","seller":"igwee","symbol":"POB","quantity":"6.40000000","price":"0.64890067","timestamp":1627031691,"volume":"4.15296429","buyTxId":"50c18c9b554d6e3d982a9a3b98484a5e5ac83f2b","sellTxId":"33ba8c06a9b74c34c6f9e4371fcf785358629b6a"}
{"index": {"_index":"pob","_id":"1244374"}}
	{"id":1244374,"type":"sell","buyer":"gimme-your-coinz","seller":"football-stats","symbol":"POB","quantity":"13.00000000","price":"0.64900068","timestamp":1627032087,"volume":"8.43700884","buyTxId":"674ac8e62414efc689d8e898311bca7e426ef0ab","sellTxId":"0e0311025c67c082600c4ce8703bf4e551ea858d"}
{"index": {"_index":"pob","_id":"1244375"}}
	{"id":1244375,"type":"sell","buyer":"solovey6o2","seller":"football-stats","symbol":"POB","quantity":"1.23791793","price":"0.64900068","timestamp":1627032087,"volume":"0.80340958","buyTxId":"76d0899b9d18f9ef4ccfb6946aeeca288893e5f9","sellTxId":"0e0311025c67c082600c4ce8703bf4e551ea858d"}
{"index": {"_index":"pob","_id":"1244428"}}
	{"id":1244428,"type":"sell","buyer":"gimme-your-coinz","seller":"hiveupme","symbol":"POB","quantity":"0.50179266","price":"0.64960074","timestamp":1627033848,"volume":"0.32596488","buyTxId":"28b0a9e75472ccac3761c7f329d970231e0beb2e","sellTxId":"4a9b0d0dd1cfa6b173c7ed8c677c54a7131e0aa7"}
{"index": {"_index":"pob","_id":"1244457"}}
	{"id":1244457,"type":"sell","buyer":"gimme-your-coinz","seller":"crypto133","symbol":"POB","quantity":"0.50610434","price":"0.64990077","timestamp":1627034580,"volume":"0.32891760","buyTxId":"102cbab081062e0519ec45365a75ebb447fa805c","sellTxId":"491446acf445774f59b297c0c4d4996e2d929954"}
{"index": {"_index":"pob","_id":"1244476"}}
	{"id":1244476,"type":"sell","buyer":"gimme-your-coinz","seller":"jsantana","symbol":"POB","quantity":"13.00000000","price":"0.65010079","timestamp":1627035204,"volume":"8.45131027","buyTxId":"f02f1af3d7f187ccd1d12c4cc39cae455079d714","sellTxId":"20d27f333e4e11d42b59c630eeb66b8796ec52ea"}
{"index": {"_index":"pob","_id":"1244477"}}
	{"id":1244477,"type":"sell","buyer":"gimme-your-coinz","seller":"jsantana","symbol":"POB","quantity":"13.00000000","price":"0.65010079","timestamp":1627035204,"volume":"8.45131027","buyTxId":"b75487f65a159250d0141f498cbdf5bc96516951","sellTxId":"20d27f333e4e11d42b59c630eeb66b8796ec52ea"}
{"index": {"_index":"pob","_id":"1244478"}}
	{"id":1244478,"type":"sell","buyer":"solovey6o2","seller":"jsantana","symbol":"POB","quantity":"40.53249178","price":"0.65010079","timestamp":1627035204,"volume":"26.35020493","buyTxId":"fe1e94421c11a30ba8e0691e5fe4cbca1e6baaa1","sellTxId":"20d27f333e4e11d42b59c630eeb66b8796ec52ea"}
{"index": {"_index":"pob","_id":"1244488"}}
	{"id":1244488,"type":"buy","buyer":"tonytrillions","seller":"take-my-coinz","symbol":"POB","quantity":"4.30931492","price":"0.66790936","timestamp":1627035741,"volume":"2.87823177","buyTxId":"b16e14f9595be5ba17563095a3378faa1f109368","sellTxId":"5c556e9d0ebef9ef0f0f730cd054432b6f6c0597"}
{"index": {"_index":"pob","_id":"1244489"}}
	{"id":1244489,"type":"buy","buyer":"tonytrillions","seller":"take-my-coinz","symbol":"POB","quantity":"4.95238818","price":"0.66790936","timestamp":1627035789,"volume":"3.30774642","buyTxId":"cdba0d8aa03d3b598af1ed71f62c3aeb89101360","sellTxId":"753e89f04baea8b43a6683a108223f91f377c80a"}
{"index": {"_index":"pob","_id":"1244490"}}
	{"id":1244490,"type":"sell","buyer":"gimme-your-coinz","seller":"kevinnag58","symbol":"POB","quantity":"3.52269734","price":"0.65030081","timestamp":1627035858,"volume":"2.29081293","buyTxId":"b738efa4aa450382e85ae8e5c9528fcd9634fdf6","sellTxId":"7f6b26e122a48e041db2c13063f1496e2d29f617"}
{"index": {"_index":"pob","_id":"1244511"}}
	{"id":1244511,"type":"sell","buyer":"gimme-your-coinz","seller":"felipejoys","symbol":"POB","quantity":"8.00000000","price":"0.65050083","timestamp":1627036419,"volume":"5.20400664","buyTxId":"e122998daf79d7255595ebe3c7dfb53eb0249d10","sellTxId":"de31e9856689aa9f0e3494f43756c896cbe5faf6"}
{"index": {"_index":"pob","_id":"1244516"}}
	{"id":1244516,"type":"sell","buyer":"gimme-your-coinz","seller":"toofasteddie","symbol":"POB","quantity":"1.03187642","price":"0.65050083","timestamp":1627036602,"volume":"0.67123647","buyTxId":"e122998daf79d7255595ebe3c7dfb53eb0249d10","sellTxId":"a396edef026074d561e074164942b4d51200cb24"}
{"index": {"_index":"pob","_id":"1244599"}}
	{"id":1244599,"type":"sell","buyer":"gimme-your-coinz","seller":"travelgirl","symbol":"POB","quantity":"1.24934698","price":"0.65150093","timestamp":1627039395,"volume":"0.81395072","buyTxId":"2510317faf0ecfdc4568effc7e2ec131ae2214ca","sellTxId":"8d48e6e7c7c0313d92716feb7fe1bbc573b3c31b"}
{"index": {"_index":"pob","_id":"1244600"}}
	{"id":1244600,"type":"sell","buyer":"gimme-your-coinz","seller":"zainalbakri","symbol":"POB","quantity":"0.94447753","price":"0.65150093","timestamp":1627039458,"volume":"0.61532799","buyTxId":"2510317faf0ecfdc4568effc7e2ec131ae2214ca","sellTxId":"1df594c5993abdc1a82fccdd55c3b2e5712be9d2"}
{"index": {"_index":"pob","_id":"1244607"}}
	{"id":1244607,"type":"sell","buyer":"gimme-your-coinz","seller":"alexvan","symbol":"POB","quantity":"11.26869672","price":"0.65160094","timestamp":1627039776,"volume":"7.34269338","buyTxId":"3a16d0c0d296b33a99b33deee7f347de0c464491","sellTxId":"997bf1a05395a81038c1853617401c4895fc4061"}
{"index": {"_index":"pob","_id":"1244609"}}
	{"id":1244609,"type":"sell","buyer":"gimme-your-coinz","seller":"mateodm03","symbol":"POB","quantity":"2.49774302","price":"0.65160095","timestamp":1627039887,"volume":"1.62753172","buyTxId":"afadf79f9af843201d236e929d0fcf863bd04838","sellTxId":"b20c00ebb7482e886851d737e378897915953298"}
{"index": {"_index":"pob","_id":"1244625"}}
	{"id":1244625,"type":"sell","buyer":"gimme-your-coinz","seller":"ahmetay","symbol":"POB","quantity":"0.03617837","price":"0.65170095","timestamp":1627040202,"volume":"0.02357748","buyTxId":"1382a91315eb75256af5955aee3207c3ccc3d45a","sellTxId":"b744f77394524429dcacf2d7da780d4eb3661442"}
{"index": {"_index":"pob","_id":"1244684"}}
	{"id":1244684,"type":"sell","buyer":"gimme-your-coinz","seller":"revisesociology","symbol":"POB","quantity":"7.00000000","price":"0.65230101","timestamp":1627041822,"volume":"4.56610707","buyTxId":"b075fbee7a7a93d6de87049b28504a96e42425f4","sellTxId":"b4a2c76b9dd779c1f909b3b0d9a445f6f76ad740"}
{"index": {"_index":"pob","_id":"1244685"}}
	{"id":1244685,"type":"sell","buyer":"gimme-your-coinz","seller":"revisesociology","symbol":"POB","quantity":"7.00000000","price":"0.65230101","timestamp":1627041822,"volume":"4.56610707","buyTxId":"64cde7add67cae1c57d56e5220b669daf4e63a00","sellTxId":"b4a2c76b9dd779c1f909b3b0d9a445f6f76ad740"}
{"index": {"_index":"pob","_id":"1244686"}}
	{"id":1244686,"type":"sell","buyer":"solovey6o2","seller":"revisesociology","symbol":"POB","quantity":"6.00000000","price":"0.65230101","timestamp":1627041822,"volume":"3.91380606","buyTxId":"7799925874606bb410711b3dd4cd3e8d88eba59f","sellTxId":"b4a2c76b9dd779c1f909b3b0d9a445f6f76ad740"}
{"index": {"_index":"pob","_id":"1244687"}}
	{"id":1244687,"type":"sell","buyer":"solovey6o2","seller":"scooter77","symbol":"POB","quantity":"20.00000000","price":"0.65230101","timestamp":1627041834,"volume":"13.04602020","buyTxId":"7799925874606bb410711b3dd4cd3e8d88eba59f","sellTxId":"252d5ca42ab0d5a7afd962e16a12b81aa343a908"}
{"index": {"_index":"pob","_id":"1244688"}}
	{"id":1244688,"type":"buy","buyer":"tonytrillions","seller":"take-my-coinz","symbol":"POB","quantity":"0.00005915","price":"0.66790936","timestamp":1627041864,"volume":"0.00003951","buyTxId":"914e5fbdd7f2e63db53eb4042bf22f79977edced","sellTxId":"753e89f04baea8b43a6683a108223f91f377c80a"}
{"index": {"_index":"pob","_id":"1244691"}}
	{"id":1244691,"type":"sell","buyer":"gimme-your-coinz","seller":"pialejoana","symbol":"POB","quantity":"7.00000000","price":"0.65230102","timestamp":1627041882,"volume":"4.56610714","buyTxId":"0e7525d60bfd7f5c8ae347e14d511e5611326c84","sellTxId":"03f611b9a73284e135a7d0be95e0b6b2c73ad68b"}
{"index": {"_index":"pob","_id":"1244692"}}
	{"id":1244692,"type":"sell","buyer":"solovey6o2","seller":"pialejoana","symbol":"POB","quantity":"103.00000000","price":"0.65230101","timestamp":1627041882,"volume":"67.18700403","buyTxId":"7799925874606bb410711b3dd4cd3e8d88eba59f","sellTxId":"03f611b9a73284e135a7d0be95e0b6b2c73ad68b"}
{"index": {"_index":"pob","_id":"1244698"}}
	{"id":1244698,"type":"sell","buyer":"gimme-your-coinz","seller":"andy4475","symbol":"POB","quantity":"1.82303932","price":"0.65230102","timestamp":1627041960,"volume":"1.18917041","buyTxId":"da18b9d4b308a9334888f8d9da10fb95c4d4b330","sellTxId":"9e7dad1df9efe904267f79d3b019485184942f6a"}
{"index": {"_index":"pob","_id":"1244717"}}
	{"id":1244717,"type":"sell","buyer":"richardcrill","seller":"nazatpt","symbol":"POB","quantity":"0.97821194","price":"0.65250102","timestamp":1627042329,"volume":"0.63828429","buyTxId":"MM-P-8912353-55893139-3-11-0","sellTxId":"d27b01a39bc50dca3116aba84df46d2b8cd6bf9d"}
{"index": {"_index":"pob","_id":"1244748"}}
	{"id":1244748,"type":"sell","buyer":"gimme-your-coinz","seller":"oks2crypto","symbol":"POB","quantity":"0.17431684","price":"0.65270105","timestamp":1627043016,"volume":"0.11377678","buyTxId":"92e152fa737611d128d64662898dcd443ed29b18","sellTxId":"6ef3a5b92076ab460054aa1447273ca4eaac22a4"}
{"index": {"_index":"pob","_id":"1244766"}}
	{"id":1244766,"type":"buy","buyer":"razack-pulo","seller":"take-my-coinz","symbol":"POB","quantity":"8.37755267","price":"0.66790936","timestamp":1627043226,"volume":"5.59544584","buyTxId":"a2c5fe4fc542aec371e8b09847626728cca8a453","sellTxId":"753e89f04baea8b43a6683a108223f91f377c80a"}
{"index": {"_index":"pob","_id":"1244767"}}
	{"id":1244767,"type":"buy","buyer":"razack-pulo","seller":"bluesniper","symbol":"POB","quantity":"29.00000000","price":"0.66790938","timestamp":1627043226,"volume":"19.36937202","buyTxId":"a2c5fe4fc542aec371e8b09847626728cca8a453","sellTxId":"MM-P-8908220-55889000-3-5-0"}
{"index": {"_index":"pob","_id":"1244768"}}
	{"id":1244768,"type":"buy","buyer":"razack-pulo","seller":"solovey6o2","symbol":"POB","quantity":"105.62244733","price":"0.66799955","timestamp":1627043226,"volume":"70.55574729","buyTxId":"a2c5fe4fc542aec371e8b09847626728cca8a453","sellTxId":"d057cb0d8ed7425706396b5bfe86a2cddb6306b3"}
{"index": {"_index":"pob","_id":"1244769"}}
	{"id":1244769,"type":"buy","buyer":"razack-pulo","seller":"take-my-coinz","symbol":"POB","quantity":"13.33000000","price":"0.66799953","timestamp":1627043346,"volume":"8.90443373","buyTxId":"6332599838f1670f151278f8e2b7d0928c7a127b","sellTxId":"accf274e200543bb49fe445ec6a337033a8b9db3"}
{"index": {"_index":"pob","_id":"1244770"}}
	{"id":1244770,"type":"buy","buyer":"razack-pulo","seller":"solovey6o2","symbol":"POB","quantity":"35.67000000","price":"0.66799955","timestamp":1627043346,"volume":"23.82754395","buyTxId":"6332599838f1670f151278f8e2b7d0928c7a127b","sellTxId":"d057cb0d8ed7425706396b5bfe86a2cddb6306b3"}
{"index": {"_index":"pob","_id":"1244797"}}
	{"id":1244797,"type":"sell","buyer":"gimme-your-coinz","seller":"claudio83.pob","symbol":"POB","quantity":"7.00000000","price":"0.65300108","timestamp":1627044066,"volume":"4.57100756","buyTxId":"1bf1ab8e519b55c67caf9c6d60bfbfa27f7ee8ce","sellTxId":"90ba93e9e3a9e5b09b697590c6dd5c3c068b8801"}
{"index": {"_index":"pob","_id":"1244798"}}
	{"id":1244798,"type":"sell","buyer":"gimme-your-coinz","seller":"claudio83.pob","symbol":"POB","quantity":"7.00000000","price":"0.65300108","timestamp":1627044066,"volume":"4.57100756","buyTxId":"0f7904648187d61f7224079ea8591538d9afb2cf","sellTxId":"90ba93e9e3a9e5b09b697590c6dd5c3c068b8801"}
{"index": {"_index":"pob","_id":"1244799"}}
	{"id":1244799,"type":"sell","buyer":"solovey6o2","seller":"claudio83.pob","symbol":"POB","quantity":"11.29015343","price":"0.65300108","timestamp":1627044066,"volume":"7.37248238","buyTxId":"983fe88184abf5f6b24c3beb9efde651b2d3fec7","sellTxId":"90ba93e9e3a9e5b09b697590c6dd5c3c068b8801"}
{"index": {"_index":"pob","_id":"1244809"}}
	{"id":1244809,"type":"sell","buyer":"gimme-your-coinz","seller":"dhedge-drips","symbol":"POB","quantity":"0.20124898","price":"0.65310110","timestamp":1627044375,"volume":"0.13143593","buyTxId":"1d91841996d9940c0ab1e98fbbf939ea52236800","sellTxId":"660313629414d6b367a01e3009a367b444fb96a5"}
{"index": {"_index":"pob","_id":"1244847"}}
	{"id":1244847,"type":"sell","buyer":"gimme-your-coinz","seller":"yintercept","symbol":"POB","quantity":"0.50000000","price":"0.65340113","timestamp":1627045149,"volume":"0.32670057","buyTxId":"b06e43649463e537c0e24ac733666c682af4a54a","sellTxId":"04b533cdddea3e1dab117130cf705d9c633fd344"}
{"index": {"_index":"pob","_id":"1244851"}}
	{"id":1244851,"type":"sell","buyer":"gimme-your-coinz","seller":"nevies","symbol":"POB","quantity":"32.50000000","price":"0.65340113","timestamp":1627045320,"volume":"21.23553672","buyTxId":"b06e43649463e537c0e24ac733666c682af4a54a","sellTxId":"f2a22546a8ff089a09882dc452676e1dfeb4244d"}
{"index": {"_index":"pob","_id":"1244852"}}
	{"id":1244852,"type":"sell","buyer":"solovey6o2","seller":"nevies","symbol":"POB","quantity":"165.02068193","price":"0.65340113","timestamp":1627045320,"volume":"107.82470005","buyTxId":"d5d18c7bf9fe0425f73a05a99fb65622ce466223","sellTxId":"f2a22546a8ff089a09882dc452676e1dfeb4244d"}
{"index": {"_index":"pob","_id":"1244864"}}
	{"id":1244864,"type":"sell","buyer":"gimme-your-coinz","seller":"breakout101","symbol":"POB","quantity":"5.48032118","price":"0.65350114","timestamp":1627045401,"volume":"3.58139614","buyTxId":"de709e8d0debdc8c0390c35c9de1d12dfbbfd420","sellTxId":"a9fe6007bb26a5427b61af32ce48d9c9c5cbc9e8"}
{"index": {"_index":"pob","_id":"1244868"}}
	{"id":1244868,"type":"sell","buyer":"gimme-your-coinz","seller":"kraken99","symbol":"POB","quantity":"0.22815079","price":"0.65350114","timestamp":1627045491,"volume":"0.14909680","buyTxId":"de709e8d0debdc8c0390c35c9de1d12dfbbfd420","sellTxId":"d606e2122f1f69f30c5732cd87d6de829a14a3ac"}
{"index": {"_index":"pob","_id":"1244869"}}
	{"id":1244869,"type":"sell","buyer":"gimme-your-coinz","seller":"rubenmedina182","symbol":"POB","quantity":"27.01972695","price":"0.65350114","timestamp":1627045539,"volume":"17.65742236","buyTxId":"de709e8d0debdc8c0390c35c9de1d12dfbbfd420","sellTxId":"cbb00b7156122fcc7b76ede74a3b9e3fadfb1f0f"}
{"index": {"_index":"pob","_id":"1244877"}}
	{"id":1244877,"type":"sell","buyer":"gimme-your-coinz","seller":"chireerocks","symbol":"POB","quantity":"4.27511140","price":"0.65350115","timestamp":1627045617,"volume":"2.79379022","buyTxId":"3d8b0a7f6a2a445179f7135deac6fb1d57250389","sellTxId":"584c3bb854e1fc0fc9ef8c2ac5e1c0ff07359e0e"}
{"index": {"_index":"pob","_id":"1244942"}}
	{"id":1244942,"type":"buy","buyer":"scholaris.pob","seller":"specialfeelings","symbol":"POB","quantity":"1.69423175","price":"0.66750000","timestamp":1627047180,"volume":"1.13089969","buyTxId":"d281e1d1584fa9de9891e50c4f6890f18f9fb2cf","sellTxId":"237a92118f916825b3ece591ddfb9947a4761cf5"}
{"index": {"_index":"pob","_id":"1244943"}}
	{"id":1244943,"type":"buy","buyer":"scholaris.pob","seller":"bluesniper","symbol":"POB","quantity":"29.00000000","price":"0.66794947","timestamp":1627047180,"volume":"19.37053463","buyTxId":"d281e1d1584fa9de9891e50c4f6890f18f9fb2cf","sellTxId":"MM-P-8913099-55893886-3-5-0"}
{"index": {"_index":"pob","_id":"1244944"}}
	{"id":1244944,"type":"buy","buyer":"scholaris.pob","seller":"dhedge-drips","symbol":"POB","quantity":"0.20124898","price":"0.66795947","timestamp":1627047180,"volume":"0.13442616","buyTxId":"d281e1d1584fa9de9891e50c4f6890f18f9fb2cf","sellTxId":"a278e397d2edbfbe62c9a178e512779d5703e566"}
{"index": {"_index":"pob","_id":"1244945"}}
	{"id":1244945,"type":"buy","buyer":"scholaris.pob","seller":"take-my-coinz","symbol":"POB","quantity":"13.33000000","price":"0.66796947","timestamp":1627047180,"volume":"8.90403304","buyTxId":"d281e1d1584fa9de9891e50c4f6890f18f9fb2cf","sellTxId":"9a0d446a407db1f0a7d891a98d7a00a402d480b3"}
{"index": {"_index":"pob","_id":"1244946"}}
	{"id":1244946,"type":"buy","buyer":"scholaris.pob","seller":"solovey6o2","symbol":"POB","quantity":"316.93099198","price":"0.66799955","timestamp":1627047180,"volume":"211.70976003","buyTxId":"d281e1d1584fa9de9891e50c4f6890f18f9fb2cf","sellTxId":"d057cb0d8ed7425706396b5bfe86a2cddb6306b3"}
{"index": {"_index":"pob","_id":"1244975"}}
	{"id":1244975,"type":"buy","buyer":"tonytrillions","seller":"bluesniper","symbol":"POB","quantity":"0.00019708","price":"0.66798955","timestamp":1627047525,"volume":"0.00013165","buyTxId":"c9f78f46918f38b6e5f77f1f7b9b00666faaf081","sellTxId":"MM-P-8913997-55894784-3-5-0"}
{"index": {"_index":"pob","_id":"1244985"}}
	{"id":1244985,"type":"sell","buyer":"gimme-your-coinz","seller":"katerinhernandez","symbol":"POB","quantity":"13.39494356","price":"0.65420122","timestamp":1627047624,"volume":"8.76298842","buyTxId":"ae0e9d36d3994fe7f5c489fb0b131d26509a172b","sellTxId":"9c73fd25827acb53bb0462c863d18a34994cbdbd"}
{"index": {"_index":"pob","_id":"1245064"}}
	{"id":1245064,"type":"buy","buyer":"kampi","seller":"bluesniper","symbol":"POB","quantity":"28.99980292","price":"0.66798955","timestamp":1627049037,"volume":"19.37156530","buyTxId":"9f09880eb22c060939c1f668fb9fbe518ce3743b","sellTxId":"MM-P-8913997-55894784-3-5-0"}
{"index": {"_index":"pob","_id":"1245073"}}
	{"id":1245073,"type":"sell","buyer":"gimme-your-coinz","seller":"brofi-market","symbol":"POB","quantity":"2.09283405","price":"0.65470127","timestamp":1627049082,"volume":"1.37018111","buyTxId":"7c848146bb4dddd7b8c8a86d9dc1591c1426f361","sellTxId":"6cd94b45f025812bb13d3660905e438c0702be4d"}
{"index": {"_index":"pob","_id":"1245084"}}
	{"id":1245084,"type":"buy","buyer":"kampi","seller":"bluesniper","symbol":"POB","quantity":"29.00000000","price":"0.66798956","timestamp":1627049154,"volume":"19.37169724","buyTxId":"bb03c66ed2d17311b5b89ee76e3a4717de4bdb25","sellTxId":"MM-P-8914595-55895383-3-5-0"}
{"index": {"_index":"pob","_id":"1245085"}}
	{"id":1245085,"type":"buy","buyer":"kampi","seller":"freebornsociety","symbol":"POB","quantity":"87.30529053","price":"0.66799956","timestamp":1627049154,"volume":"58.31989566","buyTxId":"bb03c66ed2d17311b5b89ee76e3a4717de4bdb25","sellTxId":"MM-P-8907326-55888101-3-3-1"}
{"index": {"_index":"pob","_id":"1245097"}}
	{"id":1245097,"type":"buy","buyer":"kampi","seller":"freebornsociety","symbol":"POB","quantity":"29.00000000","price":"0.66799956","timestamp":1627049235,"volume":"19.37198724","buyTxId":"f0b77ef03075c6d2ed54aab66d1ec588a620e89a","sellTxId":"MM-P-8907326-55888101-3-3-1"}
{"index": {"_index":"pob","_id":"1245108"}}
	{"id":1245108,"type":"buy","buyer":"richardcrill","seller":"brofi-market","symbol":"POB","quantity":"2.09283405","price":"0.66799956","timestamp":1627049310,"volume":"1.39801222","buyTxId":"da97f24ca3c18bb893c376ac7ddc5f34185a1e69","sellTxId":"22b40ff64a5f90b5f71757b23d24cab57364fd08"}
{"index": {"_index":"pob","_id":"1245109"}}
	{"id":1245109,"type":"buy","buyer":"richardcrill","seller":"chekohler","symbol":"POB","quantity":"1.50000000","price":"0.66800000","timestamp":1627049310,"volume":"1.00200000","buyTxId":"da97f24ca3c18bb893c376ac7ddc5f34185a1e69","sellTxId":"b405ccbb96b8f5684b38539a72c0cf01166a058f"}
{"index": {"_index":"pob","_id":"1245110"}}
	{"id":1245110,"type":"buy","buyer":"richardcrill","seller":"slobberchops","symbol":"POB","quantity":"14.33398183","price":"0.69000000","timestamp":1627049310,"volume":"9.89044746","buyTxId":"da97f24ca3c18bb893c376ac7ddc5f34185a1e69","sellTxId":"6af74c772b678c10d015cc7f3a5473d0fab5f77c"}
{"index": {"_index":"pob","_id":"1245113"}}
	{"id":1245113,"type":"sell","buyer":"richardcrill","seller":"achim03","symbol":"POB","quantity":"3.96000000","price":"0.69000000","timestamp":1627049412,"volume":"2.73240000","buyTxId":"da97f24ca3c18bb893c376ac7ddc5f34185a1e69","sellTxId":"f00f382582c14c2889246f371fb8e5ec32601cae"}
{"index": {"_index":"pob","_id":"1245211"}}
	{"id":1245211,"type":"sell","buyer":"gimme-your-coinz","seller":"melbourneswest","symbol":"POB","quantity":"2.94882473","price":"0.69990019","timestamp":1627052142,"volume":"2.06388299","buyTxId":"e14f66dce1d36b4eb6580b81d919e7317926020a","sellTxId":"75068c419346e5204f65e5434c6ab8b213518b62"}
{"index": {"_index":"pob","_id":"1245234"}}
	{"id":1245234,"type":"sell","buyer":"richardcrill","seller":"jesustiano","symbol":"POB","quantity":"0.06333512","price":"0.70110021","timestamp":1627052535,"volume":"0.04440427","buyTxId":"MM-P-8915742-55896530-3-11-0","sellTxId":"d5dc34ae611386b76008f26ee3401b8b0f09ba35"}
{"index": {"_index":"pob","_id":"1245240"}}
	{"id":1245240,"type":"buy","buyer":"gimme-your-coinz","seller":"bashadow","symbol":"POB","quantity":"5.00000000","price":"0.75299067","timestamp":1627052637,"volume":"3.76495335","buyTxId":"a7a2d5f898b024572e8588e6ffcda1b8f7349242","sellTxId":"c2ec5982401be407d6faebbc70e7422204ff51fe"}
{"index": {"_index":"pob","_id":"1245247"}}
	{"id":1245247,"type":"sell","buyer":"gimme-your-coinz","seller":"logicforce","symbol":"POB","quantity":"0.59501603","price":"0.70220024","timestamp":1627052910,"volume":"0.41782040","buyTxId":"11891a0b4ddb81734a666512042971a8e0f13339","sellTxId":"7371028debb00a33764010a742c2d6f9b3b8e1c6"}
{"index": {"_index":"pob","_id":"1245259"}}
	{"id":1245259,"type":"sell","buyer":"gimme-your-coinz","seller":"sharker","symbol":"POB","quantity":"6.27286873","price":"0.70220024","timestamp":1627052958,"volume":"4.40480993","buyTxId":"11891a0b4ddb81734a666512042971a8e0f13339","sellTxId":"607b7e8470ab1e991ab53aeb4d7999aeaa42cfac"}
{"index": {"_index":"pob","_id":"1245260"}}
	{"id":1245260,"type":"sell","buyer":"gimme-your-coinz","seller":"mawit07","symbol":"POB","quantity":"3.65456156","price":"0.70320025","timestamp":1627053012,"volume":"2.56988860","buyTxId":"1fc29ecd5d0da4a4af58d0154bc1a143c8ea06db","sellTxId":"b7b3b828bf20a246e5b1a0cf88a60c88b84ffdd1"}
{"index": {"_index":"pob","_id":"1245264"}}
	{"id":1245264,"type":"buy","buyer":"gimme-your-coinz","seller":"knowhow92","symbol":"POB","quantity":"15.66162812","price":"0.75299000","timestamp":1627053057,"volume":"11.79304936","buyTxId":"205bd7a00e65d84db604314d5ea517523a78533c","sellTxId":"c9ec3949e2b820fe06e9ee95d0327e54e8634d9f"}
{"index": {"_index":"pob","_id":"1245265"}}
	{"id":1245265,"type":"buy","buyer":"gimme-your-coinz","seller":"solovey6o2","symbol":"POB","quantity":"0.00789966","price":"0.87986486","timestamp":1627053057,"volume":"0.00695064","buyTxId":"205bd7a00e65d84db604314d5ea517523a78533c","sellTxId":"8be46abae7ee6cbe3584907d31aa7b4df785ea62"}
{"index": {"_index":"pob","_id":"1245277"}}
	{"id":1245277,"type":"sell","buyer":"gimme-your-coinz","seller":"thegoliath","symbol":"POB","quantity":"5.30253712","price":"0.70330026","timestamp":1627053240,"volume":"3.72927574","buyTxId":"c4dcd0fe71642112c5f211e0197abc25bba902ae","sellTxId":"816cd31c4575e635fb5cb04bc002a50965e71cc9"}
{"index": {"_index":"pob","_id":"1245290"}}
	{"id":1245290,"type":"sell","buyer":"freebornsociety","seller":"tokensonline","symbol":"POB","quantity":"11.95000000","price":"0.70540028","timestamp":1627053576,"volume":"8.42953335","buyTxId":"MM-P-8916090-55896879-3-3-0","sellTxId":"414ac3014350ff13b966aaf16531a8c9fb1fc9b8"}
{"index": {"_index":"pob","_id":"1245345"}}
	{"id":1245345,"type":"sell","buyer":"gimme-your-coinz","seller":"elrey9006","symbol":"POB","quantity":"1.07746211","price":"0.70770034","timestamp":1627054473,"volume":"0.76252030","buyTxId":"07ddc86789b398e9191cfd468ca1bbede335b90a","sellTxId":"d308f41a5eb367217f1a6ce4cef1eb358268bfd8"}
{"index": {"_index":"pob","_id":"1245390"}}
	{"id":1245390,"type":"sell","buyer":"gimme-your-coinz","seller":"florian-glechner","symbol":"POB","quantity":"0.06415266","price":"0.71090039","timestamp":1627055133,"volume":"0.04560615","buyTxId":"f626df79ef3a6f7aa87c288a219f5c5e6e84f48a","sellTxId":"fcafa195656739f3c374e2c47010743425275ba5"}
{"index": {"_index":"pob","_id":"1245400"}}
	{"id":1245400,"type":"sell","buyer":"gimme-your-coinz","seller":"ocotuchodzi","symbol":"POB","quantity":"5.69552733","price":"0.71100040","timestamp":1627055316,"volume":"4.04952221","buyTxId":"6773f1402770bbc7c7867910e015f85187f1c296","sellTxId":"5724823eb4899641d3e3aca18080f06b74a00810"}
{"index": {"_index":"pob","_id":"1245452"}}
	{"id":1245452,"type":"sell","buyer":"gimme-your-coinz","seller":"littledisciples","symbol":"POB","quantity":"22.00000000","price":"0.71420045","timestamp":1627056042,"volume":"15.71240990","buyTxId":"a79296bbb5d7fd40ea0085be19977872748be856","sellTxId":"1b2c328bc7384c91a30b17cf3cffbfbe2d7c46ff"}
{"index": {"_index":"pob","_id":"1245453"}}
	{"id":1245453,"type":"sell","buyer":"gimme-your-coinz","seller":"littledisciples","symbol":"POB","quantity":"18.00000000","price":"0.71420045","timestamp":1627056042,"volume":"12.85560810","buyTxId":"f57b10fe9ecd10ef014d320dbe85125a1e02749e","sellTxId":"1b2c328bc7384c91a30b17cf3cffbfbe2d7c46ff"}
{"index": {"_index":"pob","_id":"1245464"}}
	{"id":1245464,"type":"buy","buyer":"berthold","seller":"take-my-coinz","symbol":"POB","quantity":"5.00000000","price":"0.87184464","timestamp":1627056231,"volume":"4.35922320","buyTxId":"32d4c6e2a6988ac36506c3242be7e2e0839f436d","sellTxId":"436db7072990c4eac223d33d1231818145b966d0"}
{"index": {"_index":"pob","_id":"1245484"}}
	{"id":1245484,"type":"buy","buyer":"offgridlife","seller":"take-my-coinz","symbol":"POB","quantity":"0.01000000","price":"0.87084462","timestamp":1627056522,"volume":"0.00870845","buyTxId":"052c9599aa5e47f2d5b676717a93d465d2562f09","sellTxId":"5edacaae37952ae015b6f1707d0d9ad539a01bc9"}
{"index": {"_index":"pob","_id":"1245485"}}
	{"id":1245485,"type":"buy","buyer":"offgridlife","seller":"take-my-coinz","symbol":"POB","quantity":"0.01000000","price":"0.87084462","timestamp":1627056531,"volume":"0.00870845","buyTxId":"69f05b80f89505a155bef1b6ed8a43d75b5b88cb","sellTxId":"5edacaae37952ae015b6f1707d0d9ad539a01bc9"}
{"index": {"_index":"pob","_id":"1245486"}}
	{"id":1245486,"type":"buy","buyer":"offgridlife","seller":"take-my-coinz","symbol":"POB","quantity":"0.01000000","price":"0.87084462","timestamp":1627056540,"volume":"0.00870845","buyTxId":"205b10e246c5a9a23af5e69dcea90a06839b8b53","sellTxId":"5edacaae37952ae015b6f1707d0d9ad539a01bc9"}
{"index": {"_index":"pob","_id":"1245487"}}
	{"id":1245487,"type":"sell","buyer":"gimme-your-coinz","seller":"lotusies","symbol":"POB","quantity":"0.85191366","price":"0.71530047","timestamp":1627056543,"volume":"0.60937424","buyTxId":"002a1be259f8773c0c8507d43ea2cfbe1ef98b59","sellTxId":"d47fbe58590772a5087ceab384e6e322aa374690"}
{"index": {"_index":"pob","_id":"1245488"}}
	{"id":1245488,"type":"buy","buyer":"offgridlife","seller":"freebornsociety","symbol":"POB","quantity":"0.01000000","price":"0.86984462","timestamp":1627056579,"volume":"0.00869845","buyTxId":"87f52952c06470d708c32b7722eb915a32168999","sellTxId":"MM-P-8917089-55897878-3-3-1"}
{"index": {"_index":"pob","_id":"1245495"}}
	{"id":1245495,"type":"sell","buyer":"gimme-your-coinz","seller":"abbey877","symbol":"POB","quantity":"22.00000000","price":"0.71630048","timestamp":1627056723,"volume":"15.75861056","buyTxId":"d1a47d4c92779890f333038cc3f0b7656d7ca2e6","sellTxId":"7d99449502ddf6b7e554b0541c2d2a661c84539f"}
{"index": {"_index":"pob","_id":"1245496"}}
	{"id":1245496,"type":"sell","buyer":"solovey6o2","seller":"abbey877","symbol":"POB","quantity":"82.77829359","price":"0.71630048","timestamp":1627056723,"volume":"59.29413143","buyTxId":"11fb30a71e1335cfde12dcb899227c7a377f64ef","sellTxId":"7d99449502ddf6b7e554b0541c2d2a661c84539f"}
{"index": {"_index":"pob","_id":"1245505"}}
	{"id":1245505,"type":"sell","buyer":"gimme-your-coinz","seller":"hookup.pop","symbol":"POB","quantity":"15.45077049","price":"0.71740050","timestamp":1627056954,"volume":"11.08439047","buyTxId":"7586d82a5df6fdf15bdab68785c1e5b7d8676fd2","sellTxId":"b3658540c941cfac474105c59a397dc185dd6a2c"}
{"index": {"_index":"pob","_id":"1245558"}}
	{"id":1245558,"type":"sell","buyer":"gimme-your-coinz","seller":"hive.pizza","symbol":"POB","quantity":"4.71227865","price":"0.71960054","timestamp":1627057527,"volume":"3.39095826","buyTxId":"788c8ccc4528e0ef95482235c3bd2dcabce82ad4","sellTxId":"cb1f1a9e7c706f23bb8142c66d01e5fa9960a66c"}
{"index": {"_index":"pob","_id":"1245592"}}
	{"id":1245592,"type":"sell","buyer":"freebornsociety","seller":"hranhuk","symbol":"POB","quantity":"5","price":"0.74220004","timestamp":1627058385,"volume":"3.71100020","buyTxId":"MM-P-8917686-55898475-3-3-0","sellTxId":"36886710109f80d8cb174746ad7ff88a6994e1a8"}
{"index": {"_index":"pob","_id":"1245634"}}
	{"id":1245634,"type":"sell","buyer":"solovey6o2","seller":"hranhuk","symbol":"POB","quantity":"200","price":"0.74250008","timestamp":1627059234,"volume":"148.50001600","buyTxId":"92184b1e38b174120038d9d01f085a6345f5d579","sellTxId":"c9899e3981d26c3d7b3e5301d345b18a9965a882"}
{"index": {"_index":"pob","_id":"1245651"}}
	{"id":1245651,"type":"sell","buyer":"solovey6o2","seller":"kennysgaminglife","symbol":"POB","quantity":"0.99487008","price":"0.74270010","timestamp":1627059948,"volume":"0.73889011","buyTxId":"74d540665e7e76de638845aca43cc7a3e4b35dbe","sellTxId":"cb62ebfc085faeab00d9fb8d33968e325122081f"}
{"index": {"_index":"pob","_id":"1245741"}}
	{"id":1245741,"type":"sell","buyer":"solovey6o2","seller":"andy4475","symbol":"POB","quantity":"3.99876197","price":"0.74330016","timestamp":1627061820,"volume":"2.97228041","buyTxId":"a24f31c7cd2113a01dbd64eb8d71637425d044c1","sellTxId":"631ed4a9e94394f3566347922d46d1603e7550a7"}
{"index": {"_index":"pob","_id":"1245761"}}
	{"id":1245761,"type":"sell","buyer":"richardcrill","seller":"esecholo","symbol":"POB","quantity":"6.87160000","price":"0.74350017","timestamp":1627062138,"volume":"5.10903577","buyTxId":"MM-P-8918931-55899723-3-11-0","sellTxId":"2bb45564e83be2355b2240d7adeae6137eae7154"}
{"index": {"_index":"pob","_id":"1245776"}}
	{"id":1245776,"type":"sell","buyer":"solovey6o2","seller":"readthisplease","symbol":"POB","quantity":"50.50000000","price":"0.74360019","timestamp":1627062603,"volume":"37.55180960","buyTxId":"aaf471a24e7af191066c05d7e320242581e017a2","sellTxId":"e6a01df05f169bd8f357b4537adf9c68dcb7db02"}
{"index": {"_index":"pob","_id":"1245780"}}
	{"id":1245780,"type":"sell","buyer":"solovey6o2","seller":"marvinix","symbol":"POB","quantity":"6.04468914","price":"0.74360019","timestamp":1627062648,"volume":"4.49483199","buyTxId":"aaf471a24e7af191066c05d7e320242581e017a2","sellTxId":"608e6f7cc281343425f80f947da13c71be145887"}
{"index": {"_index":"pob","_id":"1245781"}}
	{"id":1245781,"type":"sell","buyer":"richardcrill","seller":"marvinix","symbol":"POB","quantity":"6.54531086","price":"0.74360018","timestamp":1627062648,"volume":"4.86709433","buyTxId":"MM-P-8919031-55899823-3-11-0","sellTxId":"608e6f7cc281343425f80f947da13c71be145887"}
{"index": {"_index":"pob","_id":"1245785"}}
	{"id":1245785,"type":"sell","buyer":"freebornsociety","seller":"dealhunter","symbol":"POB","quantity":"74.69285571","price":"0.74220004","timestamp":1627062819,"volume":"55.43704050","buyTxId":"MM-P-8917686-55898475-3-3-0","sellTxId":"43d8422a2d945ae794c0d31951ec17a01871558d"}
{"index": {"_index":"pob","_id":"1245792"}}
	{"id":1245792,"type":"sell","buyer":"freebornsociety","seller":"mightyrocklee","symbol":"POB","quantity":"9.10286785","price":"0.74220004","timestamp":1627062918,"volume":"6.75614888","buyTxId":"MM-P-8917686-55898475-3-3-0","sellTxId":"6b47e8f9d121aaf0819462f2ef967c38968248df"}
{"index": {"_index":"pob","_id":"1245811"}}
	{"id":1245811,"type":"buy","buyer":"investinthefutur","seller":"take-my-coinz","symbol":"POB","quantity":"13.00000000","price":"0.74358013","timestamp":1627063251,"volume":"9.66654169","buyTxId":"8b56221b025caef48afc379b35f67ed8797882dd","sellTxId":"76cebc577170c0332eb1fc056add1c5c0bccb09c"}
{"index": {"_index":"pob","_id":"1245822"}}
	{"id":1245822,"type":"sell","buyer":"freebornsociety","seller":"gungunkrishu","symbol":"POB","quantity":"4.75000000","price":"0.74220004","timestamp":1627063566,"volume":"3.52545019","buyTxId":"MM-P-8917686-55898475-3-3-0","sellTxId":"0d23aae74a6992d2ad6bb0563fc797f1906b17b6"}
{"index": {"_index":"pob","_id":"1245844"}}
	{"id":1245844,"type":"sell","buyer":"freebornsociety","seller":"ykretz","symbol":"POB","quantity":"1.11757819","price":"0.74220004","timestamp":1627063944,"volume":"0.82946658","buyTxId":"MM-P-8917686-55898475-3-3-0","sellTxId":"4699ad4f60645dd368f2e6413d0f9d82f16a0598"}
{"index": {"_index":"pob","_id":"1245894"}}
	{"id":1245894,"type":"sell","buyer":"freebornsociety","seller":"madstacks","symbol":"POB","quantity":"6.38762247","price":"0.74220004","timestamp":1627065003,"volume":"4.74089365","buyTxId":"MM-P-8917686-55898475-3-3-0","sellTxId":"6d89c6155bd530346583e4b616b6af7ebbddb287"}
{"index": {"_index":"pob","_id":"1245895"}}
	{"id":1245895,"type":"sell","buyer":"joshh71390","seller":"madstacks","symbol":"POB","quantity":"49.61237753","price":"0.74000000","timestamp":1627065003,"volume":"36.71315937","buyTxId":"0e09300fe2b5594476b1ee57834bec12457c2bdb","sellTxId":"6d89c6155bd530346583e4b616b6af7ebbddb287"}
{"index": {"_index":"pob","_id":"1245908"}}
	{"id":1245908,"type":"sell","buyer":"joshh71390","seller":"silviabeneforti","symbol":"POB","quantity":"0.38762247","price":"0.74000000","timestamp":1627065231,"volume":"0.28684063","buyTxId":"0e09300fe2b5594476b1ee57834bec12457c2bdb","sellTxId":"d985bf5c838aa7e183b93c0f8bab7583d318d74c"}
{"index": {"_index":"pob","_id":"1245960"}}
	{"id":1245960,"type":"sell","buyer":"gimme-your-coinz","seller":"funt33","symbol":"POB","quantity":"0.05008739","price":"0.71970055","timestamp":1627066302,"volume":"0.03604792","buyTxId":"9ede733a67daa4196b404298919897ade83de2a5","sellTxId":"1fec165b851d30e1b10510a5183ca0ed5a609644"}
{"index": {"_index":"pob","_id":"1245996"}}
	{"id":1245996,"type":"sell","buyer":"gimme-your-coinz","seller":"thranax","symbol":"POB","quantity":"1.96487809","price":"0.71970055","timestamp":1627067373,"volume":"1.41412384","buyTxId":"9ede733a67daa4196b404298919897ade83de2a5","sellTxId":"72b270d794355e7505d24aa75b473e53f0eb7bef"}
{"index": {"_index":"pob","_id":"1245999"}}
	{"id":1245999,"type":"sell","buyer":"gimme-your-coinz","seller":"ironshield","symbol":"POB","quantity":"1.16734070","price":"0.71970055","timestamp":1627067532,"volume":"0.84013574","buyTxId":"9ede733a67daa4196b404298919897ade83de2a5","sellTxId":"8d14c954553cdccf6fa70443322c760783fdc0c1"}
{"index": {"_index":"pob","_id":"1246053"}}
	{"id":1246053,"type":"sell","buyer":"gimme-your-coinz","seller":"gubbatv","symbol":"POB","quantity":"5.67714030","price":"0.71970055","timestamp":1627068696,"volume":"4.08584100","buyTxId":"9ede733a67daa4196b404298919897ade83de2a5","sellTxId":"4251d9b1dff035a39d299fe9dc848615647936e1"}
{"index": {"_index":"pob","_id":"1246062"}}
	{"id":1246062,"type":"sell","buyer":"gimme-your-coinz","seller":"automaton","symbol":"POB","quantity":"4.80695202","price":"0.71970055","timestamp":1627069173,"volume":"3.45956601","buyTxId":"9ede733a67daa4196b404298919897ade83de2a5","sellTxId":"fe16e5427215213a5bc60ba8a5283f8f31438244"}
{"index": {"_index":"pob","_id":"1246073"}}
	{"id":1246073,"type":"sell","buyer":"gimme-your-coinz","seller":"valor2s","symbol":"POB","quantity":"5.11307490","price":"0.71970055","timestamp":1627069617,"volume":"3.67988282","buyTxId":"9ede733a67daa4196b404298919897ade83de2a5","sellTxId":"e7ad1fa5dbc18af63f1e56285e78ffe5d1c28a89"}
{"index": {"_index":"pob","_id":"1246153"}}
	{"id":1246153,"type":"sell","buyer":"gimme-your-coinz","seller":"slobberchops","symbol":"POB","quantity":"0.73832611","price":"0.71970055","timestamp":1627070817,"volume":"0.53137371","buyTxId":"9ede733a67daa4196b404298919897ade83de2a5","sellTxId":"69bd7db2c14b04d1145de1098667b93e0a7f04d7"}
{"index": {"_index":"pob","_id":"1246155"}}
	{"id":1246155,"type":"sell","buyer":"gimme-your-coinz","seller":"acesontop","symbol":"POB","quantity":"2.48220049","price":"0.71970055","timestamp":1627070943,"volume":"1.78644106","buyTxId":"9ede733a67daa4196b404298919897ade83de2a5","sellTxId":"f699348e6a2bd100a6f59dcdb8b5b6164cf66d36"}
{"index": {"_index":"pob","_id":"1246156"}}
	{"id":1246156,"type":"sell","buyer":"gimme-your-coinz","seller":"acesontop","symbol":"POB","quantity":"9.29829150","price":"0.71970055","timestamp":1627070943,"volume":"6.69198551","buyTxId":"038da48a662ec056d85ee6c09e7353aed5462137","sellTxId":"f699348e6a2bd100a6f59dcdb8b5b6164cf66d36"}
{"index": {"_index":"pob","_id":"1246164"}}
	{"id":1246164,"type":"sell","buyer":"gimme-your-coinz","seller":"joshh71390","symbol":"POB","quantity":"12.00000000","price":"0.71970055","timestamp":1627071144,"volume":"8.63640660","buyTxId":"038da48a662ec056d85ee6c09e7353aed5462137","sellTxId":"b2e51fdeb66aab37f19d3a81ae9de8f71dad235e"}
{"index": {"_index":"pob","_id":"1246170"}}
	{"id":1246170,"type":"sell","buyer":"gimme-your-coinz","seller":"freebornsociety","symbol":"POB","quantity":"0.70170850","price":"0.71970055","timestamp":1627071276,"volume":"0.50501999","buyTxId":"038da48a662ec056d85ee6c09e7353aed5462137","sellTxId":"MM-P-8921972-55902768-3-3-1"}
{"index": {"_index":"pob","_id":"1246172"}}
	{"id":1246172,"type":"sell","buyer":"solovey6o2","seller":"pixiepost","symbol":"POB","quantity":"20.00000000","price":"0.67591041","timestamp":1627071342,"volume":"13.51820820","buyTxId":"37adc42f428db13057a7bb369a226b2481fcb7ff","sellTxId":"b858ae455ebcd918155154ca5377349dcebc3bf3"}
{"index": {"_index":"pob","_id":"1246176"}}
	{"id":1246176,"type":"sell","buyer":"solovey6o2","seller":"lunaticpandora","symbol":"POB","quantity":"110.17556261","price":"0.67601042","timestamp":1627071483,"volume":"74.47982835","buyTxId":"b77d5685472db1fc4e784ee479e764e11cab90b9","sellTxId":"52954f1ec93a5f69b323bf8110528f122aec9c7e"}
{"index": {"_index":"pob","_id":"1246177"}}
	{"id":1246177,"type":"sell","buyer":"richardcrill","seller":"lunaticpandora","symbol":"POB","quantity":"53.05048842","price":"0.67601041","timestamp":1627071483,"volume":"35.86268243","buyTxId":"MM-P-8922021-55902817-3-11-0","sellTxId":"52954f1ec93a5f69b323bf8110528f122aec9c7e"}
{"index": {"_index":"pob","_id":"1246185"}}
	{"id":1246185,"type":"sell","buyer":"freebornsociety","seller":"cwow2","symbol":"POB","quantity":"1.03399116","price":"0.67701041","timestamp":1627071693,"volume":"0.70002278","buyTxId":"MM-P-8922072-55902868-3-3-0","sellTxId":"5eeb4100745e720906524015a49656c8f0bbd2c9"}
{"index": {"_index":"pob","_id":"1246216"}}
	{"id":1246216,"type":"sell","buyer":"oivas","seller":"ahmadmangazap","symbol":"POB","quantity":"5.75000000","price":"0.65291000","timestamp":1627072797,"volume":"3.75423250","buyTxId":"df056cf43b410e91801c8f010d598e69ed025cfa","sellTxId":"d1a9697a7d7e263eb3614f3a2e18bda3654ccc20"}
{"index": {"_index":"pob","_id":"1246217"}}
	{"id":1246217,"type":"sell","buyer":"freebornsociety","seller":"ahmadmangazap","symbol":"POB","quantity":"5.05363698","price":"0.61310000","timestamp":1627072797,"volume":"3.09838483","buyTxId":"MM-P-8922470-55903267-3-3-0","sellTxId":"d1a9697a7d7e263eb3614f3a2e18bda3654ccc20"}
{"index": {"_index":"pob","_id":"1246275"}}
	{"id":1246275,"type":"sell","buyer":"freebornsociety","seller":"metzli","symbol":"POB","quantity":"0.53694693","price":"0.61100000","timestamp":1627074582,"volume":"0.32807457","buyTxId":"MM-P-8922667-55903465-3-3-0","sellTxId":"9c0fbf36eddf84becd776b88cea40aadb5f3bb2e"}
{"index": {"_index":"pob","_id":"1246411"}}
	{"id":1246411,"type":"buy","buyer":"darmst5339","seller":"ahmetay","symbol":"POB","quantity":"2.89158905","price":"0.65708700","timestamp":1627078239,"volume":"1.90002558","buyTxId":"5029841f3d5bbff20628313f6fc2417f71164a02","sellTxId":"198a5a299ac6beb2413bc313339197401a3af0ce"}
{"index": {"_index":"pob","_id":"1246430"}}
	{"id":1246430,"type":"buy","buyer":"scholaris.pob","seller":"ahmetay","symbol":"POB","quantity":"0.48706032","price":"0.65708700","timestamp":1627078809,"volume":"0.32004100","buyTxId":"22da7c0f860601b2f2e00966d97845bcad45375e","sellTxId":"198a5a299ac6beb2413bc313339197401a3af0ce"}
{"index": {"_index":"pob","_id":"1246431"}}
	{"id":1246431,"type":"buy","buyer":"scholaris.pob","seller":"freebornsociety","symbol":"POB","quantity":"127.95497681","price":"0.69371975","timestamp":1627078809,"volume":"88.76489452","buyTxId":"22da7c0f860601b2f2e00966d97845bcad45375e","sellTxId":"MM-P-8924457-55905262-3-3-1"}
{"index": {"_index":"pob","_id":"1246432"}}
	{"id":1246432,"type":"buy","buyer":"scholaris.pob","seller":"bluesniper","symbol":"POB","quantity":"29.00000000","price":"0.69470975","timestamp":1627078809,"volume":"20.14658275","buyTxId":"22da7c0f860601b2f2e00966d97845bcad45375e","sellTxId":"MM-P-8924457-55905262-3-5-0"}
{"index": {"_index":"pob","_id":"1246433"}}
	{"id":1246433,"type":"buy","buyer":"scholaris.pob","seller":"solovey6o2","symbol":"POB","quantity":"188.41273756","price":"0.69471975","timestamp":1627078809,"volume":"130.89404994","buyTxId":"22da7c0f860601b2f2e00966d97845bcad45375e","sellTxId":"159340cdcfdaaf99a05df3bf6d744d23a53fa9e0"}
{"index": {"_index":"pob","_id":"1246439"}}
	{"id":1246439,"type":"sell","buyer":"solovey6o2","seller":"spinvest-leo","symbol":"POB","quantity":"33.39023734","price":"0.62320015","timestamp":1627078899,"volume":"20.80880092","buyTxId":"a25b88feaa312288bd76d6c9a11a469c1692ef89","sellTxId":"74c849a3e015f2fa883a4915ff9db017cbb788b5"}
{"index": {"_index":"pob","_id":"1246471"}}
	{"id":1246471,"type":"buy","buyer":"scholaris.pob","seller":"steevc","symbol":"POB","quantity":"6.00000000","price":"0.71972000","timestamp":1627079274,"volume":"4.31832000","buyTxId":"1a393f2a67f202d09329930ce53e35198f4883a7","sellTxId":"1a986c5d3b0abf4140bbd20dab4e4b9aa56c4684"}
{"index": {"_index":"pob","_id":"1246472"}}
	{"id":1246472,"type":"buy","buyer":"scholaris.pob","seller":"take-my-coinz","symbol":"POB","quantity":"22.22200000","price":"0.72499968","timestamp":1627079274,"volume":"16.11094289","buyTxId":"1a393f2a67f202d09329930ce53e35198f4883a7","sellTxId":"b0d011c2ddba120603b8ab514cf863b4347ff8f5"}
{"index": {"_index":"pob","_id":"1246473"}}
	{"id":1246473,"type":"buy","buyer":"scholaris.pob","seller":"bluesniper","symbol":"POB","quantity":"29.00000000","price":"0.72598970","timestamp":1627079274,"volume":"21.05370130","buyTxId":"1a393f2a67f202d09329930ce53e35198f4883a7","sellTxId":"MM-P-8924556-55905362-3-5-0"}
{"index": {"_index":"pob","_id":"1246474"}}
	{"id":1246474,"type":"buy","buyer":"scholaris.pob","seller":"take-my-coinz","symbol":"POB","quantity":"22.22200000","price":"0.72599970","timestamp":1627079274,"volume":"16.13316533","buyTxId":"1a393f2a67f202d09329930ce53e35198f4883a7","sellTxId":"8f3bbeb284fa10b4706e0a2083a38bb6b332c13a"}
{"index": {"_index":"pob","_id":"1246475"}}
	{"id":1246475,"type":"buy","buyer":"scholaris.pob","seller":"silviabeneforti","symbol":"POB","quantity":"5.61237753","price":"0.74000000","timestamp":1627079274,"volume":"4.15315937","buyTxId":"1a393f2a67f202d09329930ce53e35198f4883a7","sellTxId":"d985bf5c838aa7e183b93c0f8bab7583d318d74c"}
{"index": {"_index":"pob","_id":"1246476"}}
	{"id":1246476,"type":"buy","buyer":"scholaris.pob","seller":"peerfinance","symbol":"POB","quantity":"0.21500000","price":"0.74000000","timestamp":1627079274,"volume":"0.15910000","buyTxId":"1a393f2a67f202d09329930ce53e35198f4883a7","sellTxId":"3792eac1a31e0de791345dbd7e30f8f9169ecd3f"}
{"index": {"_index":"pob","_id":"1246477"}}
	{"id":1246477,"type":"buy","buyer":"scholaris.pob","seller":"hookup.pop","symbol":"POB","quantity":"5.50405564","price":"0.74360019","timestamp":1627079274,"volume":"4.09281682","buyTxId":"1a393f2a67f202d09329930ce53e35198f4883a7","sellTxId":"47139498ee503a24723792392be5028a4d135a31"}
{"index": {"_index":"pob","_id":"1246478"}}
	{"id":1246478,"type":"buy","buyer":"scholaris.pob","seller":"bashadow","symbol":"POB","quantity":"5.00000000","price":"0.75220004","timestamp":1627079274,"volume":"3.76100020","buyTxId":"1a393f2a67f202d09329930ce53e35198f4883a7","sellTxId":"6a0d9fd276b5b01cab503ce3b49ecb0de32fe327"}
{"index": {"_index":"pob","_id":"1246479"}}
	{"id":1246479,"type":"buy","buyer":"scholaris.pob","seller":"anadolu","symbol":"POB","quantity":"11.00000000","price":"0.76480000","timestamp":1627079274,"volume":"8.41280000","buyTxId":"1a393f2a67f202d09329930ce53e35198f4883a7","sellTxId":"f839f54c14574776be41969cf92c58140d96567d"}
{"index": {"_index":"pob","_id":"1246480"}}
	{"id":1246480,"type":"buy","buyer":"scholaris.pob","seller":"whatsup","symbol":"POB","quantity":"7.08908783","price":"0.76583000","timestamp":1627079274,"volume":"5.42903613","buyTxId":"1a393f2a67f202d09329930ce53e35198f4883a7","sellTxId":"13535950ed71c15277bdabd37557785fec52c66b"}
{"index": {"_index":"pob","_id":"1246481"}}
	{"id":1246481,"type":"buy","buyer":"scholaris.pob","seller":"solovey6o2","symbol":"POB","quantity":"181.19826868","price":"0.81199999","timestamp":1627079274,"volume":"147.13299236","buyTxId":"1a393f2a67f202d09329930ce53e35198f4883a7","sellTxId":"16c8b7ec985663213722674de69d206e04ce6ed1"}
{"index": {"_index":"pob","_id":"1246490"}}
	{"id":1246490,"type":"sell","buyer":"freebornsociety","seller":"andy4475","symbol":"POB","quantity":"0.56079776","price":"0.62540018","timestamp":1627079415,"volume":"0.35072302","buyTxId":"MM-P-8924656-55905462-3-3-0","sellTxId":"02cf81f4f337c113a462754943f6f0596402a28d"}
{"index": {"_index":"pob","_id":"1246519"}}
	{"id":1246519,"type":"sell","buyer":"freebornsociety","seller":"cliffagreen","symbol":"POB","quantity":"0.05650214","price":"0.62760022","timestamp":1627080012,"volume":"0.03546076","buyTxId":"MM-P-8924856-55905662-3-3-0","sellTxId":"201daacbfd9244c17b8f43c3c7daa0644e36f10c"}
{"index": {"_index":"pob","_id":"1246554"}}
	{"id":1246554,"type":"sell","buyer":"richardcrill","seller":"paulmoon410","symbol":"POB","quantity":"0.09341479","price":"0.62990027","timestamp":1627080768,"volume":"0.05884200","buyTxId":"MM-P-8925103-55905909-3-11-0","sellTxId":"68ca0b554b30d28cba3cc57135165e8da3318feb"}
{"index": {"_index":"pob","_id":"1246584"}}
	{"id":1246584,"type":"sell","buyer":"freebornsociety","seller":"enforcer48","symbol":"POB","quantity":"1.82200000","price":"0.63420034","timestamp":1627081833,"volume":"1.15551302","buyTxId":"MM-P-8925453-55906259-3-3-0","sellTxId":"a70d4ea7cb070b70764fcfb3d57cd7ac2fa0c53e"}
{"index": {"_index":"pob","_id":"1246615"}}
	{"id":1246615,"type":"sell","buyer":"freebornsociety","seller":"jsantana","symbol":"POB","quantity":"38.60326588","price":"0.63640038","timestamp":1627082397,"volume":"24.56713308","buyTxId":"MM-P-8925651-55906458-3-3-0","sellTxId":"9f7c31719d536f47f45b378ebdd345e9d1b33a2a"}
{"index": {"_index":"pob","_id":"1246627"}}
	{"id":1246627,"type":"buy","buyer":"polaleye50","seller":"solovey6o2","symbol":"POB","quantity":"4.88110149","price":"0.79899998","timestamp":1627082733,"volume":"3.9","buyTxId":"7d975286442b36dd61393067b19a3d90e30a4d58","sellTxId":"ad669b11d9bef7dbd2b2e307cb076496611ba54e"}
{"index": {"_index":"pob","_id":"1246630"}}
	{"id":1246630,"type":"sell","buyer":"solovey6o2","seller":"forgottenuser","symbol":"POB","quantity":"331.75679811","price":"0.63750041","timestamp":1627082778,"volume":"211.49509482","buyTxId":"65351e855c6247a3b6d14815d4977a3aef28eeac","sellTxId":"cdd9455b04b249ee995c8265418c5615f1d75e84"}
{"index": {"_index":"pob","_id":"1246633"}}
	{"id":1246633,"type":"sell","buyer":"solovey6o2","seller":"forgottenuser","symbol":"POB","quantity":"0.11781535","price":"0.63750041","timestamp":1627082850,"volume":"0.07510733","buyTxId":"65351e855c6247a3b6d14815d4977a3aef28eeac","sellTxId":"558d2f841acec4d379587df5aa94bcc540a8948d"}
{"index": {"_index":"pob","_id":"1246638"}}
	{"id":1246638,"type":"sell","buyer":"freebornsociety","seller":"forgottenuser","symbol":"POB","quantity":"117.64698501","price":"0.63750040","timestamp":1627082949,"volume":"75.00000000","buyTxId":"MM-P-8925751-55906558-3-3-0","sellTxId":"1ac6aca394266a0db2675e8867e7d99f96edd109"}
{"index": {"_index":"pob","_id":"1246660"}}
	{"id":1246660,"type":"sell","buyer":"freebornsociety","seller":"forgottenuser","symbol":"POB","quantity":"52.15010037","price":"0.61200001","timestamp":1627083285,"volume":"31.91586195","buyTxId":"MM-P-8925950-55906757-3-3-0","sellTxId":"6f14a3e832b55e2878aefc6769742ba07477c1f3"}
{"index": {"_index":"pob","_id":"1246689"}}
	{"id":1246689,"type":"sell","buyer":"richardcrill","seller":"esecholito","symbol":"POB","quantity":"0.08500000","price":"0.61010000","timestamp":1627083834,"volume":"0.05185850","buyTxId":"MM-P-8925997-55906804-3-11-0","sellTxId":"b3f09f862179a8e334f3642c923fbff64b218cda"}
{"index": {"_index":"pob","_id":"1246781"}}
	{"id":1246781,"type":"sell","buyer":"freebornsociety","seller":"he-index","symbol":"POB","quantity":"0.12100000","price":"0.61220000","timestamp":1627087266,"volume":"0.07407620","buyTxId":"MM-P-8927145-55907954-3-3-0","sellTxId":"e3c1aee1a222a5689d61613d42d991e90462ad8d"}
{"index": {"_index":"pob","_id":"1246829"}}
	{"id":1246829,"type":"sell","buyer":"freebornsociety","seller":"andy4475","symbol":"POB","quantity":"0.27786805","price":"0.61220000","timestamp":1627088295,"volume":"0.17011082","buyTxId":"MM-P-8927145-55907954-3-3-0","sellTxId":"5de995d5c18583301438c11552b455bee66e0a34"}
{"index": {"_index":"pob","_id":"1246907"}}
	{"id":1246907,"type":"sell","buyer":"freebornsociety","seller":"holoz0r","symbol":"POB","quantity":"1.3983216","price":"0.61330000","timestamp":1627089918,"volume":"0.85759064","buyTxId":"MM-P-8928142-55908952-3-3-0","sellTxId":"a2f3fa95bc6da188ab4b16bcbd9cf4be1438d738"}
{"index": {"_index":"pob","_id":"1246908"}}
	{"id":1246908,"type":"sell","buyer":"freebornsociety","seller":"trentonlundy1","symbol":"POB","quantity":"0.04846328","price":"0.61330000","timestamp":1627089921,"volume":"0.02972253","buyTxId":"MM-P-8928142-55908952-3-3-0","sellTxId":"2a5355a01f2cf7a8feae91df1a77eb707a388abc"}
{"index": {"_index":"pob","_id":"1246923"}}
	{"id":1246923,"type":"sell","buyer":"freebornsociety","seller":"hallmann","symbol":"POB","quantity":"21.00000000","price":"0.61330000","timestamp":1627090050,"volume":"12.87930000","buyTxId":"MM-P-8928142-55908952-3-3-0","sellTxId":"36575a6aceedf43297c531fb321fb90b305afd97"}
{"index": {"_index":"pob","_id":"1246937"}}
	{"id":1246937,"type":"sell","buyer":"freebornsociety","seller":"barbarabezina","symbol":"POB","quantity":"12.66965557","price":"0.61330000","timestamp":1627090602,"volume":"7.77029976","buyTxId":"MM-P-8928142-55908952-3-3-0","sellTxId":"5fa73873517fb495a5a2bd58fbe7a35b00b3a8ec"}
{"index": {"_index":"pob","_id":"1246939"}}
	{"id":1246939,"type":"buy","buyer":"drutter","seller":"schlees","symbol":"POB","quantity":"1.61118603","price":"0.70000000","timestamp":1627090710,"volume":"1.12783022","buyTxId":"52ec63f3ea74d2972e36c4d798e014b5ffde1794","sellTxId":"2dbd355d6949d1ab8ae7565ccc0b277a0c23b706"}
{"index": {"_index":"pob","_id":"1246940"}}
	{"id":1246940,"type":"buy","buyer":"drutter","seller":"dagger212","symbol":"POB","quantity":"28.08945538","price":"0.70000000","timestamp":1627090743,"volume":"19.66261877","buyTxId":"a92fb44d6c2f7d604e6a58112f9c1f45296fbd3c","sellTxId":"4def78a9c4b39742fa42d76e2f5fa2bd802466c3"}
{"index": {"_index":"pob","_id":"1246941"}}
	{"id":1246941,"type":"buy","buyer":"drutter","seller":"bluesniper","symbol":"POB","quantity":"0.00109500","price":"0.77298973","timestamp":1627090779,"volume":"0.00084642","buyTxId":"eade584baed100356e1701ed1b1cc0c2c49ee2e3","sellTxId":"MM-P-8928341-55909152-3-5-0"}
{"index": {"_index":"pob","_id":"1246952"}}
	{"id":1246952,"type":"sell","buyer":"freebornsociety","seller":"huginn","symbol":"POB","quantity":"0.25106749","price":"0.61330000","timestamp":1627091250,"volume":"0.15397969","buyTxId":"MM-P-8928142-55908952-3-3-0","sellTxId":"4bd0c59f56f694c638ff41c9be5d35970ac9d3f8"}
{"index": {"_index":"pob","_id":"1246975"}}
	{"id":1246975,"type":"sell","buyer":"freebornsociety","seller":"hive.pizza","symbol":"POB","quantity":"2.76897999","price":"0.61330000","timestamp":1627091943,"volume":"1.69821543","buyTxId":"MM-P-8928142-55908952-3-3-0","sellTxId":"b9ce3b128f595baf20fd872fbc126a5f247e0299"}
{"index": {"_index":"pob","_id":"1247018"}}
	{"id":1247018,"type":"sell","buyer":"richardcrill","seller":"warnas","symbol":"POB","quantity":"0.06028756","price":"0.61340000","timestamp":1627092864,"volume":"0.03698039","buyTxId":"MM-P-8929083-55909900-3-11-0","sellTxId":"b784f3e80f199a5c36cd50012fdbd346fb970aea"}
{"index": {"_index":"pob","_id":"1247019"}}
	{"id":1247019,"type":"sell","buyer":"richardcrill","seller":"coyotelation","symbol":"POB","quantity":"2.61808140","price":"0.61340000","timestamp":1627092864,"volume":"1.60593113","buyTxId":"MM-P-8929083-55909900-3-11-0","sellTxId":"af97f1c94a15783402bc0e8e76d1eed91ef785ac"}
{"index": {"_index":"pob","_id":"1247036"}}
	{"id":1247036,"type":"sell","buyer":"freebornsociety","seller":"cryptoandcoffee","symbol":"POB","quantity":"6.00000000","price":"0.61440000","timestamp":1627093155,"volume":"3.68640000","buyTxId":"MM-P-8929135-55909952-3-3-0","sellTxId":"c69b52e3d1bc044c8bb0f474ad17a1d822a3b019"}
{"index": {"_index":"pob","_id":"1247070"}}
	{"id":1247070,"type":"sell","buyer":"freebornsociety","seller":"cryptowingnut","symbol":"POB","quantity":"1.60965403","price":"0.61700000","timestamp":1627094607,"volume":"0.99315654","buyTxId":"MM-P-8929334-55910151-3-3-0","sellTxId":"83a209f1e6e1b06d219d0ab549d20a57087abca6"}
