{"index": {"_index":"pob","_id":"2846259"}}
	{"id":2846259,"type":"sell","buyer":"richardcrill","seller":"nineclaws","symbol":"POB","quantity":"0.12376091","price":"0.03341000","timestamp":1645675173,"volume":"0.00413485","buyTxId":"MM-P-15099754-62087368-3-11-0","sellTxId":"24f1fbc9c227678876190573ed3ccdf17b1c4522"}
{"index": {"_index":"pob","_id":"2846620"}}
	{"id":2846620,"type":"sell","buyer":"richardcrill","seller":"esecholo","symbol":"POB","quantity":"1.15000000","price":"0.03341000","timestamp":1645679529,"volume":"0.03842150","buyTxId":"MM-P-15099754-62087368-3-11-0","sellTxId":"27370610f287f1151af856614460eddcbb5bbc28"}
{"index": {"_index":"pob","_id":"2846624"}}
	{"id":2846624,"type":"sell","buyer":"richardcrill","seller":"karamyog","symbol":"POB","quantity":"0.67848259","price":"0.03341000","timestamp":1645679700,"volume":"0.02266810","buyTxId":"MM-P-15099754-62087368-3-11-0","sellTxId":"0d2c33afd1925712196133f24487a08a0fcddeea"}
{"index": {"_index":"pob","_id":"2846630"}}
	{"id":2846630,"type":"sell","buyer":"richardcrill","seller":"anggreklestari","symbol":"POB","quantity":"34.50981671","price":"0.03341000","timestamp":1645679790,"volume":"1.15297298","buyTxId":"MM-P-15099754-62087368-3-11-0","sellTxId":"24c0308f87944ae8622d23dc81b736b708814e42"}
{"index": {"_index":"pob","_id":"2846671"}}
	{"id":2846671,"type":"sell","buyer":"richardcrill","seller":"eriksand","symbol":"POB","quantity":"1.12669394","price":"0.03341000","timestamp":1645680393,"volume":"0.03764284","buyTxId":"MM-P-15099754-62087368-3-11-0","sellTxId":"078eb1c7d2b3c14d9ed30edc9604e83c3e3670de"}
{"index": {"_index":"pob","_id":"2846820"}}
	{"id":2846820,"type":"buy","buyer":"balina","seller":"richardcrill","symbol":"POB","quantity":"333.00000000","price":"0.04789999","timestamp":1645682700,"volume":"15.95069667","buyTxId":"116ff61521a75ea38ef409b8088f78ee2e8a39ad","sellTxId":"MM-P-15099754-62087368-3-11-1"}
{"index": {"_index":"pob","_id":"2846880"}}
	{"id":2846880,"type":"sell","buyer":"richardcrill","seller":"chekohler","symbol":"POB","quantity":"4.94392011","price":"0.03341000","timestamp":1645683486,"volume":"0.16517637","buyTxId":"MM-P-15099754-62087368-3-11-0","sellTxId":"9dceef5e317e21268bcc82abf16fe7d4b1f55b6e"}
{"index": {"_index":"pob","_id":"2846892"}}
	{"id":2846892,"type":"sell","buyer":"richardcrill","seller":"finguru","symbol":"POB","quantity":"17.82614952","price":"0.03341000","timestamp":1645683654,"volume":"0.59557166","buyTxId":"MM-P-15099754-62087368-3-11-0","sellTxId":"e2122abff7dc34155cd1d055281e76e4dc7cd07f"}
{"index": {"_index":"pob","_id":"2846910"}}
	{"id":2846910,"type":"sell","buyer":"richardcrill","seller":"sugandhaseth","symbol":"POB","quantity":"5.48224249","price":"0.03341000","timestamp":1645683891,"volume":"0.18316172","buyTxId":"MM-P-15099754-62087368-3-11-0","sellTxId":"fe73c83c5f3f89e1c25d991c9468d181a1f57f54"}
{"index": {"_index":"pob","_id":"2847039"}}
	{"id":2847039,"type":"sell","buyer":"richardcrill","seller":"badbitch","symbol":"POB","quantity":"628.55432505","price":"0.03341000","timestamp":1645685508,"volume":"21.00000000","buyTxId":"MM-P-15103842-62091458-3-11-0","sellTxId":"2c18ba06f2560497b8706352595cfa80c9684690"}
{"index": {"_index":"pob","_id":"2847046"}}
	{"id":2847046,"type":"sell","buyer":"onlydoge","seller":"badbitch","symbol":"POB","quantity":"60.04202000","price":"0.03331000","timestamp":1645685565,"volume":"1.99999969","buyTxId":"fcdb32e6ae9791164f75f8138d80ff1cdd28dd20","sellTxId":"4db96b01518a45f65b71c4413147ea483a667b9c"}
{"index": {"_index":"pob","_id":"2847047"}}
	{"id":2847047,"type":"sell","buyer":"alberto0607","seller":"badbitch","symbol":"POB","quantity":"39.95798000","price":"0.03330010","timestamp":1645685565,"volume":"1.33060473","buyTxId":"8a9dddd2ff24db50a9bc8272f9be4502f9432b57","sellTxId":"4db96b01518a45f65b71c4413147ea483a667b9c"}
{"index": {"_index":"pob","_id":"2847055"}}
	{"id":2847055,"type":"sell","buyer":"alberto0607","seller":"badbitch","symbol":"POB","quantity":"60.04202000","price":"0.03330010","timestamp":1645685613,"volume":"1.99940527","buyTxId":"8a9dddd2ff24db50a9bc8272f9be4502f9432b57","sellTxId":"1e6ea65f36fd7aa03184774af6f7e56f476600c8"}
{"index": {"_index":"pob","_id":"2847062"}}
	{"id":2847062,"type":"sell","buyer":"yintercept","seller":"badbitch","symbol":"POB","quantity":"21.39285395","price":"0.03330000","timestamp":1645685664,"volume":"0.71238204","buyTxId":"a9001a5835c94dd8a3cf74c40d6a00161b0628d3","sellTxId":"81e07f5d82ee015a84b57a1d1013bd860891aa3f"}
{"index": {"_index":"pob","_id":"2847069"}}
	{"id":2847069,"type":"sell","buyer":"richardcrill","seller":"badbitch","symbol":"POB","quantity":"675.24115756","price":"0.03110000","timestamp":1645685688,"volume":"21.00000000","buyTxId":"MM-P-15104042-62091658-3-11-0","sellTxId":"2981e5f64a2978ffeb75446b3fc6e57892d820f5"}
{"index": {"_index":"pob","_id":"2847070"}}
	{"id":2847070,"type":"sell","buyer":"eirik","seller":"badbitch","symbol":"POB","quantity":"70.00000000","price":"0.03100000","timestamp":1645685736,"volume":"2.17000000","buyTxId":"70fd263d22b7ba3f6494300fb8964790c5fdf53d","sellTxId":"24ea1014eb4a3346dde8ab4837509237a9f8bce4"}
{"index": {"_index":"pob","_id":"2847074"}}
	{"id":2847074,"type":"sell","buyer":"lebah","seller":"badbitch","symbol":"POB","quantity":"143.24426416","price":"0.02740401","timestamp":1645685775,"volume":"3.92546725","buyTxId":"5e238f30373a0edd9b2cb08ce2212f5e96816961","sellTxId":"b15dc2ec87f4a8c4cdabb47a499645f88069e784"}
{"index": {"_index":"pob","_id":"2847411"}}
	{"id":2847411,"type":"buy","buyer":"ahmetay","seller":"ctpsb","symbol":"POB","quantity":"2.92000000","price":"0.03890000","timestamp":1645690782,"volume":"0.11358800","buyTxId":"a50b7b0b129b2b979f8fc2ba03928a242c3b4fea","sellTxId":"175034c29aaeddbc79855db2a6a6ad55f60d41f6"}
{"index": {"_index":"pob","_id":"2847412"}}
	{"id":2847412,"type":"buy","buyer":"ahmetay","seller":"yintercept","symbol":"POB","quantity":"21.39285395","price":"0.03900000","timestamp":1645690782,"volume":"0.83432130","buyTxId":"a50b7b0b129b2b979f8fc2ba03928a242c3b4fea","sellTxId":"c2041af086ce491995ae540f361ea2e4fda62652"}
{"index": {"_index":"pob","_id":"2847413"}}
	{"id":2847413,"type":"buy","buyer":"ahmetay","seller":"richardcrill","symbol":"POB","quantity":"231.68903762","price":"0.03907000","timestamp":1645690782,"volume":"9.05209070","buyTxId":"a50b7b0b129b2b979f8fc2ba03928a242c3b4fea","sellTxId":"MM-P-15105738-62093354-3-11-0"}
{"index": {"_index":"pob","_id":"2847423"}}
	{"id":2847423,"type":"buy","buyer":"ahmetay","seller":"richardcrill","symbol":"POB","quantity":"101.31096238","price":"0.03907000","timestamp":1645690905,"volume":"3.95821930","buyTxId":"2541260be1f517495eeeaa830e40ca99421f6e5e","sellTxId":"MM-P-15105738-62093354-3-11-0"}
{"index": {"_index":"pob","_id":"2847424"}}
	{"id":2847424,"type":"buy","buyer":"ahmetay","seller":"balina","symbol":"POB","quantity":"154.24904133","price":"0.03916900","timestamp":1645690905,"volume":"6.04178070","buyTxId":"2541260be1f517495eeeaa830e40ca99421f6e5e","sellTxId":"MM-P-15105755-62093371-3-1-1"}
{"index": {"_index":"pob","_id":"2847586"}}
	{"id":2847586,"type":"sell","buyer":"richardcrill","seller":"gone-hive","symbol":"POB","quantity":"17.11023678","price":"0.02765000","timestamp":1645693146,"volume":"0.47309805","buyTxId":"MM-P-15105838-62093454-3-11-0","sellTxId":"c5010924f126b685884011a1e285dce60fccfc7e"}
{"index": {"_index":"pob","_id":"2847712"}}
	{"id":2847712,"type":"sell","buyer":"richardcrill","seller":"andy-plays","symbol":"POB","quantity":"0.42000000","price":"0.02765000","timestamp":1645694757,"volume":"0.01161300","buyTxId":"MM-P-15105838-62093454-3-11-0","sellTxId":"36100a4d1bafd59bc79edab418ac70712522009f"}
{"index": {"_index":"pob","_id":"2847718"}}
	{"id":2847718,"type":"sell","buyer":"richardcrill","seller":"scooter77","symbol":"POB","quantity":"39.00000000","price":"0.02765000","timestamp":1645694781,"volume":"1.07835000","buyTxId":"MM-P-15105838-62093454-3-11-0","sellTxId":"85166278a4ff48ff44e1b0052eed9b1a19232c83"}
{"index": {"_index":"pob","_id":"2847974"}}
	{"id":2847974,"type":"sell","buyer":"richardcrill","seller":"florenceboens","symbol":"POB","quantity":"0.19446567","price":"0.02765000","timestamp":1645697499,"volume":"0.00537698","buyTxId":"MM-P-15105838-62093454-3-11-0","sellTxId":"4ba9e3c7398ebc89c0312972afbab1c25dff29d7"}
{"index": {"_index":"pob","_id":"2848093"}}
	{"id":2848093,"type":"buy","buyer":"dswap","seller":"richardcrill","symbol":"POB","quantity":"0.00005375","price":"0.03906900","timestamp":1645699020,"volume":"0.00000210","buyTxId":"ddd2d7619afa8fa7846e8298a54d963763be272d","sellTxId":"MM-P-15105838-62093454-3-11-1"}
{"index": {"_index":"pob","_id":"2848259"}}
	{"id":2848259,"type":"buy","buyer":"dswap","seller":"richardcrill","symbol":"POB","quantity":"0.00002815","price":"0.03906900","timestamp":1645700013,"volume":"0.00000110","buyTxId":"e6107f33ad51d329b9997f55308f38c12925b0d3","sellTxId":"MM-P-15105838-62093454-3-11-1"}
{"index": {"_index":"pob","_id":"2848266"}}
	{"id":2848266,"type":"sell","buyer":"richardcrill","seller":"shebe","symbol":"POB","quantity":"2.05789491","price":"0.02775000","timestamp":1645700040,"volume":"0.05710658","buyTxId":"MM-P-15108728-62096348-3-11-0","sellTxId":"2cfee9f020e2f2ea366359b9f701453d26061acf"}
{"index": {"_index":"pob","_id":"2848298"}}
	{"id":2848298,"type":"sell","buyer":"richardcrill","seller":"dswap","symbol":"POB","quantity":"0.22053963","price":"0.02775000","timestamp":1645700193,"volume":"0.00611997","buyTxId":"MM-P-15108728-62096348-3-11-0","sellTxId":"4f7c81bdcec0e97550f364c069ecd2d01875cd56"}
{"index": {"_index":"pob","_id":"2848358"}}
	{"id":2848358,"type":"sell","buyer":"richardcrill","seller":"bilpcoinbpc","symbol":"POB","quantity":"0.04996","price":"0.02775000","timestamp":1645701099,"volume":"0.00138639","buyTxId":"MM-P-15108728-62096348-3-11-0","sellTxId":"940d06b67f6be39a08dfba2dc15bb98f422cb3c3"}
{"index": {"_index":"pob","_id":"2848379"}}
	{"id":2848379,"type":"sell","buyer":"richardcrill","seller":"kballories011","symbol":"POB","quantity":"5.66817574","price":"0.02775000","timestamp":1645701462,"volume":"0.15729188","buyTxId":"MM-P-15108728-62096348-3-11-0","sellTxId":"932ffa6ad99734da663bcea7ff6dfca6a40eefc4"}
{"index": {"_index":"pob","_id":"2848436"}}
	{"id":2848436,"type":"sell","buyer":"richardcrill","seller":"trumpman","symbol":"POB","quantity":"31.12636530","price":"0.02775000","timestamp":1645702197,"volume":"0.86375664","buyTxId":"MM-P-15108728-62096348-3-11-0","sellTxId":"a35db296e3372f4e016c340b84bc93dbbca0d6a8"}
{"index": {"_index":"pob","_id":"2848646"}}
	{"id":2848646,"type":"sell","buyer":"richardcrill","seller":"clixmoney","symbol":"POB","quantity":"9.69515095","price":"0.02775000","timestamp":1645704474,"volume":"0.26904044","buyTxId":"MM-P-15108728-62096348-3-11-0","sellTxId":"45f8227f9f44a4fb1b399dd25cdb80b910f1ccc3"}
{"index": {"_index":"pob","_id":"2848716"}}
	{"id":2848716,"type":"sell","buyer":"richardcrill","seller":"brofi-market","symbol":"POB","quantity":"9.89339638","price":"0.02775000","timestamp":1645704978,"volume":"0.27454175","buyTxId":"MM-P-15108728-62096348-3-11-0","sellTxId":"106f4c7a26c74d257475d1305d5643c421592cb0"}
{"index": {"_index":"pob","_id":"2848886"}}
	{"id":2848886,"type":"sell","buyer":"richardcrill","seller":"dhedge-drips","symbol":"POB","quantity":"1.06000675","price":"0.02775000","timestamp":1645706829,"volume":"0.02941519","buyTxId":"MM-P-15108728-62096348-3-11-0","sellTxId":"aef79a4070d2de2f31bda237c19e14eb638ba05a"}
{"index": {"_index":"pob","_id":"2848948"}}
	{"id":2848948,"type":"sell","buyer":"richardcrill","seller":"hiro-hive","symbol":"POB","quantity":"9.39219196","price":"0.02775000","timestamp":1645707183,"volume":"0.26063333","buyTxId":"MM-P-15108728-62096348-3-11-0","sellTxId":"a4b473f92f87f719ca20ebce8dd5796d8a755712"}
{"index": {"_index":"pob","_id":"2848960"}}
	{"id":2848960,"type":"sell","buyer":"richardcrill","seller":"fatherfaith","symbol":"POB","quantity":"1.06345100","price":"0.02775000","timestamp":1645707396,"volume":"0.02951077","buyTxId":"MM-P-15108728-62096348-3-11-0","sellTxId":"2e260730ce0cd75bf013066eab18e8904b2be8a1"}
{"index": {"_index":"pob","_id":"2848961"}}
	{"id":2848961,"type":"sell","buyer":"richardcrill","seller":"rsntpl","symbol":"POB","quantity":"2.79957278","price":"0.02775000","timestamp":1645707405,"volume":"0.07768814","buyTxId":"MM-P-15108728-62096348-3-11-0","sellTxId":"0ee5495e02073dcdef93227a10da695b441d861b"}
{"index": {"_index":"pob","_id":"2849051"}}
	{"id":2849051,"type":"buy","buyer":"chesatochi","seller":"richardcrill","symbol":"POB","quantity":"1.37000000","price":"0.03886900","timestamp":1645708452,"volume":"0.05325053","buyTxId":"d7430f0f2f50646aec9f206613a32686b6d84fc8","sellTxId":"MM-P-15111614-62099238-3-11-0"}
{"index": {"_index":"pob","_id":"2849083"}}
	{"id":2849083,"type":"sell","buyer":"richardcrill","seller":"hive-data","symbol":"POB","quantity":"2.1167861","price":"0.02775000","timestamp":1645708740,"volume":"0.05874081","buyTxId":"MM-P-15108728-62096348-3-11-0","sellTxId":"2b934fad1a5d3985dbd9d0ab024587ceb68325a1"}
{"index": {"_index":"pob","_id":"2851181"}}
	{"id":2851181,"type":"sell","buyer":"richardcrill","seller":"globetrottergcc","symbol":"POB","quantity":"4.96371323","price":"0.02932000","timestamp":1645724514,"volume":"0.14553607","buyTxId":"MM-P-15116701-62104326-3-11-0","sellTxId":"e2c823fbe806944ffa89abe7013fa54d92cd21e2"}
{"index": {"_index":"pob","_id":"2851505"}}
	{"id":2851505,"type":"buy","buyer":"offgridlife","seller":"yintercept","symbol":"POB","quantity":"0.33000000","price":"0.03800000","timestamp":1645726704,"volume":"0.01254000","buyTxId":"b445173928fb14bbac8bb167d812d633a6f58871","sellTxId":"6530a86277675ad6240855cf740573de63810456"}
{"index": {"_index":"pob","_id":"2851518"}}
	{"id":2851518,"type":"buy","buyer":"offgridlife","seller":"yintercept","symbol":"POB","quantity":"0.33000000","price":"0.03800000","timestamp":1645726707,"volume":"0.01254000","buyTxId":"c8c0ceb9fe7e23bf7719ed070d9be4f5ca8f2cb3","sellTxId":"6530a86277675ad6240855cf740573de63810456"}
{"index": {"_index":"pob","_id":"2851519"}}
	{"id":2851519,"type":"buy","buyer":"offgridlife","seller":"yintercept","symbol":"POB","quantity":"0.33000000","price":"0.03800000","timestamp":1645726710,"volume":"0.01254000","buyTxId":"22ed23cc18ca8ea9f09a21f6ee4c3bd3b93bb689","sellTxId":"6530a86277675ad6240855cf740573de63810456"}
{"index": {"_index":"pob","_id":"2851521"}}
	{"id":2851521,"type":"buy","buyer":"offgridlife","seller":"yintercept","symbol":"POB","quantity":"0.33000000","price":"0.03800000","timestamp":1645726713,"volume":"0.01254000","buyTxId":"68542187883a27d359f7649cd3c03b24e9a1106d","sellTxId":"6530a86277675ad6240855cf740573de63810456"}
{"index": {"_index":"pob","_id":"2851849"}}
	{"id":2851849,"type":"sell","buyer":"richardcrill","seller":"funshee","symbol":"POB","quantity":"252.00000000","price":"0.02932000","timestamp":1645729206,"volume":"7.38864000","buyTxId":"MM-P-15116701-62104326-3-11-0","sellTxId":"11815d8f35c47c57e28ef84b9adf14ee4e949580"}
{"index": {"_index":"pob","_id":"2851885"}}
	{"id":2851885,"type":"sell","buyer":"richardcrill","seller":"yras","symbol":"POB","quantity":"1.50254638","price":"0.02932000","timestamp":1645729542,"volume":"0.04405466","buyTxId":"MM-P-15116701-62104326-3-11-0","sellTxId":"5fbcbc55053b2b774c0a8afa08a3635c74426889"}
{"index": {"_index":"pob","_id":"2851926"}}
	{"id":2851926,"type":"sell","buyer":"richardcrill","seller":"finguru","symbol":"POB","quantity":"4.19930014","price":"0.02932000","timestamp":1645730037,"volume":"0.12312348","buyTxId":"MM-P-15116701-62104326-3-11-0","sellTxId":"fb88df6cc47a395f7ff1d978c5b8e9a42cd3e1fc"}
{"index": {"_index":"pob","_id":"2851970"}}
	{"id":2851970,"type":"sell","buyer":"richardcrill","seller":"salvadornkpara","symbol":"POB","quantity":"79.93872327","price":"0.02932000","timestamp":1645730517,"volume":"2.34380337","buyTxId":"MM-P-15116701-62104326-3-11-0","sellTxId":"19ad1e4f8c6b26b081a1c954c55b37891c012a4c"}
{"index": {"_index":"pob","_id":"2852073"}}
	{"id":2852073,"type":"sell","buyer":"richardcrill","seller":"cwow2","symbol":"POB","quantity":"1.68986539","price":"0.02950000","timestamp":1645731468,"volume":"0.04985103","buyTxId":"MM-P-15119194-62106819-3-11-0","sellTxId":"20948380057812e743c9f715632ecd187f874801"}
{"index": {"_index":"pob","_id":"2852131"}}
	{"id":2852131,"type":"sell","buyer":"richardcrill","seller":"faquan","symbol":"POB","quantity":"3.30585027","price":"0.02950000","timestamp":1645731978,"volume":"0.09752258","buyTxId":"MM-P-15119194-62106819-3-11-0","sellTxId":"8e633f72f08080540092fa9e850a64d20ba940ad"}
{"index": {"_index":"pob","_id":"2852221"}}
	{"id":2852221,"type":"sell","buyer":"richardcrill","seller":"savagetobi","symbol":"POB","quantity":"2.98612257","price":"0.02961000","timestamp":1645732668,"volume":"0.08841909","buyTxId":"MM-P-15119494-62107119-3-11-0","sellTxId":"47726871f4de0a193bf08c828933125725237a90"}
{"index": {"_index":"pob","_id":"2852358"}}
	{"id":2852358,"type":"sell","buyer":"richardcrill","seller":"inspiredbyhive","symbol":"POB","quantity":"2.56858673","price":"0.02961000","timestamp":1645733691,"volume":"0.07605585","buyTxId":"MM-P-15119494-62107119-3-11-0","sellTxId":"acde23be72ef7a5b6bc1f52e8794bdab2d81348c"}
{"index": {"_index":"pob","_id":"2852401"}}
	{"id":2852401,"type":"sell","buyer":"richardcrill","seller":"splinter-anjos","symbol":"POB","quantity":"3.79863236","price":"0.02961000","timestamp":1645734300,"volume":"0.11247750","buyTxId":"MM-P-15119494-62107119-3-11-0","sellTxId":"253fad9b5daf804489c9b2ce9d39786d43bc30eb"}
{"index": {"_index":"pob","_id":"2852490"}}
	{"id":2852490,"type":"buy","buyer":"pjansen","seller":"onlydoge","symbol":"POB","quantity":"56.94761000","price":"0.03512000","timestamp":1645735620,"volume":"2.00000006","buyTxId":"d24a5d8c1c0e0143808a17f1e194ea784518d649","sellTxId":"ca98c5610074808442644cc9ef817aee97b42119"}
{"index": {"_index":"pob","_id":"2852557"}}
	{"id":2852557,"type":"sell","buyer":"zedikaredirect","seller":"hive-189742","symbol":"POB","quantity":"0.83716342","price":"0.03000000","timestamp":1645736289,"volume":"0.02511490","buyTxId":"b140cd0112028a5a20aac908f7bb13ca012d140a","sellTxId":"0fa0aab52e74e4caffe78037622e7dc5e37efb5c"}
{"index": {"_index":"pob","_id":"2852559"}}
	{"id":2852559,"type":"sell","buyer":"zedikaredirect","seller":"dreemsteem","symbol":"POB","quantity":"299.16283658","price":"0.03000000","timestamp":1645736319,"volume":"8.97488510","buyTxId":"b140cd0112028a5a20aac908f7bb13ca012d140a","sellTxId":"a9cec8c70a6b3fc1262fbfbed5c2962d3a514d01"}
{"index": {"_index":"pob","_id":"2852560"}}
	{"id":2852560,"type":"sell","buyer":"balina","seller":"dreemsteem","symbol":"POB","quantity":"336.57567904","price":"0.02971100","timestamp":1645736319,"volume":"10.00000000","buyTxId":"MM-P-15120808-62108433-3-0-0","sellTxId":"a9cec8c70a6b3fc1262fbfbed5c2962d3a514d01"}
{"index": {"_index":"pob","_id":"2852561"}}
	{"id":2852561,"type":"sell","buyer":"richardcrill","seller":"dreemsteem","symbol":"POB","quantity":"706.83271626","price":"0.02971000","timestamp":1645736319,"volume":"21.00000000","buyTxId":"MM-P-15120792-62108417-3-11-0","sellTxId":"a9cec8c70a6b3fc1262fbfbed5c2962d3a514d01"}
{"index": {"_index":"pob","_id":"2852562"}}
	{"id":2852562,"type":"sell","buyer":"onlydoge","seller":"dreemsteem","symbol":"POB","quantity":"67.77363000","price":"0.02951000","timestamp":1645736319,"volume":"1.99999982","buyTxId":"39fd9aec245f81039db2f813f89611ec4070f5e3","sellTxId":"a9cec8c70a6b3fc1262fbfbed5c2962d3a514d01"}
{"index": {"_index":"pob","_id":"2852563"}}
	{"id":2852563,"type":"sell","buyer":"yintercept","seller":"dreemsteem","symbol":"POB","quantity":"21.50000000","price":"0.02940000","timestamp":1645736319,"volume":"0.63210000","buyTxId":"8be9fb6fbe3317df3feb106c10621e9d11276465","sellTxId":"a9cec8c70a6b3fc1262fbfbed5c2962d3a514d01"}
{"index": {"_index":"pob","_id":"2852564"}}
	{"id":2852564,"type":"sell","buyer":"master-lamps","seller":"dreemsteem","symbol":"POB","quantity":"397.11474472","price":"0.02911001","timestamp":1645736319,"volume":"11.56001419","buyTxId":"b4bdb224bd068e1ad339f29cea9b8d27c7189e72","sellTxId":"a9cec8c70a6b3fc1262fbfbed5c2962d3a514d01"}
{"index": {"_index":"pob","_id":"2852565"}}
	{"id":2852565,"type":"sell","buyer":"servelle","seller":"dreemsteem","symbol":"POB","quantity":"10.00000000","price":"0.02800000","timestamp":1645736319,"volume":"0.28000000","buyTxId":"b4c6166e6ef462d3d379a30ce3a6f6403f0fa77e","sellTxId":"a9cec8c70a6b3fc1262fbfbed5c2962d3a514d01"}
{"index": {"_index":"pob","_id":"2852566"}}
	{"id":2852566,"type":"sell","buyer":"alberto0607","seller":"dreemsteem","symbol":"POB","quantity":"10.00000000","price":"0.02765000","timestamp":1645736319,"volume":"0.27650000","buyTxId":"e495f7799a2c8212b67dd1917963e161978ec466","sellTxId":"a9cec8c70a6b3fc1262fbfbed5c2962d3a514d01"}
{"index": {"_index":"pob","_id":"2852567"}}
	{"id":2852567,"type":"sell","buyer":"lebah","seller":"dreemsteem","symbol":"POB","quantity":"1665.04039340","price":"0.02740401","timestamp":1645736319,"volume":"45.62878359","buyTxId":"5e238f30373a0edd9b2cb08ce2212f5e96816961","sellTxId":"a9cec8c70a6b3fc1262fbfbed5c2962d3a514d01"}
{"index": {"_index":"pob","_id":"2852831"}}
	{"id":2852831,"type":"sell","buyer":"richardcrill","seller":"gubbatv","symbol":"POB","quantity":"1.30929638","price":"0.02762000","timestamp":1645739160,"volume":"0.03616277","buyTxId":"MM-P-15121091-62108716-3-11-0","sellTxId":"cf5f6d2b8f407a416a6d933b4f5eed205aa11904"}
{"index": {"_index":"pob","_id":"2852841"}}
	{"id":2852841,"type":"sell","buyer":"richardcrill","seller":"alfarero","symbol":"POB","quantity":"0.01104671","price":"0.02762000","timestamp":1645739226,"volume":"0.00030511","buyTxId":"MM-P-15121091-62108716-3-11-0","sellTxId":"59eca2282e18ab904092f9786fad2886242fd15e"}
{"index": {"_index":"pob","_id":"2853205"}}
	{"id":2853205,"type":"sell","buyer":"richardcrill","seller":"he-index","symbol":"POB","quantity":"0.06400000","price":"0.02773000","timestamp":1645743735,"volume":"0.00177472","buyTxId":"MM-P-15121989-62109615-3-11-0","sellTxId":"9f7db16a903247d15978f60b22ee6163bde718cc"}
{"index": {"_index":"pob","_id":"2853239"}}
	{"id":2853239,"type":"buy","buyer":"thecrevolution","seller":"onlydoge","symbol":"POB","quantity":"63.41154000","price":"0.03154000","timestamp":1645744203,"volume":"1.99999997","buyTxId":"bcee6304170a2919a209fbd1dc2cd6fa456cce42","sellTxId":"cc0fa5e605a02c3b15139fed05fd81b3019e1397"}
{"index": {"_index":"pob","_id":"2853247"}}
	{"id":2853247,"type":"buy","buyer":"thecrevolution","seller":"balina","symbol":"POB","quantity":"310.00000000","price":"0.03289500","timestamp":1645744296,"volume":"10.19745000","buyTxId":"84eb41c60bd700379e0895b5564efd57ddc0a69f","sellTxId":"MM-P-15123503-62111129-3-0-1"}
{"index": {"_index":"pob","_id":"2853305"}}
	{"id":2853305,"type":"sell","buyer":"richardcrill","seller":"fabian98","symbol":"POB","quantity":"36.29000000","price":"0.02773000","timestamp":1645745214,"volume":"1.00632170","buyTxId":"MM-P-15121989-62109615-3-11-0","sellTxId":"8cb64a7a4c3ae80d26b9ed182132ae6e1db1342f"}
{"index": {"_index":"pob","_id":"2853425"}}
	{"id":2853425,"type":"buy","buyer":"opidia","seller":"paulmoon410","symbol":"POB","quantity":"3.20760000","price":"0.03000000","timestamp":1645747002,"volume":"0.09622800","buyTxId":"f13c6091b8a30f2209e6215764c3ed09e6dce1d2","sellTxId":"ee7891ded5bb17090a41a80113b2a3adbf3af72c"}
{"index": {"_index":"pob","_id":"2853432"}}
	{"id":2853432,"type":"buy","buyer":"opidia","seller":"paulmoon410","symbol":"POB","quantity":"0.00000057","price":"0.03000000","timestamp":1645747035,"volume":"0.00000002","buyTxId":"033b3405e94078d60ab5791bde21e8b50b93abf8","sellTxId":"ee7891ded5bb17090a41a80113b2a3adbf3af72c"}
{"index": {"_index":"pob","_id":"2853506"}}
	{"id":2853506,"type":"sell","buyer":"opidia","seller":"dswap","symbol":"POB","quantity":"0.12254800","price":"0.03000000","timestamp":1645747773,"volume":"0.00367644","buyTxId":"033b3405e94078d60ab5791bde21e8b50b93abf8","sellTxId":"c86a285218a77c9005bc34a2a48e91950a76004c"}
{"index": {"_index":"pob","_id":"2853692"}}
	{"id":2853692,"type":"sell","buyer":"richardcrill","seller":"chireerocks","symbol":"POB","quantity":"4.79032923","price":"0.03011000","timestamp":1645749351,"volume":"0.14423681","buyTxId":"MM-P-15124882-62112508-3-11-0","sellTxId":"45f69a7eb0661e6d292af6884caba0e143c8b046"}
{"index": {"_index":"pob","_id":"2853701"}}
	{"id":2853701,"type":"sell","buyer":"richardcrill","seller":"nineclaws","symbol":"POB","quantity":"0.02065719","price":"0.03011000","timestamp":1645749486,"volume":"0.00062199","buyTxId":"MM-P-15124882-62112508-3-11-0","sellTxId":"aca3b782386adc0520ea9c7487a1dc9da62933f1"}
{"index": {"_index":"pob","_id":"2853724"}}
	{"id":2853724,"type":"sell","buyer":"richardcrill","seller":"ugochill","symbol":"POB","quantity":"0.05700000","price":"0.03011000","timestamp":1645749696,"volume":"0.00171627","buyTxId":"MM-P-15124882-62112508-3-11-0","sellTxId":"d19b6f6506dc6f6e23c9ee029ae454e583557eab"}
{"index": {"_index":"pob","_id":"2853816"}}
	{"id":2853816,"type":"buy","buyer":"andy4475","seller":"richardcrill","symbol":"POB","quantity":"427.00000000","price":"0.03280000","timestamp":1645750344,"volume":"14.00560000","buyTxId":"7a2c94549c6e49c6770e979da8e65d1eeb5dd153","sellTxId":"MM-P-15124484-62112110-3-11-1"}
{"index": {"_index":"pob","_id":"2853962"}}
	{"id":2853962,"type":"sell","buyer":"richardcrill","seller":"thatcryptodave","symbol":"POB","quantity":"25.15115559","price":"0.03011000","timestamp":1645751886,"volume":"0.75730129","buyTxId":"MM-P-15124882-62112508-3-11-0","sellTxId":"eb75cd8cd9ec3d5001f882932d8e052f8a1916a0"}
{"index": {"_index":"pob","_id":"2854011"}}
	{"id":2854011,"type":"sell","buyer":"richardcrill","seller":"automaton","symbol":"POB","quantity":"3.42245947","price":"0.03011000","timestamp":1645752543,"volume":"0.10305025","buyTxId":"MM-P-15124882-62112508-3-11-0","sellTxId":"6514dd0329b595a5681f70f65761f901ab5f95de"}
{"index": {"_index":"pob","_id":"2854110"}}
	{"id":2854110,"type":"sell","buyer":"richardcrill","seller":"lisamgentile1961","symbol":"POB","quantity":"1.36008702","price":"0.03011000","timestamp":1645753455,"volume":"0.04095222","buyTxId":"MM-P-15124882-62112508-3-11-0","sellTxId":"2d1e46cc7df7e40a57ba27560690b3b772b8dc9b"}
{"index": {"_index":"pob","_id":"2854264"}}
	{"id":2854264,"type":"sell","buyer":"richardcrill","seller":"rose98734","symbol":"POB","quantity":"0.70995708","price":"0.03011000","timestamp":1645754832,"volume":"0.02137681","buyTxId":"MM-P-15124882-62112508-3-11-0","sellTxId":"ed8d2f5f9a1e38e5aba5228103df5064bd5e4c90"}
{"index": {"_index":"pob","_id":"2854321"}}
	{"id":2854321,"type":"sell","buyer":"richardcrill","seller":"melbourneswest","symbol":"POB","quantity":"16.186","price":"0.03011000","timestamp":1645755375,"volume":"0.48736046","buyTxId":"MM-P-15124882-62112508-3-11-0","sellTxId":"0b7a4e24b4fc27cfe4d0ebd248cabb7e2bc8f480"}
{"index": {"_index":"pob","_id":"2854470"}}
	{"id":2854470,"type":"sell","buyer":"richardcrill","seller":"pablodare","symbol":"POB","quantity":"1.28168752","price":"0.03011000","timestamp":1645757043,"volume":"0.03859161","buyTxId":"MM-P-15124882-62112508-3-11-0","sellTxId":"1abbc6a2456c648a006474768285371f62820a65"}
{"index": {"_index":"pob","_id":"2854480"}}
	{"id":2854480,"type":"sell","buyer":"richardcrill","seller":"taskmaster4450","symbol":"POB","quantity":"250.00000000","price":"0.03011000","timestamp":1645757217,"volume":"7.52750000","buyTxId":"MM-P-15124882-62112508-3-11-0","sellTxId":"4ac3f64f55ab9658dfcb1025a7238fe8da8e2b98"}
{"index": {"_index":"pob","_id":"2854657"}}
	{"id":2854657,"type":"sell","buyer":"richardcrill","seller":"coffeelovers","symbol":"POB","quantity":"4.56034166","price":"0.03011000","timestamp":1645760289,"volume":"0.13731189","buyTxId":"MM-P-15124882-62112508-3-11-0","sellTxId":"f1065926db85e046a29e333cfcf51b9a806c1f78"}
{"index": {"_index":"pob","_id":"2854691"}}
	{"id":2854691,"type":"sell","buyer":"richardcrill","seller":"zainalbakri","symbol":"POB","quantity":"1.73036246","price":"0.03011000","timestamp":1645760742,"volume":"0.05210121","buyTxId":"MM-P-15124882-62112508-3-11-0","sellTxId":"d8ab1bcb7c0b04cdf6afe81259ba816a4477cd4c"}
