{"index": {"_index":"pob","_id":"1311061"}}
	{"id":1311061,"type":"buy","buyer":"xyba","seller":"sbi-tokens","symbol":"POB","quantity":"65.50000000","price":"0.46700000","timestamp":1628218428,"volume":"30.58850000","buyTxId":"42dbaf9a0ad80a990bcc6edaab486d5b72cef8a8","sellTxId":"1e806d05d00bd8f22da0b9935a3c69e3876807b1"}
{"index": {"_index":"pob","_id":"1311064"}}
	{"id":1311064,"type":"buy","buyer":"xyba","seller":"solovey6o2","symbol":"POB","quantity":"350.00000000","price":"0.46699999","timestamp":1628218494,"volume":"163.44999650","buyTxId":"d804a91a6b1bd4e06a51cb88edff4599bedaeb12","sellTxId":"7b794729424be3df147b33cb04bb72d6905444a7"}
{"index": {"_index":"pob","_id":"1311066"}}
	{"id":1311066,"type":"buy","buyer":"xyba","seller":"solovey6o2","symbol":"POB","quantity":"112.27558139","price":"0.46699999","timestamp":1628218530,"volume":"52.43269539","buyTxId":"daa41f128da1066211164de9643f5ff19effdcd7","sellTxId":"7b794729424be3df147b33cb04bb72d6905444a7"}
{"index": {"_index":"pob","_id":"1311067"}}
	{"id":1311067,"type":"buy","buyer":"xyba","seller":"sbi-tokens","symbol":"POB","quantity":"348.50000000","price":"0.46700000","timestamp":1628218530,"volume":"162.74950000","buyTxId":"daa41f128da1066211164de9643f5ff19effdcd7","sellTxId":"1e806d05d00bd8f22da0b9935a3c69e3876807b1"}
{"index": {"_index":"pob","_id":"1311126"}}
	{"id":1311126,"type":"sell","buyer":"richardcrill","seller":"trentonlundy1","symbol":"POB","quantity":"0.00034249","price":"0.46155030","timestamp":1628220267,"volume":"0.00015808","buyTxId":"MM-P-9302824-56284673-3-11-0","sellTxId":"48ac6e84691586b04779c5316e60473001641d3b"}
{"index": {"_index":"pob","_id":"1311129"}}
	{"id":1311129,"type":"sell","buyer":"solovey6o2","seller":"felipejoys","symbol":"POB","quantity":"2.00000000","price":"0.46155033","timestamp":1628220297,"volume":"0.92310066","buyTxId":"58e4e2925743270696809e509f4443e20460612e","sellTxId":"9bba0256d56a365e97d4f62470b601acb2fdcc52"}
{"index": {"_index":"pob","_id":"1311170"}}
	{"id":1311170,"type":"sell","buyer":"solovey6o2","seller":"anggayuzan","symbol":"POB","quantity":"8.0375698","price":"0.46200060","timestamp":1628221593,"volume":"3.71336207","buyTxId":"592562b0c3165e4b69425b75c071c39419ef9cb7","sellTxId":"65b1d741bd8323ce33c2fc340d56b7e6cccbfde0"}
{"index": {"_index":"pob","_id":"1311203"}}
	{"id":1311203,"type":"sell","buyer":"solovey6o2","seller":"deepsafe","symbol":"POB","quantity":"7.30823666","price":"0.46221069","timestamp":1628222103,"volume":"3.37794511","buyTxId":"65d40229032727a3b10db9f8625d0e9161a2eb7f","sellTxId":"04f5426b037fa54cc72d6bfed56e97f31b4d2527"}
{"index": {"_index":"pob","_id":"1311377"}}
	{"id":1311377,"type":"sell","buyer":"bluesniper","seller":"gimmetricks1","symbol":"POB","quantity":"5.84340909","price":"0.46288105","timestamp":1628223987,"volume":"2.70480334","buyTxId":"MM-P-9304053-56285908-3-7-0","sellTxId":"65663014f6addf6fe62604703b28ab0df30993aa"}
{"index": {"_index":"pob","_id":"1311440"}}
	{"id":1311440,"type":"sell","buyer":"solovey6o2","seller":"gr33nm4ster","symbol":"POB","quantity":"3.47257794","price":"0.46361009","timestamp":1628225535,"volume":"1.60992217","buyTxId":"3d6fbbb86ff4de507a89d15250e10b98f8992434","sellTxId":"783bf421ea56a0e3892a770aa97d2cdf3cd0d6a5"}
{"index": {"_index":"pob","_id":"1311461"}}
	{"id":1311461,"type":"sell","buyer":"solovey6o2","seller":"pouchon.tribes","symbol":"POB","quantity":"3.56537954","price":"0.46383021","timestamp":1628226183,"volume":"1.65373074","buyTxId":"00d4b20da8cd9b2586168858c215c724d212d6d9","sellTxId":"1f3e9a3c23036adc45314f0ca3a1c4f47ad116c6"}
{"index": {"_index":"pob","_id":"1311466"}}
	{"id":1311466,"type":"sell","buyer":"richardcrill","seller":"elgringoviejo","symbol":"POB","quantity":"0.07612907","price":"0.46393021","timestamp":1628226267,"volume":"0.03531858","buyTxId":"MM-P-9304812-56286670-3-11-0","sellTxId":"be74cf5c6eb71a6b5820301b91c8346eeeabd5e6"}
{"index": {"_index":"pob","_id":"1311521"}}
	{"id":1311521,"type":"sell","buyer":"bluesniper","seller":"monsterbuster","symbol":"POB","quantity":"17.92263616","price":"0.46449054","timestamp":1628227890,"volume":"8.32489495","buyTxId":"MM-P-9305341-56287205-3-7-0","sellTxId":"943826dee3eb6a01e546fe7ec641c039c77f7b7a"}
{"index": {"_index":"pob","_id":"1311525"}}
	{"id":1311525,"type":"sell","buyer":"solovey6o2","seller":"crypto133","symbol":"POB","quantity":"1.12006744","price":"0.46449057","timestamp":1628227905,"volume":"0.52026076","buyTxId":"39f3bdc27e1b0323d30930a418111575a987b6b6","sellTxId":"73289c810e3b15b5e7484d485b085eb1877f614d"}
{"index": {"_index":"pob","_id":"1311592"}}
	{"id":1311592,"type":"sell","buyer":"solovey6o2","seller":"trumpman","symbol":"POB","quantity":"24.00000000","price":"0.47011009","timestamp":1628229912,"volume":"11.28264216","buyTxId":"f127a77a98400188730ded60e97b7d0294306cb9","sellTxId":"dbb4d95a5566961fb9ef3f86e867f3158d716327"}
{"index": {"_index":"pob","_id":"1311615"}}
	{"id":1311615,"type":"sell","buyer":"solovey6o2","seller":"mairapanelo","symbol":"POB","quantity":"1.59999176","price":"0.47023018","timestamp":1628230371,"volume":"0.75236441","buyTxId":"889c6352d791b420af0dcd57a44a1a454deffdd0","sellTxId":"bf1688925f602d5fc2db50a99c89027edf537cf6"}
{"index": {"_index":"pob","_id":"1311654"}}
	{"id":1311654,"type":"sell","buyer":"solovey6o2","seller":"bokica80","symbol":"POB","quantity":"0.00114824","price":"0.47055033","timestamp":1628231115,"volume":"0.00054030","buyTxId":"e5c6a08b93e409c7760f68503c57233c202bbd40","sellTxId":"ae8f574077e2fb86c01ab64e3d79b98663253483"}
{"index": {"_index":"pob","_id":"1311692"}}
	{"id":1311692,"type":"sell","buyer":"solovey6o2","seller":"donthaveone","symbol":"POB","quantity":"3.76121109","price":"0.47101006","timestamp":1628232114,"volume":"1.77156826","buyTxId":"c4bc0132c34dde7364d093a7ce9cf55279eccc56","sellTxId":"feb02787756d172bafac7e3e76af7bb28f25c2c8"}
{"index": {"_index":"pob","_id":"1311716"}}
	{"id":1311716,"type":"sell","buyer":"solovey6o2","seller":"optimistically","symbol":"POB","quantity":"1.44767017","price":"0.47112012","timestamp":1628232378,"volume":"0.68202654","buyTxId":"3d1f209dcb243d2b08fe38faaed9ade2f8d85b35","sellTxId":"8be84187d4de33a83b0f1c4cf854b4ed43dc9ca4"}
{"index": {"_index":"pob","_id":"1311733"}}
	{"id":1311733,"type":"sell","buyer":"richardcrill","seller":"fullcoverbetting","symbol":"POB","quantity":"0.33448649","price":"0.47122012","timestamp":1628232549,"volume":"0.15761676","buyTxId":"MM-P-9306893-56288767-3-11-0","sellTxId":"fa7f1a15ed524396772127e6b6ed5274db0bb96d"}
{"index": {"_index":"pob","_id":"1311757"}}
	{"id":1311757,"type":"sell","buyer":"gimme-your-coinz","seller":"tarazkp","symbol":"POB","quantity":"33.00000000","price":"0.47144033","timestamp":1628233194,"volume":"15.55753089","buyTxId":"3bc2a965f951b9dda902096020a6944fc75c68ff","sellTxId":"6d00ff644167000412217ba4e5c86eb8549110ec"}
{"index": {"_index":"pob","_id":"1311758"}}
	{"id":1311758,"type":"sell","buyer":"gimme-your-coinz","seller":"tarazkp","symbol":"POB","quantity":"1.87763193","price":"0.47144033","timestamp":1628233194,"volume":"0.88519142","buyTxId":"e32d8fcc90de12aa51f273beea7eefa0cf028d2e","sellTxId":"6d00ff644167000412217ba4e5c86eb8549110ec"}
{"index": {"_index":"pob","_id":"1311925"}}
	{"id":1311925,"type":"sell","buyer":"richardcrill","seller":"kennyskitchen","symbol":"POB","quantity":"2.19401281","price":"0.47254160","timestamp":1628236131,"volume":"1.03676232","buyTxId":"MM-P-9308086-56289964-3-11-0","sellTxId":"f232b7ce6dcc7da0d23448350b3007d30846945e"}
{"index": {"_index":"pob","_id":"1311934"}}
	{"id":1311934,"type":"sell","buyer":"gimme-your-coinz","seller":"stickupboys","symbol":"POB","quantity":"2.58024639","price":"0.47255165","timestamp":1628236275,"volume":"1.21929969","buyTxId":"ef00eef791a1da029d3fbd08e13cb0bbc20eda5a","sellTxId":"89c27c66e0339a18fe60ff9a86fee8733cc88844"}
{"index": {"_index":"pob","_id":"1311968"}}
	{"id":1311968,"type":"sell","buyer":"gimme-your-coinz","seller":"zirochka","symbol":"POB","quantity":"33.00000000","price":"0.47287199","timestamp":1628237064,"volume":"15.60477567","buyTxId":"7bcbb31f3cc3f07731803d72f11aa8134e500da0","sellTxId":"6fb28324444c59a1bd7551709dd1e641b8f10df3"}
{"index": {"_index":"pob","_id":"1311969"}}
	{"id":1311969,"type":"sell","buyer":"gimme-your-coinz","seller":"zirochka","symbol":"POB","quantity":"9.55985705","price":"0.47287199","timestamp":1628237064,"volume":"4.52058863","buyTxId":"a04c39f00da557d7b331a62137cf436dba86e7ea","sellTxId":"6fb28324444c59a1bd7551709dd1e641b8f10df3"}
{"index": {"_index":"pob","_id":"1312071"}}
	{"id":1312071,"type":"sell","buyer":"gimme-your-coinz","seller":"liotes.voter","symbol":"POB","quantity":"4.46529278","price":"0.47330265","timestamp":1628238483,"volume":"2.11343491","buyTxId":"0a6b6d99c5d658f11a96948096467ed33bf68705","sellTxId":"617d55b5fc0e674a88ea50acc40478d7433fc9ab"}
{"index": {"_index":"pob","_id":"1312072"}}
	{"id":1312072,"type":"buy","buyer":"tonytrillions","seller":"take-my-coinz","symbol":"POB","quantity":"0.00590516","price":"0.55999971","timestamp":1628238504,"volume":"0.00330689","buyTxId":"bcea5d7332efe053c1b29c75fb0680f5cb265508","sellTxId":"5fc12214cec24cff1a72b2eb9b5af2af20f7b574"}
{"index": {"_index":"pob","_id":"1312075"}}
	{"id":1312075,"type":"sell","buyer":"solovey6o2","seller":"lebah","symbol":"POB","quantity":"44.00000000","price":"0.47340272","timestamp":1628238591,"volume":"20.82971968","buyTxId":"2302315e3a573d81da0e9943df7d7c45333a3373","sellTxId":"b8dab5400a5258fd7144f9c5184139f467d4dd09"}
{"index": {"_index":"pob","_id":"1312111"}}
	{"id":1312111,"type":"buy","buyer":"frot","seller":"take-my-coinz","symbol":"POB","quantity":"20.00000000","price":"0.55999923","timestamp":1628239833,"volume":"11.19998460","buyTxId":"6116e443e1a99e1a5ced044edf75ca0c97860dd3","sellTxId":"e26eb46b9ac7425e6d37058282b82dd489fb5878"}
{"index": {"_index":"pob","_id":"1312204"}}
	{"id":1312204,"type":"sell","buyer":"gimme-your-coinz","seller":"thauerbyi","symbol":"POB","quantity":"2.6","price":"0.47449405","timestamp":1628241603,"volume":"1.23368453","buyTxId":"af9853690fd91ffce6f19e6c563bd90bb6f0430b","sellTxId":"6cda8f8a79fe253c0244a9cb113719012d733dfb"}
{"index": {"_index":"pob","_id":"1312218"}}
	{"id":1312218,"type":"sell","buyer":"solovey6o2","seller":"zainalbakri","symbol":"POB","quantity":"1.09825138","price":"0.47460427","timestamp":1628242053,"volume":"0.52123479","buyTxId":"90fd925144e0276238ee92a3367fd255e477a15d","sellTxId":"7485de0c38a761c1abd92e656f80d8a6f6b143b0"}
{"index": {"_index":"pob","_id":"1312252"}}
	{"id":1312252,"type":"buy","buyer":"steem-holder","seller":"nazavzhdy","symbol":"POB","quantity":"0.57517201","price":"0.53995000","timestamp":1628243028,"volume":"0.31056413","buyTxId":"7cfb4e00ed54c328aca68dcf932edc9435d9d1a9","sellTxId":"cf94cfc0f4872907815500a3f1b2c78ef88bcce5"}
{"index": {"_index":"pob","_id":"1312263"}}
	{"id":1312263,"type":"buy","buyer":"memeisfun","seller":"solovey6o2","symbol":"POB","quantity":"16.12592622","price":"0.53999999","timestamp":1628243328,"volume":"8.70800000","buyTxId":"2e72b1274c6a40e1f2309b35dcb9c65dd69f8e62","sellTxId":"35a019552250fe6fc9cc70ed3a6b4f6ed16a064d"}
{"index": {"_index":"pob","_id":"1312340"}}
	{"id":1312340,"type":"buy","buyer":"richardcrill","seller":"primersion","symbol":"POB","quantity":"7.60981768","price":"0.47591000","timestamp":1628245716,"volume":"3.62158833","buyTxId":"MM-P-9311256-56293151-3-11-0","sellTxId":"9bcf9340c4681f544b2e457cc78bbc40536e0294"}
{"index": {"_index":"pob","_id":"1312406"}}
	{"id":1312406,"type":"buy","buyer":"richardcrill","seller":"chubb149","symbol":"POB","quantity":"33.00000000","price":"0.47667000","timestamp":1628247816,"volume":"15.73011000","buyTxId":"MM-P-9311949-56293849-3-11-0","sellTxId":"7f6b19b87ac1aa7da16434dcfc1fca9848481e45"}
{"index": {"_index":"pob","_id":"1312464"}}
	{"id":1312464,"type":"sell","buyer":"gimme-your-coinz","seller":"mawit07","symbol":"POB","quantity":"3.97040686","price":"0.51000001","timestamp":1628248860,"volume":"2.02490754","buyTxId":"4fd8efa32113bb66b8a9985204386f771b9e638e","sellTxId":"270d84bfeb3311bdc70b8fca104242ed3cace9dd"}
{"index": {"_index":"pob","_id":"1312475"}}
	{"id":1312475,"type":"sell","buyer":"gimme-your-coinz","seller":"ftfund","symbol":"POB","quantity":"9.23785884","price":"0.51010013","timestamp":1628249100,"volume":"4.71223300","buyTxId":"edf59626e8ad4b2790ec766735ae86323031972e","sellTxId":"337e7e713ceeba80b9d9f6348d8ee9293f178267"}
{"index": {"_index":"pob","_id":"1312495"}}
	{"id":1312495,"type":"sell","buyer":"gimme-your-coinz","seller":"candy49","symbol":"POB","quantity":"3.47010442","price":"0.51020022","timestamp":1628249385,"volume":"1.77044804","buyTxId":"d7b69ea1cfc0653bd30dd963b92421f24de721f4","sellTxId":"7116f5020d299422071e7945d233898006a604c3"}
{"index": {"_index":"pob","_id":"1312544"}}
	{"id":1312544,"type":"sell","buyer":"gimme-your-coinz","seller":"nazatpt","symbol":"POB","quantity":"2.68121601","price":"0.51100130","timestamp":1628251785,"volume":"1.37010487","buyTxId":"ed97a273ea4a3815b472b7bcdc0c18ed8796705c","sellTxId":"4db7162576a8e64237f5e4b9d27c72ffa2032ba4"}
{"index": {"_index":"pob","_id":"1312549"}}
	{"id":1312549,"type":"sell","buyer":"gimme-your-coinz","seller":"beemd","symbol":"POB","quantity":"0.31104603","price":"0.51100138","timestamp":1628251890,"volume":"0.15894495","buyTxId":"64391249b425d8ead64083b4afc71dbebe1b71e4","sellTxId":"c740dfb1940d69d971fcbff4c69fd364bec77925"}
{"index": {"_index":"pob","_id":"1312556"}}
	{"id":1312556,"type":"sell","buyer":"gimme-your-coinz","seller":"beemd","symbol":"POB","quantity":"0.37140911","price":"0.51100142","timestamp":1628251950,"volume":"0.18979058","buyTxId":"877eaa1cddb927360a51c7495d6ef3d8713369bb","sellTxId":"13e85e11e5f884e9e080eef19dc776f203ead613"}
{"index": {"_index":"pob","_id":"1312605"}}
	{"id":1312605,"type":"sell","buyer":"gimme-your-coinz","seller":"andy4475","symbol":"POB","quantity":"3.11983439","price":"0.51130178","timestamp":1628252730,"volume":"1.59517688","buyTxId":"949bd96657cdf1a8f89c58282900360dbbf84c7c","sellTxId":"7af22fc0b939b668bba40ab7adf64719f618df4b"}
{"index": {"_index":"pob","_id":"1312618"}}
	{"id":1312618,"type":"sell","buyer":"gimme-your-coinz","seller":"captaincryptic","symbol":"POB","quantity":"6.38745318","price":"0.51140199","timestamp":1628253072,"volume":"3.26655627","buyTxId":"97ce0885b080858f222874cf4c15efa3d42fcd5e","sellTxId":"c6415f4a5071c6772bf4a9722e452c9a22812c3e"}
{"index": {"_index":"pob","_id":"1312638"}}
	{"id":1312638,"type":"sell","buyer":"gimme-your-coinz","seller":"dera123","symbol":"POB","quantity":"23.58214555","price":"0.51160221","timestamp":1628253654,"volume":"12.06467778","buyTxId":"5bd4f33e16e05d2f0afcfaf8693a7dbd7af5d224","sellTxId":"ce922a240c3ac602795ebd0b0ac86e86039c84c5"}
{"index": {"_index":"pob","_id":"1312696"}}
	{"id":1312696,"type":"sell","buyer":"gimme-your-coinz","seller":"kenechukwu97","symbol":"POB","quantity":"33.00000000","price":"0.51210290","timestamp":1628255310,"volume":"16.89939570","buyTxId":"28e7547e8376e6019ba82461f8ae8424255b2533","sellTxId":"43db5d6359335d0d94dcaa1789eb051de8be9763"}
{"index": {"_index":"pob","_id":"1312697"}}
	{"id":1312697,"type":"sell","buyer":"gimme-your-coinz","seller":"kenechukwu97","symbol":"POB","quantity":"12.78879354","price":"0.51210290","timestamp":1628255310,"volume":"6.54917826","buyTxId":"0da52041c623e9f8c451e7250854ad2aa6f97322","sellTxId":"43db5d6359335d0d94dcaa1789eb051de8be9763"}
{"index": {"_index":"pob","_id":"1312700"}}
	{"id":1312700,"type":"sell","buyer":"gimme-your-coinz","seller":"enforcer48","symbol":"POB","quantity":"0.65600000","price":"0.51220290","timestamp":1628255385,"volume":"0.33600510","buyTxId":"6a777b09d32ce87dbda7eda1627f90ebd1134c4e","sellTxId":"ec7dd34752477e4d2b7534ebb7fd5dbad6225d55"}
{"index": {"_index":"pob","_id":"1312811"}}
	{"id":1312811,"type":"sell","buyer":"gimme-your-coinz","seller":"steevc","symbol":"POB","quantity":"6.00000000","price":"0.51300402","timestamp":1628257920,"volume":"3.07802412","buyTxId":"08b7fed86e8297cb21aeefc965d83712a2a17e92","sellTxId":"c389f933702a02ec66450a9809f2cbfd55d483e5"}
{"index": {"_index":"pob","_id":"1312879"}}
	{"id":1312879,"type":"buy","buyer":"edgy-ed-morrison","seller":"master-lamps","symbol":"POB","quantity":"1.00000000","price":"0.53999997","timestamp":1628259360,"volume":"0.53999997","buyTxId":"21e39487b699b578c43e40b6855fe7720c265270","sellTxId":"4847b5e9c4ffe425bd3c90627c47b9c7c0d7eaca"}
{"index": {"_index":"pob","_id":"1312921"}}
	{"id":1312921,"type":"sell","buyer":"richardcrill","seller":"melbourneswest","symbol":"POB","quantity":"1.56821407","price":"0.51390456","timestamp":1628260467,"volume":"0.80591236","buyTxId":"MM-P-9316129-56298041-3-11-0","sellTxId":"c126deb160de59d6e4b7f2600d7c2b53831d9bcb"}
{"index": {"_index":"pob","_id":"1312924"}}
	{"id":1312924,"type":"buy","buyer":"cookaiss","seller":"master-lamps","symbol":"POB","quantity":"1.45338799","price":"0.53999997","timestamp":1628260755,"volume":"0.78482947","buyTxId":"161ef52eee2110fe2e8a70807452babfc12cbf22","sellTxId":"4847b5e9c4ffe425bd3c90627c47b9c7c0d7eaca"}
{"index": {"_index":"pob","_id":"1312925"}}
	{"id":1312925,"type":"buy","buyer":"cookaiss","seller":"solovey6o2","symbol":"POB","quantity":"18.54661201","price":"0.53999998","timestamp":1628260755,"volume":"10.01517011","buyTxId":"161ef52eee2110fe2e8a70807452babfc12cbf22","sellTxId":"60230a19ed92baba47a2438f61c0f5d2918c655f"}
{"index": {"_index":"pob","_id":"1312936"}}
	{"id":1312936,"type":"sell","buyer":"solovey6o2","seller":"littledisciples","symbol":"POB","quantity":"50.00000000","price":"0.51410465","timestamp":1628261184,"volume":"25.70523250","buyTxId":"70d419e0bf3abc5ee70718b2ba33f7dcc6f28d78","sellTxId":"392894f6c5e5d0c57251938c2dcb8a6914b25e4e"}
{"index": {"_index":"pob","_id":"1312948"}}
	{"id":1312948,"type":"sell","buyer":"richardcrill","seller":"kevmcc","symbol":"POB","quantity":"1.00000000","price":"0.51420465","timestamp":1628261430,"volume":"0.51420465","buyTxId":"MM-P-9316429-56298341-3-11-0","sellTxId":"c71adfa8e79dddda991c3282c4164127befbd967"}
{"index": {"_index":"pob","_id":"1312992"}}
	{"id":1312992,"type":"sell","buyer":"solovey6o2","seller":"tomhall","symbol":"POB","quantity":"1.24866305","price":"0.51450477","timestamp":1628262438,"volume":"0.64244310","buyTxId":"805a52cd8b1ef6d88417c9fbd935ee8c0dd9c42c","sellTxId":"487e71ac6fa9719f92fd301b340fc901c31a722c"}
{"index": {"_index":"pob","_id":"1313098"}}
	{"id":1313098,"type":"sell","buyer":"solovey6o2","seller":"beemd","symbol":"POB","quantity":"0.14469578","price":"0.51470483","timestamp":1628263110,"volume":"0.07447562","buyTxId":"0a85bf8355063a1ce1380b93f084f2dd6a73114e","sellTxId":"03b15926a96d77526793ed6c1887a46cb0339a32"}
{"index": {"_index":"pob","_id":"1313152"}}
	{"id":1313152,"type":"buy","buyer":"tipy","seller":"solovey6o2","symbol":"POB","quantity":"0.07517590","price":"0.53999998","timestamp":1628264127,"volume":"0.04059498","buyTxId":"9bf26beba7ec4f8cba39c764b2600ef52bb26265","sellTxId":"60230a19ed92baba47a2438f61c0f5d2918c655f"}
{"index": {"_index":"pob","_id":"1313179"}}
	{"id":1313179,"type":"sell","buyer":"solovey6o2","seller":"anadolu","symbol":"POB","quantity":"25","price":"0.51520498","timestamp":1628264562,"volume":"12.88012450","buyTxId":"5cbf4c5917403ff33d6ebbd7f0a9f6605b881ba8","sellTxId":"3192e1747c043dc3fe3dcc6150c85699153d397d"}
{"index": {"_index":"pob","_id":"1313186"}}
	{"id":1313186,"type":"sell","buyer":"solovey6o2","seller":"automaton","symbol":"POB","quantity":"8.11323570","price":"0.51530501","timestamp":1628264688,"volume":"4.18079100","buyTxId":"d9bf3dfcbf146c842074fa314e2d4cb5e5f5d876","sellTxId":"1d636039f6278d88236e6903745cfaa2607effc3"}
{"index": {"_index":"pob","_id":"1313221"}}
	{"id":1313221,"type":"buy","buyer":"richardcrill","seller":"revisesociology","symbol":"POB","quantity":"15.00000000","price":"0.51541000","timestamp":1628265216,"volume":"7.73115000","buyTxId":"MM-P-9317725-56299640-3-11-0","sellTxId":"9d3e5ba62f57225d3276d4675e3af1d189dde2cc"}
{"index": {"_index":"pob","_id":"1313271"}}
	{"id":1313271,"type":"sell","buyer":"solovey6o2","seller":"kenechukwu97","symbol":"POB","quantity":"125.00000000","price":"0.51570513","timestamp":1628265987,"volume":"64.46314125","buyTxId":"adaffdc766df3efa519a360284b5d3f016c0e320","sellTxId":"8e0474f3c2a8e0ca67b676ea98780a120e36b9da"}
{"index": {"_index":"pob","_id":"1313360"}}
	{"id":1313360,"type":"sell","buyer":"richardcrill","seller":"brofi-market","symbol":"POB","quantity":"4.95673295","price":"0.51600519","timestamp":1628266722,"volume":"2.55769993","buyTxId":"MM-P-9318222-56300139-3-11-0","sellTxId":"d067c6a9a9c9169216be223376554fd0c65f4d51"}
{"index": {"_index":"pob","_id":"1313470"}}
	{"id":1313470,"type":"sell","buyer":"solovey6o2","seller":"logicforce","symbol":"POB","quantity":"1.15715434","price":"0.51630531","timestamp":1628267775,"volume":"0.59744493","buyTxId":"f4b5866d57ecbec64eb243bfb75b9c963b1fd949","sellTxId":"9d43ebbf8ec1f28221d16b339d5e58858706e511"}
{"index": {"_index":"pob","_id":"1313492"}}
	{"id":1313492,"type":"buy","buyer":"richardcrill","seller":"dibblers.dabs","symbol":"POB","quantity":"22.09901266","price":"0.51631000","timestamp":1628267916,"volume":"11.40994123","buyTxId":"MM-P-9318620-56300539-3-11-0","sellTxId":"c81fdef5149b162d4b9cd620bb3af440ad9df54c"}
{"index": {"_index":"pob","_id":"1313557"}}
	{"id":1313557,"type":"buy","buyer":"richardcrill","seller":"peerfinance","symbol":"POB","quantity":"0.10000000","price":"0.51651000","timestamp":1628268516,"volume":"0.05165100","buyTxId":"MM-P-9318817-56300737-3-11-0","sellTxId":"e84cd55fc9e2dfb28be6977229e047214c57833f"}
{"index": {"_index":"pob","_id":"1313559"}}
	{"id":1313559,"type":"sell","buyer":"richardcrill","seller":"ahmetay","symbol":"POB","quantity":"1.31803673","price":"0.51660537","timestamp":1628268537,"volume":"0.68090485","buyTxId":"MM-P-9318817-56300737-3-11-0","sellTxId":"4c756d9a20bbdc700bd806002f9dc35457a38916"}
{"index": {"_index":"pob","_id":"1313625"}}
	{"id":1313625,"type":"sell","buyer":"solovey6o2","seller":"happyfrog420-new","symbol":"POB","quantity":"1.34040335","price":"0.51670543","timestamp":1628269095,"volume":"0.69259369","buyTxId":"fb86a89080e35de0299f5043f57ebaafa119e320","sellTxId":"c64ff5733412cd48a96ea6574a8facfa56b898eb"}
{"index": {"_index":"pob","_id":"1313656"}}
	{"id":1313656,"type":"sell","buyer":"solovey6o2","seller":"whitelightxpress","symbol":"POB","quantity":"1.19836035","price":"0.51690549","timestamp":1628269623,"volume":"0.61943904","buyTxId":"32adaddc34f1ee05d0fab806bbe2aa23f2013eff","sellTxId":"b1adf632902f765368588d3ad2e9ee0db1ac3de4"}
{"index": {"_index":"pob","_id":"1313668"}}
	{"id":1313668,"type":"buy","buyer":"richardcrill","seller":"thisismylife","symbol":"POB","quantity":"0.80568247","price":"0.51691000","timestamp":1628269716,"volume":"0.41646533","buyTxId":"MM-P-9319216-56301137-3-11-0","sellTxId":"e4413948a8df5eb532dc65d22aaadb8ef94afa99"}
{"index": {"_index":"pob","_id":"1313706"}}
	{"id":1313706,"type":"buy","buyer":"richardcrill","seller":"coyotelation","symbol":"POB","quantity":"3.98279592","price":"0.51711000","timestamp":1628270316,"volume":"2.05954360","buyTxId":"MM-P-9319415-56301337-3-11-0","sellTxId":"362f49e67c29ffe5c13e09260cc63d110c96eda2"}
{"index": {"_index":"pob","_id":"1313752"}}
	{"id":1313752,"type":"sell","buyer":"solovey6o2","seller":"hive-189742","symbol":"POB","quantity":"0.59868017","price":"0.51730561","timestamp":1628270778,"volume":"0.30970061","buyTxId":"30ce686bb3f5cf278be5858a228bbf0d6178da4c","sellTxId":"6c00636acb44f0a5e0349a0da771c7d96bf70663"}
{"index": {"_index":"pob","_id":"1313757"}}
	{"id":1313757,"type":"sell","buyer":"solovey6o2","seller":"bitcoinflood","symbol":"POB","quantity":"14.40463506","price":"0.51730561","timestamp":1628270838,"volume":"7.45159853","buyTxId":"30ce686bb3f5cf278be5858a228bbf0d6178da4c","sellTxId":"d8b19ea68e3ff6ab41ee6e6b13869de90d6c0cea"}
{"index": {"_index":"pob","_id":"1313765"}}
	{"id":1313765,"type":"sell","buyer":"richardcrill","seller":"bashadow","symbol":"POB","quantity":"0.18568919","price":"0.51740561","timestamp":1628270940,"volume":"0.09607663","buyTxId":"MM-P-9319615-56301537-3-11-0","sellTxId":"7088f2240d53513dcffcc7e09afbd298fe3fc03e"}
{"index": {"_index":"pob","_id":"1313772"}}
	{"id":1313772,"type":"buy","buyer":"coininstant","seller":"thranax","symbol":"POB","quantity":"1.00810000","price":"0.53999997","timestamp":1628271024,"volume":"0.54437397","buyTxId":"97dc84b78f25a0f52858765336b2fc0ec6dcb63d","sellTxId":"a3418d4d8f9c15707754ab117fe77e087b46212f"}
{"index": {"_index":"pob","_id":"1313794"}}
	{"id":1313794,"type":"sell","buyer":"richardcrill","seller":"savagetobi","symbol":"POB","quantity":"20","price":"0.51750564","timestamp":1628271276,"volume":"10.35011280","buyTxId":"MM-P-9319715-56301637-3-11-0","sellTxId":"8368cbaeb3a68f4f432345ac45d4959d4223e090"}
{"index": {"_index":"pob","_id":"1313816"}}
	{"id":1313816,"type":"buy","buyer":"richardcrill","seller":"catharsis","symbol":"POB","quantity":"4.16041756","price":"0.51761000","timestamp":1628271816,"volume":"2.15347373","buyTxId":"MM-P-9319915-56301837-3-11-0","sellTxId":"46182bf90f8ef0e6b628d55ee16b5eaeebd32e55"}
{"index": {"_index":"pob","_id":"1313826"}}
	{"id":1313826,"type":"sell","buyer":"richardcrill","seller":"littledisciples","symbol":"POB","quantity":"20.02718446","price":"0.51770570","timestamp":1628271870,"volume":"10.36818755","buyTxId":"MM-P-9319915-56301837-3-11-0","sellTxId":"d2456e9e490903464224a9d848014cc23a6e8fb5"}
{"index": {"_index":"pob","_id":"1313828"}}
	{"id":1313828,"type":"sell","buyer":"richardcrill","seller":"scottcbusiness","symbol":"POB","quantity":"3.70905468","price":"0.51770570","timestamp":1628271897,"volume":"1.92019875","buyTxId":"MM-P-9319915-56301837-3-11-0","sellTxId":"e7926514c76d3cc5e5f91a06570afa8996c25422"}
{"index": {"_index":"pob","_id":"1313974"}}
	{"id":1313974,"type":"sell","buyer":"gimme-your-coinz","seller":"lunaticpandora","symbol":"POB","quantity":"6.66000000","price":"0.51850598","timestamp":1628274369,"volume":"3.45324983","buyTxId":"4e33a324365a72f3f6948fc4f8ee79be48398efd","sellTxId":"a3bc31858857c6102e76940203af87f87aa27ce5"}
{"index": {"_index":"pob","_id":"1313975"}}
	{"id":1313975,"type":"sell","buyer":"solovey6o2","seller":"lunaticpandora","symbol":"POB","quantity":"142.96655139","price":"0.51850597","timestamp":1628274369,"volume":"74.12901041","buyTxId":"05eda341c3a682ccaacda606d3a49c3095c6d9f1","sellTxId":"a3bc31858857c6102e76940203af87f87aa27ce5"}
{"index": {"_index":"pob","_id":"1313976"}}
	{"id":1313976,"type":"sell","buyer":"gimme-your-coinz","seller":"lunaticpandora","symbol":"POB","quantity":"5.13767334","price":"0.51850595","timestamp":1628274369,"volume":"2.66391420","buyTxId":"e4da3264aa0e25035d211489ebc36cb7dcf6899c","sellTxId":"a3bc31858857c6102e76940203af87f87aa27ce5"}
{"index": {"_index":"pob","_id":"1314107"}}
	{"id":1314107,"type":"sell","buyer":"gimme-your-coinz","seller":"beemd","symbol":"POB","quantity":"0.24660244","price":"0.51850596","timestamp":1628275983,"volume":"0.12786483","buyTxId":"74d60276d0e775d53b06cda58511eec1adeca00a","sellTxId":"743ca35aba3f01b11b3dc68400d287b7e709246d"}
{"index": {"_index":"pob","_id":"1314175"}}
	{"id":1314175,"type":"sell","buyer":"gimme-your-coinz","seller":"nirvana3003","symbol":"POB","quantity":"6.66000000","price":"0.51100143","timestamp":1628277054,"volume":"3.40326952","buyTxId":"d2f3aa45ccaf18b90d5ec9ebd8d77a041ec0e8c7","sellTxId":"e7e7c46c659e6966589ba07f4503fe05730c5449"}
{"index": {"_index":"pob","_id":"1314177"}}
	{"id":1314177,"type":"buy","buyer":"gimme-your-coinz","seller":"nirvana3003","symbol":"POB","quantity":"6.66000000","price":"0.51100143","timestamp":1628277069,"volume":"3.40326952","buyTxId":"a78e9dfc505a802f2344356e9e5dc2fd5b3d3593","sellTxId":"e7e7c46c659e6966589ba07f4503fe05730c5449"}
{"index": {"_index":"pob","_id":"1314178"}}
	{"id":1314178,"type":"sell","buyer":"he-index","seller":"take-my-coinz","symbol":"POB","quantity":"0.34200000","price":"0.51100142","timestamp":1628277072,"volume":"0.17476249","buyTxId":"118d57a694cb588750affced836b743e3b28357a","sellTxId":"3f00a6c296e16a8b8c8714a2d35f7cc849fc5798"}
{"index": {"_index":"pob","_id":"1314179"}}
	{"id":1314179,"type":"buy","buyer":"gimme-your-coinz","seller":"take-my-coinz","symbol":"POB","quantity":"6.66000000","price":"0.51100141","timestamp":1628277078,"volume":"3.40326939","buyTxId":"418ef00c0e8426fa802ddc7b7fb5acff779296df","sellTxId":"3f00a6c296e16a8b8c8714a2d35f7cc849fc5798"}
{"index": {"_index":"pob","_id":"1314184"}}
	{"id":1314184,"type":"sell","buyer":"gimme-your-coinz","seller":"asia-pl","symbol":"POB","quantity":"0.55333240","price":"0.50001012","timestamp":1628277135,"volume":"0.27667180","buyTxId":"7e255541bbca349153e018712c67004c97cd439a","sellTxId":"9dbd931cb4cf21302d7768f535056eb723974592"}
{"index": {"_index":"pob","_id":"1314210"}}
	{"id":1314210,"type":"sell","buyer":"solovey6o2","seller":"cryptoandcoffee","symbol":"POB","quantity":"4.00000000","price":"0.50001011","timestamp":1628277627,"volume":"2.00004044","buyTxId":"302b14e5d190df6f7b0c4ddb5b43626ed67a63a4","sellTxId":"7389b3c65f08651ce1d6a3799915c3d4f997d537"}
{"index": {"_index":"pob","_id":"1314229"}}
	{"id":1314229,"type":"sell","buyer":"richardcrill","seller":"ahmetay","symbol":"POB","quantity":"1.10891547","price":"0.50011011","timestamp":1628277882,"volume":"0.55457984","buyTxId":"MM-P-9321906-56303835-3-11-0","sellTxId":"14b66e105a3f8f3fdf761c1d221ee41c1e712afa"}
{"index": {"_index":"pob","_id":"1314369"}}
	{"id":1314369,"type":"sell","buyer":"solovey6o2","seller":"beemd","symbol":"POB","quantity":"0.36247618","price":"0.50021017","timestamp":1628279898,"volume":"0.18131427","buyTxId":"61113064bf39764d37ec2e676027b176a2768cbd","sellTxId":"bf27a353df1a376ca46c9973c4394b176375e839"}
{"index": {"_index":"pob","_id":"1314383"}}
	{"id":1314383,"type":"sell","buyer":"solovey6o2","seller":"gaboamc2393","symbol":"POB","quantity":"7.35382661","price":"0.50031020","timestamp":1628280123,"volume":"3.67919446","buyTxId":"0b599a893b8a3d48ad7ef33d6aa7eb1378276287","sellTxId":"49ce6c421b62ce1cfff77a00adaf0f01bec30a0b"}
{"index": {"_index":"pob","_id":"1314398"}}
	{"id":1314398,"type":"sell","buyer":"solovey6o2","seller":"eddiespino","symbol":"POB","quantity":"4.36001026","price":"0.50001011","timestamp":1628280468,"volume":"2.18004921","buyTxId":"d8c7f6817ecc4b4aa1c9f4caed3d5a35564765e7","sellTxId":"2e75b5573adc46bcd4f7cd1513e02cd0f2fa0bc1"}
{"index": {"_index":"pob","_id":"1314399"}}
	{"id":1314399,"type":"sell","buyer":"solovey6o2","seller":"justinparke","symbol":"POB","quantity":"4.66319428","price":"0.50001011","timestamp":1628280468,"volume":"2.33164428","buyTxId":"d8c7f6817ecc4b4aa1c9f4caed3d5a35564765e7","sellTxId":"48161719e2fc6abdd3506b138dc264658e45bfef"}
{"index": {"_index":"pob","_id":"1314493"}}
	{"id":1314493,"type":"sell","buyer":"solovey6o2","seller":"dwinblood","symbol":"POB","quantity":"2.18554192","price":"0.50001011","timestamp":1628282277,"volume":"1.09279306","buyTxId":"d8c7f6817ecc4b4aa1c9f4caed3d5a35564765e7","sellTxId":"92ead0b1470134dc0623e62eee87c6b0bf24939d"}
{"index": {"_index":"pob","_id":"1314494"}}
	{"id":1314494,"type":"sell","buyer":"solovey6o2","seller":"dwinblood","symbol":"POB","quantity":"17.81361528","price":"0.50001011","timestamp":1628282277,"volume":"8.90698774","buyTxId":"28f430e12a4f8508c69b81864f5c6fc129e98394","sellTxId":"92ead0b1470134dc0623e62eee87c6b0bf24939d"}
{"index": {"_index":"pob","_id":"1314495"}}
	{"id":1314495,"type":"sell","buyer":"bluesniper","seller":"dwinblood","symbol":"POB","quantity":"54.16186748","price":"0.50001008","timestamp":1628282277,"volume":"27.08147969","buyTxId":"MM-P-9312285-56294186-3-7-0","sellTxId":"92ead0b1470134dc0623e62eee87c6b0bf24939d"}
{"index": {"_index":"pob","_id":"1314512"}}
	{"id":1314512,"type":"sell","buyer":"bluesniper","seller":"ecoinstant","symbol":"POB","quantity":"5.56557000","price":"0.50001008","timestamp":1628282949,"volume":"2.78284110","buyTxId":"MM-P-9312285-56294186-3-7-0","sellTxId":"35b41aed6f194c1d97941910380dafafb5f0cdcb"}
{"index": {"_index":"pob","_id":"1314596"}}
	{"id":1314596,"type":"buy","buyer":"stickupboys","seller":"solovey6o2","symbol":"POB","quantity":"0.50000000","price":"0.51100142","timestamp":1628284197,"volume":"0.25550071","buyTxId":"aefbe5e1f81be0930b75f64da748fb176d8dc003","sellTxId":"ff306b3f8c9e5def4992a8b3e8bff3b74a9b0be2"}
{"index": {"_index":"pob","_id":"1314669"}}
	{"id":1314669,"type":"sell","buyer":"bluesniper","seller":"cristina-zac","symbol":"POB","quantity":"28.90000000","price":"0.50001008","timestamp":1628285763,"volume":"14.45029131","buyTxId":"MM-P-9312285-56294186-3-7-0","sellTxId":"4f8d3254bba1a40a8ea52429b5c93abb97e8e7f9"}
{"index": {"_index":"pob","_id":"1314689"}}
	{"id":1314689,"type":"sell","buyer":"bluesniper","seller":"claudio83.pob","symbol":"POB","quantity":"16.46010668","price":"0.50001008","timestamp":1628286069,"volume":"8.23021926","buyTxId":"MM-P-9312285-56294186-3-7-0","sellTxId":"73bb8121b21b2c8c14942758f10b013384d6713b"}
{"index": {"_index":"pob","_id":"1314692"}}
	{"id":1314692,"type":"sell","buyer":"bluesniper","seller":"cristina-zac","symbol":"POB","quantity":"8.20000000","price":"0.50001008","timestamp":1628286114,"volume":"4.10008266","buyTxId":"MM-P-9312285-56294186-3-7-0","sellTxId":"735a477960a48c6ad812bbd4a82ec967679e0826"}
{"index": {"_index":"pob","_id":"1314693"}}
	{"id":1314693,"type":"sell","buyer":"bluesniper","seller":"nirvana3003","symbol":"POB","quantity":"26.70963350","price":"0.50001008","timestamp":1628286132,"volume":"13.35508598","buyTxId":"MM-P-9312285-56294186-3-7-0","sellTxId":"d385b84d190f4b6cc1d43f44b55b7d468dd233a2"}
{"index": {"_index":"pob","_id":"1314733"}}
	{"id":1314733,"type":"sell","buyer":"master-lamps","seller":"vipservice","symbol":"POB","quantity":"0.77602382","price":"0.50001001","timestamp":1628287062,"volume":"0.38801968","buyTxId":"21b403a338cae9c51f37131bafaaf0e95d9f4092","sellTxId":"02196370ad71085566f99f4f797697235d1efbac"}
{"index": {"_index":"pob","_id":"1314734"}}
	{"id":1314734,"type":"buy","buyer":"frot","seller":"solovey6o2","symbol":"POB","quantity":"200.00000000","price":"0.50001007","timestamp":1628287095,"volume":"100.00201400","buyTxId":"6ba64d9fe3fd26a7d017a21bc271d21b49309e0e","sellTxId":"82dd0ff6d2fb965cd736363d563a4f98bf2f9bde"}
{"index": {"_index":"pob","_id":"1314742"}}
	{"id":1314742,"type":"sell","buyer":"master-lamps","seller":"failingforwards","symbol":"POB","quantity":"1.87296618","price":"0.50001001","timestamp":1628287467,"volume":"0.93650184","buyTxId":"21b403a338cae9c51f37131bafaaf0e95d9f4092","sellTxId":"3f4e3dec0c734292e047f25aec1cb41c4faa5f57"}
{"index": {"_index":"pob","_id":"1314756"}}
	{"id":1314756,"type":"sell","buyer":"solovey6o2","seller":"rose98734","symbol":"POB","quantity":"3.98493625","price":"0.47010006","timestamp":1628287581,"volume":"1.87331877","buyTxId":"6171020d862c2c61e3a9dbbe3789efe75791f108","sellTxId":"65ab78b41aebc1291bc3e34f102859fd52b5c121"}
{"index": {"_index":"pob","_id":"1314807"}}
	{"id":1314807,"type":"sell","buyer":"solovey6o2","seller":"ctime","symbol":"POB","quantity":"201.45421078","price":"0.47030012","timestamp":1628288307,"volume":"94.74393950","buyTxId":"ed0eb66616fedef631ae8b926616c05e4257cbef","sellTxId":"83dabcfb4259600ece7495ae0133459dd060c663"}
{"index": {"_index":"pob","_id":"1314808"}}
	{"id":1314808,"type":"sell","buyer":"richardcrill","seller":"ctime","symbol":"POB","quantity":"30.54578922","price":"0.47030009","timestamp":1628288307,"volume":"14.36568742","buyTxId":"MM-P-9325286-56307225-3-11-0","sellTxId":"83dabcfb4259600ece7495ae0133459dd060c663"}
{"index": {"_index":"pob","_id":"1314893"}}
	{"id":1314893,"type":"sell","buyer":"eirik","seller":"jesustiano","symbol":"POB","quantity":"2.24470489","price":"0.47500000","timestamp":1628289915,"volume":"1.06623482","buyTxId":"26e1e042e653d8da0016afad842ce29b87270bd1","sellTxId":"6cb8a053f2c7ef032bcfc08733b2a9f48d450f34"}
{"index": {"_index":"pob","_id":"1314924"}}
	{"id":1314924,"type":"buy","buyer":"steem-holder","seller":"aiovo","symbol":"POB","quantity":"0.40000000","price":"0.50001000","timestamp":1628290833,"volume":"0.20000400","buyTxId":"52ecd087a710eb107aff7045143cfd45d5a939d3","sellTxId":"254dc7310e8c7b671d7de60de2ff66a64e766272"}
{"index": {"_index":"pob","_id":"1314940"}}
	{"id":1314940,"type":"sell","buyer":"eirik","seller":"schlees","symbol":"POB","quantity":"0.62708963","price":"0.47500000","timestamp":1628291223,"volume":"0.29786757","buyTxId":"26e1e042e653d8da0016afad842ce29b87270bd1","sellTxId":"a16c45f51ffd259b3c6dac3934f9d5f88f8db65b"}
{"index": {"_index":"pob","_id":"1314965"}}
	{"id":1314965,"type":"sell","buyer":"eirik","seller":"pixelfan","symbol":"POB","quantity":"0.12820548","price":"0.47500000","timestamp":1628291580,"volume":"0.06089760","buyTxId":"26e1e042e653d8da0016afad842ce29b87270bd1","sellTxId":"7d8f343a6af50ff1eb42bc4f9054fb0ef716b09e"}
{"index": {"_index":"pob","_id":"1315014"}}
	{"id":1315014,"type":"buy","buyer":"steem-holder","seller":"pixelfan","symbol":"POB","quantity":"0.15179452","price":"0.47500000","timestamp":1628292648,"volume":"0.07210240","buyTxId":"8965324dd5f009916b08d59182082c7fe7278447","sellTxId":"7d8f343a6af50ff1eb42bc4f9054fb0ef716b09e"}
{"index": {"_index":"pob","_id":"1315015"}}
	{"id":1315015,"type":"buy","buyer":"steem-holder","seller":"aiovo","symbol":"POB","quantity":"0.86772721","price":"0.50001000","timestamp":1628292648,"volume":"0.43387228","buyTxId":"8965324dd5f009916b08d59182082c7fe7278447","sellTxId":"254dc7310e8c7b671d7de60de2ff66a64e766272"}
{"index": {"_index":"pob","_id":"1315103"}}
	{"id":1315103,"type":"sell","buyer":"mineopoly","seller":"andy4475","symbol":"POB","quantity":"4.46812643","price":"0.47000000","timestamp":1628295027,"volume":"2.10001942","buyTxId":"3eb154fb3dbaa03dfa27c6835d9dd332515715e6","sellTxId":"7eade724b3cda4ff241fa3bdb2ca843f98b92da8"}
{"index": {"_index":"pob","_id":"1315246"}}
	{"id":1315246,"type":"sell","buyer":"mineopoly","seller":"specialfeelings","symbol":"POB","quantity":"1.66805058","price":"0.47000000","timestamp":1628297565,"volume":"0.78398377","buyTxId":"3eb154fb3dbaa03dfa27c6835d9dd332515715e6","sellTxId":"105113d93b9be008f0423e853e0cef3569364e22"}
{"index": {"_index":"pob","_id":"1315357"}}
	{"id":1315357,"type":"sell","buyer":"mineopoly","seller":"cryptowingnut","symbol":"POB","quantity":"2.018203","price":"0.47000000","timestamp":1628301189,"volume":"0.94855541","buyTxId":"3eb154fb3dbaa03dfa27c6835d9dd332515715e6","sellTxId":"39f6c9281f117666f909d835c14ab6f587be1587"}
{"index": {"_index":"pob","_id":"1315370"}}
	{"id":1315370,"type":"sell","buyer":"mineopoly","seller":"nrg","symbol":"POB","quantity":"91.84561999","price":"0.47000000","timestamp":1628301372,"volume":"43.16744140","buyTxId":"3eb154fb3dbaa03dfa27c6835d9dd332515715e6","sellTxId":"0637b6c9f113818fc8cb978aa78c92d7b857a5dc"}
{"index": {"_index":"pob","_id":"1315371"}}
	{"id":1315371,"type":"sell","buyer":"he-index","seller":"nrg","symbol":"POB","quantity":"0.52300000","price":"0.47000000","timestamp":1628301372,"volume":"0.24581000","buyTxId":"784419af17e18403cd1ff4ce8134f2b41aa6eddf","sellTxId":"0637b6c9f113818fc8cb978aa78c92d7b857a5dc"}
{"index": {"_index":"pob","_id":"1315372"}}
	{"id":1315372,"type":"sell","buyer":"he-index","seller":"nrg","symbol":"POB","quantity":"0.49900000","price":"0.46449057","timestamp":1628301372,"volume":"0.23178079","buyTxId":"475c989460ad3cd5422be9139b9f51e7a715d7e3","sellTxId":"0637b6c9f113818fc8cb978aa78c92d7b857a5dc"}
{"index": {"_index":"pob","_id":"1315373"}}
	{"id":1315373,"type":"sell","buyer":"bluesniper","seller":"nrg","symbol":"POB","quantity":"18.13238001","price":"0.46365000","timestamp":1628301372,"volume":"8.40707799","buyTxId":"MM-P-9329703-56311653-3-7-0","sellTxId":"0637b6c9f113818fc8cb978aa78c92d7b857a5dc"}
{"index": {"_index":"pob","_id":"1315561"}}
	{"id":1315561,"type":"sell","buyer":"bluesniper","seller":"beemd","symbol":"POB","quantity":"0.50828247","price":"0.46365000","timestamp":1628303625,"volume":"0.23566517","buyTxId":"MM-P-9329703-56311653-3-7-0","sellTxId":"35dd9ab5c5fb3eebf8313af537ffdae485226bf9"}
{"index": {"_index":"pob","_id":"1315584"}}
	{"id":1315584,"type":"sell","buyer":"bluesniper","seller":"thebeardflex","symbol":"POB","quantity":"5.92297295","price":"0.46365000","timestamp":1628304159,"volume":"2.74618641","buyTxId":"MM-P-9329703-56311653-3-7-0","sellTxId":"4c0b355677d4193b9a1835564c2476bdfde6c837"}
