{"index": {"_index":"pob","_id":"1368744"}}
	{"id":1368744,"type":"sell","buyer":"richardcrill","seller":"eythorphoto","symbol":"POB","quantity":"0.42919636","price":"0.40010000","timestamp":1629169029,"volume":"0.17172146","buyTxId":"MM-P-9614961-56597999-3-11-0","sellTxId":"53143ebda1c1a7499325b44f9fc0b04fe444f515"}
{"index": {"_index":"pob","_id":"1368767"}}
	{"id":1368767,"type":"sell","buyer":"richardcrill","seller":"melbourneswest","symbol":"POB","quantity":"2.59834678","price":"0.40010000","timestamp":1629169650,"volume":"1.03959855","buyTxId":"MM-P-9614961-56597999-3-11-0","sellTxId":"8e8952440b815329fa990652fd53db884aeff9f2"}
{"index": {"_index":"pob","_id":"1368948"}}
	{"id":1368948,"type":"sell","buyer":"richardcrill","seller":"karmadorje","symbol":"POB","quantity":"2.86740567","price":"0.40010000","timestamp":1629172959,"volume":"1.14724901","buyTxId":"MM-P-9614961-56597999-3-11-0","sellTxId":"8499d347646360a308c21b3b84c16749983875cf"}
{"index": {"_index":"pob","_id":"1368964"}}
	{"id":1368964,"type":"sell","buyer":"richardcrill","seller":"matfilar","symbol":"POB","quantity":"11.00000000","price":"0.40010000","timestamp":1629173304,"volume":"4.40110000","buyTxId":"MM-P-9614961-56597999-3-11-0","sellTxId":"c79d3bc6fb229c16f5cf097868d2456f5cf0713c"}
{"index": {"_index":"pob","_id":"1369040"}}
	{"id":1369040,"type":"sell","buyer":"richardcrill","seller":"mawit07","symbol":"POB","quantity":"6.67970492","price":"0.40010000","timestamp":1629174534,"volume":"2.67254994","buyTxId":"MM-P-9614961-56597999-3-11-0","sellTxId":"85d4db14b46b8bbb37df1723dc55de283647d6d3"}
{"index": {"_index":"pob","_id":"1369047"}}
	{"id":1369047,"type":"sell","buyer":"richardcrill","seller":"pablodare","symbol":"POB","quantity":"1.40173180","price":"0.40010000","timestamp":1629174660,"volume":"0.56083289","buyTxId":"MM-P-9614961-56597999-3-11-0","sellTxId":"c9d21a525604d509f72108a09ad371bea69d5c84"}
{"index": {"_index":"pob","_id":"1369049"}}
	{"id":1369049,"type":"sell","buyer":"richardcrill","seller":"eddiespino","symbol":"POB","quantity":"1.42731097","price":"0.40010000","timestamp":1629174687,"volume":"0.57106712","buyTxId":"MM-P-9614961-56597999-3-11-0","sellTxId":"551b77af17596d18a1f85db7b1a9520e5e53510c"}
{"index": {"_index":"pob","_id":"1369104"}}
	{"id":1369104,"type":"sell","buyer":"richardcrill","seller":"jesustiano","symbol":"POB","quantity":"2.03853259","price":"0.40010000","timestamp":1629175578,"volume":"0.81561689","buyTxId":"MM-P-9614961-56597999-3-11-0","sellTxId":"8533c333699b973fd6e51f1b461b0af473ff5cbf"}
{"index": {"_index":"pob","_id":"1369136"}}
	{"id":1369136,"type":"sell","buyer":"richardcrill","seller":"journeylife","symbol":"POB","quantity":"3.62407371","price":"0.40010000","timestamp":1629176073,"volume":"1.44999189","buyTxId":"MM-P-9614961-56597999-3-11-0","sellTxId":"d73fcabb1f8285f44b1dcbe7d97a0b3014e0b660"}
{"index": {"_index":"pob","_id":"1369180"}}
	{"id":1369180,"type":"sell","buyer":"gimme-your-coinz","seller":"beemd","symbol":"POB","quantity":"0.84654595","price":"0.40030003","timestamp":1629176916,"volume":"0.33887237","buyTxId":"f3092337d8d56d972da45b4a7a1ea4e3d6ba6a1d","sellTxId":"3c98c09b42e0d6a1e7b2f53c56f056f580b76a5c"}
{"index": {"_index":"pob","_id":"1369226"}}
	{"id":1369226,"type":"buy","buyer":"scholaris.pob","seller":"take-my-coinz","symbol":"POB","quantity":"13.00000000","price":"0.47499998","timestamp":1629177519,"volume":"6.17499974","buyTxId":"3df795de918dc40c934b7917b18266390b4cb284","sellTxId":"94fcacec6dd0f6fc77206c670c6bc8905443228a"}
{"index": {"_index":"pob","_id":"1369227"}}
	{"id":1369227,"type":"buy","buyer":"scholaris.pob","seller":"jersteemit","symbol":"POB","quantity":"95.47792386","price":"0.47500000","timestamp":1629177519,"volume":"45.35201383","buyTxId":"3df795de918dc40c934b7917b18266390b4cb284","sellTxId":"28f9ce482e10f903de81ac0d2d2d09598d0c775b"}
{"index": {"_index":"pob","_id":"1369228"}}
	{"id":1369228,"type":"buy","buyer":"scholaris.pob","seller":"kemmyb","symbol":"POB","quantity":"4.52132468","price":"0.48000000","timestamp":1629177519,"volume":"2.17023585","buyTxId":"3df795de918dc40c934b7917b18266390b4cb284","sellTxId":"efe2eecb21aa7b569db82e186fd2103d9ec711b3"}
{"index": {"_index":"pob","_id":"1369229"}}
	{"id":1369229,"type":"buy","buyer":"scholaris.pob","seller":"lebah","symbol":"POB","quantity":"118.00000000","price":"0.48000000","timestamp":1629177519,"volume":"56.64000000","buyTxId":"3df795de918dc40c934b7917b18266390b4cb284","sellTxId":"9d14af091326d3ba221ad09b52108063ed852482"}
{"index": {"_index":"pob","_id":"1369230"}}
	{"id":1369230,"type":"buy","buyer":"scholaris.pob","seller":"rentmoney","symbol":"POB","quantity":"100.00000000","price":"0.49890000","timestamp":1629177519,"volume":"49.89000000","buyTxId":"3df795de918dc40c934b7917b18266390b4cb284","sellTxId":"71bcfa4b311adf60332a2fb2d91ef92f3c0364fe"}
{"index": {"_index":"pob","_id":"1369231"}}
	{"id":1369231,"type":"buy","buyer":"scholaris.pob","seller":"bilpcoinbpc","symbol":"POB","quantity":"0.05000000","price":"0.49900000","timestamp":1629177519,"volume":"0.02495000","buyTxId":"3df795de918dc40c934b7917b18266390b4cb284","sellTxId":"8fbcea26f7e5166853d2818f612f776e68cd44cd"}
{"index": {"_index":"pob","_id":"1369232"}}
	{"id":1369232,"type":"buy","buyer":"scholaris.pob","seller":"faireye","symbol":"POB","quantity":"65.95500000","price":"0.49900000","timestamp":1629177519,"volume":"32.91154500","buyTxId":"3df795de918dc40c934b7917b18266390b4cb284","sellTxId":"157f657ad4fd97145acd36c9f47574f167669a3d"}
{"index": {"_index":"pob","_id":"1369233"}}
	{"id":1369233,"type":"buy","buyer":"scholaris.pob","seller":"bilpcoinbpc","symbol":"POB","quantity":"4.86300000","price":"0.49980000","timestamp":1629177519,"volume":"2.43052740","buyTxId":"3df795de918dc40c934b7917b18266390b4cb284","sellTxId":"3fbce79da3b3e680720f454d118790c83fbdd5ce"}
{"index": {"_index":"pob","_id":"1369234"}}
	{"id":1369234,"type":"buy","buyer":"scholaris.pob","seller":"liotes.voter","symbol":"POB","quantity":"7.55669038","price":"0.49989501","timestamp":1629177519,"volume":"3.77755181","buyTxId":"3df795de918dc40c934b7917b18266390b4cb284","sellTxId":"f1d4fe40a2ef44075f5fe2e16e121142c5d7e029"}
{"index": {"_index":"pob","_id":"1369235"}}
	{"id":1369235,"type":"buy","buyer":"scholaris.pob","seller":"bilpcoinbpc","symbol":"POB","quantity":"0.50000000","price":"0.49990000","timestamp":1629177519,"volume":"0.24995000","buyTxId":"3df795de918dc40c934b7917b18266390b4cb284","sellTxId":"cbb756f7213e7c0076a86513b04f4b16daa0e291"}
{"index": {"_index":"pob","_id":"1369236"}}
	{"id":1369236,"type":"buy","buyer":"scholaris.pob","seller":"bilpcoinbpc","symbol":"POB","quantity":"4.49000000","price":"0.49990000","timestamp":1629177519,"volume":"2.24455100","buyTxId":"3df795de918dc40c934b7917b18266390b4cb284","sellTxId":"f73226a27d69dec4494ded0bf2828e3ed9889852"}
{"index": {"_index":"pob","_id":"1369237"}}
	{"id":1369237,"type":"buy","buyer":"scholaris.pob","seller":"skylinebuds","symbol":"POB","quantity":"70.67011092","price":"0.50000000","timestamp":1629177519,"volume":"35.33505546","buyTxId":"3df795de918dc40c934b7917b18266390b4cb284","sellTxId":"8eec44b1859c4da15ae00ac01add532ae4945743"}
{"index": {"_index":"pob","_id":"1369244"}}
	{"id":1369244,"type":"sell","buyer":"gimme-your-coinz","seller":"thauerbyi","symbol":"POB","quantity":"1.7","price":"0.40060006","timestamp":1629177597,"volume":"0.68102010","buyTxId":"324b97838caf3a284d32f99aa3580e1a01ea935c","sellTxId":"64da59ed6d9ac1511c13a0c4f5a635ecb7577ebf"}
{"index": {"_index":"pob","_id":"1369276"}}
	{"id":1369276,"type":"sell","buyer":"gimme-your-coinz","seller":"gillianpearce","symbol":"POB","quantity":"10.00000000","price":"0.41020003","timestamp":1629178251,"volume":"4.10200030","buyTxId":"2e1849a5f6e7b9e1a931fcd1dca5f78d7ae291c3","sellTxId":"c4b4a7b0a5eff12417457317dccc93e61bdccf6e"}
{"index": {"_index":"pob","_id":"1369369"}}
	{"id":1369369,"type":"sell","buyer":"gimme-your-coinz","seller":"kennyroy","symbol":"POB","quantity":"16.55134124","price":"0.41060007","timestamp":1629179586,"volume":"6.79598187","buyTxId":"c39cbf1cd2bdf8bf250b93d285f43cb93e0f08bb","sellTxId":"e854f16e9e00a19f6fb98f6e1f8f75c8ef326a73"}
{"index": {"_index":"pob","_id":"1369383"}}
	{"id":1369383,"type":"sell","buyer":"gimme-your-coinz","seller":"zaibkang","symbol":"POB","quantity":"16.44865876","price":"0.41060007","timestamp":1629179928,"volume":"6.75382044","buyTxId":"c39cbf1cd2bdf8bf250b93d285f43cb93e0f08bb","sellTxId":"e5606e8953223e46a9e558d3963d7f7b480b064d"}
{"index": {"_index":"pob","_id":"1369385"}}
	{"id":1369385,"type":"buy","buyer":"gimme-your-coinz","seller":"zaibkang","symbol":"POB","quantity":"3.76771360","price":"0.41060007","timestamp":1629179943,"volume":"1.54702347","buyTxId":"bccf2bcccffbaef5ecf0a55f13c40bffee055069","sellTxId":"e5606e8953223e46a9e558d3963d7f7b480b064d"}
{"index": {"_index":"pob","_id":"1369390"}}
	{"id":1369390,"type":"sell","buyer":"richardcrill","seller":"shebe","symbol":"POB","quantity":"1.68317767","price":"0.41070007","timestamp":1629179976,"volume":"0.69128119","buyTxId":"MM-P-9620734-56603784-3-11-0","sellTxId":"6c46884436f3513e0ab20f1e71e0674b87e23ffb"}
{"index": {"_index":"pob","_id":"1369439"}}
	{"id":1369439,"type":"buy","buyer":"uwelang","seller":"kemmyb","symbol":"POB","quantity":"5.00000000","price":"0.42000000","timestamp":1629181044,"volume":"2.10000000","buyTxId":"62e2452ba42b13a33cc588742694d338f230e7bc","sellTxId":"9e2c7df2ad03f68aa86a510a1b23c2471117e50f"}
{"index": {"_index":"pob","_id":"1369620"}}
	{"id":1369620,"type":"sell","buyer":"gimme-your-coinz","seller":"daniky","symbol":"POB","quantity":"24.30000000","price":"0.41220023","timestamp":1629184668,"volume":"10.01646559","buyTxId":"9bacc5ffa4f48554fa7e2c49a3f9e4a8a7ce240f","sellTxId":"f0dfc31e444fe990e140032c9629a51bdf4df639"}
{"index": {"_index":"pob","_id":"1369678"}}
	{"id":1369678,"type":"sell","buyer":"gimme-your-coinz","seller":"sugandhaseth","symbol":"POB","quantity":"8.70000000","price":"0.41220023","timestamp":1629185310,"volume":"3.58614200","buyTxId":"9bacc5ffa4f48554fa7e2c49a3f9e4a8a7ce240f","sellTxId":"d3e69bae204b932702dc1b34264af80bac441cae"}
{"index": {"_index":"pob","_id":"1369681"}}
	{"id":1369681,"type":"buy","buyer":"gimme-your-coinz","seller":"sugandhaseth","symbol":"POB","quantity":"29.30000000","price":"0.41220023","timestamp":1629185325,"volume":"12.07746674","buyTxId":"d9d2d4e0d115254d77ee26abc76390a77cd58f31","sellTxId":"d3e69bae204b932702dc1b34264af80bac441cae"}
{"index": {"_index":"pob","_id":"1369700"}}
	{"id":1369700,"type":"sell","buyer":"gimme-your-coinz","seller":"nuthman","symbol":"POB","quantity":"1.44728103","price":"0.41240025","timestamp":1629185748,"volume":"0.59685906","buyTxId":"2ac032f44370c363b4881c187c11af042da08fca","sellTxId":"3fdfe731b3767d4a680f617ec16aaa205145b19b"}
{"index": {"_index":"pob","_id":"1369806"}}
	{"id":1369806,"type":"sell","buyer":"gimme-your-coinz","seller":"blezyn","symbol":"POB","quantity":"19.10631483","price":"0.41500001","timestamp":1629187374,"volume":"7.92912085","buyTxId":"4f13d0865df85d7f7776035ae13602547ad226a7","sellTxId":"419cb497bb919684c1d881583bcd101df00e854b"}
{"index": {"_index":"pob","_id":"1369935"}}
	{"id":1369935,"type":"sell","buyer":"gimme-your-coinz","seller":"stickupboys","symbol":"POB","quantity":"5.34326833","price":"0.41500001","timestamp":1629189573,"volume":"2.21745641","buyTxId":"4f13d0865df85d7f7776035ae13602547ad226a7","sellTxId":"e7c3624895fbfa1d5c926dd7999b16c143a3bbbf"}
{"index": {"_index":"pob","_id":"1369996"}}
	{"id":1369996,"type":"sell","buyer":"gimme-your-coinz","seller":"beemd","symbol":"POB","quantity":"0.16386364","price":"0.41500001","timestamp":1629190785,"volume":"0.06800341","buyTxId":"4f13d0865df85d7f7776035ae13602547ad226a7","sellTxId":"44fe6d21519c43f417724bfccea738e7ec210ea4"}
{"index": {"_index":"pob","_id":"1370014"}}
	{"id":1370014,"type":"sell","buyer":"gimme-your-coinz","seller":"fullcoverbetting","symbol":"POB","quantity":"0.27669541","price":"0.41500001","timestamp":1629190977,"volume":"0.11482860","buyTxId":"4f13d0865df85d7f7776035ae13602547ad226a7","sellTxId":"ac948c150153e287e05dc920ca57957ce828535c"}
{"index": {"_index":"pob","_id":"1370043"}}
	{"id":1370043,"type":"sell","buyer":"gimme-your-coinz","seller":"primersion","symbol":"POB","quantity":"6.36227042","price":"0.41500001","timestamp":1629191604,"volume":"2.64034229","buyTxId":"4f13d0865df85d7f7776035ae13602547ad226a7","sellTxId":"7f32f31db65991ed9ffcc00d9b27daf4680013af"}
{"index": {"_index":"pob","_id":"1370143"}}
	{"id":1370143,"type":"sell","buyer":"gimme-your-coinz","seller":"atifaman","symbol":"POB","quantity":"7.21209153","price":"0.41570009","timestamp":1629193707,"volume":"2.99806710","buyTxId":"d1c01268f8f1c63eea05a357a5ba177aa8fdacbe","sellTxId":"5f738cae424dd761db6a79f552ee162b339e10fc"}
{"index": {"_index":"pob","_id":"1370228"}}
	{"id":1370228,"type":"sell","buyer":"richardcrill","seller":"mad-runner","symbol":"POB","quantity":"2.07192340","price":"0.41640015","timestamp":1629195564,"volume":"0.86274921","buyTxId":"MM-P-9625920-56608974-3-11-0","sellTxId":"10d76c73b18c2002f74936f2afc1a2283a3564ef"}
{"index": {"_index":"pob","_id":"1370302"}}
	{"id":1370302,"type":"sell","buyer":"gimme-your-coinz","seller":"riandeuk","symbol":"POB","quantity":"4.47243954","price":"0.41670019","timestamp":1629196587,"volume":"1.86366641","buyTxId":"6abf5421e5b8a09d1c2dd8d46201fc064f7549f5","sellTxId":"7fe02f683db587817dbf40c40bedba99bc45e728"}
{"index": {"_index":"pob","_id":"1370418"}}
	{"id":1370418,"type":"sell","buyer":"gimme-your-coinz","seller":"acesontop","symbol":"POB","quantity":"11.99650970","price":"0.41710023","timestamp":1629197886,"volume":"5.00374696","buyTxId":"5af44141f0311e5491bc52f9e8cbdab3426ec8a4","sellTxId":"8fe7094c1493064a034a10559f9ddbdad991e3f7"}
{"index": {"_index":"pob","_id":"1370559"}}
	{"id":1370559,"type":"sell","buyer":"gimme-your-coinz","seller":"fullcoverbetting","symbol":"POB","quantity":"3.33496880","price":"0.41780030","timestamp":1629199935,"volume":"1.39335097","buyTxId":"35d0f1caeef29e0fbabb89bfd690a65e8e592c42","sellTxId":"21a37cedc27802fe6b55dc764d99d9dfede5e3de"}
{"index": {"_index":"pob","_id":"1370692"}}
	{"id":1370692,"type":"buy","buyer":"ahmetay","seller":"kemmyb","symbol":"POB","quantity":"5.00000000","price":"0.43000000","timestamp":1629201855,"volume":"2.15000000","buyTxId":"56311250f3120de6b3f8228879615fbcb4332bdf","sellTxId":"9f2e93341996f588fa322d5bcf13c2fd11937589"}
{"index": {"_index":"pob","_id":"1370699"}}
	{"id":1370699,"type":"sell","buyer":"gimme-your-coinz","seller":"andy4475","symbol":"POB","quantity":"2.37355270","price":"0.41850037","timestamp":1629202017,"volume":"0.99333268","buyTxId":"99e2221aec874042de705c5bd18454ecd7eec84a","sellTxId":"c10652165073ed6a53989a8be9d7813cf7eb5e24"}
{"index": {"_index":"pob","_id":"1370763"}}
	{"id":1370763,"type":"sell","buyer":"gimme-your-coinz","seller":"scooter77","symbol":"POB","quantity":"33.00000000","price":"0.41870039","timestamp":1629202614,"volume":"13.81711287","buyTxId":"cefa39a51761711bbf68bf1872f77a8c40c12973","sellTxId":"9f53e2114cd86153795e9a8aa80c77c9d7a754bd"}
{"index": {"_index":"pob","_id":"1370764"}}
	{"id":1370764,"type":"sell","buyer":"gimme-your-coinz","seller":"scooter77","symbol":"POB","quantity":"12.00400000","price":"0.41870039","timestamp":1629202614,"volume":"5.02607948","buyTxId":"f5a026ebd175751a45bc00ce49b2ae3c2c72ebfd","sellTxId":"9f53e2114cd86153795e9a8aa80c77c9d7a754bd"}
{"index": {"_index":"pob","_id":"1370771"}}
	{"id":1370771,"type":"sell","buyer":"gimme-your-coinz","seller":"gimmetricks1","symbol":"POB","quantity":"11.23121958","price":"0.41870039","timestamp":1629202878,"volume":"4.70251602","buyTxId":"f5a026ebd175751a45bc00ce49b2ae3c2c72ebfd","sellTxId":"932dc58a82c5e764f600d3e47fb7a891706271d3"}
{"index": {"_index":"pob","_id":"1370814"}}
	{"id":1370814,"type":"sell","buyer":"eirik","seller":"sayago","symbol":"POB","quantity":"0.69969030","price":"0.41500000","timestamp":1629203298,"volume":"0.29037147","buyTxId":"ba39ed5f3756e486c327593a29349f6207f93119","sellTxId":"a32f2f8bfef63bdb2834eb210a825eda7abaccec"}
{"index": {"_index":"pob","_id":"1370849"}}
	{"id":1370849,"type":"sell","buyer":"eirik","seller":"take-my-coinz","symbol":"POB","quantity":"4.30030970","price":"0.41500000","timestamp":1629204051,"volume":"1.78462853","buyTxId":"ba39ed5f3756e486c327593a29349f6207f93119","sellTxId":"1bb7d020cf383b0298fb3fee577e34db00ef28f0"}
{"index": {"_index":"pob","_id":"1370850"}}
	{"id":1370850,"type":"sell","buyer":"edicted","seller":"take-my-coinz","symbol":"POB","quantity":"0.00000030","price":"0.41000000","timestamp":1629204051,"volume":"0.00000012","buyTxId":"d031a9195a0b6894262b3ac1e2f85fe3451435c0","sellTxId":"1bb7d020cf383b0298fb3fee577e34db00ef28f0"}
{"index": {"_index":"pob","_id":"1370887"}}
	{"id":1370887,"type":"sell","buyer":"gimme-your-coinz","seller":"tsnaks","symbol":"POB","quantity":"4.10000000","price":"0.41020003","timestamp":1629204594,"volume":"1.68182012","buyTxId":"2abbe590836622147438de0db1e3ba35393210c0","sellTxId":"f5f1743b0601e90e0c9bb71451ebeedb17ebf435"}
{"index": {"_index":"pob","_id":"1370898"}}
	{"id":1370898,"type":"buy","buyer":"finguru","seller":"kemmyb","symbol":"POB","quantity":"1.88000000","price":"0.44000000","timestamp":1629204747,"volume":"0.82720000","buyTxId":"4a347aef974e1af71180d05de31c6f3fae741c6f","sellTxId":"a331cae71b406c73e2479fd431ac18a25abdb750"}
{"index": {"_index":"pob","_id":"1370921"}}
	{"id":1370921,"type":"sell","buyer":"gimme-your-coinz","seller":"hive-id","symbol":"POB","quantity":"3.50000000","price":"0.41030004","timestamp":1629205050,"volume":"1.43605014","buyTxId":"025bff2ed1a29271880cc606a19630959013499f","sellTxId":"12e16c46b3c93ff29724f261e91dc603cbe136d0"}
{"index": {"_index":"pob","_id":"1370930"}}
	{"id":1370930,"type":"sell","buyer":"gimme-your-coinz","seller":"jorge234nv","symbol":"POB","quantity":"0.54262399","price":"0.41040005","timestamp":1629205380,"volume":"0.22269291","buyTxId":"922766530d0d2f8ef8fb0d38632b8a4d8d2807d8","sellTxId":"9519331f19dcc5e3015af81d1e9d6548eedf6b12"}
{"index": {"_index":"pob","_id":"1370981"}}
	{"id":1370981,"type":"sell","buyer":"gimme-your-coinz","seller":"heruvim1978","symbol":"POB","quantity":"1.40002821","price":"0.41070008","timestamp":1629206268,"volume":"0.57499170","buyTxId":"8bd69ee9b47b161f6b048ce01ff118fe3dddd1de","sellTxId":"8352aa57ec15ecc2609a7a83d8fbc63b5bade03e"}
{"index": {"_index":"pob","_id":"1371133"}}
	{"id":1371133,"type":"sell","buyer":"gimme-your-coinz","seller":"stayten","symbol":"POB","quantity":"19.33223022","price":"0.41160017","timestamp":1629208950,"volume":"7.95714925","buyTxId":"adb061182fdaa6f0c21e8929aef66fa54fa07209","sellTxId":"77b08b7fa90f62759c034e9e43402ff92a503b67"}
{"index": {"_index":"pob","_id":"1371238"}}
	{"id":1371238,"type":"sell","buyer":"richardcrill","seller":"zainalbakri","symbol":"POB","quantity":"1.06604323","price":"0.41230023","timestamp":1629210870,"volume":"0.43952987","buyTxId":"MM-P-9631008-56614064-3-11-0","sellTxId":"66e4e2994c5b5f53d626a11f0f71872d825125ff"}
{"index": {"_index":"pob","_id":"1371249"}}
	{"id":1371249,"type":"sell","buyer":"gimme-your-coinz","seller":"beemd","symbol":"POB","quantity":"0.40642332","price":"0.41240025","timestamp":1629211218,"volume":"0.16760908","buyTxId":"522a8961a011fcedbac0c4eb271110f05bc3955a","sellTxId":"e4228096aa71f29adb0b761d74c0f033615c9965"}
{"index": {"_index":"pob","_id":"1371250"}}
	{"id":1371250,"type":"sell","buyer":"gimme-your-coinz","seller":"dwixer","symbol":"POB","quantity":"58.00000000","price":"0.41240025","timestamp":1629211230,"volume":"23.91921450","buyTxId":"522a8961a011fcedbac0c4eb271110f05bc3955a","sellTxId":"32035cd723ebc623a115315c81660766029508e7"}
{"index": {"_index":"pob","_id":"1371280"}}
	{"id":1371280,"type":"sell","buyer":"gimme-your-coinz","seller":"aiovo","symbol":"POB","quantity":"5.80000000","price":"0.41250026","timestamp":1629211632,"volume":"2.39250151","buyTxId":"56284263acc2904333b08a97afdfaa48a307b3da","sellTxId":"0749c5a74d56103a75a3f73cc2875adf2a66d7e5"}
{"index": {"_index":"pob","_id":"1371290"}}
	{"id":1371290,"type":"sell","buyer":"gimme-your-coinz","seller":"valor2s","symbol":"POB","quantity":"5.14375438","price":"0.41260027","timestamp":1629211824,"volume":"2.12231445","buyTxId":"93b191b9fa09d04180368e0ea70b57d6b2e31a9c","sellTxId":"941084a8395937eb0b40619475a30d766441f6d9"}
{"index": {"_index":"pob","_id":"1371426"}}
	{"id":1371426,"type":"sell","buyer":"gimme-your-coinz","seller":"houseofdavid","symbol":"POB","quantity":"54.00000000","price":"0.41310506","timestamp":1629213405,"volume":"22.30767324","buyTxId":"b02577366d8ac2e7ddadba74b4bc1e2cef71dda3","sellTxId":"3ebd00fb537567b4813830176f5bdcfcc96d1fc2"}
{"index": {"_index":"pob","_id":"1371486"}}
	{"id":1371486,"type":"sell","buyer":"gimme-your-coinz","seller":"chireerocks","symbol":"POB","quantity":"4.01779462","price":"0.41310506","timestamp":1629214146,"volume":"1.65977129","buyTxId":"b02577366d8ac2e7ddadba74b4bc1e2cef71dda3","sellTxId":"feed6dec8ac1c9aa5893a780725ed88b9f0f7e1f"}
{"index": {"_index":"pob","_id":"1371487"}}
	{"id":1371487,"type":"sell","buyer":"gimme-your-coinz","seller":"sevdaa","symbol":"POB","quantity":"2.22763536","price":"0.41310506","timestamp":1629214161,"volume":"0.92024744","buyTxId":"b02577366d8ac2e7ddadba74b4bc1e2cef71dda3","sellTxId":"37f12ee083d79110f971a77812da09e0083c1da0"}
{"index": {"_index":"pob","_id":"1371505"}}
	{"id":1371505,"type":"sell","buyer":"gimme-your-coinz","seller":"midocoded","symbol":"POB","quantity":"5.75457002","price":"0.41310506","timestamp":1629214392,"volume":"2.37724199","buyTxId":"b02577366d8ac2e7ddadba74b4bc1e2cef71dda3","sellTxId":"0e9502e8eed6643e2cc2946db971a50299bf0dc4"}
{"index": {"_index":"pob","_id":"1371510"}}
	{"id":1371510,"type":"sell","buyer":"gimme-your-coinz","seller":"midocoded","symbol":"POB","quantity":"26.49646584","price":"0.41310506","timestamp":1629214440,"volume":"10.94582411","buyTxId":"9aec935792ddf641b402243877b481fe677c76d0","sellTxId":"e28703c03a6aaa827ed42fc8f9c68e4b0a82f9fd"}
{"index": {"_index":"pob","_id":"1371563"}}
	{"id":1371563,"type":"buy","buyer":"looftee","seller":"specialfeelings","symbol":"POB","quantity":"1.00000000","price":"0.43400000","timestamp":1629215352,"volume":"0.43400000","buyTxId":"e7bd366e16f1e77f979912d6a5ec552550316c8d","sellTxId":"1a390ca6deabce0556bbbc461b9308c9a6934727"}
{"index": {"_index":"pob","_id":"1371571"}}
	{"id":1371571,"type":"sell","buyer":"gimme-your-coinz","seller":"forgottenuser","symbol":"POB","quantity":"66.00000000","price":"0.41350510","timestamp":1629215490,"volume":"27.29133660","buyTxId":"2b93d969131e322963e7ddf537b43a494ace4c38","sellTxId":"a5a1382460484ef5f2fce2030e3e8612456e2941"}
{"index": {"_index":"pob","_id":"1371572"}}
	{"id":1371572,"type":"sell","buyer":"gimme-your-coinz","seller":"forgottenuser","symbol":"POB","quantity":"58.23318816","price":"0.41350510","timestamp":1629215490,"volume":"24.07972029","buyTxId":"8f0668fdfa6f4bdf394b8a4b4dc1b1e74eb58336","sellTxId":"a5a1382460484ef5f2fce2030e3e8612456e2941"}
{"index": {"_index":"pob","_id":"1371577"}}
	{"id":1371577,"type":"sell","buyer":"gimme-your-coinz","seller":"ftfund","symbol":"POB","quantity":"6.80293602","price":"0.41350510","timestamp":1629215532,"volume":"2.81304874","buyTxId":"8f0668fdfa6f4bdf394b8a4b4dc1b1e74eb58336","sellTxId":"269d6e1d13c37210f11471e0287eaa064dd56857"}
{"index": {"_index":"pob","_id":"1371589"}}
	{"id":1371589,"type":"buy","buyer":"looftee","seller":"specialfeelings","symbol":"POB","quantity":"0.52485508","price":"0.43400000","timestamp":1629215748,"volume":"0.22778710","buyTxId":"0815775d021802fefbd2fc943e20357fafa47d12","sellTxId":"1a390ca6deabce0556bbbc461b9308c9a6934727"}
{"index": {"_index":"pob","_id":"1371784"}}
	{"id":1371784,"type":"sell","buyer":"gimme-your-coinz","seller":"insight.pob","symbol":"POB","quantity":"9.96865215","price":"0.43400001","timestamp":1629217800,"volume":"4.32639513","buyTxId":"eed774e464318032aaa17682f8f6be23088810c4","sellTxId":"c3947e2e30d0eab263b8dedb9f7f4c3cf7c8d0f0"}
{"index": {"_index":"pob","_id":"1371848"}}
	{"id":1371848,"type":"sell","buyer":"gimme-your-coinz","seller":"timzey","symbol":"POB","quantity":"8.67655585","price":"0.43400001","timestamp":1629218259,"volume":"3.76562533","buyTxId":"eed774e464318032aaa17682f8f6be23088810c4","sellTxId":"c54c4ba26b0d2c5e8d406732c7dbce656fed7cb0"}
{"index": {"_index":"pob","_id":"1371900"}}
	{"id":1371900,"type":"buy","buyer":"coininstant","seller":"kemmyb","symbol":"POB","quantity":"0.21971800","price":"0.43500000","timestamp":1629218700,"volume":"0.09557733","buyTxId":"32f5af358155245a71a14fffedb832e0a39a8b5f","sellTxId":"ec5da63f2f725b47cfd053f2c92cd1ddd8da7e4a"}
{"index": {"_index":"pob","_id":"1372127"}}
	{"id":1372127,"type":"sell","buyer":"gimme-your-coinz","seller":"spinvest","symbol":"POB","quantity":"32.35105686","price":"0.43400001","timestamp":1629220041,"volume":"14.04035900","buyTxId":"eed774e464318032aaa17682f8f6be23088810c4","sellTxId":"24e6b83a97419c14d84d827a4aeb97090a392846"}
{"index": {"_index":"pob","_id":"1372144"}}
	{"id":1372144,"type":"sell","buyer":"gimme-your-coinz","seller":"kevinnag58","symbol":"POB","quantity":"10","price":"0.43400001","timestamp":1629220383,"volume":"4.34000010","buyTxId":"eed774e464318032aaa17682f8f6be23088810c4","sellTxId":"1ead5e0de321c3111480006ef35764591bf4ec70"}
{"index": {"_index":"pob","_id":"1372263"}}
	{"id":1372263,"type":"buy","buyer":"edicted","seller":"kemmyb","symbol":"POB","quantity":"7.78028200","price":"0.43500000","timestamp":1629221298,"volume":"3.38442267","buyTxId":"fabee5fc953c6a8ee5a477765ac988e485a61fb1","sellTxId":"ec5da63f2f725b47cfd053f2c92cd1ddd8da7e4a"}
{"index": {"_index":"pob","_id":"1372264"}}
	{"id":1372264,"type":"buy","buyer":"edicted","seller":"kemmyb","symbol":"POB","quantity":"3.12000000","price":"0.44000000","timestamp":1629221298,"volume":"1.37280000","buyTxId":"fabee5fc953c6a8ee5a477765ac988e485a61fb1","sellTxId":"a331cae71b406c73e2479fd431ac18a25abdb750"}
{"index": {"_index":"pob","_id":"1372265"}}
	{"id":1372265,"type":"sell","buyer":"gimme-your-coinz","seller":"alive.chat","symbol":"POB","quantity":"2.391","price":"0.44000001","timestamp":1629221319,"volume":"1.05204002","buyTxId":"923df7a93dcc62e16d602a1a49c2d467902d679d","sellTxId":"94fcf2068d3af66cd964921d307d4b3c0b3abe60"}
{"index": {"_index":"pob","_id":"1372270"}}
	{"id":1372270,"type":"sell","buyer":"gimme-your-coinz","seller":"pieternijmeijer","symbol":"POB","quantity":"0.04600000","price":"0.44010002","timestamp":1629221400,"volume":"0.02024460","buyTxId":"b5b903ddbd2d5f42b89a30e1cb37a2054c223e4b","sellTxId":"0374a01dd6f610a17cf04f3c5c9a41d0e2fcca26"}
{"index": {"_index":"pob","_id":"1372308"}}
	{"id":1372308,"type":"sell","buyer":"gimme-your-coinz","seller":"bitcoinflood","symbol":"POB","quantity":"20.04008336","price":"0.44010002","timestamp":1629221619,"volume":"8.81964109","buyTxId":"b5b903ddbd2d5f42b89a30e1cb37a2054c223e4b","sellTxId":"e68151854ccbc7a5abcdaae2eb0151406dca3550"}
{"index": {"_index":"pob","_id":"1372357"}}
	{"id":1372357,"type":"sell","buyer":"gimme-your-coinz","seller":"coyotelation","symbol":"POB","quantity":"6.80660891","price":"0.44030004","timestamp":1629222081,"volume":"2.99695018","buyTxId":"803cb9df37d061e71276e078b761da7a9c1d0d0e","sellTxId":"17a6516b5c5374d69d6bd1d5662a10a3c7acab14"}
{"index": {"_index":"pob","_id":"1372373"}}
	{"id":1372373,"type":"sell","buyer":"gimme-your-coinz","seller":"abbey877","symbol":"POB","quantity":"5.09316218","price":"0.44040005","timestamp":1629222300,"volume":"2.24302888","buyTxId":"0c0b90b54fffcc55a8f3f46caf089dd7760b76ed","sellTxId":"8aceaad83d7fb23fc9c51062080985deb6064f26"}
{"index": {"_index":"pob","_id":"1372388"}}
	{"id":1372388,"type":"sell","buyer":"gimme-your-coinz","seller":"automaton","symbol":"POB","quantity":"4.00000253","price":"0.44040005","timestamp":1629222414,"volume":"1.76160131","buyTxId":"0c0b90b54fffcc55a8f3f46caf089dd7760b76ed","sellTxId":"1091105504503ac6e48c6b30ed17df33f0323232"}
{"index": {"_index":"pob","_id":"1372434"}}
	{"id":1372434,"type":"buy","buyer":"a-peiron","seller":"kemmyb","symbol":"POB","quantity":"0.05122957","price":"0.45000000","timestamp":1629222975,"volume":"0.02305331","buyTxId":"774c707e9b4e3f03c381040932ef6306e3514261","sellTxId":"2c90a9b9116809551f979c58bd5de9ea659d3811"}
{"index": {"_index":"pob","_id":"1372500"}}
	{"id":1372500,"type":"sell","buyer":"gimme-your-coinz","seller":"kevmcc","symbol":"POB","quantity":"0.64813538","price":"0.44090010","timestamp":1629223794,"volume":"0.28576295","buyTxId":"724a4a0d6836eeff36545122d350a8361515ca7a","sellTxId":"7717245a02a8ba181253c0b8845f873dd592bdc8"}
{"index": {"_index":"pob","_id":"1372524"}}
	{"id":1372524,"type":"sell","buyer":"gimme-your-coinz","seller":"erikah","symbol":"POB","quantity":"65.35186462","price":"0.44090010","timestamp":1629224052,"volume":"28.81364365","buyTxId":"724a4a0d6836eeff36545122d350a8361515ca7a","sellTxId":"a67210db70cf5c5ad0c413bb39c917a9bdf24025"}
{"index": {"_index":"pob","_id":"1372525"}}
	{"id":1372525,"type":"sell","buyer":"gimme-your-coinz","seller":"erikah","symbol":"POB","quantity":"38.64813538","price":"0.44090010","timestamp":1629224052,"volume":"17.03996675","buyTxId":"e14af7ac5b1ddfe472d89609e11984a8267c907f","sellTxId":"a67210db70cf5c5ad0c413bb39c917a9bdf24025"}
{"index": {"_index":"pob","_id":"1372533"}}
	{"id":1372533,"type":"buy","buyer":"edicted","seller":"kemmyb","symbol":"POB","quantity":"4.94877043","price":"0.45000000","timestamp":1629224109,"volume":"2.22694669","buyTxId":"beaa8f8c33dcfd441512c8f0097f43fb2e972d7e","sellTxId":"2c90a9b9116809551f979c58bd5de9ea659d3811"}
{"index": {"_index":"pob","_id":"1372612"}}
	{"id":1372612,"type":"sell","buyer":"edicted","seller":"cryptoandcoffee","symbol":"POB","quantity":"6.00000000","price":"0.45000000","timestamp":1629224904,"volume":"2.70000000","buyTxId":"beaa8f8c33dcfd441512c8f0097f43fb2e972d7e","sellTxId":"ab693e6223aa4c962659b767a68735be4849ae89"}
{"index": {"_index":"pob","_id":"1372623"}}
	{"id":1372623,"type":"sell","buyer":"edicted","seller":"cryptoandcoffee","symbol":"POB","quantity":"2.00000000","price":"0.45000000","timestamp":1629225006,"volume":"0.90000000","buyTxId":"beaa8f8c33dcfd441512c8f0097f43fb2e972d7e","sellTxId":"e940a090e08af8246467afec9f1f5068236b547e"}
{"index": {"_index":"pob","_id":"1372669"}}
	{"id":1372669,"type":"sell","buyer":"edicted","seller":"mawit07","symbol":"POB","quantity":"6.24060998","price":"0.45000000","timestamp":1629225468,"volume":"2.80827449","buyTxId":"beaa8f8c33dcfd441512c8f0097f43fb2e972d7e","sellTxId":"3beceebbfa14c7cfc7da29d7acc4764b957496d3"}
{"index": {"_index":"pob","_id":"1372681"}}
	{"id":1372681,"type":"sell","buyer":"edicted","seller":"andy4475","symbol":"POB","quantity":"1.73041541","price":"0.45000000","timestamp":1629225573,"volume":"0.77868693","buyTxId":"beaa8f8c33dcfd441512c8f0097f43fb2e972d7e","sellTxId":"a6d13a031814fc0ac6f7e9141bcb20a4bd3f9686"}
{"index": {"_index":"pob","_id":"1372718"}}
	{"id":1372718,"type":"sell","buyer":"edicted","seller":"mad-runner","symbol":"POB","quantity":"2.07192340","price":"0.45000000","timestamp":1629225933,"volume":"0.93236553","buyTxId":"beaa8f8c33dcfd441512c8f0097f43fb2e972d7e","sellTxId":"432802a1ceb1a10db316859d2785750a3790056f"}
{"index": {"_index":"pob","_id":"1372796"}}
	{"id":1372796,"type":"sell","buyer":"edicted","seller":"flsfserkan","symbol":"POB","quantity":"3.61459064","price":"0.45000000","timestamp":1629226389,"volume":"1.62656579","buyTxId":"beaa8f8c33dcfd441512c8f0097f43fb2e972d7e","sellTxId":"66d3238d4f57babcba2bf4adee876c1ff66e4abd"}
{"index": {"_index":"pob","_id":"1372845"}}
	{"id":1372845,"type":"buy","buyer":"edicted","seller":"kemmyb","symbol":"POB","quantity":"11.00000000","price":"0.46000000","timestamp":1629227139,"volume":"5.06000000","buyTxId":"0f9211accd77a06d11d2afa6a7fb823f05b58dc6","sellTxId":"f83a35a343a3e49a06d50ddc8fcccfe681152d30"}
{"index": {"_index":"pob","_id":"1372846"}}
	{"id":1372846,"type":"buy","buyer":"edicted","seller":"kemmyb","symbol":"POB","quantity":"10.00000000","price":"0.47000000","timestamp":1629227139,"volume":"4.70000000","buyTxId":"0f9211accd77a06d11d2afa6a7fb823f05b58dc6","sellTxId":"e3083ab2cef255c4d662c338db10ac44b4576e0e"}
{"index": {"_index":"pob","_id":"1372847"}}
	{"id":1372847,"type":"sell","buyer":"gimme-your-coinz","seller":"eythorphoto","symbol":"POB","quantity":"0.30139273","price":"0.47000001","timestamp":1629227169,"volume":"0.14165459","buyTxId":"1bdda49f6290e9449aac8c73e596e64e1679af37","sellTxId":"dd52cc60f6021aba04d088f4b0d8d5583421eed8"}
{"index": {"_index":"pob","_id":"1372872"}}
	{"id":1372872,"type":"buy","buyer":"wesphilbin","seller":"eirik","symbol":"POB","quantity":"4.30000000","price":"0.47500000","timestamp":1629227388,"volume":"2.04250000","buyTxId":"4067eca83c1c98b1a977067f0fb236a129ff4dd8","sellTxId":"4845a8ed7cbc3b85e864d10f55fb18c7c4808e63"}
{"index": {"_index":"pob","_id":"1372898"}}
	{"id":1372898,"type":"sell","buyer":"gimme-your-coinz","seller":"ahmetay","symbol":"POB","quantity":"2.28070235","price":"0.47500001","timestamp":1629227610,"volume":"1.08333364","buyTxId":"b1df0e3c4f6d35e9e84ded9abfa50ba92410fecf","sellTxId":"4a7da673b0859f635c9a1fc66f624667cb661211"}
{"index": {"_index":"pob","_id":"1372909"}}
	{"id":1372909,"type":"sell","buyer":"gimme-your-coinz","seller":"ahmetay","symbol":"POB","quantity":"4.34645669","price":"0.47500001","timestamp":1629227820,"volume":"2.06456697","buyTxId":"b1df0e3c4f6d35e9e84ded9abfa50ba92410fecf","sellTxId":"a8f0a06978e1d9736f0c760ee63605eb65088238"}
{"index": {"_index":"pob","_id":"1372964"}}
	{"id":1372964,"type":"buy","buyer":"edicted","seller":"jelly13","symbol":"POB","quantity":"33.28000000","price":"0.49999949","timestamp":1629228345,"volume":"16.63998303","buyTxId":"6a97bd2072d5bea55cafb3f6beb891e667d66144","sellTxId":"126487bd371f27d5f53b961355bf930a22c19c08"}
{"index": {"_index":"pob","_id":"1372965"}}
	{"id":1372965,"type":"buy","buyer":"edicted","seller":"skylinebuds","symbol":"POB","quantity":"44.32988908","price":"0.50000000","timestamp":1629228345,"volume":"22.16494454","buyTxId":"6a97bd2072d5bea55cafb3f6beb891e667d66144","sellTxId":"8eec44b1859c4da15ae00ac01add532ae4945743"}
{"index": {"_index":"pob","_id":"1372966"}}
	{"id":1372966,"type":"buy","buyer":"edicted","seller":"globetrottergcc","symbol":"POB","quantity":"9.01567448","price":"0.50000000","timestamp":1629228345,"volume":"4.50783724","buyTxId":"6a97bd2072d5bea55cafb3f6beb891e667d66144","sellTxId":"2cf8718573f2817d2285e849a7f165575ba4a45b"}
{"index": {"_index":"pob","_id":"1372967"}}
	{"id":1372967,"type":"buy","buyer":"edicted","seller":"eirik","symbol":"POB","quantity":"4.25000000","price":"0.50000000","timestamp":1629228345,"volume":"2.12500000","buyTxId":"6a97bd2072d5bea55cafb3f6beb891e667d66144","sellTxId":"3763e94e86b80f0031dcbdc9a0c34729aaebb422"}
{"index": {"_index":"pob","_id":"1372968"}}
	{"id":1372968,"type":"buy","buyer":"edicted","seller":"clixmoney","symbol":"POB","quantity":"57.79669303","price":"0.50000000","timestamp":1629228345,"volume":"28.89834652","buyTxId":"6a97bd2072d5bea55cafb3f6beb891e667d66144","sellTxId":"e45ab17d6d125fb970676386fdbe9a2f3345520d"}
{"index": {"_index":"pob","_id":"1373037"}}
	{"id":1373037,"type":"sell","buyer":"edicted","seller":"bilpcoinbpc","symbol":"POB","quantity":"1.00000000","price":"0.50000000","timestamp":1629229338,"volume":"0.50000000","buyTxId":"6a97bd2072d5bea55cafb3f6beb891e667d66144","sellTxId":"ddbf949688122d0cd01a9b920f5ee7940600a67b"}
{"index": {"_index":"pob","_id":"1373052"}}
	{"id":1373052,"type":"sell","buyer":"edicted","seller":"thranax","symbol":"POB","quantity":"3.55353986","price":"0.50000000","timestamp":1629229521,"volume":"1.77676993","buyTxId":"6a97bd2072d5bea55cafb3f6beb891e667d66144","sellTxId":"157d0bd36e1cdc7632853f1fcce6ae27f575faef"}
{"index": {"_index":"pob","_id":"1373065"}}
	{"id":1373065,"type":"sell","buyer":"edicted","seller":"fabian98","symbol":"POB","quantity":"35.26507490","price":"0.50000000","timestamp":1629229794,"volume":"17.63253745","buyTxId":"6a97bd2072d5bea55cafb3f6beb891e667d66144","sellTxId":"04a3daf77e46e8b53d2da5efc7adc6a810a41863"}
{"index": {"_index":"pob","_id":"1373068"}}
	{"id":1373068,"type":"sell","buyer":"edicted","seller":"carlagonz","symbol":"POB","quantity":"1.63274218","price":"0.50000000","timestamp":1629229875,"volume":"0.81637109","buyTxId":"6a97bd2072d5bea55cafb3f6beb891e667d66144","sellTxId":"2ed7b1150618cbf4dbb5540ff3ac5332e338ae99"}
{"index": {"_index":"pob","_id":"1373118"}}
	{"id":1373118,"type":"sell","buyer":"edicted","seller":"gubbatv","symbol":"POB","quantity":"1.25455620","price":"0.50000000","timestamp":1629230382,"volume":"0.62727810","buyTxId":"6a97bd2072d5bea55cafb3f6beb891e667d66144","sellTxId":"44be42bad1b13b41ae89b1de0f9640081953dfe2"}
{"index": {"_index":"pob","_id":"1373137"}}
	{"id":1373137,"type":"sell","buyer":"edicted","seller":"peerfinance","symbol":"POB","quantity":"0.12600000","price":"0.50000000","timestamp":1629230613,"volume":"0.06300000","buyTxId":"6a97bd2072d5bea55cafb3f6beb891e667d66144","sellTxId":"4aab3df0afd7e7b49f8e8bb7f6976e6f1832d5fb"}
{"index": {"_index":"pob","_id":"1373153"}}
	{"id":1373153,"type":"sell","buyer":"edicted","seller":"hive.pizza","symbol":"POB","quantity":"0.38356224","price":"0.50000000","timestamp":1629230748,"volume":"0.19178112","buyTxId":"6a97bd2072d5bea55cafb3f6beb891e667d66144","sellTxId":"a3ab0bd42b2804f3d08e52515d65ed6af782aabe"}
{"index": {"_index":"pob","_id":"1373162"}}
	{"id":1373162,"type":"sell","buyer":"edicted","seller":"thebeardflex","symbol":"POB","quantity":"1.29572939","price":"0.50000000","timestamp":1629230850,"volume":"0.64786470","buyTxId":"6a97bd2072d5bea55cafb3f6beb891e667d66144","sellTxId":"69e3aa1c51911cf1c5291bd2c59ce369a2169b7d"}
{"index": {"_index":"pob","_id":"1373209"}}
	{"id":1373209,"type":"sell","buyer":"edicted","seller":"brofi-market","symbol":"POB","quantity":"6.07144187","price":"0.50000000","timestamp":1629231102,"volume":"3.03572094","buyTxId":"6a97bd2072d5bea55cafb3f6beb891e667d66144","sellTxId":"7c3c3442d81eab6cd46d76e867af41bc81b3e556"}
{"index": {"_index":"pob","_id":"1373227"}}
	{"id":1373227,"type":"sell","buyer":"edicted","seller":"paulmoon410","symbol":"POB","quantity":"0.02419109","price":"0.50000000","timestamp":1629231174,"volume":"0.01209555","buyTxId":"6a97bd2072d5bea55cafb3f6beb891e667d66144","sellTxId":"ade33ada6102911c4d0119a7573b8707067a24a1"}
{"index": {"_index":"pob","_id":"1373252"}}
	{"id":1373252,"type":"sell","buyer":"edicted","seller":"beemd","symbol":"POB","quantity":"0.66104848","price":"0.50000000","timestamp":1629231420,"volume":"0.33052424","buyTxId":"6a97bd2072d5bea55cafb3f6beb891e667d66144","sellTxId":"0d00d00cd087586ffeedd87e5dfe2310631253f8"}
{"index": {"_index":"pob","_id":"1373311"}}
	{"id":1373311,"type":"sell","buyer":"edicted","seller":"josema2021","symbol":"POB","quantity":"0.33739459","price":"0.50000000","timestamp":1629231909,"volume":"0.16869730","buyTxId":"6a97bd2072d5bea55cafb3f6beb891e667d66144","sellTxId":"623280156b196ddfdfbffb62cccf6d65806b64a5"}
{"index": {"_index":"pob","_id":"1373369"}}
	{"id":1373369,"type":"sell","buyer":"edicted","seller":"chronocrypto","symbol":"POB","quantity":"83.53133935","price":"0.50000000","timestamp":1629232668,"volume":"41.76566968","buyTxId":"6a97bd2072d5bea55cafb3f6beb891e667d66144","sellTxId":"8e8c121de28eecd0b21f4a3c96c4de6ddf6df86f"}
{"index": {"_index":"pob","_id":"1373405"}}
	{"id":1373405,"type":"sell","buyer":"edicted","seller":"psalm111","symbol":"POB","quantity":"89.00000000","price":"0.50000000","timestamp":1629233184,"volume":"44.50000000","buyTxId":"6a97bd2072d5bea55cafb3f6beb891e667d66144","sellTxId":"96248a85d346ac55700aaef279f6f96833289ff6"}
{"index": {"_index":"pob","_id":"1373472"}}
	{"id":1373472,"type":"buy","buyer":"richardcrill","seller":"kemmyb","symbol":"POB","quantity":"5.00000000","price":"0.50700000","timestamp":1629233724,"volume":"2.53500000","buyTxId":"75da5ef9b1afbf1a0b4b274a0cd0ed344a11389d","sellTxId":"288cbce2e29c8664898ee4c102d8aad2b5f96077"}
{"index": {"_index":"pob","_id":"1373473"}}
	{"id":1373473,"type":"buy","buyer":"richardcrill","seller":"kemmyb","symbol":"POB","quantity":"5.00000000","price":"0.51000000","timestamp":1629233724,"volume":"2.55000000","buyTxId":"75da5ef9b1afbf1a0b4b274a0cd0ed344a11389d","sellTxId":"550b0bdccd28c0794d39a6f84b011861df6ae01d"}
{"index": {"_index":"pob","_id":"1373474"}}
	{"id":1373474,"type":"buy","buyer":"richardcrill","seller":"bilpcoinbpc","symbol":"POB","quantity":"5.00000000","price":"0.51990000","timestamp":1629233724,"volume":"2.59950000","buyTxId":"75da5ef9b1afbf1a0b4b274a0cd0ed344a11389d","sellTxId":"66c03654aa83c5a751c7db6abe061d7b0a357a7e"}
{"index": {"_index":"pob","_id":"1373475"}}
	{"id":1373475,"type":"buy","buyer":"richardcrill","seller":"brofi-market","symbol":"POB","quantity":"6.07144187","price":"0.51990000","timestamp":1629233724,"volume":"3.15654263","buyTxId":"75da5ef9b1afbf1a0b4b274a0cd0ed344a11389d","sellTxId":"b802f05dc3ac999c5b7df7600654225f40e4987b"}
{"index": {"_index":"pob","_id":"1373476"}}
	{"id":1373476,"type":"buy","buyer":"richardcrill","seller":"master-lamps","symbol":"POB","quantity":"0.55986699","price":"0.51999999","timestamp":1629233724,"volume":"0.29113083","buyTxId":"75da5ef9b1afbf1a0b4b274a0cd0ed344a11389d","sellTxId":"962b64ca8324e5d9cd9675b383ed57b5e7883d50"}
{"index": {"_index":"pob","_id":"1373477"}}
	{"id":1373477,"type":"buy","buyer":"richardcrill","seller":"kemmyb","symbol":"POB","quantity":"5.00000000","price":"0.52500000","timestamp":1629233724,"volume":"2.62500000","buyTxId":"75da5ef9b1afbf1a0b4b274a0cd0ed344a11389d","sellTxId":"ed8a8c18b678643b98d82391d227ec0e77a47cb4"}
{"index": {"_index":"pob","_id":"1373478"}}
	{"id":1373478,"type":"buy","buyer":"richardcrill","seller":"liotes.voter","symbol":"POB","quantity":"3.88482336","price":"0.53989501","timestamp":1629233724,"volume":"2.09739675","buyTxId":"75da5ef9b1afbf1a0b4b274a0cd0ed344a11389d","sellTxId":"ebfe4e0d6477fbac9403ed8fc695804ec75bb952"}
{"index": {"_index":"pob","_id":"1373479"}}
	{"id":1373479,"type":"buy","buyer":"richardcrill","seller":"bilpcoinbpc","symbol":"POB","quantity":"4.42687535","price":"0.53990000","timestamp":1629233724,"volume":"2.39007000","buyTxId":"75da5ef9b1afbf1a0b4b274a0cd0ed344a11389d","sellTxId":"f89c3d09274b763e4f59bea65b79797507b20292"}
{"index": {"_index":"pob","_id":"1373480"}}
	{"id":1373480,"type":"buy","buyer":"richardcrill","seller":"camiloferrua","symbol":"POB","quantity":"23.08218836","price":"0.53990000","timestamp":1629233724,"volume":"12.46207350","buyTxId":"75da5ef9b1afbf1a0b4b274a0cd0ed344a11389d","sellTxId":"cea9c49235d87e5edf1dcf1160596d67ca754b6b"}
{"index": {"_index":"pob","_id":"1373481"}}
	{"id":1373481,"type":"buy","buyer":"richardcrill","seller":"bilpcoinbpc","symbol":"POB","quantity":"1.00000000","price":"0.53999000","timestamp":1629233724,"volume":"0.53999000","buyTxId":"75da5ef9b1afbf1a0b4b274a0cd0ed344a11389d","sellTxId":"fe67baa5efedcc33453d2419a3ee299fd09b3d6e"}
{"index": {"_index":"pob","_id":"1373482"}}
	{"id":1373482,"type":"buy","buyer":"richardcrill","seller":"urun","symbol":"POB","quantity":"25.31650575","price":"0.54000000","timestamp":1629233724,"volume":"13.67091311","buyTxId":"75da5ef9b1afbf1a0b4b274a0cd0ed344a11389d","sellTxId":"6d93bcb2a5e23a7fb66145e1fac58777850b30f5"}
{"index": {"_index":"pob","_id":"1373483"}}
	{"id":1373483,"type":"buy","buyer":"richardcrill","seller":"kemmyb","symbol":"POB","quantity":"8.00000000","price":"0.54000000","timestamp":1629233724,"volume":"4.32000000","buyTxId":"75da5ef9b1afbf1a0b4b274a0cd0ed344a11389d","sellTxId":"c89da75961cece167aeb6ba361b9e79ae816b1e0"}
{"index": {"_index":"pob","_id":"1373484"}}
	{"id":1373484,"type":"buy","buyer":"richardcrill","seller":"hranhuk","symbol":"POB","quantity":"132.65829832","price":"0.55000000","timestamp":1629233724,"volume":"72.96206408","buyTxId":"75da5ef9b1afbf1a0b4b274a0cd0ed344a11389d","sellTxId":"eeb0d6bf832c3077f2cf97c32846552d8512e223"}
{"index": {"_index":"pob","_id":"1373563"}}
	{"id":1373563,"type":"sell","buyer":"bilpcoinbpc","seller":"borjan","symbol":"POB","quantity":"1.00000000","price":"0.54000000","timestamp":1629234912,"volume":"0.54000000","buyTxId":"e65e0cb7eb1f6ab8e7c9bc75e313c42b2f5b6ab4","sellTxId":"adeede94af6bc1c6830b92dc4e9832bf8f026d21"}
{"index": {"_index":"pob","_id":"1373565"}}
	{"id":1373565,"type":"sell","buyer":"bilpcoinbpc","seller":"lotto-de","symbol":"POB","quantity":"1.00000000","price":"0.53000000","timestamp":1629234951,"volume":"0.53000000","buyTxId":"46e1346901e78af9d4f9704ed0f0f4e5d1543273","sellTxId":"3489f5e0386c022bfda2c7427a5b8d3f856e157b"}
{"index": {"_index":"pob","_id":"1373684"}}
	{"id":1373684,"type":"sell","buyer":"bilpcoinbpc","seller":"uyobong","symbol":"POB","quantity":"1.00000000","price":"0.52000000","timestamp":1629236184,"volume":"0.52000000","buyTxId":"65cfc1b3a09573424fde583d6109316b2ab067fd","sellTxId":"7869c70340ddb44c410a09506ee5991ea0ec4965"}
{"index": {"_index":"pob","_id":"1373685"}}
	{"id":1373685,"type":"sell","buyer":"bilpcoinbpc","seller":"uyobong","symbol":"POB","quantity":"1.00000000","price":"0.51000000","timestamp":1629236184,"volume":"0.51000000","buyTxId":"fa8617a30f0f3b49eb53c23df3ab4712f84039d1","sellTxId":"7869c70340ddb44c410a09506ee5991ea0ec4965"}
{"index": {"_index":"pob","_id":"1373686"}}
	{"id":1373686,"type":"sell","buyer":"edicted","seller":"uyobong","symbol":"POB","quantity":"12.50334024","price":"0.50000000","timestamp":1629236184,"volume":"6.25167012","buyTxId":"6a97bd2072d5bea55cafb3f6beb891e667d66144","sellTxId":"7869c70340ddb44c410a09506ee5991ea0ec4965"}
{"index": {"_index":"pob","_id":"1373688"}}
	{"id":1373688,"type":"sell","buyer":"edicted","seller":"andy4475","symbol":"POB","quantity":"1.33204674","price":"0.50000000","timestamp":1629236250,"volume":"0.66602337","buyTxId":"6a97bd2072d5bea55cafb3f6beb891e667d66144","sellTxId":"33935ed5773e0a873f7a2e03da55a0f7f7cd7c1f"}
{"index": {"_index":"pob","_id":"1373808"}}
	{"id":1373808,"type":"sell","buyer":"edicted","seller":"ocotuchodzi","symbol":"POB","quantity":"68.35573628","price":"0.50000000","timestamp":1629238143,"volume":"34.17786814","buyTxId":"6a97bd2072d5bea55cafb3f6beb891e667d66144","sellTxId":"9bf0996fcce6018be101cda594ef010a8511b6e6"}
{"index": {"_index":"pob","_id":"1373809"}}
	{"id":1373809,"type":"sell","buyer":"edicted","seller":"ocotuchodzi","symbol":"POB","quantity":"42.25439882","price":"0.50000000","timestamp":1629238143,"volume":"21.12719941","buyTxId":"f908a5ba1406cc6ed3ecdea2fc18d8358e81a4ef","sellTxId":"9bf0996fcce6018be101cda594ef010a8511b6e6"}
{"index": {"_index":"pob","_id":"1373820"}}
	{"id":1373820,"type":"sell","buyer":"edicted","seller":"haseeb-asif-khan","symbol":"POB","quantity":"2.63400000","price":"0.50000000","timestamp":1629238308,"volume":"1.31700000","buyTxId":"f908a5ba1406cc6ed3ecdea2fc18d8358e81a4ef","sellTxId":"f72b4e358db0ea6d99e94b2aaf9739ccf2ea6782"}
{"index": {"_index":"pob","_id":"1373866"}}
	{"id":1373866,"type":"sell","buyer":"edicted","seller":"ruth-girl","symbol":"POB","quantity":"30.00000000","price":"0.50000000","timestamp":1629238722,"volume":"15.00000000","buyTxId":"f908a5ba1406cc6ed3ecdea2fc18d8358e81a4ef","sellTxId":"85c23e1b5011d93c96185f2b03843a7ba73f1d33"}
{"index": {"_index":"pob","_id":"1373879"}}
	{"id":1373879,"type":"sell","buyer":"edicted","seller":"droida","symbol":"POB","quantity":"0.10187834","price":"0.50000000","timestamp":1629238884,"volume":"0.05093917","buyTxId":"f908a5ba1406cc6ed3ecdea2fc18d8358e81a4ef","sellTxId":"62415b37e0073579caf10be5e5ca1a8d3af62405"}
{"index": {"_index":"pob","_id":"1373883"}}
	{"id":1373883,"type":"buy","buyer":"pixelfan","seller":"mango-juice","symbol":"POB","quantity":"1.94324248","price":"0.50999900","timestamp":1629239007,"volume":"0.99105172","buyTxId":"14e261897476eae5183165c530e4fe26433ae731","sellTxId":"fdd92adacad183a4661a39d4b7fa06880d169763"}
{"index": {"_index":"pob","_id":"1373914"}}
	{"id":1373914,"type":"sell","buyer":"edicted","seller":"lerkfrend","symbol":"POB","quantity":"2.44472398","price":"0.50000000","timestamp":1629239313,"volume":"1.22236199","buyTxId":"f908a5ba1406cc6ed3ecdea2fc18d8358e81a4ef","sellTxId":"fe4ebf2490cb0eb7852f70137362d7a16e772521"}
{"index": {"_index":"pob","_id":"1373936"}}
	{"id":1373936,"type":"sell","buyer":"edicted","seller":"readthisplease","symbol":"POB","quantity":"27.78000000","price":"0.50000000","timestamp":1629239460,"volume":"13.89000000","buyTxId":"f908a5ba1406cc6ed3ecdea2fc18d8358e81a4ef","sellTxId":"6b5efc64e614f9cd1b3ce3d59948fa3ebc480a20"}
{"index": {"_index":"pob","_id":"1373944"}}
	{"id":1373944,"type":"sell","buyer":"edicted","seller":"felipejoys","symbol":"POB","quantity":"1.45214699","price":"0.50000000","timestamp":1629239538,"volume":"0.72607350","buyTxId":"f908a5ba1406cc6ed3ecdea2fc18d8358e81a4ef","sellTxId":"96c03c28cb1e07ff4c9bdf7876843d294f9f17b0"}
{"index": {"_index":"pob","_id":"1374071"}}
	{"id":1374071,"type":"sell","buyer":"edicted","seller":"prince-anyaobi","symbol":"POB","quantity":"43.00000000","price":"0.50000000","timestamp":1629241557,"volume":"21.50000000","buyTxId":"f908a5ba1406cc6ed3ecdea2fc18d8358e81a4ef","sellTxId":"30d43b59eaf3aef7b3b4b9aac603bf3dd1a4b4d1"}
{"index": {"_index":"pob","_id":"1374075"}}
	{"id":1374075,"type":"sell","buyer":"edicted","seller":"prince-anyaobi","symbol":"POB","quantity":"0.33285187","price":"0.50000000","timestamp":1629241608,"volume":"0.16642593","buyTxId":"f908a5ba1406cc6ed3ecdea2fc18d8358e81a4ef","sellTxId":"b16d0663dac5eb0158b215f5306616dcfd375a76"}
{"index": {"_index":"pob","_id":"1374076"}}
	{"id":1374076,"type":"sell","buyer":"richardcrill","seller":"prince-anyaobi","symbol":"POB","quantity":"3.11714813","price":"0.47940001","timestamp":1629241608,"volume":"1.49436084","buyTxId":"MM-P-9641179-56624241-3-11-0","sellTxId":"b16d0663dac5eb0158b215f5306616dcfd375a76"}
{"index": {"_index":"pob","_id":"1374129"}}
	{"id":1374129,"type":"sell","buyer":"gimme-your-coinz","seller":"hallmann","symbol":"POB","quantity":"19.00000000","price":"0.48000001","timestamp":1629242736,"volume":"9.12000019","buyTxId":"4b04cbf398538f5e7b59e71c9f4a6664b869d567","sellTxId":"b49d4335e2fb1b6857e3a962435fdc5e6849be0f"}
{"index": {"_index":"pob","_id":"1374157"}}
	{"id":1374157,"type":"sell","buyer":"gimme-your-coinz","seller":"logicforce","symbol":"POB","quantity":"0.69280006","price":"0.48000001","timestamp":1629243228,"volume":"0.33254404","buyTxId":"4b04cbf398538f5e7b59e71c9f4a6664b869d567","sellTxId":"a5249d2a6b9cbccf26256230ca6607d5bbfef68c"}
{"index": {"_index":"pob","_id":"1374174"}}
	{"id":1374174,"type":"sell","buyer":"gimme-your-coinz","seller":"trentonlundy1","symbol":"POB","quantity":"0.00387803","price":"0.48020003","timestamp":1629243585,"volume":"0.00186223","buyTxId":"b055fb8c91b533cc05f0cdc8b7a91ee64cd7f347","sellTxId":"36a2077c77558ed2a2e24c721ad27f17e4533089"}
{"index": {"_index":"pob","_id":"1374179"}}
	{"id":1374179,"type":"sell","buyer":"gimme-your-coinz","seller":"thelogicaldude","symbol":"POB","quantity":"35.59686966","price":"0.48020003","timestamp":1629243642,"volume":"17.09361788","buyTxId":"b055fb8c91b533cc05f0cdc8b7a91ee64cd7f347","sellTxId":"febc7ee08a6f437796353096226bebdd917279ba"}
{"index": {"_index":"pob","_id":"1374284"}}
	{"id":1374284,"type":"buy","buyer":"terminado","seller":"mango-juice","symbol":"POB","quantity":"25.93825962","price":"0.50999900","timestamp":1629245415,"volume":"13.22848647","buyTxId":"5ab8874258dfa16f778702b79ee9121926cb6d90","sellTxId":"fdd92adacad183a4661a39d4b7fa06880d169763"}
{"index": {"_index":"pob","_id":"1374285"}}
	{"id":1374285,"type":"buy","buyer":"terminado","seller":"magooz","symbol":"POB","quantity":"2.28999012","price":"0.51000000","timestamp":1629245415,"volume":"1.16789496","buyTxId":"5ab8874258dfa16f778702b79ee9121926cb6d90","sellTxId":"04b3d2bffd76db8b63071f165537be8bd01b52e5"}
{"index": {"_index":"pob","_id":"1374286"}}
	{"id":1374286,"type":"buy","buyer":"terminado","seller":"lotto-de","symbol":"POB","quantity":"2.95400000","price":"0.53000000","timestamp":1629245415,"volume":"1.56562000","buyTxId":"5ab8874258dfa16f778702b79ee9121926cb6d90","sellTxId":"3489f5e0386c022bfda2c7427a5b8d3f856e157b"}
{"index": {"_index":"pob","_id":"1374287"}}
	{"id":1374287,"type":"buy","buyer":"terminado","seller":"borjan","symbol":"POB","quantity":"10.49760631","price":"0.54000000","timestamp":1629245415,"volume":"5.66870741","buyTxId":"5ab8874258dfa16f778702b79ee9121926cb6d90","sellTxId":"adeede94af6bc1c6830b92dc4e9832bf8f026d21"}
{"index": {"_index":"pob","_id":"1374288"}}
	{"id":1374288,"type":"buy","buyer":"terminado","seller":"kemmyb","symbol":"POB","quantity":"8.00000000","price":"0.54000000","timestamp":1629245415,"volume":"4.32000000","buyTxId":"5ab8874258dfa16f778702b79ee9121926cb6d90","sellTxId":"257745c086058f700b51667bcceeb9a14e47d6b9"}
{"index": {"_index":"pob","_id":"1374289"}}
	{"id":1374289,"type":"buy","buyer":"terminado","seller":"hranhuk","symbol":"POB","quantity":"13.34170168","price":"0.55000000","timestamp":1629245415,"volume":"7.33793592","buyTxId":"5ab8874258dfa16f778702b79ee9121926cb6d90","sellTxId":"eeb0d6bf832c3077f2cf97c32846552d8512e223"}
{"index": {"_index":"pob","_id":"1374290"}}
	{"id":1374290,"type":"buy","buyer":"terminado","seller":"kemmyb","symbol":"POB","quantity":"6.97844227","price":"0.55000000","timestamp":1629245415,"volume":"3.83814325","buyTxId":"5ab8874258dfa16f778702b79ee9121926cb6d90","sellTxId":"739456ee9c303e2c67206fbf1e91fb697d039023"}
{"index": {"_index":"pob","_id":"1374320"}}
	{"id":1374320,"type":"sell","buyer":"gimme-your-coinz","seller":"opidia","symbol":"POB","quantity":"1.90777748","price":"0.48080009","timestamp":1629245637,"volume":"0.91725958","buyTxId":"726f3f42f5801c2ecff733c71ed7eecc5a5b6e53","sellTxId":"130f8379373c889fce041aff8d527f8cfb29575b"}
{"index": {"_index":"pob","_id":"1374431"}}
	{"id":1374431,"type":"sell","buyer":"gimme-your-coinz","seller":"leofinance","symbol":"POB","quantity":"66.00000000","price":"0.48150016","timestamp":1629247629,"volume":"31.77901056","buyTxId":"b42672e34e54b951388648ecd2c35f5cd48bc75a","sellTxId":"111cdc1a4633434bca01c1b767b38432f40eacc9"}
{"index": {"_index":"pob","_id":"1374432"}}
	{"id":1374432,"type":"sell","buyer":"gimme-your-coinz","seller":"leofinance","symbol":"POB","quantity":"66.00000000","price":"0.48150016","timestamp":1629247629,"volume":"31.77901056","buyTxId":"c4683062a2fc795ad419475688a5dbf4c80827b2","sellTxId":"111cdc1a4633434bca01c1b767b38432f40eacc9"}
{"index": {"_index":"pob","_id":"1374433"}}
	{"id":1374433,"type":"sell","buyer":"richardcrill","seller":"leofinance","symbol":"POB","quantity":"68.53580419","price":"0.48150015","timestamp":1629247629,"volume":"33.00000000","buyTxId":"MM-P-9643175-56626237-3-11-0","sellTxId":"111cdc1a4633434bca01c1b767b38432f40eacc9"}
{"index": {"_index":"pob","_id":"1374434"}}
	{"id":1374434,"type":"sell","buyer":"stayoutoftherz","seller":"leofinance","symbol":"POB","quantity":"11.00000000","price":"0.48000000","timestamp":1629247629,"volume":"5.28000000","buyTxId":"92d4cf4b2953133ada78a34ede3b7adf7aecf65f","sellTxId":"111cdc1a4633434bca01c1b767b38432f40eacc9"}
{"index": {"_index":"pob","_id":"1374435"}}
	{"id":1374435,"type":"sell","buyer":"wesphilbin","seller":"leofinance","symbol":"POB","quantity":"5.70000000","price":"0.47500000","timestamp":1629247629,"volume":"2.70750000","buyTxId":"4067eca83c1c98b1a977067f0fb236a129ff4dd8","sellTxId":"111cdc1a4633434bca01c1b767b38432f40eacc9"}
{"index": {"_index":"pob","_id":"1374436"}}
	{"id":1374436,"type":"sell","buyer":"edicted","seller":"leofinance","symbol":"POB","quantity":"29.00000000","price":"0.47000000","timestamp":1629247629,"volume":"13.63000000","buyTxId":"0f9211accd77a06d11d2afa6a7fb823f05b58dc6","sellTxId":"111cdc1a4633434bca01c1b767b38432f40eacc9"}
{"index": {"_index":"pob","_id":"1374437"}}
	{"id":1374437,"type":"sell","buyer":"edicted","seller":"leofinance","symbol":"POB","quantity":"37.85538145","price":"0.45000000","timestamp":1629247629,"volume":"17.03492165","buyTxId":"beaa8f8c33dcfd441512c8f0097f43fb2e972d7e","sellTxId":"111cdc1a4633434bca01c1b767b38432f40eacc9"}
{"index": {"_index":"pob","_id":"1374443"}}
	{"id":1374443,"type":"sell","buyer":"gimme-your-coinz","seller":"dhedge-drips","symbol":"POB","quantity":"0.65051161","price":"0.45000001","timestamp":1629247656,"volume":"0.29273023","buyTxId":"21dd295ab7d483a03f7aaba3d15ffdc864b24cc0","sellTxId":"e4e936aa5c2d2f22e11c579bbb712318ac2f3aeb"}
{"index": {"_index":"pob","_id":"1374478"}}
	{"id":1374478,"type":"sell","buyer":"richardcrill","seller":"kraken99","symbol":"POB","quantity":"16.79952380","price":"0.45020002","timestamp":1629248073,"volume":"7.56314595","buyTxId":"MM-P-9643375-56626437-3-11-0","sellTxId":"78df369ad053a351d920d73ef45c0b8f612c5c78"}
{"index": {"_index":"pob","_id":"1374666"}}
	{"id":1374666,"type":"sell","buyer":"gimme-your-coinz","seller":"hirohurl","symbol":"POB","quantity":"0.98424732","price":"0.45500001","timestamp":1629250905,"volume":"0.44783254","buyTxId":"53d99df2f9b42c27938078281d29599ecd24b0e0","sellTxId":"395f31e21fdc1956480ca082bcbd3db056aa6a62"}
{"index": {"_index":"pob","_id":"1374700"}}
	{"id":1374700,"type":"buy","buyer":"anadolu","seller":"kemmyb","symbol":"POB","quantity":"5.00000000","price":"0.46000000","timestamp":1629251793,"volume":"2.30000000","buyTxId":"ad55cc66cd2373b5229fcaba0b51a667b3f3692a","sellTxId":"70f43368f15489538bfc233c195dbce6dcefebcb"}
{"index": {"_index":"pob","_id":"1374701"}}
	{"id":1374701,"type":"buy","buyer":"anadolu","seller":"kemmyb","symbol":"POB","quantity":"5.00000000","price":"0.46000000","timestamp":1629251793,"volume":"2.30000000","buyTxId":"ad55cc66cd2373b5229fcaba0b51a667b3f3692a","sellTxId":"662e264b1d856ed0ab084dd56c3a99c995083302"}
{"index": {"_index":"pob","_id":"1374745"}}
	{"id":1374745,"type":"sell","buyer":"gimme-your-coinz","seller":"josediccus","symbol":"POB","quantity":"11.00000000","price":"0.45500011","timestamp":1629252657,"volume":"5.00500121","buyTxId":"a1f72195a4af3cde97afa1d252ea4701518d31a9","sellTxId":"023943114f28937f7d0ccda8a0b249f5a8697d5a"}
{"index": {"_index":"pob","_id":"1374756"}}
	{"id":1374756,"type":"sell","buyer":"gimme-your-coinz","seller":"morzex","symbol":"POB","quantity":"0.00008881","price":"0.45500011","timestamp":1629252792,"volume":"0.00004041","buyTxId":"a1f72195a4af3cde97afa1d252ea4701518d31a9","sellTxId":"00766d24c57bca1219d7797796232e61dc7ee2ce"}
{"index": {"_index":"pob","_id":"1374791"}}
	{"id":1374791,"type":"sell","buyer":"gimme-your-coinz","seller":"melbourneswest","symbol":"POB","quantity":"4.37486814","price":"0.45500011","timestamp":1629253374,"volume":"1.99056548","buyTxId":"a1f72195a4af3cde97afa1d252ea4701518d31a9","sellTxId":"1d503295914edd19fab4872632e88af43e6ac59d"}
{"index": {"_index":"pob","_id":"1374849"}}
	{"id":1374849,"type":"sell","buyer":"gimme-your-coinz","seller":"theguruasia","symbol":"POB","quantity":"0.34479942","price":"0.45500011","timestamp":1629254745,"volume":"0.15688377","buyTxId":"a1f72195a4af3cde97afa1d252ea4701518d31a9","sellTxId":"fa5a2e3ef0c3876d34661768f115810b5dade1ff"}
{"index": {"_index":"pob","_id":"1374874"}}
	{"id":1374874,"type":"sell","buyer":"gimme-your-coinz","seller":"nrg","symbol":"POB","quantity":"50.28024363","price":"0.45500011","timestamp":1629254934,"volume":"22.87751638","buyTxId":"a1f72195a4af3cde97afa1d252ea4701518d31a9","sellTxId":"c58f68430052f27ed2dbdf17ccb42ad995c1128b"}
{"index": {"_index":"pob","_id":"1374875"}}
	{"id":1374875,"type":"sell","buyer":"gimme-your-coinz","seller":"nrg","symbol":"POB","quantity":"29.15214785","price":"0.45500011","timestamp":1629254934,"volume":"13.26423048","buyTxId":"ec5435e5996cf131504b1aa83531f1d8490adac0","sellTxId":"c58f68430052f27ed2dbdf17ccb42ad995c1128b"}
