{"index": {"_index":"pob","_id":"1087952"}}
	{"id":1087952,"type":"sell","buyer":"mmmmkkkk311","seller":"coininstant","symbol":"POB","quantity":"20.00000000","price":"1.30191002","timestamp":1621996320,"volume":"26.03820040","buyTxId":"MM-P-7259168-54215416-3-2-0","sellTxId":"164e06ee79d08991d6e32421b6b3ea3162827329"}
{"index": {"_index":"pob","_id":"1087953"}}
	{"id":1087953,"type":"sell","buyer":"mmmmkkkk311","seller":"coininstant","symbol":"POB","quantity":"5.34737385","price":"1.30191002","timestamp":1621996341,"volume":"6.96179960","buyTxId":"MM-P-7259168-54215416-3-2-0","sellTxId":"9cf0b73b474d800dd4e4cb03e87e0945dbafcac6"}
{"index": {"_index":"pob","_id":"1087954"}}
	{"id":1087954,"type":"buy","buyer":"richardcrill","seller":"coininstant","symbol":"POB","quantity":"0.65262615","price":"1.30191002","timestamp":1621996350,"volume":"0.84966052","buyTxId":"MM-P-7259183-54215433-3-10-0","sellTxId":"9cf0b73b474d800dd4e4cb03e87e0945dbafcac6"}
{"index": {"_index":"pob","_id":"1087955"}}
	{"id":1087955,"type":"sell","buyer":"richardcrill","seller":"coininstant","symbol":"POB","quantity":"10.63512377","price":"1.30200002","timestamp":1621996368,"volume":"13.84693136","buyTxId":"MM-P-7259183-54215433-3-10-0","sellTxId":"d13310e015e8f19e09faebf8a9bd318e52eb7fb3"}
{"index": {"_index":"pob","_id":"1087956"}}
	{"id":1087956,"type":"sell","buyer":"freebornsociety","seller":"coininstant","symbol":"POB","quantity":"9.36487623","price":"1.30190002","timestamp":1621996368,"volume":"12.19213255","buyTxId":"MM-P-7259144-54215389-3-2-0","sellTxId":"d13310e015e8f19e09faebf8a9bd318e52eb7fb3"}
{"index": {"_index":"pob","_id":"1087957"}}
	{"id":1087957,"type":"sell","buyer":"freebornsociety","seller":"coininstant","symbol":"POB","quantity":"9.83782722","price":"1.30190002","timestamp":1621996392,"volume":"12.80786745","buyTxId":"MM-P-7259144-54215389-3-2-0","sellTxId":"9248c8e9cf3f43f107147ee7f3f6f0f4f32f5ab3"}
{"index": {"_index":"pob","_id":"1087958"}}
	{"id":1087958,"type":"sell","buyer":"skylinebuds","seller":"coininstant","symbol":"POB","quantity":"5.00000000","price":"1.30100000","timestamp":1621996419,"volume":"6.50500000","buyTxId":"3e81d076dbca4a7c1009643425576fa669fa441a","sellTxId":"2cd08820622d268abfef215103f9f0b49c921b98"}
{"index": {"_index":"pob","_id":"1087959"}}
	{"id":1087959,"type":"sell","buyer":"skylinebuds","seller":"coininstant","symbol":"POB","quantity":"5.00000000","price":"1.30011001","timestamp":1621996443,"volume":"6.50055005","buyTxId":"78032a1d55abb95c5cc20512eb3dff762e4f3298","sellTxId":"0ee96971f10f6db2d9db2e629d20c224f245fedd"}
{"index": {"_index":"pob","_id":"1087960"}}
	{"id":1087960,"type":"sell","buyer":"onealfa.leo","seller":"coininstant","symbol":"POB","quantity":"119.86818147","price":"1.30001000","timestamp":1621996467,"volume":"155.82983459","buyTxId":"21030eb277a0173a31d7f8e5e74e3fef4929c465","sellTxId":"584bdd7097a5519cc153c33658319dddbe415f54"}
{"index": {"_index":"pob","_id":"1087961"}}
	{"id":1087961,"type":"sell","buyer":"sbi-tokens","seller":"coininstant","symbol":"POB","quantity":"138.99994000","price":"1.30000000","timestamp":1621996491,"volume":"180.69992200","buyTxId":"10e1ed55e05336824648217b6ac30ff8f01ef4bd","sellTxId":"231b964dcdb1bf241b6611665e3ba29c9ea20d06"}
{"index": {"_index":"pob","_id":"1087962"}}
	{"id":1087962,"type":"sell","buyer":"skylinebuds","seller":"coininstant","symbol":"POB","quantity":"0.00006000","price":"1.30000000","timestamp":1621996491,"volume":"0.00007800","buyTxId":"a633a12fe9457153c8f3a6f40937d47f7d9fd40a","sellTxId":"231b964dcdb1bf241b6611665e3ba29c9ea20d06"}
{"index": {"_index":"pob","_id":"1087963"}}
	{"id":1087963,"type":"sell","buyer":"skylinebuds","seller":"coininstant","symbol":"POB","quantity":"4.99994000","price":"1.30000000","timestamp":1621996512,"volume":"6.49992200","buyTxId":"a633a12fe9457153c8f3a6f40937d47f7d9fd40a","sellTxId":"c42c8c1fbf8b447adba5778d435d7d4667ba51a8"}
{"index": {"_index":"pob","_id":"1087965"}}
	{"id":1087965,"type":"sell","buyer":"bilpcoinbpc","seller":"coininstant","symbol":"POB","quantity":"1.00000000","price":"1.27550000","timestamp":1621996536,"volume":"1.27550000","buyTxId":"ca2fe432577d8b37699b81f92253f75b94a00e80","sellTxId":"666bd2c12c3f95427851e0828692193c4c60567c"}
{"index": {"_index":"pob","_id":"1087966"}}
	{"id":1087966,"type":"sell","buyer":"skylinebuds","seller":"coininstant","symbol":"POB","quantity":"5.00000000","price":"1.27000000","timestamp":1621996563,"volume":"6.35000000","buyTxId":"1a8034aa27edfdef32c80a1b8332326524240a79","sellTxId":"42347c280b4264aae461104131bf7f5d3a39975d"}
{"index": {"_index":"pob","_id":"1087967"}}
	{"id":1087967,"type":"buy","buyer":"anadolu","seller":"coininstant","symbol":"POB","quantity":"1.00000000","price":"1.27000000","timestamp":1621996566,"volume":"1.27000000","buyTxId":"ef74323180e097c30f62f8d28795a0eafbc7a5b0","sellTxId":"42347c280b4264aae461104131bf7f5d3a39975d"}
{"index": {"_index":"pob","_id":"1087968"}}
	{"id":1087968,"type":"sell","buyer":"anadolu","seller":"coininstant","symbol":"POB","quantity":"20.00000000","price":"1.27000000","timestamp":1621996587,"volume":"25.40000000","buyTxId":"ef74323180e097c30f62f8d28795a0eafbc7a5b0","sellTxId":"c0cb41db635658a7d871dd9ec5f45ab79469b8a8"}
{"index": {"_index":"pob","_id":"1087969"}}
	{"id":1087969,"type":"sell","buyer":"anadolu","seller":"coininstant","symbol":"POB","quantity":"1.00000000","price":"1.27000000","timestamp":1621996617,"volume":"1.27000000","buyTxId":"ef74323180e097c30f62f8d28795a0eafbc7a5b0","sellTxId":"a890712875a0db5babc4f7cfbecd917a027b4a10"}
{"index": {"_index":"pob","_id":"1087971"}}
	{"id":1087971,"type":"sell","buyer":"mmmmkkkk311","seller":"coininstant","symbol":"POB","quantity":"26.08468788","price":"1.26511002","timestamp":1621996644,"volume":"33.00000001","buyTxId":"MM-P-7259259-54215515-3-2-0","sellTxId":"5373125c04c4260e0c9adafe8981ba5fb65273f9"}
{"index": {"_index":"pob","_id":"1087972"}}
	{"id":1087972,"type":"sell","buyer":"freebornsociety","seller":"coininstant","symbol":"POB","quantity":"19.76128338","price":"1.26510002","timestamp":1621996668,"volume":"25.00000000","buyTxId":"MM-P-7259234-54215489-3-2-0","sellTxId":"700dbceac826a935a13ccb8a1b9c584ce7a643c5"}
{"index": {"_index":"pob","_id":"1087973"}}
	{"id":1087973,"type":"sell","buyer":"onealfa.leo","seller":"coininstant","symbol":"POB","quantity":"22.00000000","price":"1.26500002","timestamp":1621996692,"volume":"27.83000044","buyTxId":"5fe0d53e133ede882365fef2c2d4fab79b425f1b","sellTxId":"32d2a8a45d141a2886cc02e0834f7ebee8099bf0"}
{"index": {"_index":"pob","_id":"1087974"}}
	{"id":1087974,"type":"sell","buyer":"fullcoverbetting","seller":"coininstant","symbol":"POB","quantity":"11.46316078","price":"1.26500000","timestamp":1621996713,"volume":"14.50089839","buyTxId":"44415368ca659cd18823edb07ed5ade66d074615","sellTxId":"c1f8577564de7f1631d401b70b49c07b8fa5c78c"}
{"index": {"_index":"pob","_id":"1087975"}}
	{"id":1087975,"type":"sell","buyer":"onealfa.leo","seller":"coininstant","symbol":"POB","quantity":"7.80000000","price":"1.25010100","timestamp":1621996737,"volume":"9.75078780","buyTxId":"d0e5d438206c07d84b6a3697c618134efd65fd57","sellTxId":"180c89e912384a55c09b469916fa8d66831d6ca2"}
{"index": {"_index":"pob","_id":"1087976"}}
	{"id":1087976,"type":"sell","buyer":"eirik","seller":"coininstant","symbol":"POB","quantity":"1.00000000","price":"1.25000000","timestamp":1621996764,"volume":"1.25000000","buyTxId":"c48dbb8f312a44386b3ef44896523b1a75c00030","sellTxId":"99a785b56ac89de7d75d7b2fe7b9eae6ff3965e4"}
{"index": {"_index":"pob","_id":"1087977"}}
	{"id":1087977,"type":"sell","buyer":"cookaiss","seller":"coininstant","symbol":"POB","quantity":"1.00000000","price":"1.25000000","timestamp":1621996764,"volume":"1.25000000","buyTxId":"83b6e4a164474b6c081ba8a760f91d648ece62e1","sellTxId":"99a785b56ac89de7d75d7b2fe7b9eae6ff3965e4"}
{"index": {"_index":"pob","_id":"1087978"}}
	{"id":1087978,"type":"sell","buyer":"cookaiss","seller":"coininstant","symbol":"POB","quantity":"9.00000000","price":"1.25000000","timestamp":1621996788,"volume":"11.25000000","buyTxId":"83b6e4a164474b6c081ba8a760f91d648ece62e1","sellTxId":"bc87200db886ced809e55b564e8cf9715e914c7d"}
{"index": {"_index":"pob","_id":"1087979"}}
	{"id":1087979,"type":"sell","buyer":"funnel","seller":"coininstant","symbol":"POB","quantity":"10.00000000","price":"1.24000000","timestamp":1621996812,"volume":"12.40000000","buyTxId":"217328d14f14498be2b286f0ed418aa8eb99f663","sellTxId":"04ec417b79b3dd0ca7601cfa1db4809b2d363bf7"}
{"index": {"_index":"pob","_id":"1087980"}}
	{"id":1087980,"type":"sell","buyer":"skylinebuds","seller":"coininstant","symbol":"POB","quantity":"5.00000000","price":"1.23000000","timestamp":1621996836,"volume":"6.15000000","buyTxId":"ee5c5c8c0f59b6ab3f4d0a1ba78ff7b932aad337","sellTxId":"a30f105440ad562e2f29817b5b0c16cd70711833"}
{"index": {"_index":"pob","_id":"1087983"}}
	{"id":1087983,"type":"sell","buyer":"eirik","seller":"coininstant","symbol":"POB","quantity":"1.00000000","price":"1.20000000","timestamp":1621996860,"volume":"1.20000000","buyTxId":"63a867be1a35e748ceae1831a5b55f08da85faf4","sellTxId":"4452fc36507bd76b86e717ddd937fb83b7d6eb77"}
{"index": {"_index":"pob","_id":"1087984"}}
	{"id":1087984,"type":"sell","buyer":"antonym","seller":"coininstant","symbol":"POB","quantity":"0.72500000","price":"1.20000000","timestamp":1621996860,"volume":"0.87000000","buyTxId":"4c52f2238c831144de6edbf79e58ecff97bfd4fa","sellTxId":"4452fc36507bd76b86e717ddd937fb83b7d6eb77"}
{"index": {"_index":"pob","_id":"1087987"}}
	{"id":1087987,"type":"sell","buyer":"freebornsociety","seller":"coininstant","symbol":"POB","quantity":"21.73175468","price":"1.15039031","timestamp":1621996881,"volume":"25.00000000","buyTxId":"MM-P-7259324-54215588-3-2-0","sellTxId":"d1ffa371bfbe6dad27db2f9d1721e08d0e4a32c5"}
{"index": {"_index":"pob","_id":"1087988"}}
	{"id":1087988,"type":"sell","buyer":"he-index","seller":"coininstant","symbol":"POB","quantity":"1.51300000","price":"1.15029031","timestamp":1621996902,"volume":"1.74038924","buyTxId":"19508f97a0f540b1b10c136345ec769c9382a927","sellTxId":"518d5d98d6b0ce8b61b4d46279a9a517e0c62ca6"}
{"index": {"_index":"pob","_id":"1087989"}}
	{"id":1087989,"type":"sell","buyer":"he-index","seller":"coininstant","symbol":"POB","quantity":"0.68400000","price":"1.15002004","timestamp":1621996926,"volume":"0.78661371","buyTxId":"63b47161b5c4694334bc09b7fb1b5b0051444822","sellTxId":"135577c2087785b00e70c52e22dd9e3929195661"}
{"index": {"_index":"pob","_id":"1087993"}}
	{"id":1087993,"type":"sell","buyer":"bilpcoinbpc","seller":"coininstant","symbol":"POB","quantity":"1.00000000","price":"1.15000000","timestamp":1621996950,"volume":"1.15000000","buyTxId":"66e5d8477dabf0e256e0e454ff7c2ae97ec0d807","sellTxId":"e41fbd52ff98b95fdf32b412d9dddf57089424fb"}
{"index": {"_index":"pob","_id":"1087994"}}
	{"id":1087994,"type":"sell","buyer":"eirik","seller":"coininstant","symbol":"POB","quantity":"3.00000000","price":"1.15000000","timestamp":1621996950,"volume":"3.45000000","buyTxId":"f26664557491e8baa0a6ab31ef1190013462d292","sellTxId":"e41fbd52ff98b95fdf32b412d9dddf57089424fb"}
{"index": {"_index":"pob","_id":"1087995"}}
	{"id":1087995,"type":"sell","buyer":"solovey6o2","seller":"coininstant","symbol":"POB","quantity":"6.66000000","price":"1.11957001","timestamp":1621996974,"volume":"7.45633627","buyTxId":"604d1c345a9a8ae5480207f3fb5fc1ef0f7b019f","sellTxId":"8a9d5596426a0b75c78b8be3b850f92752458055"}
{"index": {"_index":"pob","_id":"1087996"}}
	{"id":1087996,"type":"sell","buyer":"solovey6o2","seller":"coininstant","symbol":"POB","quantity":"14.18006602","price":"1.11957001","timestamp":1621996992,"volume":"15.87557665","buyTxId":"604d1c345a9a8ae5480207f3fb5fc1ef0f7b019f","sellTxId":"f1938235e25107427761866ed569f03087cb1d25"}
{"index": {"_index":"pob","_id":"1087997"}}
	{"id":1087997,"type":"sell","buyer":"phusionphil","seller":"coininstant","symbol":"POB","quantity":"5.00000000","price":"1.11957000","timestamp":1621996992,"volume":"5.59785000","buyTxId":"92519af6e61a7c35d69b850e02762a14ec3554e1","sellTxId":"f1938235e25107427761866ed569f03087cb1d25"}
{"index": {"_index":"pob","_id":"1087998"}}
	{"id":1087998,"type":"sell","buyer":"onealfa.leo","seller":"coininstant","symbol":"POB","quantity":"12.00000000","price":"1.11032100","timestamp":1621997016,"volume":"13.32385200","buyTxId":"cecbb5365fee11abc1a37c1a6e7765a0d9aa2cdd","sellTxId":"b26833d8e9df9b964318ea94ece93d15a138300f"}
{"index": {"_index":"pob","_id":"1087999"}}
	{"id":1087999,"type":"buy","buyer":"solovey6o2","seller":"coininstant","symbol":"POB","quantity":"2.00000000","price":"1.11032100","timestamp":1621997025,"volume":"2.22064200","buyTxId":"5b662409e2d4fd715ad91845cbb5e1db5ddb3d21","sellTxId":"b26833d8e9df9b964318ea94ece93d15a138300f"}
{"index": {"_index":"pob","_id":"1088000"}}
	{"id":1088000,"type":"sell","buyer":"solovey6o2","seller":"coininstant","symbol":"POB","quantity":"2.84398356","price":"1.11032101","timestamp":1621997034,"volume":"3.15773470","buyTxId":"5b662409e2d4fd715ad91845cbb5e1db5ddb3d21","sellTxId":"e7d6818a2eec2155969617085b5d5c7122d9e4b0"}
{"index": {"_index":"pob","_id":"1088001"}}
	{"id":1088001,"type":"sell","buyer":"ezrider","seller":"coininstant","symbol":"POB","quantity":"35.15601644","price":"1.11032000","timestamp":1621997034,"volume":"39.03442817","buyTxId":"687339165c799a571329e9cfa7e1ecd43bf2e84d","sellTxId":"e7d6818a2eec2155969617085b5d5c7122d9e4b0"}
{"index": {"_index":"pob","_id":"1088002"}}
	{"id":1088002,"type":"sell","buyer":"ezrider","seller":"coininstant","symbol":"POB","quantity":"1.84398356","price":"1.11032000","timestamp":1621997058,"volume":"2.04741183","buyTxId":"687339165c799a571329e9cfa7e1ecd43bf2e84d","sellTxId":"a9e7d0a93ad1bf041a9b4640d542a8c809458aea"}
{"index": {"_index":"pob","_id":"1088003"}}
	{"id":1088003,"type":"sell","buyer":"ezrider","seller":"coininstant","symbol":"POB","quantity":"71.63040258","price":"1.10000000","timestamp":1621997079,"volume":"78.79344284","buyTxId":"3f0c4a4d0db68e9a667af2152c07479b4af08f7c","sellTxId":"9c10f62c84611ab01c1eb250154922e1577359d0"}
{"index": {"_index":"pob","_id":"1088004"}}
	{"id":1088004,"type":"sell","buyer":"eirik","seller":"coininstant","symbol":"POB","quantity":"0.36959742","price":"1.10000000","timestamp":1621997079,"volume":"0.40655716","buyTxId":"a333d0c7b06f499cfcac24a15054ca42390962c1","sellTxId":"9c10f62c84611ab01c1eb250154922e1577359d0"}
{"index": {"_index":"pob","_id":"1088006"}}
	{"id":1088006,"type":"sell","buyer":"eirik","seller":"coininstant","symbol":"POB","quantity":"2.63040258","price":"1.10000000","timestamp":1621997100,"volume":"2.89344284","buyTxId":"a333d0c7b06f499cfcac24a15054ca42390962c1","sellTxId":"73658681f5a7a770357ee1b77f2c9300c3764cb7"}
{"index": {"_index":"pob","_id":"1088007"}}
	{"id":1088007,"type":"sell","buyer":"cookaiss","seller":"coininstant","symbol":"POB","quantity":"0.36959742","price":"1.10000000","timestamp":1621997100,"volume":"0.40655716","buyTxId":"ea26069a044650116c5c4153f3158e678993b6d3","sellTxId":"73658681f5a7a770357ee1b77f2c9300c3764cb7"}
{"index": {"_index":"pob","_id":"1088010"}}
	{"id":1088010,"type":"sell","buyer":"cookaiss","seller":"coininstant","symbol":"POB","quantity":"2.63040258","price":"1.10000000","timestamp":1621997136,"volume":"2.89344284","buyTxId":"ea26069a044650116c5c4153f3158e678993b6d3","sellTxId":"fc9f1c36f79130274de0bd5e578cf88cbc34d56d"}
{"index": {"_index":"pob","_id":"1088020"}}
	{"id":1088020,"type":"buy","buyer":"lebah","seller":"coininstant","symbol":"POB","quantity":"0.36959742","price":"1.10000000","timestamp":1621997340,"volume":"0.40655716","buyTxId":"67b7071e7cde612e06ab3d72e60292754474849b","sellTxId":"fc9f1c36f79130274de0bd5e578cf88cbc34d56d"}
{"index": {"_index":"pob","_id":"1088021"}}
	{"id":1088021,"type":"buy","buyer":"lebah","seller":"coininstant","symbol":"POB","quantity":"0.15601644","price":"1.11032000","timestamp":1621997340,"volume":"0.17322817","buyTxId":"67b7071e7cde612e06ab3d72e60292754474849b","sellTxId":"a9e7d0a93ad1bf041a9b4640d542a8c809458aea"}
{"index": {"_index":"pob","_id":"1088022"}}
	{"id":1088022,"type":"buy","buyer":"lebah","seller":"coininstant","symbol":"POB","quantity":"0.81993398","price":"1.11957000","timestamp":1621997340,"volume":"0.91797349","buyTxId":"67b7071e7cde612e06ab3d72e60292754474849b","sellTxId":"f1938235e25107427761866ed569f03087cb1d25"}
{"index": {"_index":"pob","_id":"1088023"}}
	{"id":1088023,"type":"buy","buyer":"lebah","seller":"coininstant","symbol":"POB","quantity":"1.31600000","price":"1.15002004","timestamp":1621997340,"volume":"1.51342637","buyTxId":"67b7071e7cde612e06ab3d72e60292754474849b","sellTxId":"135577c2087785b00e70c52e22dd9e3929195661"}
{"index": {"_index":"pob","_id":"1088024"}}
	{"id":1088024,"type":"buy","buyer":"lebah","seller":"coininstant","symbol":"POB","quantity":"0.48700000","price":"1.15029031","timestamp":1621997340,"volume":"0.56019138","buyTxId":"67b7071e7cde612e06ab3d72e60292754474849b","sellTxId":"518d5d98d6b0ce8b61b4d46279a9a517e0c62ca6"}
{"index": {"_index":"pob","_id":"1088025"}}
	{"id":1088025,"type":"buy","buyer":"lebah","seller":"coininstant","symbol":"POB","quantity":"0.26824532","price":"1.15039031","timestamp":1621997340,"volume":"0.30858682","buyTxId":"67b7071e7cde612e06ab3d72e60292754474849b","sellTxId":"d1ffa371bfbe6dad27db2f9d1721e08d0e4a32c5"}
{"index": {"_index":"pob","_id":"1088026"}}
	{"id":1088026,"type":"buy","buyer":"lebah","seller":"coininstant","symbol":"POB","quantity":"0.27500000","price":"1.20000000","timestamp":1621997340,"volume":"0.33000000","buyTxId":"67b7071e7cde612e06ab3d72e60292754474849b","sellTxId":"4452fc36507bd76b86e717ddd937fb83b7d6eb77"}
{"index": {"_index":"pob","_id":"1088027"}}
	{"id":1088027,"type":"buy","buyer":"lebah","seller":"mmmmkkkk311","symbol":"POB","quantity":"10.30820684","price":"1.22988999","timestamp":1621997340,"volume":"12.67796041","buyTxId":"67b7071e7cde612e06ab3d72e60292754474849b","sellTxId":"MM-P-7259434-54215715-3-2-1"}
{"index": {"_index":"pob","_id":"1088047"}}
	{"id":1088047,"type":"sell","buyer":"he-index","seller":"thatcryptodave","symbol":"POB","quantity":"0.43799940","price":"1.10000000","timestamp":1621997535,"volume":"0.48179934","buyTxId":"0698a576166315028d05e209e87ffa942254b1b2","sellTxId":"2f099e9ccfda64594d852dce3a5e0adb72c60217"}
{"index": {"_index":"pob","_id":"1088078"}}
	{"id":1088078,"type":"buy","buyer":"mmmmkkkk311","seller":"freebornsociety","symbol":"POB","quantity":"17.50000000","price":"1.22934996","timestamp":1621998987,"volume":"21.51362430","buyTxId":"65684de83803ebacf16015199d69f2da09bdf64b","sellTxId":"MM-P-7259934-54216288-3-2-1"}
{"index": {"_index":"pob","_id":"1088079"}}
	{"id":1088079,"type":"buy","buyer":"mmmmkkkk311","seller":"mmmmkkkk311","symbol":"POB","quantity":"15.00000000","price":"1.22944996","timestamp":1621998987,"volume":"18.44174940","buyTxId":"65684de83803ebacf16015199d69f2da09bdf64b","sellTxId":"MM-P-7259876-54216215-3-2-1"}
{"index": {"_index":"pob","_id":"1088080"}}
	{"id":1088080,"type":"buy","buyer":"mmmmkkkk311","seller":"bluesniper","symbol":"POB","quantity":"15.00000000","price":"1.22963998","timestamp":1621998987,"volume":"18.44459970","buyTxId":"65684de83803ebacf16015199d69f2da09bdf64b","sellTxId":"MM-P-7259934-54216288-3-4-1"}
{"index": {"_index":"pob","_id":"1088081"}}
	{"id":1088081,"type":"buy","buyer":"mmmmkkkk311","seller":"coininstant","symbol":"POB","quantity":"13.03530443","price":"1.22977000","timestamp":1621998987,"volume":"16.03042633","buyTxId":"65684de83803ebacf16015199d69f2da09bdf64b","sellTxId":"aa92fff8c36e0d125155f61a43730d4db00f4308"}
{"index": {"_index":"pob","_id":"1088082"}}
	{"id":1088082,"type":"buy","buyer":"mmmmkkkk311","seller":"coininstant","symbol":"POB","quantity":"1.66000000","price":"1.23000000","timestamp":1621998987,"volume":"2.04180000","buyTxId":"65684de83803ebacf16015199d69f2da09bdf64b","sellTxId":"a30f105440ad562e2f29817b5b0c16cd70711833"}
{"index": {"_index":"pob","_id":"1088083"}}
	{"id":1088083,"type":"buy","buyer":"mmmmkkkk311","seller":"coininstant","symbol":"POB","quantity":"1.00000000","price":"1.24000000","timestamp":1621998987,"volume":"1.24000000","buyTxId":"65684de83803ebacf16015199d69f2da09bdf64b","sellTxId":"04ec417b79b3dd0ca7601cfa1db4809b2d363bf7"}
{"index": {"_index":"pob","_id":"1088084"}}
	{"id":1088084,"type":"buy","buyer":"mmmmkkkk311","seller":"coininstant","symbol":"POB","quantity":"1.00000000","price":"1.25000000","timestamp":1621998987,"volume":"1.25000000","buyTxId":"65684de83803ebacf16015199d69f2da09bdf64b","sellTxId":"bc87200db886ced809e55b564e8cf9715e914c7d"}
{"index": {"_index":"pob","_id":"1088085"}}
	{"id":1088085,"type":"buy","buyer":"mmmmkkkk311","seller":"coininstant","symbol":"POB","quantity":"0.20000000","price":"1.25010100","timestamp":1621998987,"volume":"0.25002020","buyTxId":"65684de83803ebacf16015199d69f2da09bdf64b","sellTxId":"180c89e912384a55c09b469916fa8d66831d6ca2"}
{"index": {"_index":"pob","_id":"1088086"}}
	{"id":1088086,"type":"buy","buyer":"mmmmkkkk311","seller":"coininstant","symbol":"POB","quantity":"0.53683922","price":"1.26500000","timestamp":1621998987,"volume":"0.67910161","buyTxId":"65684de83803ebacf16015199d69f2da09bdf64b","sellTxId":"c1f8577564de7f1631d401b70b49c07b8fa5c78c"}
{"index": {"_index":"pob","_id":"1088087"}}
	{"id":1088087,"type":"buy","buyer":"mmmmkkkk311","seller":"coininstant","symbol":"POB","quantity":"1.00000000","price":"1.26500002","timestamp":1621998987,"volume":"1.26500002","buyTxId":"65684de83803ebacf16015199d69f2da09bdf64b","sellTxId":"32d2a8a45d141a2886cc02e0834f7ebee8099bf0"}
{"index": {"_index":"pob","_id":"1088088"}}
	{"id":1088088,"type":"buy","buyer":"mmmmkkkk311","seller":"coininstant","symbol":"POB","quantity":"0.23871662","price":"1.26510002","timestamp":1621998987,"volume":"0.30200040","buyTxId":"65684de83803ebacf16015199d69f2da09bdf64b","sellTxId":"700dbceac826a935a13ccb8a1b9c584ce7a643c5"}
{"index": {"_index":"pob","_id":"1088089"}}
	{"id":1088089,"type":"buy","buyer":"mmmmkkkk311","seller":"coininstant","symbol":"POB","quantity":"0.91531212","price":"1.26511002","timestamp":1621998987,"volume":"1.15797053","buyTxId":"65684de83803ebacf16015199d69f2da09bdf64b","sellTxId":"5373125c04c4260e0c9adafe8981ba5fb65273f9"}
{"index": {"_index":"pob","_id":"1088090"}}
	{"id":1088090,"type":"buy","buyer":"mmmmkkkk311","seller":"coininstant","symbol":"POB","quantity":"25.91382761","price":"1.27000000","timestamp":1621998987,"volume":"32.91056106","buyTxId":"65684de83803ebacf16015199d69f2da09bdf64b","sellTxId":"a890712875a0db5babc4f7cfbecd917a027b4a10"}
{"index": {"_index":"pob","_id":"1088102"}}
	{"id":1088102,"type":"buy","buyer":"mmmmkkkk311","seller":"bluesniper","symbol":"POB","quantity":"15.00000000","price":"1.26988999","timestamp":1621999284,"volume":"19.04834985","buyTxId":"b75054f6d5daf6bbcaf403ebb87ff95efbd28816","sellTxId":"MM-P-7260024-54216387-3-4-1"}
{"index": {"_index":"pob","_id":"1088103"}}
	{"id":1088103,"type":"buy","buyer":"mmmmkkkk311","seller":"freebornsociety","symbol":"POB","quantity":"30.00000000","price":"1.26989999","timestamp":1621999284,"volume":"38.09699970","buyTxId":"b75054f6d5daf6bbcaf403ebb87ff95efbd28816","sellTxId":"MM-P-7260024-54216387-3-2-1"}
{"index": {"_index":"pob","_id":"1088104"}}
	{"id":1088104,"type":"buy","buyer":"mmmmkkkk311","seller":"coininstant","symbol":"POB","quantity":"69.76000000","price":"1.27000000","timestamp":1621999284,"volume":"88.59520000","buyTxId":"b75054f6d5daf6bbcaf403ebb87ff95efbd28816","sellTxId":"a890712875a0db5babc4f7cfbecd917a027b4a10"}
{"index": {"_index":"pob","_id":"1088122"}}
	{"id":1088122,"type":"buy","buyer":"mmmmkkkk311","seller":"coininstant","symbol":"POB","quantity":"3.32617239","price":"1.27000000","timestamp":1621999683,"volume":"4.22423894","buyTxId":"be65c141acc72da4208b8e98e116a354b9f63609","sellTxId":"a890712875a0db5babc4f7cfbecd917a027b4a10"}
{"index": {"_index":"pob","_id":"1088123"}}
	{"id":1088123,"type":"buy","buyer":"mmmmkkkk311","seller":"coininstant","symbol":"POB","quantity":"1.00000000","price":"1.27550000","timestamp":1621999683,"volume":"1.27550000","buyTxId":"be65c141acc72da4208b8e98e116a354b9f63609","sellTxId":"666bd2c12c3f95427851e0828692193c4c60567c"}
{"index": {"_index":"pob","_id":"1088124"}}
	{"id":1088124,"type":"buy","buyer":"mmmmkkkk311","seller":"eythorphoto","symbol":"POB","quantity":"0.05460401","price":"1.27550000","timestamp":1621999683,"volume":"0.06964741","buyTxId":"be65c141acc72da4208b8e98e116a354b9f63609","sellTxId":"6b1b786399981fbd8d70135820b87a1d83b8b221"}
{"index": {"_index":"pob","_id":"1088125"}}
	{"id":1088125,"type":"buy","buyer":"mmmmkkkk311","seller":"bluesniper","symbol":"POB","quantity":"15.00000000","price":"1.29988999","timestamp":1621999683,"volume":"19.49834985","buyTxId":"be65c141acc72da4208b8e98e116a354b9f63609","sellTxId":"MM-P-7260120-54216487-3-4-1"}
{"index": {"_index":"pob","_id":"1088126"}}
	{"id":1088126,"type":"buy","buyer":"mmmmkkkk311","seller":"freebornsociety","symbol":"POB","quantity":"30.00000000","price":"1.29989999","timestamp":1621999683,"volume":"38.99699970","buyTxId":"be65c141acc72da4208b8e98e116a354b9f63609","sellTxId":"MM-P-7260120-54216487-3-2-1"}
{"index": {"_index":"pob","_id":"1088127"}}
	{"id":1088127,"type":"buy","buyer":"mmmmkkkk311","seller":"coininstant","symbol":"POB","quantity":"0.00006000","price":"1.30000000","timestamp":1621999683,"volume":"0.00007800","buyTxId":"be65c141acc72da4208b8e98e116a354b9f63609","sellTxId":"c42c8c1fbf8b447adba5778d435d7d4667ba51a8"}
{"index": {"_index":"pob","_id":"1088128"}}
	{"id":1088128,"type":"buy","buyer":"mmmmkkkk311","seller":"anadolu","symbol":"POB","quantity":"23.00000000","price":"1.30000000","timestamp":1621999683,"volume":"29.90000000","buyTxId":"be65c141acc72da4208b8e98e116a354b9f63609","sellTxId":"2b7f8606f783d43cc76a4a1c2b3a9d7a9b187cd3"}
{"index": {"_index":"pob","_id":"1088129"}}
	{"id":1088129,"type":"buy","buyer":"mmmmkkkk311","seller":"coininstant","symbol":"POB","quantity":"0.13181853","price":"1.30001000","timestamp":1621999683,"volume":"0.17136541","buyTxId":"be65c141acc72da4208b8e98e116a354b9f63609","sellTxId":"584bdd7097a5519cc153c33658319dddbe415f54"}
{"index": {"_index":"pob","_id":"1088130"}}
	{"id":1088130,"type":"buy","buyer":"mmmmkkkk311","seller":"coininstant","symbol":"POB","quantity":"1.00000000","price":"1.30011001","timestamp":1621999683,"volume":"1.30011001","buyTxId":"be65c141acc72da4208b8e98e116a354b9f63609","sellTxId":"0ee96971f10f6db2d9db2e629d20c224f245fedd"}
{"index": {"_index":"pob","_id":"1088131"}}
	{"id":1088131,"type":"buy","buyer":"mmmmkkkk311","seller":"coininstant","symbol":"POB","quantity":"1.00000000","price":"1.30100000","timestamp":1621999683,"volume":"1.30100000","buyTxId":"be65c141acc72da4208b8e98e116a354b9f63609","sellTxId":"2cd08820622d268abfef215103f9f0b49c921b98"}
{"index": {"_index":"pob","_id":"1088134"}}
	{"id":1088134,"type":"sell","buyer":"mmmmkkkk311","seller":"freebornsociety","symbol":"POB","quantity":"13.06044988","price":"1.30189000","timestamp":1621999818,"volume":"17.00326909","buyTxId":"be65c141acc72da4208b8e98e116a354b9f63609","sellTxId":"MM-P-7260217-54216587-3-2-1"}
{"index": {"_index":"pob","_id":"1088143"}}
	{"id":1088143,"type":"buy","buyer":"onealfa.leo","seller":"melbourneswest","symbol":"POB","quantity":"8.00000000","price":"1.30000000","timestamp":1622000259,"volume":"10.40000000","buyTxId":"a8e2cf554f83dc22c0672d95a835e8ee8a7974ad","sellTxId":"a30d06ae3176bc1f104f289a011666cc5c73bee0"}
{"index": {"_index":"pob","_id":"1088144"}}
	{"id":1088144,"type":"buy","buyer":"onealfa.leo","seller":"bluesniper","symbol":"POB","quantity":"15.00000000","price":"1.30168001","timestamp":1622000259,"volume":"19.52520015","buyTxId":"a8e2cf554f83dc22c0672d95a835e8ee8a7974ad","sellTxId":"MM-P-7260314-54216687-3-4-1"}
{"index": {"_index":"pob","_id":"1088145"}}
	{"id":1088145,"type":"buy","buyer":"onealfa.leo","seller":"freebornsociety","symbol":"POB","quantity":"29.66279053","price":"1.30169001","timestamp":1622000259,"volume":"38.61175810","buyTxId":"a8e2cf554f83dc22c0672d95a835e8ee8a7974ad","sellTxId":"MM-P-7260314-54216687-3-2-1"}
{"index": {"_index":"pob","_id":"1088146"}}
	{"id":1088146,"type":"buy","buyer":"onealfa.leo","seller":"mmmmkkkk311","symbol":"POB","quantity":"15.00000000","price":"1.30189002","timestamp":1622000259,"volume":"19.52835030","buyTxId":"a8e2cf554f83dc22c0672d95a835e8ee8a7974ad","sellTxId":"MM-P-7259959-54216315-3-2-1"}
{"index": {"_index":"pob","_id":"1088147"}}
	{"id":1088147,"type":"buy","buyer":"onealfa.leo","seller":"coininstant","symbol":"POB","quantity":"0.71794410","price":"1.30190002","timestamp":1622000259,"volume":"0.93469145","buyTxId":"a8e2cf554f83dc22c0672d95a835e8ee8a7974ad","sellTxId":"9248c8e9cf3f43f107147ee7f3f6f0f4f32f5ab3"}
{"index": {"_index":"pob","_id":"1088192"}}
	{"id":1088192,"type":"buy","buyer":"scottshots","seller":"coininstant","symbol":"POB","quantity":"0.44422868","price":"1.30190002","timestamp":1622002365,"volume":"0.57834133","buyTxId":"72ad3fcbbf20acb532faf8b00ac7cc89e8a39e1f","sellTxId":"9248c8e9cf3f43f107147ee7f3f6f0f4f32f5ab3"}
{"index": {"_index":"pob","_id":"1088193"}}
	{"id":1088193,"type":"buy","buyer":"scottshots","seller":"he-index","symbol":"POB","quantity":"0.01100000","price":"1.30190002","timestamp":1622002365,"volume":"0.01432090","buyTxId":"72ad3fcbbf20acb532faf8b00ac7cc89e8a39e1f","sellTxId":"a7d09bfa562d5b5a70ee3b4ee3696175bd9f020e"}
{"index": {"_index":"pob","_id":"1088220"}}
	{"id":1088220,"type":"buy","buyer":"torrecoin90","seller":"bluesniper","symbol":"POB","quantity":"2.47324413","price":"1.48713989","timestamp":1622004552,"volume":"3.67806000","buyTxId":"34b3887198d52522e105e2bf8ff9bbd8b00e54b5","sellTxId":"MM-P-7261661-54218085-3-4-1"}
{"index": {"_index":"pob","_id":"1088221"}}
	{"id":1088221,"type":"sell","buyer":"bluesniper","seller":"fullcoverbetting","symbol":"POB","quantity":"5.00000000","price":"1.10077100","timestamp":1622004642,"volume":"5.50385500","buyTxId":"MM-P-7261758-54218184-3-4-0","sellTxId":"e96643e096b104ef870507f72c399511241ff252"}
{"index": {"_index":"pob","_id":"1088228"}}
	{"id":1088228,"type":"buy","buyer":"scottshots","seller":"bluesniper","symbol":"POB","quantity":"5.00000000","price":"1.48711987","timestamp":1622004984,"volume":"7.43559935","buyTxId":"097a395b9de67e207834abef07ec7a772398e755","sellTxId":"MM-P-7261849-54218284-3-4-1"}
{"index": {"_index":"pob","_id":"1088279"}}
	{"id":1088279,"type":"sell","buyer":"anadolu","seller":"tlundy47","symbol":"POB","quantity":"0.00005788","price":"1.15000000","timestamp":1622006985,"volume":"0.00006656","buyTxId":"cd84bd7ee8cd14c45ccc18cb69d6a960df2fb2d0","sellTxId":"40949a55f742c46213a2083d3be8ec7d4fbbd026"}
{"index": {"_index":"pob","_id":"1088287"}}
	{"id":1088287,"type":"sell","buyer":"cookaiss","seller":"clicmaster","symbol":"POB","quantity":"9.00000000","price":"1.15000100","timestamp":1622007558,"volume":"10.35000900","buyTxId":"4d47b10c7d9c72533a7ba9a08ac6b4f8dc55c565","sellTxId":"aa2146ac909de872c7ea10eb3302aa5cb57e2dbf"}
{"index": {"_index":"pob","_id":"1088288"}}
	{"id":1088288,"type":"sell","buyer":"anadolu","seller":"clicmaster","symbol":"POB","quantity":"4.99145183","price":"1.15000000","timestamp":1622007558,"volume":"5.74016960","buyTxId":"cd84bd7ee8cd14c45ccc18cb69d6a960df2fb2d0","sellTxId":"aa2146ac909de872c7ea10eb3302aa5cb57e2dbf"}
{"index": {"_index":"pob","_id":"1088304"}}
	{"id":1088304,"type":"sell","buyer":"anadolu","seller":"uyobong","symbol":"POB","quantity":"7.10000000","price":"1.15000000","timestamp":1622008212,"volume":"8.16500000","buyTxId":"cd84bd7ee8cd14c45ccc18cb69d6a960df2fb2d0","sellTxId":"80bd375c689d6d89e32ab53e1ef13458b025e697"}
{"index": {"_index":"pob","_id":"1088319"}}
	{"id":1088319,"type":"buy","buyer":"dumnebari","seller":"bluesniper","symbol":"POB","quantity":"2.20000000","price":"1.47994995","timestamp":1622009040,"volume":"3.25588989","buyTxId":"2f05d552bd6745e49434b4da619b017ed22cbc55","sellTxId":"MM-P-7263019-54219582-3-4-1"}
{"index": {"_index":"pob","_id":"1088323"}}
	{"id":1088323,"type":"sell","buyer":"dumnebari","seller":"quinnertronics","symbol":"POB","quantity":"0.50000000","price":"1.40000000","timestamp":1622009115,"volume":"0.70000000","buyTxId":"8c37c8647040308811e939d1e8e60c9b4109f8f7","sellTxId":"07faa38fc76a585e75b4a60a1c3307edf9bd89b1"}
{"index": {"_index":"pob","_id":"1088339"}}
	{"id":1088339,"type":"sell","buyer":"anadolu","seller":"stickupboys","symbol":"POB","quantity":"2.00000000","price":"1.15000000","timestamp":1622009865,"volume":"2.30000000","buyTxId":"cd84bd7ee8cd14c45ccc18cb69d6a960df2fb2d0","sellTxId":"bc452e98e7739a786c7a73a8dc92fd808df281eb"}
{"index": {"_index":"pob","_id":"1088360"}}
	{"id":1088360,"type":"sell","buyer":"anadolu","seller":"evegrace","symbol":"POB","quantity":"3.00000000","price":"1.15000000","timestamp":1622010711,"volume":"3.45000000","buyTxId":"cd84bd7ee8cd14c45ccc18cb69d6a960df2fb2d0","sellTxId":"4ceae542e19768a644dbc8f22d51404c1b2f9c41"}
{"index": {"_index":"pob","_id":"1088361"}}
	{"id":1088361,"type":"sell","buyer":"anadolu","seller":"thegoliath","symbol":"POB","quantity":"8.51894209","price":"1.15000000","timestamp":1622010771,"volume":"9.79678340","buyTxId":"cd84bd7ee8cd14c45ccc18cb69d6a960df2fb2d0","sellTxId":"92beaacbebd4fbcace25e331256169793b3cde49"}
{"index": {"_index":"pob","_id":"1088379"}}
	{"id":1088379,"type":"sell","buyer":"anadolu","seller":"felipejoys","symbol":"POB","quantity":"1.47000000","price":"1.15000000","timestamp":1622010999,"volume":"1.69050000","buyTxId":"cd84bd7ee8cd14c45ccc18cb69d6a960df2fb2d0","sellTxId":"b3b9a4cb510b140dc7ff85a9fec3b36d9b32cd20"}
{"index": {"_index":"pob","_id":"1088401"}}
	{"id":1088401,"type":"sell","buyer":"anadolu","seller":"thatcryptodave","symbol":"POB","quantity":"0.04812795","price":"1.15000000","timestamp":1622011932,"volume":"0.05534714","buyTxId":"cd84bd7ee8cd14c45ccc18cb69d6a960df2fb2d0","sellTxId":"b70827ffb2fa8379b586d4a730bc7f62c20d8995"}
{"index": {"_index":"pob","_id":"1088444"}}
	{"id":1088444,"type":"sell","buyer":"anadolu","seller":"tlundy47","symbol":"POB","quantity":"0.00008796","price":"1.15000000","timestamp":1622012760,"volume":"0.00010115","buyTxId":"cd84bd7ee8cd14c45ccc18cb69d6a960df2fb2d0","sellTxId":"c7ee3d731f7b96d1249b3d5ef8bb3d7034b1a6c6"}
{"index": {"_index":"pob","_id":"1088456"}}
	{"id":1088456,"type":"sell","buyer":"anadolu","seller":"leedsunited","symbol":"POB","quantity":"2.70063042","price":"1.15000000","timestamp":1622013138,"volume":"3.10572498","buyTxId":"cd84bd7ee8cd14c45ccc18cb69d6a960df2fb2d0","sellTxId":"02f685a265784b067e27ae0834f0aa078ede708c"}
{"index": {"_index":"pob","_id":"1088462"}}
	{"id":1088462,"type":"sell","buyer":"anadolu","seller":"priyanarc","symbol":"POB","quantity":"15.00000000","price":"1.15000000","timestamp":1622013297,"volume":"17.25000000","buyTxId":"cd84bd7ee8cd14c45ccc18cb69d6a960df2fb2d0","sellTxId":"3a26796bda070caf3b0318d164714482abf2a500"}
{"index": {"_index":"pob","_id":"1088479"}}
	{"id":1088479,"type":"buy","buyer":"lxsxl","seller":"bluesniper","symbol":"POB","quantity":"1.00000000","price":"1.29993994","timestamp":1622013621,"volume":"1.29993994","buyTxId":"ddb90a2355fbd922f8c8b9a3ef62129c7c3884bb","sellTxId":"MM-P-7264141-54220880-3-4-1"}
{"index": {"_index":"pob","_id":"1088563"}}
	{"id":1088563,"type":"sell","buyer":"anadolu","seller":"numpypython","symbol":"POB","quantity":"0.66147694","price":"1.15000000","timestamp":1622015538,"volume":"0.76069848","buyTxId":"cd84bd7ee8cd14c45ccc18cb69d6a960df2fb2d0","sellTxId":"901768438e95543662eb610faaa184fb3bbfb050"}
{"index": {"_index":"pob","_id":"1088579"}}
	{"id":1088579,"type":"sell","buyer":"anadolu","seller":"nathen007","symbol":"POB","quantity":"4.50922493","price":"1.15000000","timestamp":1622016366,"volume":"5.18560867","buyTxId":"cd84bd7ee8cd14c45ccc18cb69d6a960df2fb2d0","sellTxId":"d925116facd29a94d3f7b6ae0c101ba17c943db0"}
{"index": {"_index":"pob","_id":"1088580"}}
	{"id":1088580,"type":"sell","buyer":"bluesniper","seller":"nathen007","symbol":"POB","quantity":"23.76302844","price":"1.10935100","timestamp":1622016366,"volume":"26.36153936","buyTxId":"MM-P-7265193-54222079-3-4-0","sellTxId":"d925116facd29a94d3f7b6ae0c101ba17c943db0"}
{"index": {"_index":"pob","_id":"1088596"}}
	{"id":1088596,"type":"sell","buyer":"mmmmkkkk311","seller":"mawit07","symbol":"POB","quantity":"6.77132766","price":"1.11002100","timestamp":1622017344,"volume":"7.51631590","buyTxId":"MM-P-7265457-54222407-3-2-0","sellTxId":"4f640e912e1867e3f9ad4e2cdb375b255a25afa7"}
{"index": {"_index":"pob","_id":"1088606"}}
	{"id":1088606,"type":"sell","buyer":"bluesniper","seller":"josediccus","symbol":"POB","quantity":"6.00000000","price":"1.11045100","timestamp":1622017878,"volume":"6.66270600","buyTxId":"MM-P-7265603-54222579-3-4-0","sellTxId":"92cbd321bd29254411fdb6e7b84f51d2d6590818"}
{"index": {"_index":"pob","_id":"1088618"}}
	{"id":1088618,"type":"sell","buyer":"richardcrill","seller":"geo.trainer","symbol":"POB","quantity":"0.35006825","price":"1.11056100","timestamp":1622018001,"volume":"0.38877215","buyTxId":"MM-P-7265644-54222623-3-10-0","sellTxId":"f6dc71afeff84c3421da59a7864622ef36f63033"}
{"index": {"_index":"pob","_id":"1088623"}}
	{"id":1088623,"type":"sell","buyer":"mmmmkkkk311","seller":"jerriz","symbol":"POB","quantity":"2.07788138","price":"1.11068100","timestamp":1622018244,"volume":"2.30786337","buyTxId":"MM-P-7265719-54222707-3-2-0","sellTxId":"a4397979e22027b93c18cce933ba6269dbcb7852"}
{"index": {"_index":"pob","_id":"1088626"}}
	{"id":1088626,"type":"sell","buyer":"bluesniper","seller":"teeygold","symbol":"POB","quantity":"20.85535156","price":"1.11089100","timestamp":1622018481,"volume":"23.16802235","buyTxId":"MM-P-7265782-54222779-3-4-0","sellTxId":"16ad43b495af14832892fb42b9817af090456e90"}
{"index": {"_index":"pob","_id":"1088632"}}
	{"id":1088632,"type":"sell","buyer":"richardcrill","seller":"ahmetay","symbol":"POB","quantity":"0.00279382","price":"1.11100100","timestamp":1622018619,"volume":"0.00310394","buyTxId":"MM-P-7265821-54222823-3-10-0","sellTxId":"c18c3c2dcaaefc7253a8612f518c3150a9424e47"}
{"index": {"_index":"pob","_id":"1088646"}}
	{"id":1088646,"type":"sell","buyer":"richardcrill","seller":"stayten","symbol":"POB","quantity":"0.85800860","price":"1.11122100","timestamp":1622018919,"volume":"0.95343717","buyTxId":"MM-P-7265905-54222923-3-10-0","sellTxId":"286a9fc90fbc4ef723770cdca86ea01ef6de9caa"}
{"index": {"_index":"pob","_id":"1088652"}}
	{"id":1088652,"type":"sell","buyer":"richardcrill","seller":"fullcoverbetting","symbol":"POB","quantity":"0.01073548","price":"1.11144100","timestamp":1622019207,"volume":"0.01193185","buyTxId":"MM-P-7265987-54223023-3-10-0","sellTxId":"3ba49577688b70379a872323401bd173d246e677"}
{"index": {"_index":"pob","_id":"1088662"}}
	{"id":1088662,"type":"sell","buyer":"bluesniper","seller":"fredrikaa","symbol":"POB","quantity":"2.84957291","price":"1.11251000","timestamp":1622020578,"volume":"3.17017836","buyTxId":"MM-P-7266373-54223478-3-4-0","sellTxId":"a80b387f3b5a4e6738db9c9035fcb3e3b72e01e9"}
{"index": {"_index":"pob","_id":"1088665"}}
	{"id":1088665,"type":"sell","buyer":"richardcrill","seller":"fieryfootprints","symbol":"POB","quantity":"0.14750438","price":"1.11262000","timestamp":1622020761,"volume":"0.16411632","buyTxId":"MM-P-7266413-54223522-3-10-0","sellTxId":"77755239c419ce1b2ab50e62588548ae406c9884"}
{"index": {"_index":"pob","_id":"1088680"}}
	{"id":1088680,"type":"sell","buyer":"bluesniper","seller":"achim03","symbol":"POB","quantity":"4.13700000","price":"1.11339000","timestamp":1622021802,"volume":"4.60609443","buyTxId":"MM-P-7266720-54223877-3-4-0","sellTxId":"7a195cb3ee3ec3b033d4e1db1661323e9210a67c"}
{"index": {"_index":"pob","_id":"1088686"}}
	{"id":1088686,"type":"sell","buyer":"bluesniper","seller":"chireerocks","symbol":"POB","quantity":"0.62093781","price":"1.11361000","timestamp":1622022051,"volume":"0.69148255","buyTxId":"MM-P-7266798-54223977-3-4-0","sellTxId":"6e5c6479c9a970acc55eb0688152939b3737a12a"}
{"index": {"_index":"pob","_id":"1088710"}}
	{"id":1088710,"type":"sell","buyer":"richardcrill","seller":"ahmetay","symbol":"POB","quantity":"0.00444636","price":"1.11460000","timestamp":1622023362,"volume":"0.00495591","buyTxId":"MM-P-7267188-54224420-3-10-0","sellTxId":"d1e31ba4245c968482573c9d886e9dd53a0114b2"}
{"index": {"_index":"pob","_id":"1088768"}}
	{"id":1088768,"type":"sell","buyer":"mmmmkkkk311","seller":"charcoalbuffet","symbol":"POB","quantity":"1.72671139","price":"1.11604000","timestamp":1622025441,"volume":"1.92707898","buyTxId":"MM-P-7267794-54225105-3-2-0","sellTxId":"4d4e8814f5f011adee25bcbfe259ce8fd65b1052"}
{"index": {"_index":"pob","_id":"1088811"}}
	{"id":1088811,"type":"sell","buyer":"richardcrill","seller":"pablodare","symbol":"POB","quantity":"2.14568377","price":"1.11723000","timestamp":1622027034,"volume":"2.39722228","buyTxId":"MM-P-7268236-54225618-3-10-0","sellTxId":"0691d44f478e25bcf6a2ee3f397a73d3c64a9d7f"}
{"index": {"_index":"pob","_id":"1088819"}}
	{"id":1088819,"type":"sell","buyer":"richardcrill","seller":"fullcoverbetting","symbol":"POB","quantity":"0.61864743","price":"1.11766000","timestamp":1622027634,"volume":"0.69143749","buyTxId":"MM-P-7268435-54225818-3-10-0","sellTxId":"3e10bab07e739e6694f875cc54ddb69e98a019f9"}
{"index": {"_index":"pob","_id":"1088820"}}
	{"id":1088820,"type":"sell","buyer":"freebornsociety","seller":"liaminit1","symbol":"POB","quantity":"3.46143979","price":"1.11776000","timestamp":1622027736,"volume":"3.86905894","buyTxId":"MM-P-7268490-54225874-3-2-0","sellTxId":"b25ec919e683475fbc323b658edfaf9235b20deb"}
{"index": {"_index":"pob","_id":"1088823"}}
	{"id":1088823,"type":"sell","buyer":"mmmmkkkk311","seller":"scooter77","symbol":"POB","quantity":"20.00000000","price":"1.11821000","timestamp":1622028417,"volume":"22.36420000","buyTxId":"MM-P-7268716-54226102-3-2-0","sellTxId":"217581d76843d584e3b2b30d41865aa6c8913eec"}
{"index": {"_index":"pob","_id":"1088869"}}
	{"id":1088869,"type":"sell","buyer":"richardcrill","seller":"brutalmonkey","symbol":"POB","quantity":"0.13000000","price":"1.11919000","timestamp":1622029746,"volume":"0.14549470","buyTxId":"MM-P-7269129-54226516-3-10-0","sellTxId":"89a415680f7a0fab6e48dfdeb6b260996d5a2773"}
{"index": {"_index":"pob","_id":"1088873"}}
	{"id":1088873,"type":"sell","buyer":"bluesniper","seller":"ahmetay","symbol":"POB","quantity":"0.00445949","price":"1.11952000","timestamp":1622030169,"volume":"0.00499249","buyTxId":"MM-P-7269284-54226671-3-4-0","sellTxId":"5000420c5163e9d78d381ccebfa4dfb268871442"}
{"index": {"_index":"pob","_id":"1088877"}}
	{"id":1088877,"type":"sell","buyer":"richardcrill","seller":"andy4475","symbol":"POB","quantity":"2.47468472","price":"1.11985000","timestamp":1622030553,"volume":"2.77127568","buyTxId":"MM-P-7269427-54226814-3-10-0","sellTxId":"6826aad184e33b618bddb3c495b47084f7b42f5a"}
{"index": {"_index":"pob","_id":"1088884"}}
	{"id":1088884,"type":"buy","buyer":"onealfa.leo","seller":"freebornsociety","symbol":"POB","quantity":"3.46143979","price":"1.27917500","timestamp":1622030832,"volume":"4.42778724","buyTxId":"13dce51026bd91c54313ca11a85e5efe9d2144d0","sellTxId":"MM-P-7268986-54226372-3-2-1"}
{"index": {"_index":"pob","_id":"1088885"}}
	{"id":1088885,"type":"buy","buyer":"onealfa.leo","seller":"solovey6o2","symbol":"POB","quantity":"246.51766498","price":"1.27919492","timestamp":1622030832,"volume":"315.34414473","buyTxId":"13dce51026bd91c54313ca11a85e5efe9d2144d0","sellTxId":"0a0d3797831c72fbe46104221bab7a85114704d8"}
{"index": {"_index":"pob","_id":"1088886"}}
	{"id":1088886,"type":"buy","buyer":"onealfa.leo","seller":"bluesniper","symbol":"POB","quantity":"15.00000000","price":"1.27919493","timestamp":1622030832,"volume":"19.18792395","buyTxId":"13dce51026bd91c54313ca11a85e5efe9d2144d0","sellTxId":"MM-P-7269483-54226870-3-4-1"}
{"index": {"_index":"pob","_id":"1088887"}}
	{"id":1088887,"type":"buy","buyer":"onealfa.leo","seller":"mmmmkkkk311","symbol":"POB","quantity":"15.00000000","price":"1.27921495","timestamp":1622030832,"volume":"19.18822425","buyTxId":"13dce51026bd91c54313ca11a85e5efe9d2144d0","sellTxId":"MM-P-7269312-54226699-3-2-1"}
{"index": {"_index":"pob","_id":"1088888"}}
	{"id":1088888,"type":"buy","buyer":"onealfa.leo","seller":"liotes.voter","symbol":"POB","quantity":"12.15931907","price":"1.27927501","timestamp":1622030832,"volume":"15.55511302","buyTxId":"13dce51026bd91c54313ca11a85e5efe9d2144d0","sellTxId":"44548f07266ac264010c31148d5ea560908f327b"}
{"index": {"_index":"pob","_id":"1088889"}}
	{"id":1088889,"type":"buy","buyer":"onealfa.leo","seller":"elricmoonslayer","symbol":"POB","quantity":"4.30000000","price":"1.27937990","timestamp":1622030832,"volume":"5.50133357","buyTxId":"13dce51026bd91c54313ca11a85e5efe9d2144d0","sellTxId":"9facdfd423ddd8950125888cdc8881a19a8ca6f4"}
{"index": {"_index":"pob","_id":"1088890"}}
	{"id":1088890,"type":"buy","buyer":"onealfa.leo","seller":"anadolu","symbol":"POB","quantity":"90.00000000","price":"1.27950000","timestamp":1622030832,"volume":"115.15500000","buyTxId":"13dce51026bd91c54313ca11a85e5efe9d2144d0","sellTxId":"ebb3be41ac387ff0012c2fd61c195e25c2c75b41"}
{"index": {"_index":"pob","_id":"1088891"}}
	{"id":1088891,"type":"buy","buyer":"onealfa.leo","seller":"failingforwards","symbol":"POB","quantity":"24.71911971","price":"1.28000000","timestamp":1622030832,"volume":"31.64047324","buyTxId":"13dce51026bd91c54313ca11a85e5efe9d2144d0","sellTxId":"c27ff6ad19bc681d830a654323774d2c93135126"}
{"index": {"_index":"pob","_id":"1088897"}}
	{"id":1088897,"type":"sell","buyer":"solovey6o2","seller":"forexbrokr","symbol":"POB","quantity":"1.15312555","price":"1.12029002","timestamp":1622031306,"volume":"1.29183505","buyTxId":"8a3df7dfdcdf0871be3a236ad43d3722520cd095","sellTxId":"32f4fde22978740cfae43ea7c9dc6f4acad5d886"}
{"index": {"_index":"pob","_id":"1088909"}}
	{"id":1088909,"type":"buy","buyer":"offgridlife","seller":"failingforwards","symbol":"POB","quantity":"0.10000000","price":"1.28000000","timestamp":1622031558,"volume":"0.12800000","buyTxId":"9f34e5a4452312057c4ec21c7ec89e14b59c6e70","sellTxId":"c27ff6ad19bc681d830a654323774d2c93135126"}
{"index": {"_index":"pob","_id":"1088911"}}
	{"id":1088911,"type":"buy","buyer":"offgridlife","seller":"failingforwards","symbol":"POB","quantity":"0.10000000","price":"1.28000000","timestamp":1622031570,"volume":"0.12800000","buyTxId":"1dc44d878bee283581cf68237984d56e68ab5ce3","sellTxId":"c27ff6ad19bc681d830a654323774d2c93135126"}
{"index": {"_index":"pob","_id":"1088913"}}
	{"id":1088913,"type":"buy","buyer":"offgridlife","seller":"failingforwards","symbol":"POB","quantity":"0.06268334","price":"1.28000000","timestamp":1622031582,"volume":"0.08023468","buyTxId":"663d5ef276fc6d94fbdff574f01a4dc09af71b6a","sellTxId":"c27ff6ad19bc681d830a654323774d2c93135126"}
{"index": {"_index":"pob","_id":"1088914"}}
	{"id":1088914,"type":"buy","buyer":"offgridlife","seller":"scooter77","symbol":"POB","quantity":"0.03731666","price":"1.29999000","timestamp":1622031582,"volume":"0.04851128","buyTxId":"663d5ef276fc6d94fbdff574f01a4dc09af71b6a","sellTxId":"d791480f20a036665bca9ce4886ac65fd316004d"}
{"index": {"_index":"pob","_id":"1088920"}}
	{"id":1088920,"type":"sell","buyer":"richardcrill","seller":"fullcoverbetting","symbol":"POB","quantity":"0.05363687","price":"1.12095007","timestamp":1622032101,"volume":"0.06012425","buyTxId":"MM-P-7269926-54227314-3-10-0","sellTxId":"18c249ae825464fe63d34c977f0f3d286ed7ea05"}
{"index": {"_index":"pob","_id":"1088921"}}
	{"id":1088921,"type":"sell","buyer":"bluesniper","seller":"andy4475","symbol":"POB","quantity":"0.37686913","price":"1.12106008","timestamp":1622032284,"volume":"0.42249294","buyTxId":"MM-P-7269982-54227370-3-4-0","sellTxId":"1236626cca0b8deb9ddd6db791569c5a6252824d"}
{"index": {"_index":"pob","_id":"1088934"}}
	{"id":1088934,"type":"sell","buyer":"solovey6o2","seller":"charcoalbuffet","symbol":"POB","quantity":"5.27669569","price":"1.12139012","timestamp":1622032818,"volume":"5.91723441","buyTxId":"1c50677a2f563c8b8dc258821cd9a37fd211f969","sellTxId":"2d35243af2d275d100b397881f1f64d46b4108d9"}
{"index": {"_index":"pob","_id":"1088965"}}
	{"id":1088965,"type":"sell","buyer":"richardcrill","seller":"liaminit1","symbol":"POB","quantity":"2.76991089","price":"1.12227018","timestamp":1622033907,"volume":"3.10858839","buyTxId":"MM-P-7270520-54227911-3-10-0","sellTxId":"32c3ada457314261def3073efd52ab919137270f"}
{"index": {"_index":"pob","_id":"1088967"}}
	{"id":1088967,"type":"sell","buyer":"richardcrill","seller":"toofasteddie","symbol":"POB","quantity":"0.83248647","price":"1.12227018","timestamp":1622033922,"volume":"0.93427474","buyTxId":"MM-P-7270520-54227911-3-10-0","sellTxId":"79cc43faa23aee92dd244bf386bb7a31bcf143d4"}
{"index": {"_index":"pob","_id":"1088972"}}
	{"id":1088972,"type":"sell","buyer":"mmmmkkkk311","seller":"khazrakh","symbol":"POB","quantity":"4.00758573","price":"1.12239019","timestamp":1622034111,"volume":"4.49807491","buyTxId":"MM-P-7270605-54227996-3-2-0","sellTxId":"7a7a36fbd6d51fe115b590d3aef00fdcc1c7ae0b"}
{"index": {"_index":"pob","_id":"1089002"}}
	{"id":1089002,"type":"sell","buyer":"richardcrill","seller":"brofi-market","symbol":"POB","quantity":"4.50663431","price":"1.12293022","timestamp":1622034786,"volume":"5.06063586","buyTxId":"MM-P-7270819-54228211-3-10-0","sellTxId":"56eda25d615bfef25c17a8de82cc7de21dcdd4cf"}
{"index": {"_index":"pob","_id":"1089019"}}
	{"id":1089019,"type":"buy","buyer":"gamezine","seller":"solovey6o2","symbol":"POB","quantity":"0.11430430","price":"1.29998998","timestamp":1622035476,"volume":"0.14859444","buyTxId":"7fe347b055bb6fe9e0c028f907f9874392e58d53","sellTxId":"85c519afc9b50fad9c20abbd43dc3b5a2b868d76"}
{"index": {"_index":"pob","_id":"1089021"}}
	{"id":1089021,"type":"sell","buyer":"apoloo1","seller":"bitcoinflood","symbol":"POB","quantity":"0.06747830","price":"1.15293000","timestamp":1622035575,"volume":"0.07779776","buyTxId":"c444ed65e835e302ceec8fd8e392abb0edbafa17","sellTxId":"65326921fa889887b65ca275fac9f123cffbf593"}
{"index": {"_index":"pob","_id":"1089022"}}
	{"id":1089022,"type":"sell","buyer":"bluesniper","seller":"bitcoinflood","symbol":"POB","quantity":"31.15319534","price":"1.12348026","timestamp":1622035575,"volume":"35.00000000","buyTxId":"MM-P-7271072-54228466-3-4-0","sellTxId":"65326921fa889887b65ca275fac9f123cffbf593"}
{"index": {"_index":"pob","_id":"1089023"}}
	{"id":1089023,"type":"sell","buyer":"freebornsociety","seller":"bitcoinflood","symbol":"POB","quantity":"13.55298038","price":"1.12347026","timestamp":1622035575,"volume":"15.22637039","buyTxId":"MM-P-7271072-54228466-3-2-0","sellTxId":"65326921fa889887b65ca275fac9f123cffbf593"}
{"index": {"_index":"pob","_id":"1089042"}}
	{"id":1089042,"type":"sell","buyer":"freebornsociety","seller":"eve66","symbol":"POB","quantity":"2.93868010","price":"1.12410032","timestamp":1622036448,"volume":"3.30337124","buyTxId":"MM-P-7271360-54228766-3-2-0","sellTxId":"92328cc19893dc3f15f802a8e483fe656a89f011"}
{"index": {"_index":"pob","_id":"1089055"}}
	{"id":1089055,"type":"sell","buyer":"solovey6o2","seller":"flaxz","symbol":"POB","quantity":"0.506","price":"1.12442036","timestamp":1622037003,"volume":"0.56895670","buyTxId":"4645a300bc37f4bfa1bf7487b56eb99233d8958f","sellTxId":"0f59be8f09f7be03ebddfaad0fb858c2ab5c65ba"}
{"index": {"_index":"pob","_id":"1089145"}}
	{"id":1089145,"type":"sell","buyer":"eirik","seller":"camerarules","symbol":"POB","quantity":"1.00000000","price":"1.15000000","timestamp":1622038938,"volume":"1.15000000","buyTxId":"769530af0d9f2090db50624c6bc9168f46781ce9","sellTxId":"062e35d381b21191bb9d9c7d687e182468ef2a0a"}
{"index": {"_index":"pob","_id":"1089156"}}
	{"id":1089156,"type":"sell","buyer":"solovey6o2","seller":"celi130","symbol":"POB","quantity":"45.00000000","price":"1.12593044","timestamp":1622039088,"volume":"50.66686980","buyTxId":"d613c61cb147a0123bc9c7fe31c73cd8beb0e818","sellTxId":"8ddc2c66a459510f40411c8e3596200c9cf36182"}
{"index": {"_index":"pob","_id":"1089170"}}
	{"id":1089170,"type":"sell","buyer":"mmmmkkkk311","seller":"juanmiguelsalas","symbol":"POB","quantity":"2.17269645","price":"1.12628000","timestamp":1622039547,"volume":"2.44706456","buyTxId":"MM-P-7272336-54229794-3-2-0","sellTxId":"37f67c9597128758d1c49684e43ecabbed613e68"}
{"index": {"_index":"pob","_id":"1089186"}}
	{"id":1089186,"type":"sell","buyer":"solovey6o2","seller":"filotasriza3","symbol":"POB","quantity":"2.945","price":"1.12671003","timestamp":1622040099,"volume":"3.31816104","buyTxId":"13ef8fa61d905fe413862c5379ff5ec0a14ced21","sellTxId":"74692d91a7ecba40944084af7e85178c52aed3f2"}
{"index": {"_index":"pob","_id":"1089199"}}
	{"id":1089199,"type":"sell","buyer":"bluesniper","seller":"andy4475","symbol":"POB","quantity":"0.40550741","price":"1.12693004","timestamp":1622040354,"volume":"0.45697848","buyTxId":"MM-P-7272588-54230065-3-4-0","sellTxId":"019262667c2d13a7d25af300b4296d6437187433"}
{"index": {"_index":"pob","_id":"1089229"}}
	{"id":1089229,"type":"sell","buyer":"richardcrill","seller":"ahmetay","symbol":"POB","quantity":"0.00434400","price":"1.12748009","timestamp":1622041089,"volume":"0.00489777","buyTxId":"MM-P-7272811-54230307-3-10-0","sellTxId":"cf4732d40e67ab0330722c7e8c39e0d748aa5b29"}
{"index": {"_index":"pob","_id":"1089230"}}
	{"id":1089230,"type":"sell","buyer":"richardcrill","seller":"freevoluntarist","symbol":"POB","quantity":"0.02000000","price":"1.12748009","timestamp":1622041101,"volume":"0.02254960","buyTxId":"MM-P-7272811-54230307-3-10-0","sellTxId":"372562e73901d11c67f077c1aee5e0bdeacbf245"}
{"index": {"_index":"pob","_id":"1089316"}}
	{"id":1089316,"type":"sell","buyer":"mmmmkkkk311","seller":"liaminit1","symbol":"POB","quantity":"4.09692579","price":"1.12826016","timestamp":1622042226,"volume":"4.62239815","buyTxId":"MM-P-7273175-54230692-3-2-0","sellTxId":"7a31e9726ee835f9c92ce1df184ce4546830d785"}
{"index": {"_index":"pob","_id":"1089361"}}
	{"id":1089361,"type":"sell","buyer":"bluesniper","seller":"trumpman","symbol":"POB","quantity":"30.60452029","price":"1.12869018","timestamp":1622042724,"volume":"34.54302151","buyTxId":"MM-P-7273341-54230863-3-4-0","sellTxId":"b47fbd0e17516cdc633efbe526db9fdbf75e3b3e"}
{"index": {"_index":"pob","_id":"1089362"}}
	{"id":1089362,"type":"sell","buyer":"freebornsociety","seller":"trumpman","symbol":"POB","quantity":"8.14450094","price":"1.12868018","timestamp":1622042724,"volume":"9.19253679","buyTxId":"MM-P-7273341-54230863-3-2-0","sellTxId":"b47fbd0e17516cdc633efbe526db9fdbf75e3b3e"}
{"index": {"_index":"pob","_id":"1089376"}}
	{"id":1089376,"type":"sell","buyer":"solovey6o2","seller":"sheila23","symbol":"POB","quantity":"22.14564377","price":"1.12900020","timestamp":1622043216,"volume":"25.00243625","buyTxId":"421c1c1c203ca78f2894c0c2c502f9f0cd0b2500","sellTxId":"6a634bd7e4b9aa020f08704f153f1a19a47cbc43"}
{"index": {"_index":"pob","_id":"1089396"}}
	{"id":1089396,"type":"buy","buyer":"mmmmkkkk311","seller":"freebornsociety","symbol":"POB","quantity":"24.63616142","price":"1.14828983","timestamp":1622043936,"volume":"28.28945361","buyTxId":"ff2fa95faef143109873810a230be2280f5ffd73","sellTxId":"MM-P-7273701-54231261-3-2-1"}
{"index": {"_index":"pob","_id":"1089397"}}
	{"id":1089397,"type":"buy","buyer":"mmmmkkkk311","seller":"bluesniper","symbol":"POB","quantity":"15.00000000","price":"1.14837983","timestamp":1622043936,"volume":"17.22569745","buyTxId":"ff2fa95faef143109873810a230be2280f5ffd73","sellTxId":"MM-P-7273701-54231261-3-4-0"}
{"index": {"_index":"pob","_id":"1089398"}}
	{"id":1089398,"type":"buy","buyer":"mmmmkkkk311","seller":"solovey6o2","symbol":"POB","quantity":"76.91216070","price":"1.14838983","timestamp":1622043936,"volume":"88.32514315","buyTxId":"ff2fa95faef143109873810a230be2280f5ffd73","sellTxId":"11e458ba71d0ffaf8fca98d7da2e6ef6669d3a64"}
{"index": {"_index":"pob","_id":"1089399"}}
	{"id":1089399,"type":"buy","buyer":"mmmmkkkk311","seller":"mmmmkkkk311","symbol":"POB","quantity":"15.00000000","price":"1.14848985","timestamp":1622043936,"volume":"17.22734775","buyTxId":"ff2fa95faef143109873810a230be2280f5ffd73","sellTxId":"MM-P-7273557-54231091-3-2-1"}
{"index": {"_index":"pob","_id":"1089400"}}
	{"id":1089400,"type":"buy","buyer":"mmmmkkkk311","seller":"deepresearch","symbol":"POB","quantity":"16.00000000","price":"1.14889989","timestamp":1622043936,"volume":"18.38239824","buyTxId":"ff2fa95faef143109873810a230be2280f5ffd73","sellTxId":"9b2a6de1eeb1fad589ff04d4e7ea7bbb8aac785f"}
{"index": {"_index":"pob","_id":"1089410"}}
	{"id":1089410,"type":"buy","buyer":"onealfa.leo","seller":"camerarules","symbol":"POB","quantity":"11.20305873","price":"1.15000000","timestamp":1622044146,"volume":"12.88351754","buyTxId":"e4e7deaee68ab531bc6f63f4e9b07de7958688fd","sellTxId":"062e35d381b21191bb9d9c7d687e182468ef2a0a"}
{"index": {"_index":"pob","_id":"1089411"}}
	{"id":1089411,"type":"buy","buyer":"onealfa.leo","seller":"brofi-market","symbol":"POB","quantity":"4.50663431","price":"1.29998999","timestamp":1622044146,"volume":"5.85857949","buyTxId":"e4e7deaee68ab531bc6f63f4e9b07de7958688fd","sellTxId":"eab70ecd5850ba31fb7bbe5fd6ce70facc1f60b0"}
{"index": {"_index":"pob","_id":"1089412"}}
	{"id":1089412,"type":"buy","buyer":"onealfa.leo","seller":"scooter77","symbol":"POB","quantity":"19.96268334","price":"1.29999000","timestamp":1622044146,"volume":"25.95128872","buyTxId":"e4e7deaee68ab531bc6f63f4e9b07de7958688fd","sellTxId":"d791480f20a036665bca9ce4886ac65fd316004d"}
{"index": {"_index":"pob","_id":"1089413"}}
	{"id":1089413,"type":"buy","buyer":"onealfa.leo","seller":"algotraderx","symbol":"POB","quantity":"0.23585838","price":"1.29999300","timestamp":1622044146,"volume":"0.30661425","buyTxId":"e4e7deaee68ab531bc6f63f4e9b07de7958688fd","sellTxId":"ddea8ae5faa20bc6476f2932622c5fd6d1ec5824"}
{"index": {"_index":"pob","_id":"1089415"}}
	{"id":1089415,"type":"buy","buyer":"mmmmkkkk311","seller":"algotraderx","symbol":"POB","quantity":"0.76414162","price":"1.29999300","timestamp":1622044182,"volume":"0.99337876","buyTxId":"a4ddfdcb7a043d15993780e9b60e7b6428444ddf","sellTxId":"ddea8ae5faa20bc6476f2932622c5fd6d1ec5824"}
{"index": {"_index":"pob","_id":"1089416"}}
	{"id":1089416,"type":"buy","buyer":"mmmmkkkk311","seller":"anadolu","symbol":"POB","quantity":"9.00000000","price":"1.35000000","timestamp":1622044182,"volume":"12.15000000","buyTxId":"a4ddfdcb7a043d15993780e9b60e7b6428444ddf","sellTxId":"5253e1b45ffa9bd9a33776d42350396ec5e8b3df"}
{"index": {"_index":"pob","_id":"1089417"}}
	{"id":1089417,"type":"buy","buyer":"mmmmkkkk311","seller":"rentmoney","symbol":"POB","quantity":"4.79383774","price":"1.39999000","timestamp":1622044182,"volume":"6.71132490","buyTxId":"a4ddfdcb7a043d15993780e9b60e7b6428444ddf","sellTxId":"059698b1387c12bb3c4a79efec9b765e308333de"}
{"index": {"_index":"pob","_id":"1089418"}}
	{"id":1089418,"type":"buy","buyer":"mmmmkkkk311","seller":"quinnertronics","symbol":"POB","quantity":"2.11681089","price":"1.40000000","timestamp":1622044182,"volume":"2.96353525","buyTxId":"a4ddfdcb7a043d15993780e9b60e7b6428444ddf","sellTxId":"07faa38fc76a585e75b4a60a1c3307edf9bd89b1"}
{"index": {"_index":"pob","_id":"1089419"}}
	{"id":1089419,"type":"buy","buyer":"mmmmkkkk311","seller":"kemmyb","symbol":"POB","quantity":"8.00000000","price":"1.40000000","timestamp":1622044182,"volume":"11.20000000","buyTxId":"a4ddfdcb7a043d15993780e9b60e7b6428444ddf","sellTxId":"e824d270558d477939f67f3a236b372cc7d55eb0"}
{"index": {"_index":"pob","_id":"1089420"}}
	{"id":1089420,"type":"buy","buyer":"mmmmkkkk311","seller":"enm1","symbol":"POB","quantity":"67.81428090","price":"1.40000000","timestamp":1622044182,"volume":"94.93999326","buyTxId":"a4ddfdcb7a043d15993780e9b60e7b6428444ddf","sellTxId":"1be93c45234351bdff02f36955fafddba942bd90"}
{"index": {"_index":"pob","_id":"1089421"}}
	{"id":1089421,"type":"buy","buyer":"mmmmkkkk311","seller":"harpreetjanda","symbol":"POB","quantity":"15.00000000","price":"1.40000000","timestamp":1622044182,"volume":"21.00000000","buyTxId":"a4ddfdcb7a043d15993780e9b60e7b6428444ddf","sellTxId":"18ac54717be356e1aacce714535288184fd201b3"}
{"index": {"_index":"pob","_id":"1089422"}}
	{"id":1089422,"type":"sell","buyer":"mmmmkkkk311","seller":"thelogicaldude","symbol":"POB","quantity":"36.55016941","price":"1.40000000","timestamp":1622044206,"volume":"51.17023717","buyTxId":"a4ddfdcb7a043d15993780e9b60e7b6428444ddf","sellTxId":"b84ae3566041918765fce1919a3527f265a55e43"}
{"index": {"_index":"pob","_id":"1089424"}}
	{"id":1089424,"type":"sell","buyer":"mmmmkkkk311","seller":"automaton","symbol":"POB","quantity":"8.00000000","price":"1.40000000","timestamp":1622044230,"volume":"11.20000000","buyTxId":"a4ddfdcb7a043d15993780e9b60e7b6428444ddf","sellTxId":"7f8e59d3430c3f19df3957a1d3f2a8861e64b156"}
{"index": {"_index":"pob","_id":"1089426"}}
	{"id":1089426,"type":"sell","buyer":"mmmmkkkk311","seller":"valor2s","symbol":"POB","quantity":"1.34150881","price":"1.40000000","timestamp":1622044305,"volume":"1.87811233","buyTxId":"a4ddfdcb7a043d15993780e9b60e7b6428444ddf","sellTxId":"bcf391d416e8816d57c49eba0755bc97ba8dc731"}
{"index": {"_index":"pob","_id":"1089456"}}
	{"id":1089456,"type":"sell","buyer":"bluesniper","seller":"mvl2304","symbol":"POB","quantity":"1.33017562","price":"1.13036028","timestamp":1622045196,"volume":"1.50357769","buyTxId":"MM-P-7274055-54231661-3-4-0","sellTxId":"5bad34f49893be67991ea3ad15c2370820d95834"}
{"index": {"_index":"pob","_id":"1089542"}}
	{"id":1089542,"type":"sell","buyer":"richardcrill","seller":"fullcoverbetting","symbol":"POB","quantity":"0.20637540","price":"1.13215043","timestamp":1622047692,"volume":"0.23364800","buyTxId":"MM-P-7274830-54232505-3-10-0","sellTxId":"3d9f0b14060257ac3a3edb9ebbae649d51eb3203"}
{"index": {"_index":"pob","_id":"1089562"}}
	{"id":1089562,"type":"sell","buyer":"richardcrill","seller":"galberto","symbol":"POB","quantity":"7.91277974","price":"1.13237044","timestamp":1622047998,"volume":"8.96019788","buyTxId":"MM-P-7274929-54232604-3-10-0","sellTxId":"4a40f149a593bfd8abede9b0d0b784c073647598"}
{"index": {"_index":"pob","_id":"1089589"}}
	{"id":1089589,"type":"sell","buyer":"ahmetay","seller":"kevinnag58","symbol":"POB","quantity":"10.00000000","price":"1.15500000","timestamp":1622049471,"volume":"11.55000000","buyTxId":"0e98c3a474cb285db0bf053a0366fd66756533b0","sellTxId":"1d38701dff3de7c0429964f0cdb3bb8469ce5438"}
{"index": {"_index":"pob","_id":"1089590"}}
	{"id":1089590,"type":"sell","buyer":"cookaiss","seller":"kevinnag58","symbol":"POB","quantity":"4.00000000","price":"1.15000000","timestamp":1622049471,"volume":"4.60000000","buyTxId":"39fe99200c628cf6072481906a5b3d7f0410a377","sellTxId":"1d38701dff3de7c0429964f0cdb3bb8469ce5438"}
{"index": {"_index":"pob","_id":"1089591"}}
	{"id":1089591,"type":"sell","buyer":"richardcrill","seller":"kevinnag58","symbol":"POB","quantity":"10.26601792","price":"1.13347051","timestamp":1622049471,"volume":"11.63622857","buyTxId":"MM-P-7275385-54233103-3-10-0","sellTxId":"1d38701dff3de7c0429964f0cdb3bb8469ce5438"}
{"index": {"_index":"pob","_id":"1089617"}}
	{"id":1089617,"type":"sell","buyer":"solovey6o2","seller":"bearbear613","symbol":"POB","quantity":"2.01942981","price":"1.13369053","timestamp":1622049894,"volume":"2.28940845","buyTxId":"7454ea3d8fa1b10dc65333c2c168e523617f3be2","sellTxId":"2e77564e7f559d5c90870e8af31a7400d3e91cd8"}
{"index": {"_index":"pob","_id":"1089648"}}
	{"id":1089648,"type":"sell","buyer":"mmmmkkkk311","seller":"zonadigital21","symbol":"POB","quantity":"8.46161002","price":"1.13403054","timestamp":1622050314,"volume":"9.59572418","buyTxId":"MM-P-7275630-54233388-3-2-0","sellTxId":"1f0c492fa117af11c39ee4c508063d1b86ac79b3"}
{"index": {"_index":"pob","_id":"1089657"}}
	{"id":1089657,"type":"buy","buyer":"onealfa.leo","seller":"ahmetay","symbol":"POB","quantity":"5.00000000","price":"1.35000000","timestamp":1622050800,"volume":"6.75000000","buyTxId":"7ff8abec2b54f29dd91f7854dc72802112e9beea","sellTxId":"13501595d339e6524b67bf996e38f4abc314eacc"}
{"index": {"_index":"pob","_id":"1089658"}}
	{"id":1089658,"type":"buy","buyer":"onealfa.leo","seller":"maylenasland","symbol":"POB","quantity":"15.29342910","price":"1.39000000","timestamp":1622050800,"volume":"21.25786645","buyTxId":"7ff8abec2b54f29dd91f7854dc72802112e9beea","sellTxId":"fbaa97adad41f711640d2111fc5209a9d775da19"}
{"index": {"_index":"pob","_id":"1089659"}}
	{"id":1089659,"type":"buy","buyer":"onealfa.leo","seller":"romirspc.tribe","symbol":"POB","quantity":"17.75000000","price":"1.40000000","timestamp":1622050800,"volume":"24.85000000","buyTxId":"7ff8abec2b54f29dd91f7854dc72802112e9beea","sellTxId":"64808a08483db14eeda2970fa1cb1e725f6efcb3"}
{"index": {"_index":"pob","_id":"1089660"}}
	{"id":1089660,"type":"buy","buyer":"onealfa.leo","seller":"nirvana3003","symbol":"POB","quantity":"29.38723825","price":"1.40000000","timestamp":1622050800,"volume":"41.14213355","buyTxId":"7ff8abec2b54f29dd91f7854dc72802112e9beea","sellTxId":"ce3618289f661cb3575cc13b902696b3e8014ea4"}
{"index": {"_index":"pob","_id":"1089672"}}
	{"id":1089672,"type":"sell","buyer":"solovey6o2","seller":"uwelang","symbol":"POB","quantity":"52.00000000","price":"1.20447002","timestamp":1622051073,"volume":"62.63244104","buyTxId":"e13a9829a4eebb386d3a8e01ac49b1871c259cc8","sellTxId":"9565160e5628448e129d5953d009b85627b735bb"}
{"index": {"_index":"pob","_id":"1089677"}}
	{"id":1089677,"type":"sell","buyer":"richardcrill","seller":"liaminit1","symbol":"POB","quantity":"1.12857238","price":"1.20470002","timestamp":1622051265,"volume":"1.35959117","buyTxId":"MM-P-7275891-54233700-3-10-0","sellTxId":"35e636ce07e8651d116033e3046e21e6761b9e8c"}
{"index": {"_index":"pob","_id":"1089681"}}
	{"id":1089681,"type":"sell","buyer":"solovey6o2","seller":"madstacks","symbol":"POB","quantity":"146.80171865","price":"1.20493004","timestamp":1622051622,"volume":"176.88580073","buyTxId":"3f83fed11d7b9b636e762785f05932b0df465ff1","sellTxId":"3a82f59a9e3d0195f3d6f760ac86701c05256494"}
{"index": {"_index":"pob","_id":"1089684"}}
	{"id":1089684,"type":"sell","buyer":"solovey6o2","seller":"yintercept","symbol":"POB","quantity":"8.00000000","price":"1.20504005","timestamp":1622051796,"volume":"9.64032040","buyTxId":"8be541a08cd24e5999c66ee21a8762668199bc80","sellTxId":"65c01db58a15faf6ef1fd0e3309332204ce8026e"}
{"index": {"_index":"pob","_id":"1089696"}}
	{"id":1089696,"type":"buy","buyer":"ctime","seller":"sbi-tokens","symbol":"POB","quantity":"240.46186883","price":"1.39000000","timestamp":1622052099,"volume":"334.24199767","buyTxId":"0a268570962a7645d1ee42f4fbe75dff14661ea8","sellTxId":"3b9c479df85c7322d6fc9cd305c014090c086409"}
{"index": {"_index":"pob","_id":"1089697"}}
	{"id":1089697,"type":"buy","buyer":"ctime","seller":"bluesniper","symbol":"POB","quantity":"15.00000000","price":"1.39397997","timestamp":1622052099,"volume":"20.90969955","buyTxId":"0a268570962a7645d1ee42f4fbe75dff14661ea8","sellTxId":"MM-P-7276113-54233956-3-4-1"}
{"index": {"_index":"pob","_id":"1089698"}}
	{"id":1089698,"type":"buy","buyer":"ctime","seller":"solovey6o2","symbol":"POB","quantity":"77.53813117","price":"1.39398997","timestamp":1622052099,"volume":"108.08737714","buyTxId":"0a268570962a7645d1ee42f4fbe75dff14661ea8","sellTxId":"baee3aa40cd88a9459879b383c0627a7752c3a92"}
{"index": {"_index":"pob","_id":"1089700"}}
	{"id":1089700,"type":"buy","buyer":"ctime","seller":"solovey6o2","symbol":"POB","quantity":"131.28301730","price":"1.39397996","timestamp":1622052159,"volume":"183.00589520","buyTxId":"632f0bfa8c8ddd613a8684e88a1006683ba87f4d","sellTxId":"97c5d757d5e03a17a88912fe2d8b0d787e72900f"}
{"index": {"_index":"pob","_id":"1089701"}}
	{"id":1089701,"type":"buy","buyer":"ctime","seller":"mmmmkkkk311","symbol":"POB","quantity":"15.00000000","price":"1.39397997","timestamp":1622052159,"volume":"20.90969955","buyTxId":"632f0bfa8c8ddd613a8684e88a1006683ba87f4d","sellTxId":"MM-P-7276143-54233986-3-2-1"}
{"index": {"_index":"pob","_id":"1089702"}}
	{"id":1089702,"type":"buy","buyer":"ctime","seller":"nirvana3003","symbol":"POB","quantity":"0.61276175","price":"1.40000000","timestamp":1622052159,"volume":"0.85786645","buyTxId":"632f0bfa8c8ddd613a8684e88a1006683ba87f4d","sellTxId":"ce3618289f661cb3575cc13b902696b3e8014ea4"}
{"index": {"_index":"pob","_id":"1089703"}}
	{"id":1089703,"type":"buy","buyer":"ctime","seller":"palasatenea","symbol":"POB","quantity":"0.18000000","price":"1.40000000","timestamp":1622052159,"volume":"0.25200000","buyTxId":"632f0bfa8c8ddd613a8684e88a1006683ba87f4d","sellTxId":"41745b4d644f9446c144c03d04a812e87e2281fe"}
{"index": {"_index":"pob","_id":"1089704"}}
	{"id":1089704,"type":"sell","buyer":"ctime","seller":"juanmiguelsalas","symbol":"POB","quantity":"1.52772920","price":"1.40000000","timestamp":1622052162,"volume":"2.13882088","buyTxId":"632f0bfa8c8ddd613a8684e88a1006683ba87f4d","sellTxId":"12bf65802d10c7a0f60d2f7ef92fde740785894b"}
{"index": {"_index":"pob","_id":"1089735"}}
	{"id":1089735,"type":"sell","buyer":"ctime","seller":"chubb149","symbol":"POB","quantity":"14.00000000","price":"1.21068003","timestamp":1622053035,"volume":"16.94952042","buyTxId":"MM-P-7276403-54234285-3-22-0","sellTxId":"198dfb4e017b8293d61d34215e752d41944baed9"}
{"index": {"_index":"pob","_id":"1089791"}}
	{"id":1089791,"type":"sell","buyer":"ctime","seller":"juanmiguelsalas","symbol":"POB","quantity":"2.04435536","price":"1.22756005","timestamp":1622056014,"volume":"2.50956897","buyTxId":"MM-P-7277235-54235285-3-22-0","sellTxId":"16e6147cf808203dbaf0a966de266898558e6dc3"}
{"index": {"_index":"pob","_id":"1089856"}}
	{"id":1089856,"type":"sell","buyer":"solovey6o2","seller":"teenagecrypto","symbol":"POB","quantity":"0.27795684","price":"1.25023003","timestamp":1622058903,"volume":"0.34750999","buyTxId":"0b78fbc3c46d60ee454ae2a2e903a1f0e0bd97be","sellTxId":"ed1905840460b52d558b15e347d830c6e13af5fb"}
{"index": {"_index":"pob","_id":"1089875"}}
	{"id":1089875,"type":"sell","buyer":"ctime","seller":"dhedge-drips","symbol":"POB","quantity":"3.59222896","price":"1.25059005","timestamp":1622059317,"volume":"4.49240579","buyTxId":"MM-P-7278164-54236385-3-22-0","sellTxId":"9b757f182ffd200ebd5138c743f0ba402433a4cd"}
{"index": {"_index":"pob","_id":"1089894"}}
	{"id":1089894,"type":"buy","buyer":"ctime","seller":"jonyoudyer","symbol":"POB","quantity":"17.50000000","price":"1.30000000","timestamp":1622059782,"volume":"22.75000000","buyTxId":"efeeb2944503b46cf9d6a3db851f013c7b8ae70a","sellTxId":"f1363065f5dc665fbb3ff3b7c7bff4978be50bd0"}
{"index": {"_index":"pob","_id":"1089895"}}
	{"id":1089895,"type":"buy","buyer":"ctime","seller":"dhedge-drips","symbol":"POB","quantity":"3.59222896","price":"1.30000000","timestamp":1622059782,"volume":"4.66989765","buyTxId":"efeeb2944503b46cf9d6a3db851f013c7b8ae70a","sellTxId":"c58861b133dec99e25438fafab1f1ea65a0f7673"}
{"index": {"_index":"pob","_id":"1089897"}}
	{"id":1089897,"type":"sell","buyer":"ctime","seller":"clicmaster","symbol":"POB","quantity":"0.90777104","price":"1.30001000","timestamp":1622059968,"volume":"1.18011143","buyTxId":"efeeb2944503b46cf9d6a3db851f013c7b8ae70a","sellTxId":"4ee9b98eb5a1b3906d2a0912fb091c9a26914fda"}
{"index": {"_index":"pob","_id":"1089898"}}
	{"id":1089898,"type":"sell","buyer":"richardcrill","seller":"clicmaster","symbol":"POB","quantity":"46.09222896","price":"1.25113008","timestamp":1622059968,"volume":"57.66737411","buyTxId":"MM-P-7278340-54236596-3-10-0","sellTxId":"4ee9b98eb5a1b3906d2a0912fb091c9a26914fda"}
{"index": {"_index":"pob","_id":"1089901"}}
	{"id":1089901,"type":"sell","buyer":"solovey6o2","seller":"phusionphil","symbol":"POB","quantity":"22.91271012","price":"1.25113009","timestamp":1622060118,"volume":"28.66678107","buyTxId":"c226a7d518e258faf5ac13c053f8e2354de58a33","sellTxId":"fae4400bca851f877f8d5c0a23cf1c019806afd6"}
{"index": {"_index":"pob","_id":"1089918"}}
	{"id":1089918,"type":"sell","buyer":"solovey6o2","seller":"priyanarc","symbol":"POB","quantity":"4.00000000","price":"1.25159011","timestamp":1622060622,"volume":"5.00636044","buyTxId":"59bcf13f283294ff25a109447b1a040340a2cde6","sellTxId":"433046b2dbc2dbd2b60c072517c46d9521e77e98"}
{"index": {"_index":"pob","_id":"1089940"}}
	{"id":1089940,"type":"buy","buyer":"eddiespino","seller":"bitandi","symbol":"POB","quantity":"2.14749403","price":"1.39984000","timestamp":1622061249,"volume":"3.00614804","buyTxId":"9b81073e9309b91b0dee8e5bbf74f735e7e28b64","sellTxId":"10eb479e6a18764111b179fdede41e08cf054e5e"}
{"index": {"_index":"pob","_id":"1089941"}}
	{"id":1089941,"type":"buy","buyer":"eddiespino","seller":"solovey6o2","symbol":"POB","quantity":"23.19066696","price":"1.39984999","timestamp":1622061249,"volume":"32.46345491","buyTxId":"9b81073e9309b91b0dee8e5bbf74f735e7e28b64","sellTxId":"30bfdf27f613282ad7cf2943b12ec51cef71dfce"}
{"index": {"_index":"pob","_id":"1089942"}}
	{"id":1089942,"type":"buy","buyer":"eddiespino","seller":"solovey6o2","symbol":"POB","quantity":"4.00000000","price":"1.39984999","timestamp":1622061249,"volume":"5.59939996","buyTxId":"9b81073e9309b91b0dee8e5bbf74f735e7e28b64","sellTxId":"d2e5bda98482760437ad6e6ddb6fed3c84db373c"}
{"index": {"_index":"pob","_id":"1089943"}}
	{"id":1089943,"type":"buy","buyer":"eddiespino","seller":"bluesniper","symbol":"POB","quantity":"15.00000000","price":"1.39985000","timestamp":1622061249,"volume":"20.99775000","buyTxId":"9b81073e9309b91b0dee8e5bbf74f735e7e28b64","sellTxId":"MM-P-7277961-54236154-3-4-1"}
{"index": {"_index":"pob","_id":"1089944"}}
	{"id":1089944,"type":"buy","buyer":"eddiespino","seller":"kdtkaren","symbol":"POB","quantity":"6.82612370","price":"1.39986000","timestamp":1622061249,"volume":"9.55561752","buyTxId":"9b81073e9309b91b0dee8e5bbf74f735e7e28b64","sellTxId":"8d28ecdf162e57d6f6008666bac078c5614a16db"}
{"index": {"_index":"pob","_id":"1089945"}}
	{"id":1089945,"type":"buy","buyer":"eddiespino","seller":"coininstant","symbol":"POB","quantity":"21.64232681","price":"1.39986000","timestamp":1622061249,"volume":"30.29622761","buyTxId":"9b81073e9309b91b0dee8e5bbf74f735e7e28b64","sellTxId":"d11b620ee72187da1d618aa16c50d4b013c889d2"}
{"index": {"_index":"pob","_id":"1089946"}}
	{"id":1089946,"type":"buy","buyer":"eddiespino","seller":"mmmmkkkk311","symbol":"POB","quantity":"15.00000000","price":"1.39986000","timestamp":1622061249,"volume":"20.99790000","buyTxId":"9b81073e9309b91b0dee8e5bbf74f735e7e28b64","sellTxId":"MM-P-7278500-54236782-3-2-1"}
{"index": {"_index":"pob","_id":"1089947"}}
	{"id":1089947,"type":"buy","buyer":"eddiespino","seller":"honusurf","symbol":"POB","quantity":"26.85903090","price":"1.39987000","timestamp":1622061249,"volume":"37.59915159","buyTxId":"9b81073e9309b91b0dee8e5bbf74f735e7e28b64","sellTxId":"eed1383895a8dbfd4a62e01194391abac28749de"}
{"index": {"_index":"pob","_id":"1089948"}}
	{"id":1089948,"type":"buy","buyer":"eddiespino","seller":"cookaiss","symbol":"POB","quantity":"4.00000000","price":"1.39988000","timestamp":1622061249,"volume":"5.59952000","buyTxId":"9b81073e9309b91b0dee8e5bbf74f735e7e28b64","sellTxId":"8352b09124954337b95ce26cb46f9eb7b26b41cd"}
{"index": {"_index":"pob","_id":"1089949"}}
	{"id":1089949,"type":"buy","buyer":"eddiespino","seller":"coininstant","symbol":"POB","quantity":"86.45835760","price":"1.39990000","timestamp":1622061249,"volume":"121.03305480","buyTxId":"9b81073e9309b91b0dee8e5bbf74f735e7e28b64","sellTxId":"9defc2507de1750738676ebeb5e6afc1f379bbf8"}
{"index": {"_index":"pob","_id":"1089965"}}
	{"id":1089965,"type":"sell","buyer":"solovey6o2","seller":"cliffagreen","symbol":"POB","quantity":"8.66905718","price":"1.29239003","timestamp":1622061843,"volume":"11.20380307","buyTxId":"58c16a09429aa3f8418066a53110a154d00ce9c2","sellTxId":"22b8bac5d19c054ee39940035d5d7210075c4aca"}
{"index": {"_index":"pob","_id":"1089982"}}
	{"id":1089982,"type":"sell","buyer":"solovey6o2","seller":"acesontop","symbol":"POB","quantity":"30.95290427","price":"1.29273005","timestamp":1622062311,"volume":"40.01374948","buyTxId":"165695da3c01b3ce477ae12f649e03676da36a83","sellTxId":"4c28510ffa13816b0e921dbbc0b2d43aa2f5ab1c"}
{"index": {"_index":"pob","_id":"1089985"}}
	{"id":1089985,"type":"buy","buyer":"onealfa.leo","seller":"solovey6o2","symbol":"POB","quantity":"8.66905717","price":"1.39989999","timestamp":1622062404,"volume":"12.13581305","buyTxId":"7df4b19fb96759bf6b594d4c09f1ae7376875806","sellTxId":"87166e91b6a737a1624b59d8a0dcca1337f908b9"}
{"index": {"_index":"pob","_id":"1089986"}}
	{"id":1089986,"type":"buy","buyer":"onealfa.leo","seller":"coininstant","symbol":"POB","quantity":"13.47538177","price":"1.39990000","timestamp":1622062404,"volume":"18.86418695","buyTxId":"7df4b19fb96759bf6b594d4c09f1ae7376875806","sellTxId":"9defc2507de1750738676ebeb5e6afc1f379bbf8"}
{"index": {"_index":"pob","_id":"1090031"}}
	{"id":1090031,"type":"sell","buyer":"bluesniper","seller":"mightyrocklee","symbol":"POB","quantity":"4.39601896","price":"1.29388013","timestamp":1622063724,"volume":"5.68792158","buyTxId":"MM-P-7279437-54237851-3-4-0","sellTxId":"eb884fa0ca67b02ee341edb0b7bdc6fb9521de58"}
{"index": {"_index":"pob","_id":"1090062"}}
	{"id":1090062,"type":"sell","buyer":"richardcrill","seller":"sheila23","symbol":"POB","quantity":"28.69758441","price":"1.29446017","timestamp":1622064579,"volume":"37.14787999","buyTxId":"MM-P-7279653-54238094-3-10-0","sellTxId":"68aed7c1bc283d71d20cc1222dd5d10ea62ea2be"}
{"index": {"_index":"pob","_id":"1090063"}}
	{"id":1090063,"type":"sell","buyer":"richardcrill","seller":"gubbatv","symbol":"POB","quantity":"8.41044862","price":"1.29446017","timestamp":1622064585,"volume":"10.88699075","buyTxId":"MM-P-7279653-54238094-3-10-0","sellTxId":"adfd16f375b63b3f93f1bcc992950464ddcc3af6"}
{"index": {"_index":"pob","_id":"1090064"}}
	{"id":1090064,"type":"sell","buyer":"richardcrill","seller":"revisesociology","symbol":"POB","quantity":"3.00000000","price":"1.29446017","timestamp":1622064618,"volume":"3.88338051","buyTxId":"MM-P-7279653-54238094-3-10-0","sellTxId":"0b3701a63d03df4413b1587fc2bd9dcb918e7f3e"}
{"index": {"_index":"pob","_id":"1090067"}}
	{"id":1090067,"type":"sell","buyer":"bluesniper","seller":"juanmiguelsalas","symbol":"POB","quantity":"20.00000000","price":"1.29457017","timestamp":1622064699,"volume":"25.89140340","buyTxId":"MM-P-7279705-54238150-3-4-0","sellTxId":"2f7ec4adcfc74c48f9ab9dfdb58d5d69b3f802cb"}
{"index": {"_index":"pob","_id":"1090097"}}
	{"id":1090097,"type":"sell","buyer":"richardcrill","seller":"profeyris7","symbol":"POB","quantity":"2.97180395","price":"1.29515019","timestamp":1622065356,"volume":"3.84893245","buyTxId":"MM-P-7279924-54238393-3-10-0","sellTxId":"a6d06659e810c528e18b1e1cc7e19bcbd05c207a"}
{"index": {"_index":"pob","_id":"1090106"}}
	{"id":1090106,"type":"buy","buyer":"nazavzhdy","seller":"solovey6o2","symbol":"POB","quantity":"1.14999000","price":"1.38990990","timestamp":1622065665,"volume":"1.59838249","buyTxId":"ba29bbc8fd18bbc6f3cf3af2b90220e7c41c6332","sellTxId":"4fc1033459050fc9f44e00915d2d5e69ea598e65"}
{"index": {"_index":"pob","_id":"1090107"}}
	{"id":1090107,"type":"sell","buyer":"richardcrill","seller":"rosalestrust","symbol":"POB","quantity":"0.06000000","price":"1.29538020","timestamp":1622065668,"volume":"0.07772281","buyTxId":"MM-P-7280015-54238493-3-10-0","sellTxId":"15448324094437da5f558afd2037fc51fa084534"}
{"index": {"_index":"pob","_id":"1090126"}}
	{"id":1090126,"type":"sell","buyer":"solovey6o2","seller":"nonsowrites","symbol":"POB","quantity":"39.00000000","price":"1.29561022","timestamp":1622066082,"volume":"50.52879858","buyTxId":"1e2c2975dd8ca64ff2414bc20a87f5ce31a6a1ed","sellTxId":"ac5f5deeb7ab60efddc91096b366505c7c424c55"}
{"index": {"_index":"pob","_id":"1090146"}}
	{"id":1090146,"type":"sell","buyer":"richardcrill","seller":"chireerocks","symbol":"POB","quantity":"1.47351159","price":"1.29607023","timestamp":1622066625,"volume":"1.90977451","buyTxId":"MM-P-7280306-54238793-3-10-0","sellTxId":"9152bd7a7f84687f9ba4a13d95dc84ab11099a7f"}
{"index": {"_index":"pob","_id":"1090147"}}
	{"id":1090147,"type":"sell","buyer":"richardcrill","seller":"rob23","symbol":"POB","quantity":"9.31528239","price":"1.29607023","timestamp":1622066655,"volume":"12.07326019","buyTxId":"MM-P-7280306-54238793-3-10-0","sellTxId":"47041a99ee9ca426d0c91a9c3a52e94607b2e85f"}
{"index": {"_index":"pob","_id":"1090148"}}
	{"id":1090148,"type":"sell","buyer":"ctime","seller":"rob23","symbol":"POB","quantity":"2.80114303","price":"1.29597023","timestamp":1622066655,"volume":"3.63019798","buyTxId":"MM-P-7280293-54238780-3-22-0","sellTxId":"47041a99ee9ca426d0c91a9c3a52e94607b2e85f"}
{"index": {"_index":"pob","_id":"1090189"}}
	{"id":1090189,"type":"sell","buyer":"solovey6o2","seller":"jsantana","symbol":"POB","quantity":"40.61879844","price":"1.29657028","timestamp":1622067690,"volume":"52.66512687","buyTxId":"854aa0430be0f98a0ae24f7ac2fa78170ba526c8","sellTxId":"c86c2a0abdfb0c7c477ed5457091a12326bef9c3"}
{"index": {"_index":"pob","_id":"1090198"}}
	{"id":1090198,"type":"sell","buyer":"solovey6o2","seller":"pixelfan","symbol":"POB","quantity":"0.65000000","price":"1.29672030","timestamp":1622068155,"volume":"0.84286820","buyTxId":"4858d8852113a3160041e0a067fe7b3ad34e1b84","sellTxId":"7442ee8609310f95f00db9fe589c0b4c1bb1652b"}
{"index": {"_index":"pob","_id":"1090210"}}
	{"id":1090210,"type":"sell","buyer":"freebornsociety","seller":"gank","symbol":"POB","quantity":"11.49270402","price":"1.29694031","timestamp":1622068566,"volume":"14.90535111","buyTxId":"MM-P-7280897-54239447-3-2-0","sellTxId":"24c082d7c7dc6687108bf9ddb57588e8e9585797"}
{"index": {"_index":"pob","_id":"1090232"}}
	{"id":1090232,"type":"sell","buyer":"solovey6o2","seller":"chubb149","symbol":"POB","quantity":"16.00000000","price":"1.29729035","timestamp":1622069499,"volume":"20.75664560","buyTxId":"084ef55c66e19f6de4629ea3de3cfc30a4f26c80","sellTxId":"112e966201318b65c56edb7ffd055f9c9ea42edf"}
{"index": {"_index":"pob","_id":"1090276"}}
	{"id":1090276,"type":"sell","buyer":"ctime","seller":"jlordc","symbol":"POB","quantity":"0.79604001","price":"1.29812001","timestamp":1622070522,"volume":"1.03335547","buyTxId":"MM-P-7281419-54240077-3-22-0","sellTxId":"8fd926b62ca33084a241157a18a5d35c159795d4"}
{"index": {"_index":"pob","_id":"1090281"}}
	{"id":1090281,"type":"sell","buyer":"freebornsociety","seller":"justinparke","symbol":"POB","quantity":"2.21117523","price":"1.29822002","timestamp":1622070669,"volume":"2.87059195","buyTxId":"MM-P-7281472-54240146-3-2-0","sellTxId":"ee4f4b9f6cb24a3ce601b9cafda27bcacc9b2020"}
{"index": {"_index":"pob","_id":"1090312"}}
	{"id":1090312,"type":"sell","buyer":"ctime","seller":"ftfund","symbol":"POB","quantity":"26.95708349","price":"1.29836004","timestamp":1622071182,"volume":"35.00000000","buyTxId":"MM-P-7281583-54240277-3-22-0","sellTxId":"286a671f5d55cbbb3ecbbde3c2b26befcc01f7d1"}
{"index": {"_index":"pob","_id":"1090313"}}
	{"id":1090313,"type":"sell","buyer":"mmmmkkkk311","seller":"ftfund","symbol":"POB","quantity":"25.41687448","price":"1.29835004","timestamp":1622071182,"volume":"33.00000000","buyTxId":"MM-P-7281583-54240277-3-2-0","sellTxId":"286a671f5d55cbbb3ecbbde3c2b26befcc01f7d1"}
{"index": {"_index":"pob","_id":"1090314"}}
	{"id":1090314,"type":"sell","buyer":"solovey6o2","seller":"ftfund","symbol":"POB","quantity":"8.06460010","price":"1.29834004","timestamp":1622071182,"volume":"10.47059322","buyTxId":"2b8337da569a2e13cbf24ce18c34cb9da9aa89e2","sellTxId":"286a671f5d55cbbb3ecbbde3c2b26befcc01f7d1"}
{"index": {"_index":"pob","_id":"1090318"}}
	{"id":1090318,"type":"sell","buyer":"ctime","seller":"ftfund","symbol":"POB","quantity":"2.92545261","price":"1.29846004","timestamp":1622071428,"volume":"3.79858331","buyTxId":"MM-P-7281665-54240376-3-22-0","sellTxId":"fa382fd3275952e84a250af01812f8c2991861d0"}
{"index": {"_index":"pob","_id":"1090322"}}
	{"id":1090322,"type":"sell","buyer":"solovey6o2","seller":"stayten","symbol":"POB","quantity":"4.94336514","price":"1.29858006","timestamp":1622071650,"volume":"6.41935540","buyTxId":"bc2613105819b79c05f7d11003dda5ce7540a4ba","sellTxId":"6a48dcf2c68cf321d7861e3e5a8773d851043570"}
{"index": {"_index":"pob","_id":"1090325"}}
	{"id":1090325,"type":"sell","buyer":"freebornsociety","seller":"charcoalbuffet","symbol":"POB","quantity":"15.71314750","price":"1.29868006","timestamp":1622071890,"volume":"20.40635134","buyTxId":"MM-P-7281809-54240545-3-2-0","sellTxId":"9a7a730b06e36123a27e07bd7a2b751e51c2aa62"}
{"index": {"_index":"pob","_id":"1090382"}}
	{"id":1090382,"type":"sell","buyer":"ctime","seller":"ecoinstant","symbol":"POB","quantity":"2.11800000","price":"1.29952013","timestamp":1622074038,"volume":"2.75238364","buyTxId":"MM-P-7282469-54241273-3-22-0","sellTxId":"c02a7160fd88eccd038325e8fda50f296ba8dff1"}
{"index": {"_index":"pob","_id":"1090391"}}
	{"id":1090391,"type":"sell","buyer":"ctime","seller":"flexyg","symbol":"POB","quantity":"23.5","price":"1.29964014","timestamp":1622074323,"volume":"30.54154329","buyTxId":"MM-P-7282569-54241373-3-22-0","sellTxId":"e31f41834c8daaf560385566e4f46353b435cd05"}
{"index": {"_index":"pob","_id":"1090413"}}
	{"id":1090413,"type":"sell","buyer":"ctime","seller":"blezyn","symbol":"POB","quantity":"21.65017738","price":"1.31013001","timestamp":1622075535,"volume":"28.36454711","buyTxId":"MM-P-7282965-54241773-3-22-0","sellTxId":"85a4b858bd4c6593bc65006d80571661459b707f"}
{"index": {"_index":"pob","_id":"1090420"}}
	{"id":1090420,"type":"sell","buyer":"bluesniper","seller":"pablodare","symbol":"POB","quantity":"0.64693479","price":"1.32013002","timestamp":1622076042,"volume":"0.85403804","buyTxId":"MM-P-7283130-54241942-3-4-0","sellTxId":"98050636d56ba15abfeb4da8f48620a67e0ba4bb"}
{"index": {"_index":"pob","_id":"1090425"}}
	{"id":1090425,"type":"sell","buyer":"ctime","seller":"finguru","symbol":"POB","quantity":"15.00000000","price":"1.32015002","timestamp":1622076123,"volume":"19.80225030","buyTxId":"MM-P-7283161-54241973-3-22-0","sellTxId":"b50b77bd755c0e277a91a2b0e5057e76ea963dcb"}
{"index": {"_index":"pob","_id":"1090430"}}
	{"id":1090430,"type":"buy","buyer":"yayogerardo","seller":"solovey6o2","symbol":"POB","quantity":"4.06190030","price":"1.33999999","timestamp":1622076534,"volume":"5.44294636","buyTxId":"801cb0423fd113ef93169eab77a484b7eb2555c6","sellTxId":"89c3f6ab7729b2054be843fe3b929baa8eee3b29"}
{"index": {"_index":"pob","_id":"1090455"}}
	{"id":1090455,"type":"sell","buyer":"bluesniper","seller":"hallmann","symbol":"POB","quantity":"3.77558937","price":"1.32089008","timestamp":1622077842,"volume":"4.98713854","buyTxId":"MM-P-7283670-54242542-3-4-0","sellTxId":"8ef6f23a173a596ba4c600854a629b5a736463f9"}
{"index": {"_index":"pob","_id":"1090461"}}
	{"id":1090461,"type":"buy","buyer":"xyba","seller":"freebornsociety","symbol":"POB","quantity":"16.50000000","price":"1.33928992","timestamp":1622078454,"volume":"22.09828368","buyTxId":"5739065d8040566b3c606378a4b4a84bb1bcd62e","sellTxId":"MM-P-7283833-54242741-3-2-1"}
{"index": {"_index":"pob","_id":"1090462"}}
	{"id":1090462,"type":"buy","buyer":"xyba","seller":"bluesniper","symbol":"POB","quantity":"15.00000000","price":"1.33937992","timestamp":1622078454,"volume":"20.09069880","buyTxId":"5739065d8040566b3c606378a4b4a84bb1bcd62e","sellTxId":"MM-P-7283833-54242741-3-4-1"}
{"index": {"_index":"pob","_id":"1090463"}}
	{"id":1090463,"type":"buy","buyer":"xyba","seller":"solovey6o2","symbol":"POB","quantity":"135.01777766","price":"1.33938992","timestamp":1622078454,"volume":"180.84145042","buyTxId":"5739065d8040566b3c606378a4b4a84bb1bcd62e","sellTxId":"d0b5799d92e279afa2e70866c8c113a74aeee5fd"}
{"index": {"_index":"pob","_id":"1090464"}}
	{"id":1090464,"type":"buy","buyer":"xyba","seller":"mmmmkkkk311","symbol":"POB","quantity":"13.49553828","price":"1.33966995","timestamp":1622078454,"volume":"18.07956710","buyTxId":"5739065d8040566b3c606378a4b4a84bb1bcd62e","sellTxId":"MM-P-7283775-54242673-3-2-1"}
{"index": {"_index":"pob","_id":"1090493"}}
	{"id":1090493,"type":"buy","buyer":"offgridlife","seller":"mmmmkkkk311","symbol":"POB","quantity":"1.50446172","price":"1.33966995","timestamp":1622079027,"volume":"2.01548216","buyTxId":"801824528b826d6fb8a90e39acc16cddcd328bdf","sellTxId":"MM-P-7283775-54242673-3-2-1"}
{"index": {"_index":"pob","_id":"1090494"}}
	{"id":1090494,"type":"buy","buyer":"offgridlife","seller":"freebornsociety","symbol":"POB","quantity":"8.49553828","price":"1.38880000","timestamp":1622079027,"volume":"11.79860356","buyTxId":"801824528b826d6fb8a90e39acc16cddcd328bdf","sellTxId":"MM-P-7284024-54242941-3-2-1"}
{"index": {"_index":"pob","_id":"1090495"}}
	{"id":1090495,"type":"buy","buyer":"offgridlife","seller":"freebornsociety","symbol":"POB","quantity":"1.00000000","price":"1.38880000","timestamp":1622079066,"volume":"1.38880000","buyTxId":"ed6620f7abe7ac331610791ea1ca5016d129d59f","sellTxId":"MM-P-7284024-54242941-3-2-1"}
{"index": {"_index":"pob","_id":"1090497"}}
	{"id":1090497,"type":"buy","buyer":"offgridlife","seller":"freebornsociety","symbol":"POB","quantity":"1.00000000","price":"1.38880000","timestamp":1622079078,"volume":"1.38880000","buyTxId":"3c243a8c84a3c91ac7d54d33c13040bd49b3fff8","sellTxId":"MM-P-7284024-54242941-3-2-1"}
{"index": {"_index":"pob","_id":"1090500"}}
	{"id":1090500,"type":"sell","buyer":"ctime","seller":"lebah","symbol":"POB","quantity":"3.89695045","price":"1.32143013","timestamp":1622079213,"volume":"5.14954774","buyTxId":"MM-P-7284053-54242972-3-22-0","sellTxId":"ac762d6190976ca93b7ed67894c95ec300bd499c"}
{"index": {"_index":"pob","_id":"1090512"}}
	{"id":1090512,"type":"sell","buyer":"solovey6o2","seller":"langvmusic","symbol":"POB","quantity":"0.07776878","price":"1.32166015","timestamp":1622079666,"volume":"0.10278390","buyTxId":"6536f41672733c5528b173e535c3676f132a0c5f","sellTxId":"fab45a9f833cdea7f7d90f097571b93e5e6dfdbf"}
{"index": {"_index":"pob","_id":"1090550"}}
	{"id":1090550,"type":"sell","buyer":"bluesniper","seller":"gungunkrishu","symbol":"POB","quantity":"4.50000000","price":"1.32214020","timestamp":1622080869,"volume":"5.94963090","buyTxId":"MM-P-7284533-54243541-3-4-0","sellTxId":"80785b1a4393306e6c6c0ca1e24c3f6035330bbe"}
{"index": {"_index":"pob","_id":"1090558"}}
	{"id":1090558,"type":"sell","buyer":"ctime","seller":"dedigobelz","symbol":"POB","quantity":"0.21915660","price":"1.32215020","timestamp":1622081079,"volume":"0.28975794","buyTxId":"MM-P-7284563-54243572-3-22-0","sellTxId":"5579bd3c4f65b3de5b9bda036fbb3b69d1262429"}
{"index": {"_index":"pob","_id":"1090584"}}
	{"id":1090584,"type":"sell","buyer":"richardcrill","seller":"oscarpower55","symbol":"POB","quantity":"0.07619633","price":"1.32315024","timestamp":1622082504,"volume":"0.10081919","buyTxId":"MM-P-7285024-54244087-3-10-0","sellTxId":"7146f61837749c634446172768d788c9e4181068"}
{"index": {"_index":"pob","_id":"1090591"}}
	{"id":1090591,"type":"buy","buyer":"richardcrill","seller":"freebornsociety","symbol":"POB","quantity":"2.42148847","price":"1.38880000","timestamp":1622082693,"volume":"3.36296319","buyTxId":"304968b823b26704945a7ea8b43cd612c995daca","sellTxId":"MM-P-7284024-54242941-3-2-1"}
{"index": {"_index":"pob","_id":"1090592"}}
	{"id":1090592,"type":"buy","buyer":"richardcrill","seller":"skylinebuds","symbol":"POB","quantity":"5.00000000","price":"1.38900000","timestamp":1622082693,"volume":"6.94500000","buyTxId":"304968b823b26704945a7ea8b43cd612c995daca","sellTxId":"53419974b3d102bc5650c23a2f6e86ebc81ee1aa"}
{"index": {"_index":"pob","_id":"1090593"}}
	{"id":1090593,"type":"buy","buyer":"richardcrill","seller":"kaelci","symbol":"POB","quantity":"2.87575192","price":"1.38910000","timestamp":1622082693,"volume":"3.99470699","buyTxId":"304968b823b26704945a7ea8b43cd612c995daca","sellTxId":"36cdfc363fcb393281616da8a07b694719a1c593"}
{"index": {"_index":"pob","_id":"1090594"}}
	{"id":1090594,"type":"buy","buyer":"richardcrill","seller":"lallo","symbol":"POB","quantity":"0.50000000","price":"1.38995000","timestamp":1622082693,"volume":"0.69497500","buyTxId":"304968b823b26704945a7ea8b43cd612c995daca","sellTxId":"2dc9fa94662f42d2743a58298550484238a562bb"}
{"index": {"_index":"pob","_id":"1090595"}}
	{"id":1090595,"type":"buy","buyer":"richardcrill","seller":"nazavzhdy","symbol":"POB","quantity":"1.14999000","price":"1.38999000","timestamp":1622082693,"volume":"1.59847460","buyTxId":"304968b823b26704945a7ea8b43cd612c995daca","sellTxId":"6ca199143f722faebf2af7eb7a547411b5ca1017"}
{"index": {"_index":"pob","_id":"1090596"}}
	{"id":1090596,"type":"buy","buyer":"richardcrill","seller":"slobberchops","symbol":"POB","quantity":"10.98898877","price":"1.39000000","timestamp":1622082693,"volume":"15.27469439","buyTxId":"304968b823b26704945a7ea8b43cd612c995daca","sellTxId":"1afd818ff71e18491bd09a6db47abe8d5dfe731f"}
{"index": {"_index":"pob","_id":"1090597"}}
	{"id":1090597,"type":"buy","buyer":"richardcrill","seller":"alfarero","symbol":"POB","quantity":"56.09000000","price":"1.39000000","timestamp":1622082693,"volume":"77.96510000","buyTxId":"304968b823b26704945a7ea8b43cd612c995daca","sellTxId":"53cb9133698d5f99ac55084a89d0dec546bbebf3"}
{"index": {"_index":"pob","_id":"1090598"}}
	{"id":1090598,"type":"buy","buyer":"richardcrill","seller":"bluesniper","symbol":"POB","quantity":"15.00000000","price":"1.39985990","timestamp":1622082693,"volume":"20.99789850","buyTxId":"304968b823b26704945a7ea8b43cd612c995daca","sellTxId":"MM-P-7285072-54244141-3-4-1"}
{"index": {"_index":"pob","_id":"1090599"}}
	{"id":1090599,"type":"buy","buyer":"richardcrill","seller":"coininstant","symbol":"POB","quantity":"0.06626067","price":"1.39990000","timestamp":1622082693,"volume":"0.09275831","buyTxId":"304968b823b26704945a7ea8b43cd612c995daca","sellTxId":"9defc2507de1750738676ebeb5e6afc1f379bbf8"}
{"index": {"_index":"pob","_id":"1090600"}}
	{"id":1090600,"type":"buy","buyer":"richardcrill","seller":"mmmmkkkk311","symbol":"POB","quantity":"15.00000000","price":"1.39998990","timestamp":1622082693,"volume":"20.99984850","buyTxId":"304968b823b26704945a7ea8b43cd612c995daca","sellTxId":"MM-P-7284053-54242972-3-2-1"}
{"index": {"_index":"pob","_id":"1090601"}}
	{"id":1090601,"type":"buy","buyer":"richardcrill","seller":"trostparadox","symbol":"POB","quantity":"150.00000000","price":"1.39999990","timestamp":1622082693,"volume":"209.99998500","buyTxId":"304968b823b26704945a7ea8b43cd612c995daca","sellTxId":"dc37f04c7b280c0f5b584206064e8cc19002f3ef"}
{"index": {"_index":"pob","_id":"1090602"}}
	{"id":1090602,"type":"buy","buyer":"richardcrill","seller":"cibersk8","symbol":"POB","quantity":"0.02318071","price":"1.40000000","timestamp":1622082693,"volume":"0.03245299","buyTxId":"304968b823b26704945a7ea8b43cd612c995daca","sellTxId":"ef96aaf0af68578294d6f2708576b02b3745bf9d"}
{"index": {"_index":"pob","_id":"1090603"}}
	{"id":1090603,"type":"buy","buyer":"richardcrill","seller":"faireye","symbol":"POB","quantity":"240.88433946","price":"1.40000000","timestamp":1622082693,"volume":"337.23807524","buyTxId":"304968b823b26704945a7ea8b43cd612c995daca","sellTxId":"7647abde1795d29207421e0d8da635d50bbd8744"}
