{"index": {"_index":"pob","_id":"1195416"}}
	{"id":1195416,"type":"sell","buyer":"solovey6o2","seller":"ftfund","symbol":"POB","quantity":"6.36071223","price":"0.66280813","timestamp":1625453517,"volume":"4.21593178","buyTxId":"5c85bf7f325732dcabd28cead29bec42336e0a53","sellTxId":"f8a0c8daeb670296ea1557b648bd450e911089e3"}
{"index": {"_index":"pob","_id":"1195421"}}
	{"id":1195421,"type":"sell","buyer":"solovey6o2","seller":"hive.pizza","symbol":"POB","quantity":"5.33176962","price":"0.66292815","timestamp":1625453805,"volume":"3.53458017","buyTxId":"be58b13a4d367eba6e2de05e7e0d29dc11b06b65","sellTxId":"43e5fb3896bfeb6df2617e0a6770bd800d86b679"}
{"index": {"_index":"pob","_id":"1195447"}}
	{"id":1195447,"type":"sell","buyer":"solovey6o2","seller":"dhedge-drips","symbol":"POB","quantity":"10.90807612","price":"0.66352825","timestamp":1625455326,"volume":"7.23781666","buyTxId":"3f427c1362af04f14041020a3d597a95181eda45","sellTxId":"d0d9b0a75845599fe6cdb8f247b110c5ecf20361"}
{"index": {"_index":"pob","_id":"1195479"}}
	{"id":1195479,"type":"sell","buyer":"richardcrill","seller":"mawit07","symbol":"POB","quantity":"3.72095728","price":"0.66400833","timestamp":1625456487,"volume":"2.47074663","buyTxId":"MM-P-8387598-55366527-3-10-0","sellTxId":"46a0c5ba7e76ec20bccb7328d9d32384b15d3858"}
{"index": {"_index":"pob","_id":"1195496"}}
	{"id":1195496,"type":"buy","buyer":"nerdtopiade","seller":"bluesniper","symbol":"POB","quantity":"8.00000000","price":"0.68932799","timestamp":1625457783,"volume":"5.51462392","buyTxId":"afc1152e501eff36caf82aa56c8619d9b54bc082","sellTxId":"MM-P-8388031-55366960-3-5-1"}
{"index": {"_index":"pob","_id":"1195511"}}
	{"id":1195511,"type":"sell","buyer":"richardcrill","seller":"khan.dayyanz","symbol":"POB","quantity":"4.03147247","price":"0.66472847","timestamp":1625458284,"volume":"2.67983453","buyTxId":"MM-P-8388195-55367126-3-10-0","sellTxId":"ad215ff095bcd910bd5b88e2fca045065925d1ba"}
{"index": {"_index":"pob","_id":"1195514"}}
	{"id":1195514,"type":"sell","buyer":"richardcrill","seller":"dkid14","symbol":"POB","quantity":"63.17228662","price":"0.66484850","timestamp":1625458578,"volume":"42.00000000","buyTxId":"MM-P-8388294-55367226-3-10-0","sellTxId":"1f44e036e330035acad2ce0317bdf74a389c3c3a"}
{"index": {"_index":"pob","_id":"1195515"}}
	{"id":1195515,"type":"buy","buyer":"solovey6o2","seller":"dkid14","symbol":"POB","quantity":"65.19935014","price":"0.66484850","timestamp":1625458581,"volume":"43.34769014","buyTxId":"16ba38cb878456f551ef58b33ad3568037e3ba16","sellTxId":"1f44e036e330035acad2ce0317bdf74a389c3c3a"}
{"index": {"_index":"pob","_id":"1195551"}}
	{"id":1195551,"type":"sell","buyer":"ctime","seller":"logicforce","symbol":"POB","quantity":"0.77939084","price":"0.66536862","timestamp":1625460312,"volume":"0.51858221","buyTxId":"MM-P-8388876-55367809-3-22-0","sellTxId":"1ace93b7d9b83c8c717853cbc9373747a5de6e39"}
{"index": {"_index":"pob","_id":"1195577"}}
	{"id":1195577,"type":"sell","buyer":"solovey6o2","seller":"stevescoins","symbol":"POB","quantity":"7.21816197","price":"0.66559866","timestamp":1625460858,"volume":"4.80439893","buyTxId":"98950553aecd6a1b29112ed985034a59a8e97723","sellTxId":"00f91b748652855b1bef7af115bd61f5c88c83d0"}
{"index": {"_index":"pob","_id":"1195578"}}
	{"id":1195578,"type":"sell","buyer":"ctime","seller":"sugandhaseth","symbol":"POB","quantity":"7.00000000","price":"0.66560866","timestamp":1625460948,"volume":"4.65926062","buyTxId":"MM-P-8389075-55368008-3-22-0","sellTxId":"327eee227448a4d8512ccdae7f992a4c072524c3"}
{"index": {"_index":"pob","_id":"1195579"}}
	{"id":1195579,"type":"sell","buyer":"solovey6o2","seller":"finguru","symbol":"POB","quantity":"0.70000000","price":"0.66582870","timestamp":1625461308,"volume":"0.46608009","buyTxId":"8cdf763ed9c092d54c81d2fdbdedef075f68b441","sellTxId":"e34b52b9712a1414397078aaf99b648dea328ff1"}
{"index": {"_index":"pob","_id":"1195590"}}
	{"id":1195590,"type":"sell","buyer":"ctime","seller":"afril","symbol":"POB","quantity":"1.01694839","price":"0.66584871","timestamp":1625461539,"volume":"0.67713377","buyTxId":"MM-P-8389273-55368206-3-22-0","sellTxId":"39086386b31725c14753e113c7c92c13da05456f"}
{"index": {"_index":"pob","_id":"1195618"}}
	{"id":1195618,"type":"sell","buyer":"solovey6o2","seller":"ahmetay","symbol":"POB","quantity":"0.02976743","price":"0.66630879","timestamp":1625462490,"volume":"0.01983430","buyTxId":"32240d41c1e9e66ad722878d4d6e2fa9268964a6","sellTxId":"4d196627232911b27c179949fc618a3d70accab5"}
{"index": {"_index":"pob","_id":"1195622"}}
	{"id":1195622,"type":"sell","buyer":"solovey6o2","seller":"tolustx","symbol":"POB","quantity":"4.59403852","price":"0.66631880","timestamp":1625462661,"volume":"3.06109423","buyTxId":"5dfb088f0fe94d62a40eb25c72b1ab4affb79814","sellTxId":"5f545e2e85873ffd7484256add82a80e847602a8"}
{"index": {"_index":"pob","_id":"1195642"}}
	{"id":1195642,"type":"buy","buyer":"lebah","seller":"bluesniper","symbol":"POB","quantity":"6.50000000","price":"0.68911600","timestamp":1625463690,"volume":"4.47925400","buyTxId":"693d5e2dafacc31c9f63ff36e8edb351fce11b1f","sellTxId":"MM-P-8389918-55368852-3-5-1"}
{"index": {"_index":"pob","_id":"1195654"}}
	{"id":1195654,"type":"sell","buyer":"bluesniper","seller":"josediccus","symbol":"POB","quantity":"25.73385420","price":"0.66691892","timestamp":1625464056,"volume":"17.16239425","buyTxId":"MM-P-8390115-55369049-3-5-0","sellTxId":"a5e44b3ab01d1cd46c7b8503df9ce730b8e0d1ab"}
{"index": {"_index":"pob","_id":"1195668"}}
	{"id":1195668,"type":"buy","buyer":"scholaris.pob","seller":"bluesniper","symbol":"POB","quantity":"29.00000000","price":"0.68908300","timestamp":1625464380,"volume":"19.98340700","buyTxId":"32bd64b99e3c31250f23feb3adab42c47293565a","sellTxId":"MM-P-8390215-55369149-3-5-1"}
{"index": {"_index":"pob","_id":"1195669"}}
	{"id":1195669,"type":"buy","buyer":"scholaris.pob","seller":"freebornsociety","symbol":"POB","quantity":"75.00000000","price":"0.68909300","timestamp":1625464380,"volume":"51.68197500","buyTxId":"32bd64b99e3c31250f23feb3adab42c47293565a","sellTxId":"MM-P-8390215-55369149-3-3-0"}
{"index": {"_index":"pob","_id":"1195670"}}
	{"id":1195670,"type":"buy","buyer":"scholaris.pob","seller":"solovey6o2","symbol":"POB","quantity":"72.61017781","price":"0.68910399","timestamp":1625464380,"volume":"50.03596325","buyTxId":"32bd64b99e3c31250f23feb3adab42c47293565a","sellTxId":"d6c9ae14badd06871223b3ba1ef84ecb776938b1"}
{"index": {"_index":"pob","_id":"1195678"}}
	{"id":1195678,"type":"sell","buyer":"ctime","seller":"uwelang","symbol":"POB","quantity":"50.00000000","price":"0.66704896","timestamp":1625464521,"volume":"33.35244800","buyTxId":"MM-P-8390266-55369200-3-22-0","sellTxId":"1ec4f9936dcf3182c93c4c9ba8f0efecdd63c474"}
{"index": {"_index":"pob","_id":"1195682"}}
	{"id":1195682,"type":"sell","buyer":"solovey6o2","seller":"scooter77","symbol":"POB","quantity":"20.00000000","price":"0.66714897","timestamp":1625464638,"volume":"13.34297940","buyTxId":"954572699b36b142a50fbeab2f2b1521728061e0","sellTxId":"4d57c8b8f40372f1e095fcda337db64bc953dc5f"}
{"index": {"_index":"pob","_id":"1195727"}}
	{"id":1195727,"type":"sell","buyer":"ctime","seller":"teenagecrypto","symbol":"POB","quantity":"1.67491610","price":"0.66788911","timestamp":1625466609,"volume":"1.11865822","buyTxId":"MM-P-8390962-55369896-3-22-0","sellTxId":"0d4c87bbdab6c04044515cd11f9b4bda19d86c19"}
{"index": {"_index":"pob","_id":"1195729"}}
	{"id":1195729,"type":"sell","buyer":"solovey6o2","seller":"hive-143869","symbol":"POB","quantity":"0.08300000","price":"0.66798913","timestamp":1625466708,"volume":"0.05544310","buyTxId":"7ead5eb6eecd77188ef09cfcac66b5abf4c59df6","sellTxId":"7d31e3d6ecd75464459504f214e9f2005c103daf"}
{"index": {"_index":"pob","_id":"1195736"}}
	{"id":1195736,"type":"sell","buyer":"bluesniper","seller":"thebeardflex","symbol":"POB","quantity":"30.02560139","price":"0.66811915","timestamp":1625467059,"volume":"20.06067928","buyTxId":"MM-P-8391110-55370045-3-5-0","sellTxId":"13ae64d409238794ceac9e06ffde9a6bc22c4ced"}
{"index": {"_index":"pob","_id":"1195756"}}
	{"id":1195756,"type":"sell","buyer":"solovey6o2","seller":"melbourneswest","symbol":"POB","quantity":"6.00000000","price":"0.66835920","timestamp":1625467749,"volume":"4.01015520","buyTxId":"597383b79a730e00a114be54fca12d0bc329a840","sellTxId":"f55ef2e7da8f507b45d30d4a275176ed747ddbd8"}
{"index": {"_index":"pob","_id":"1195758"}}
	{"id":1195758,"type":"sell","buyer":"ctime","seller":"bluemoon","symbol":"POB","quantity":"83.78602724","price":"0.66836920","timestamp":1625467809,"volume":"56.00000000","buyTxId":"MM-P-8391359-55370294-3-22-0","sellTxId":"cd9aedbeef332534eaf3fd3c8842ed43121a9dc8"}
{"index": {"_index":"pob","_id":"1195759"}}
	{"id":1195759,"type":"sell","buyer":"solovey6o2","seller":"bluemoon","symbol":"POB","quantity":"332.68409644","price":"0.66835920","timestamp":1625467809,"volume":"222.35247655","buyTxId":"597383b79a730e00a114be54fca12d0bc329a840","sellTxId":"cd9aedbeef332534eaf3fd3c8842ed43121a9dc8"}
{"index": {"_index":"pob","_id":"1195760"}}
	{"id":1195760,"type":"sell","buyer":"bluesniper","seller":"bluemoon","symbol":"POB","quantity":"104.73410263","price":"0.66835919","timestamp":1625467809,"volume":"70.00000000","buyTxId":"MM-P-8391308-55370243-3-5-0","sellTxId":"cd9aedbeef332534eaf3fd3c8842ed43121a9dc8"}
{"index": {"_index":"pob","_id":"1195761"}}
	{"id":1195761,"type":"sell","buyer":"richardcrill","seller":"bluemoon","symbol":"POB","quantity":"33.79577369","price":"0.66834918","timestamp":1625467809,"volume":"22.58737763","buyTxId":"MM-P-8391273-55370208-3-10-0","sellTxId":"cd9aedbeef332534eaf3fd3c8842ed43121a9dc8"}
{"index": {"_index":"pob","_id":"1195789"}}
	{"id":1195789,"type":"sell","buyer":"gimme-your-coinz","seller":"madstacks","symbol":"POB","quantity":"6.60000000","price":"0.66208802","timestamp":1625470071,"volume":"4.36978093","buyTxId":"9b8d1924e4c603547dd82ff205c5e3c14302b0b9","sellTxId":"43b2b749af27b2bea35963608983423b249350cb"}
{"index": {"_index":"pob","_id":"1195790"}}
	{"id":1195790,"type":"sell","buyer":"solovey6o2","seller":"madstacks","symbol":"POB","quantity":"8.15388197","price":"0.66208802","timestamp":1625470071,"volume":"5.39858757","buyTxId":"6e95b792a8cba23ffd517ff5633e7dbb1d5a3284","sellTxId":"43b2b749af27b2bea35963608983423b249350cb"}
{"index": {"_index":"pob","_id":"1195791"}}
	{"id":1195791,"type":"sell","buyer":"richardcrill","seller":"madstacks","symbol":"POB","quantity":"63.43567527","price":"0.66208801","timestamp":1625470071,"volume":"42.00000000","buyTxId":"MM-P-8392070-55371005-3-10-0","sellTxId":"43b2b749af27b2bea35963608983423b249350cb"}
{"index": {"_index":"pob","_id":"1195792"}}
	{"id":1195792,"type":"sell","buyer":"bluesniper","seller":"madstacks","symbol":"POB","quantity":"105.74049913","price":"0.66199801","timestamp":1625470071,"volume":"70.00000000","buyTxId":"MM-P-8392105-55371040-3-5-0","sellTxId":"43b2b749af27b2bea35963608983423b249350cb"}
{"index": {"_index":"pob","_id":"1195793"}}
	{"id":1195793,"type":"sell","buyer":"ctime","seller":"madstacks","symbol":"POB","quantity":"69.44974041","price":"0.66198801","timestamp":1625470071,"volume":"45.97489545","buyTxId":"MM-P-8392056-55370991-3-22-0","sellTxId":"43b2b749af27b2bea35963608983423b249350cb"}
{"index": {"_index":"pob","_id":"1195794"}}
	{"id":1195794,"type":"sell","buyer":"gimme-your-coinz","seller":"hiveonboard","symbol":"POB","quantity":"6.60000000","price":"0.66198802","timestamp":1625470131,"volume":"4.36912093","buyTxId":"bd14c7b79c0736c627a3e447a1ba74a124d94eab","sellTxId":"c996836b70b0276d183b6b0d140678b61185d191"}
{"index": {"_index":"pob","_id":"1195795"}}
	{"id":1195795,"type":"buy","buyer":"gimme-your-coinz","seller":"hiveonboard","symbol":"POB","quantity":"6.60000000","price":"0.66198802","timestamp":1625470146,"volume":"4.36912093","buyTxId":"a3e46050b82950b27e8992cc13fd387327a3bc78","sellTxId":"c996836b70b0276d183b6b0d140678b61185d191"}
{"index": {"_index":"pob","_id":"1195796"}}
	{"id":1195796,"type":"buy","buyer":"gimme-your-coinz","seller":"hiveonboard","symbol":"POB","quantity":"6.60000000","price":"0.66198802","timestamp":1625470158,"volume":"4.36912093","buyTxId":"a8fbaa6572adfdaa1b2ac9201171c3032e1e5292","sellTxId":"c996836b70b0276d183b6b0d140678b61185d191"}
{"index": {"_index":"pob","_id":"1195797"}}
	{"id":1195797,"type":"buy","buyer":"gimme-your-coinz","seller":"hiveonboard","symbol":"POB","quantity":"6.60000000","price":"0.66198802","timestamp":1625470167,"volume":"4.36912093","buyTxId":"217a4253e6626c6beb9a09561e6c0e7ee2a7c56e","sellTxId":"c996836b70b0276d183b6b0d140678b61185d191"}
{"index": {"_index":"pob","_id":"1195798"}}
	{"id":1195798,"type":"sell","buyer":"ctime","seller":"solovey6o2","symbol":"POB","quantity":"15.14393675","price":"0.66198801","timestamp":1625470176,"volume":"10.02510455","buyTxId":"MM-P-8392056-55370991-3-22-0","sellTxId":"d8272e173e235eb68abc54d6cc1082aa0c79fffc"}
{"index": {"_index":"pob","_id":"1195799"}}
	{"id":1195799,"type":"buy","buyer":"gimme-your-coinz","seller":"solovey6o2","symbol":"POB","quantity":"6.60000000","price":"0.66198801","timestamp":1625470179,"volume":"4.36912087","buyTxId":"63e7672c538a049090aa3d0ceedc6e7ec9c99051","sellTxId":"d8272e173e235eb68abc54d6cc1082aa0c79fffc"}
{"index": {"_index":"pob","_id":"1195800"}}
	{"id":1195800,"type":"buy","buyer":"gimme-your-coinz","seller":"hiveonboard","symbol":"POB","quantity":"6.60000000","price":"0.66198802","timestamp":1625470221,"volume":"4.36912093","buyTxId":"7ecb571ebc71a988a429afc50ac817bc346aafba","sellTxId":"c996836b70b0276d183b6b0d140678b61185d191"}
{"index": {"_index":"pob","_id":"1195801"}}
	{"id":1195801,"type":"buy","buyer":"richardcrill","seller":"hiveonboard","symbol":"POB","quantity":"24.52545891","price":"0.66198802","timestamp":1625470248,"volume":"16.23555998","buyTxId":"MM-P-8392169-55371105-3-10-0","sellTxId":"c996836b70b0276d183b6b0d140678b61185d191"}
{"index": {"_index":"pob","_id":"1195804"}}
	{"id":1195804,"type":"sell","buyer":"solovey6o2","seller":"stickupboys","symbol":"POB","quantity":"6.28372662","price":"0.66208802","timestamp":1625470434,"volume":"4.16038012","buyTxId":"6beb92ba2c5cad63d7037e4991ab431df876ea24","sellTxId":"b5dff1fa05666d22da582d7c2cb8ff150a660eae"}
{"index": {"_index":"pob","_id":"1195809"}}
	{"id":1195809,"type":"sell","buyer":"solovey6o2","seller":"stickupboys","symbol":"POB","quantity":"2.42750084","price":"0.66208802","timestamp":1625470491,"volume":"1.60721922","buyTxId":"6beb92ba2c5cad63d7037e4991ab431df876ea24","sellTxId":"fbb2e1956dde548a08a89666f375923da8e5daf2"}
{"index": {"_index":"pob","_id":"1195814"}}
	{"id":1195814,"type":"buy","buyer":"trayan","seller":"bluesniper","symbol":"POB","quantity":"1.49063107","price":"0.68919300","timestamp":1625470899,"volume":"1.02733250","buyTxId":"016012936e6367555f0c80e7cacfda9cbeee81f0","sellTxId":"MM-P-8392302-55371239-3-5-1"}
{"index": {"_index":"pob","_id":"1195839"}}
	{"id":1195839,"type":"sell","buyer":"richardcrill","seller":"specialfeelings","symbol":"POB","quantity":"8.85085528","price":"0.66285809","timestamp":1625472369,"volume":"5.86686103","buyTxId":"MM-P-8392860-55371801-3-10-0","sellTxId":"62219f109f70c61ab3e615209f30b540a8be28a4"}
{"index": {"_index":"pob","_id":"1195840"}}
	{"id":1195840,"type":"sell","buyer":"solovey6o2","seller":"babytarazkp","symbol":"POB","quantity":"1.83350235","price":"0.66285810","timestamp":1625472405,"volume":"1.21535188","buyTxId":"d75cf63dbf6e6f8de8aeb28ca0ef375de0447f73","sellTxId":"21aa578627f3bdb452cd9b2f13a379ee403ca1ed"}
{"index": {"_index":"pob","_id":"1195865"}}
	{"id":1195865,"type":"buy","buyer":"ctime","seller":"risingstargame","symbol":"POB","quantity":"4.00000000","price":"0.66297000","timestamp":1625472906,"volume":"2.65188000","buyTxId":"MM-P-8393046-55371987-3-22-0","sellTxId":"3ff1639bf5d39e6fedd5ef70c3bf67d93be2bbed"}
{"index": {"_index":"pob","_id":"1195874"}}
	{"id":1195874,"type":"buy","buyer":"beemd","seller":"risingstargame","symbol":"POB","quantity":"0.41221077","price":"0.66308000","timestamp":1625473143,"volume":"0.27332872","buyTxId":"ac25b498861ee9586c5239ea3789926985e437c7","sellTxId":"f68eb4b666ccd31b189902f9d7afcb2cedd1d292"}
{"index": {"_index":"pob","_id":"1195875"}}
	{"id":1195875,"type":"sell","buyer":"solovey6o2","seller":"sipahikara","symbol":"POB","quantity":"0.32530000","price":"0.66307812","timestamp":1625473149,"volume":"0.21569931","buyTxId":"b939369cce1725608b3e7a5f21677e536ba6fd48","sellTxId":"5c7382a0ed5aa01a6e4ce40b7d52a796c77d3480"}
{"index": {"_index":"pob","_id":"1195877"}}
	{"id":1195877,"type":"buy","buyer":"beemd","seller":"risingstargame","symbol":"POB","quantity":"0.13750000","price":"0.66308000","timestamp":1625473200,"volume":"0.09117350","buyTxId":"c6656c0d6b1388bc06de66704fd4de235f444bf7","sellTxId":"f68eb4b666ccd31b189902f9d7afcb2cedd1d292"}
{"index": {"_index":"pob","_id":"1195879"}}
	{"id":1195879,"type":"buy","buyer":"ctime","seller":"risingstargame","symbol":"POB","quantity":"6.45028923","price":"0.66308000","timestamp":1625473206,"volume":"4.27705778","buyTxId":"MM-P-8393145-55372086-3-22-0","sellTxId":"f68eb4b666ccd31b189902f9d7afcb2cedd1d292"}
{"index": {"_index":"pob","_id":"1195884"}}
	{"id":1195884,"type":"sell","buyer":"peter-stone","seller":"worldhelper","symbol":"POB","quantity":"0.18328909","price":"0.68909000","timestamp":1625473377,"volume":"0.12630268","buyTxId":"7a53e7c381e924c58752ff0dbf528ea5c2c4dba3","sellTxId":"7ce551a6409c38ef1d917d9bef808fa50b99070d"}
{"index": {"_index":"pob","_id":"1195885"}}
	{"id":1195885,"type":"sell","buyer":"solovey6o2","seller":"worldhelper","symbol":"POB","quantity":"0.31672589","price":"0.66318813","timestamp":1625473377,"volume":"0.21004885","buyTxId":"7c2e75c1af970cfe6421ca97be7d06f71211c859","sellTxId":"7ce551a6409c38ef1d917d9bef808fa50b99070d"}
{"index": {"_index":"pob","_id":"1195888"}}
	{"id":1195888,"type":"sell","buyer":"anadolu","seller":"acesontop","symbol":"POB","quantity":"11.29994269","price":"0.66320000","timestamp":1625473464,"volume":"7.49412199","buyTxId":"fcbae913b2603163d0fba760fd15ad35c5f26212","sellTxId":"7de7a4788c5b2d67414827eedafc8c13ab57573f"}
{"index": {"_index":"pob","_id":"1195891"}}
	{"id":1195891,"type":"buy","buyer":"roninrelax","seller":"anadolu","symbol":"POB","quantity":"0.23053961","price":"0.68900000","timestamp":1625473515,"volume":"0.15884179","buyTxId":"b2d6a503c932c0e0b340e3fc7818c9900f5cba6b","sellTxId":"1d7982cad435655d486b2049033a1c2f7750948d"}
{"index": {"_index":"pob","_id":"1195897"}}
	{"id":1195897,"type":"sell","buyer":"richardcrill","seller":"scooter77","symbol":"POB","quantity":"20.00000000","price":"0.66353003","timestamp":1625474151,"volume":"13.27060060","buyTxId":"MM-P-8393456-55372399-3-10-0","sellTxId":"4337ec6fa7c3aba1f8b859a69b92c1701515688f"}
{"index": {"_index":"pob","_id":"1195912"}}
	{"id":1195912,"type":"sell","buyer":"richardcrill","seller":"vikisecrets","symbol":"POB","quantity":"50","price":"0.66375006","timestamp":1625474778,"volume":"33.18750300","buyTxId":"MM-P-8393656-55372599-3-10-0","sellTxId":"10571dac25e602c4026e202bc376676353050bb5"}
{"index": {"_index":"pob","_id":"1195941"}}
	{"id":1195941,"type":"sell","buyer":"richardcrill","seller":"fredrikaa","symbol":"POB","quantity":"63.23490629","price":"0.66419012","timestamp":1625475975,"volume":"42.00000000","buyTxId":"MM-P-8394055-55372999-3-10-0","sellTxId":"28fc3d0b6973594cbed12a5ba5106275ec16cec4"}
{"index": {"_index":"pob","_id":"1195942"}}
	{"id":1195942,"type":"sell","buyer":"solovey6o2","seller":"fredrikaa","symbol":"POB","quantity":"12.50588428","price":"0.66409012","timestamp":1625475975,"volume":"8.30503419","buyTxId":"495ecdff626c15b00087864e828b716badb0dbc0","sellTxId":"28fc3d0b6973594cbed12a5ba5106275ec16cec4"}
{"index": {"_index":"pob","_id":"1195943"}}
	{"id":1195943,"type":"sell","buyer":"ctime","seller":"fredrikaa","symbol":"POB","quantity":"84.32590571","price":"0.66409011","timestamp":1625475975,"volume":"56.00000000","buyTxId":"MM-P-8394041-55372985-3-22-0","sellTxId":"28fc3d0b6973594cbed12a5ba5106275ec16cec4"}
{"index": {"_index":"pob","_id":"1195944"}}
	{"id":1195944,"type":"sell","buyer":"bluesniper","seller":"fredrikaa","symbol":"POB","quantity":"89.93330372","price":"0.66327001","timestamp":1625475975,"volume":"59.65006326","buyTxId":"MM-P-8393990-55372934-3-5-0","sellTxId":"28fc3d0b6973594cbed12a5ba5106275ec16cec4"}
{"index": {"_index":"pob","_id":"1195951"}}
	{"id":1195951,"type":"sell","buyer":"richardcrill","seller":"deepsafe","symbol":"POB","quantity":"16.34679357","price":"0.66338001","timestamp":1625476368,"volume":"10.84413608","buyTxId":"MM-P-8394153-55373097-3-10-0","sellTxId":"3e87470011e4dd7046efd6e3faef8fe4fccc3724"}
{"index": {"_index":"pob","_id":"1195978"}}
	{"id":1195978,"type":"sell","buyer":"richardcrill","seller":"fredrikaa","symbol":"POB","quantity":"63.22825209","price":"0.66426002","timestamp":1625478696,"volume":"42.00000000","buyTxId":"MM-P-8394945-55373891-3-10-0","sellTxId":"2605f256cd40266af74029be42165a8e2bdb3783"}
{"index": {"_index":"pob","_id":"1195979"}}
	{"id":1195979,"type":"sell","buyer":"ctime","seller":"fredrikaa","symbol":"POB","quantity":"84.31702950","price":"0.66416002","timestamp":1625478696,"volume":"56.00000000","buyTxId":"MM-P-8394932-55373878-3-22-0","sellTxId":"2605f256cd40266af74029be42165a8e2bdb3783"}
{"index": {"_index":"pob","_id":"1195980"}}
	{"id":1195980,"type":"sell","buyer":"bluesniper","seller":"fredrikaa","symbol":"POB","quantity":"94.92818211","price":"0.66406001","timestamp":1625478696,"volume":"63.03800956","buyTxId":"MM-P-8394881-55373827-3-5-0","sellTxId":"2605f256cd40266af74029be42165a8e2bdb3783"}
{"index": {"_index":"pob","_id":"1196002"}}
	{"id":1196002,"type":"sell","buyer":"bluesniper","seller":"toofasteddie","symbol":"POB","quantity":"4.00000000","price":"0.66406001","timestamp":1625480415,"volume":"2.65624004","buyTxId":"MM-P-8394881-55373827-3-5-0","sellTxId":"d6b7e974f607d34d387d7b1cd1f04df86cbd48c3"}
{"index": {"_index":"pob","_id":"1196007"}}
	{"id":1196007,"type":"sell","buyer":"bluesniper","seller":"samgiset","symbol":"POB","quantity":"6.48397785","price":"0.66406001","timestamp":1625480613,"volume":"4.30575040","buyTxId":"MM-P-8394881-55373827-3-5-0","sellTxId":"b7df901993429d271ef078940b7e2d57f515b8aa"}
{"index": {"_index":"pob","_id":"1196013"}}
	{"id":1196013,"type":"sell","buyer":"richardcrill","seller":"ralph75","symbol":"POB","quantity":"0.00251552","price":"0.66397001","timestamp":1625480985,"volume":"0.00167023","buyTxId":"MM-P-8395634-55374588-3-10-0","sellTxId":"c75ad69cab8713f9ac1201904ba2c786d92c973b"}
{"index": {"_index":"pob","_id":"1196016"}}
	{"id":1196016,"type":"buy","buyer":"richardcrill","seller":"samgiset","symbol":"POB","quantity":"8.51602215","price":"0.66406001","timestamp":1625481048,"volume":"5.65514975","buyTxId":"MM-P-8395733-55374688-3-10-0","sellTxId":"b7df901993429d271ef078940b7e2d57f515b8aa"}
{"index": {"_index":"pob","_id":"1196024"}}
	{"id":1196024,"type":"sell","buyer":"richardcrill","seller":"scooter77","symbol":"POB","quantity":"20.00000000","price":"0.66441001","timestamp":1625481987,"volume":"13.28820020","buyTxId":"MM-P-8396031-55374987-3-10-0","sellTxId":"d56a6d81364db57c63f1b18445a0e5cbfee7b1f0"}
{"index": {"_index":"pob","_id":"1196078"}}
	{"id":1196078,"type":"buy","buyer":"memeisfun","seller":"enrique89","symbol":"POB","quantity":"3.69359879","price":"0.67441001","timestamp":1625485188,"volume":"2.49100000","buyTxId":"1119c880b383f791ca8812051cc28d894c225467","sellTxId":"f98fddd062e6a71cc51a36afcc51da8293e98db0"}
{"index": {"_index":"pob","_id":"1196105"}}
	{"id":1196105,"type":"sell","buyer":"richardcrill","seller":"preparedwombat","symbol":"POB","quantity":"0.72185360","price":"0.67110001","timestamp":1625486157,"volume":"0.48443596","buyTxId":"MM-P-8397421-55376378-3-10-0","sellTxId":"793d3f34afcd2bd24dfaaa877bb4ac82982d76b4"}
{"index": {"_index":"pob","_id":"1196108"}}
	{"id":1196108,"type":"sell","buyer":"richardcrill","seller":"eddie-earner","symbol":"POB","quantity":"6.30550064","price":"0.67110001","timestamp":1625486211,"volume":"4.23162154","buyTxId":"MM-P-8397421-55376378-3-10-0","sellTxId":"cf0153d209f57111b66a3fb0bbd89a75d2046eec"}
{"index": {"_index":"pob","_id":"1196121"}}
	{"id":1196121,"type":"buy","buyer":"offgridlife","seller":"enrique89","symbol":"POB","quantity":"1.00000000","price":"0.67441001","timestamp":1625486331,"volume":"0.67441001","buyTxId":"2aec554d1848b0a92a95aa3dafc59a5acb13e5a3","sellTxId":"f98fddd062e6a71cc51a36afcc51da8293e98db0"}
{"index": {"_index":"pob","_id":"1196122"}}
	{"id":1196122,"type":"buy","buyer":"offgridlife","seller":"enrique89","symbol":"POB","quantity":"1.00000000","price":"0.67441001","timestamp":1625486340,"volume":"0.67441001","buyTxId":"9e0bf0eb08874833412877c0fb868f81f7fc0360","sellTxId":"f98fddd062e6a71cc51a36afcc51da8293e98db0"}
{"index": {"_index":"pob","_id":"1196126"}}
	{"id":1196126,"type":"buy","buyer":"andy4475","seller":"enrique89","symbol":"POB","quantity":"3.22579040","price":"0.67441001","timestamp":1625486499,"volume":"2.17550534","buyTxId":"5d427b4a9f9497fc6b2b56bf5b6f0927c10f5b84","sellTxId":"f98fddd062e6a71cc51a36afcc51da8293e98db0"}
{"index": {"_index":"pob","_id":"1196127"}}
	{"id":1196127,"type":"buy","buyer":"jersteemit","seller":"enrique89","symbol":"POB","quantity":"11.34978000","price":"0.67441001","timestamp":1625486637,"volume":"7.65440524","buyTxId":"0fa8f807523eba37c19e431608ca3fde89ef730f","sellTxId":"f98fddd062e6a71cc51a36afcc51da8293e98db0"}
{"index": {"_index":"pob","_id":"1196130"}}
	{"id":1196130,"type":"buy","buyer":"jersteemit","seller":"enrique89","symbol":"POB","quantity":"0.15000000","price":"0.67441001","timestamp":1625486748,"volume":"0.10116150","buyTxId":"0653af922c20ca4c3888f9f86f1576af6a4b4905","sellTxId":"f98fddd062e6a71cc51a36afcc51da8293e98db0"}
{"index": {"_index":"pob","_id":"1196137"}}
	{"id":1196137,"type":"sell","buyer":"gimme-your-coinz","seller":"trumpman","symbol":"POB","quantity":"28.50835733","price":"0.67143002","timestamp":1625487102,"volume":"19.14136693","buyTxId":"8a920e3c955a770df473c34fe4a9da588e5c5cdb","sellTxId":"cfb7b7129c62b4802d260856025e754443461095"}
{"index": {"_index":"pob","_id":"1196142"}}
	{"id":1196142,"type":"sell","buyer":"gimme-your-coinz","seller":"notak","symbol":"POB","quantity":"1.16280652","price":"0.67154003","timestamp":1625487405,"volume":"0.78087113","buyTxId":"a3d1e645aba74670855be7704dab4e3eebc92432","sellTxId":"fc53c2733f16ca1adf6a119654a7f9abedb7d509"}
{"index": {"_index":"pob","_id":"1196164"}}
	{"id":1196164,"type":"sell","buyer":"richardcrill","seller":"rubenmedina182","symbol":"POB","quantity":"10.52193445","price":"0.67209012","timestamp":1625488851,"volume":"7.07168819","buyTxId":"MM-P-8398314-55377271-3-10-0","sellTxId":"f0676ac09c9e0fcadac61fe107d248eca3077064"}
{"index": {"_index":"pob","_id":"1196165"}}
	{"id":1196165,"type":"sell","buyer":"gimme-your-coinz","seller":"rubenmedina182","symbol":"POB","quantity":"14.77030338","price":"0.67199012","timestamp":1625488851,"volume":"9.92549794","buyTxId":"a9f2b2080636ab1325dfebf0e088c119cf26048d","sellTxId":"f0676ac09c9e0fcadac61fe107d248eca3077064"}
{"index": {"_index":"pob","_id":"1196196"}}
	{"id":1196196,"type":"buy","buyer":"leovote","seller":"enrique89","symbol":"POB","quantity":"4.58000000","price":"0.67441001","timestamp":1625489565,"volume":"3.08879785","buyTxId":"431ac318597ecb771ba02c3fe9eb75987fa3cedd","sellTxId":"f98fddd062e6a71cc51a36afcc51da8293e98db0"}
{"index": {"_index":"pob","_id":"1196197"}}
	{"id":1196197,"type":"sell","buyer":"gimme-your-coinz","seller":"justinparke","symbol":"POB","quantity":"5.83594855","price":"0.67201014","timestamp":1625489589,"volume":"3.92181660","buyTxId":"fedc4118b1502ec9df2b34e8c9df092a346c1ec4","sellTxId":"27698e35c09e9598703db058dd600cc5f45202c6"}
{"index": {"_index":"pob","_id":"1196198"}}
	{"id":1196198,"type":"buy","buyer":"leovote","seller":"enrique89","symbol":"POB","quantity":"0.00083081","price":"0.67441001","timestamp":1625489592,"volume":"0.00056031","buyTxId":"12abc2089e7151b337b7da370af3a51975cb99bf","sellTxId":"f98fddd062e6a71cc51a36afcc51da8293e98db0"}
{"index": {"_index":"pob","_id":"1196204"}}
	{"id":1196204,"type":"buy","buyer":"leovote","seller":"bluesniper","symbol":"POB","quantity":"29.00000000","price":"0.68741499","timestamp":1625489673,"volume":"19.93503471","buyTxId":"80cef0d6b1f79b66084fb167706092acc1092fa9","sellTxId":"MM-P-8398546-55377504-3-5-1"}
{"index": {"_index":"pob","_id":"1196207"}}
	{"id":1196207,"type":"buy","buyer":"leovote","seller":"freebornsociety","symbol":"POB","quantity":"75.00000000","price":"0.68742499","timestamp":1625489697,"volume":"51.55687425","buyTxId":"5f190e7f48a5942c7a07180ce00e184dd802336c","sellTxId":"MM-P-8398546-55377504-3-3-0"}
{"index": {"_index":"pob","_id":"1196213"}}
	{"id":1196213,"type":"buy","buyer":"leovote","seller":"solovey6o2","symbol":"POB","quantity":"583.70000000","price":"0.68750198","timestamp":1625489724,"volume":"401.29490573","buyTxId":"3277bd95e32f7552d471e1496da2f547af0ae382","sellTxId":"f28f98a7aa817a4f292595f9984e3d4982be1f3a"}
{"index": {"_index":"pob","_id":"1196221"}}
	{"id":1196221,"type":"buy","buyer":"leovote","seller":"solovey6o2","symbol":"POB","quantity":"0.02552030","price":"0.68750198","timestamp":1625489757,"volume":"0.01754526","buyTxId":"788fcb2a78003c4b2a41e29d0c2a8f24f29ec69e","sellTxId":"f28f98a7aa817a4f292595f9984e3d4982be1f3a"}
{"index": {"_index":"pob","_id":"1196222"}}
	{"id":1196222,"type":"buy","buyer":"leovote","seller":"anadolu","symbol":"POB","quantity":"29.97447970","price":"0.68900000","timestamp":1625489757,"volume":"20.65241651","buyTxId":"788fcb2a78003c4b2a41e29d0c2a8f24f29ec69e","sellTxId":"1d7982cad435655d486b2049033a1c2f7750948d"}
{"index": {"_index":"pob","_id":"1196229"}}
	{"id":1196229,"type":"sell","buyer":"gimme-your-coinz","seller":"chireerocks","symbol":"POB","quantity":"13.85184180","price":"0.68741001","timestamp":1625489778,"volume":"9.52189471","buyTxId":"e74a2eaf9aaaf2369565962b2c222b4832fd4774","sellTxId":"583fb1c9ef98c7bcca828b5b91960199cd63e6b3"}
{"index": {"_index":"pob","_id":"1196232"}}
	{"id":1196232,"type":"buy","buyer":"leovote","seller":"anadolu","symbol":"POB","quantity":"0.79498069","price":"0.68900000","timestamp":1625489787,"volume":"0.54774170","buyTxId":"dc8a1ad39001ccef62104bbf21329b5e2c74edcd","sellTxId":"1d7982cad435655d486b2049033a1c2f7750948d"}
{"index": {"_index":"pob","_id":"1196233"}}
	{"id":1196233,"type":"buy","buyer":"leovote","seller":"dhedge-drips","symbol":"POB","quantity":"9.20501931","price":"0.68942699","timestamp":1625489787,"volume":"6.34618876","buyTxId":"dc8a1ad39001ccef62104bbf21329b5e2c74edcd","sellTxId":"b20103aead83551c25ee319f7f6747ffd00c95d5"}
{"index": {"_index":"pob","_id":"1196237"}}
	{"id":1196237,"type":"buy","buyer":"leovote","seller":"dhedge-drips","symbol":"POB","quantity":"1.70000000","price":"0.68942699","timestamp":1625489832,"volume":"1.17202588","buyTxId":"4200319cc397e6a094265968d57006c517bfa728","sellTxId":"b20103aead83551c25ee319f7f6747ffd00c95d5"}
{"index": {"_index":"pob","_id":"1196240"}}
	{"id":1196240,"type":"buy","buyer":"leovote","seller":"dhedge-drips","symbol":"POB","quantity":"0.00305681","price":"0.68942699","timestamp":1625489856,"volume":"0.00210745","buyTxId":"67078631bfacb39dbb226c47eb16ab3460b44bc1","sellTxId":"b20103aead83551c25ee319f7f6747ffd00c95d5"}
{"index": {"_index":"pob","_id":"1196241"}}
	{"id":1196241,"type":"buy","buyer":"leovote","seller":"fireguardian","symbol":"POB","quantity":"9.59694319","price":"0.69000000","timestamp":1625489856,"volume":"6.62189080","buyTxId":"67078631bfacb39dbb226c47eb16ab3460b44bc1","sellTxId":"26c952db81956965eb3c7714acef03eabad43fb9"}
{"index": {"_index":"pob","_id":"1196244"}}
	{"id":1196244,"type":"buy","buyer":"leovote","seller":"fireguardian","symbol":"POB","quantity":"0.08096909","price":"0.69000000","timestamp":1625489883,"volume":"0.05586867","buyTxId":"bfc02c6080f5182af0d4e45845ff086a6c16b8bc","sellTxId":"26c952db81956965eb3c7714acef03eabad43fb9"}
{"index": {"_index":"pob","_id":"1196245"}}
	{"id":1196245,"type":"buy","buyer":"leovote","seller":"bluesniper","symbol":"POB","quantity":"28.91903091","price":"0.69898900","timestamp":1625489883,"volume":"20.21408450","buyTxId":"bfc02c6080f5182af0d4e45845ff086a6c16b8bc","sellTxId":"MM-P-8398646-55377604-3-5-0"}
{"index": {"_index":"pob","_id":"1196248"}}
	{"id":1196248,"type":"buy","buyer":"leovote","seller":"bluesniper","symbol":"POB","quantity":"0.08096909","price":"0.69898900","timestamp":1625489919,"volume":"0.05659650","buyTxId":"6b6d71abd892bffbce0a148c228a4f64e1199e15","sellTxId":"MM-P-8398646-55377604-3-5-0"}
{"index": {"_index":"pob","_id":"1196249"}}
	{"id":1196249,"type":"buy","buyer":"leovote","seller":"freebornsociety","symbol":"POB","quantity":"74.91903091","price":"0.69899900","timestamp":1625489919,"volume":"52.36832769","buyTxId":"6b6d71abd892bffbce0a148c228a4f64e1199e15","sellTxId":"MM-P-8398646-55377604-3-3-0"}
{"index": {"_index":"pob","_id":"1196250"}}
	{"id":1196250,"type":"buy","buyer":"leovote","seller":"freebornsociety","symbol":"POB","quantity":"0.08096909","price":"0.69899900","timestamp":1625489943,"volume":"0.05659731","buyTxId":"a7d7ed46a52ff9976a7b00067bab8c4569b2f699","sellTxId":"MM-P-8398646-55377604-3-3-0"}
{"index": {"_index":"pob","_id":"1196253"}}
	{"id":1196253,"type":"buy","buyer":"leovote","seller":"kemmyb","symbol":"POB","quantity":"5.00000000","price":"0.69900000","timestamp":1625489976,"volume":"3.49500000","buyTxId":"dff2cd3926da7fbb39db2af30fc10b7ccdf62018","sellTxId":"163c0bbce2790d65896796380f877d3221f55dd8"}
{"index": {"_index":"pob","_id":"1196256"}}
	{"id":1196256,"type":"buy","buyer":"leovote","seller":"fireguardian","symbol":"POB","quantity":"30.00000000","price":"0.70000000","timestamp":1625490000,"volume":"21.00000000","buyTxId":"1af6b6e21a0ed0e547ab4cd16994400e0c4c7f34","sellTxId":"925439e8f50d260beeb8d394496a3c367dfa9e67"}
{"index": {"_index":"pob","_id":"1196285"}}
	{"id":1196285,"type":"buy","buyer":"leovote","seller":"eirik","symbol":"POB","quantity":"3.40000000","price":"0.72500000","timestamp":1625490669,"volume":"2.46500000","buyTxId":"ae85756b321b40026577ed88fa57586294119525","sellTxId":"a70031f35d2541fb23d7192145ebc89b7ef3d75e"}
{"index": {"_index":"pob","_id":"1196287"}}
	{"id":1196287,"type":"buy","buyer":"leovote","seller":"bluesniper","symbol":"POB","quantity":"29.00000000","price":"0.73997301","timestamp":1625490702,"volume":"21.45921729","buyTxId":"f323f4af46ae1089195b7617b8e8fba7760395e5","sellTxId":"MM-P-8398845-55377804-3-5-0"}
{"index": {"_index":"pob","_id":"1196289"}}
	{"id":1196289,"type":"sell","buyer":"gimme-your-coinz","seller":"tonytrillions","symbol":"POB","quantity":"33.00000000","price":"0.69902904","timestamp":1625490756,"volume":"23.06795832","buyTxId":"ff90d72fded43c4c1ed6a6e6f0cdf2fb50c8f270","sellTxId":"b799f5009bf8e5d659e291d3b465657a19072ea5"}
{"index": {"_index":"pob","_id":"1196291"}}
	{"id":1196291,"type":"sell","buyer":"gimme-your-coinz","seller":"tonytrillions","symbol":"POB","quantity":"16.26727728","price":"0.69902904","timestamp":1625490813,"volume":"11.37129922","buyTxId":"5ae2e8afb2819dea22ef0e0c02bdca8a592aa08b","sellTxId":"6e94754d05a0a512c1dcea986b24e5cab0ffc424"}
{"index": {"_index":"pob","_id":"1196292"}}
	{"id":1196292,"type":"buy","buyer":"leovote","seller":"liotes.voter","symbol":"POB","quantity":"6.60000000","price":"0.73999501","timestamp":1625490816,"volume":"4.88396707","buyTxId":"65683ac6fd898a89ecc228e8cbb088b2e188befa","sellTxId":"f8d30708577b2a2646f0723f200db136b36491e1"}
{"index": {"_index":"pob","_id":"1196294"}}
	{"id":1196294,"type":"buy","buyer":"leovote","seller":"liotes.voter","symbol":"POB","quantity":"0.07171982","price":"0.73999501","timestamp":1625490843,"volume":"0.05307231","buyTxId":"84e2babb6f3db77bb8ee52cab17feed562976539","sellTxId":"f8d30708577b2a2646f0723f200db136b36491e1"}
{"index": {"_index":"pob","_id":"1196295"}}
	{"id":1196295,"type":"buy","buyer":"leovote","seller":"funnel","symbol":"POB","quantity":"4.92828018","price":"0.74000000","timestamp":1625490843,"volume":"3.64692733","buyTxId":"84e2babb6f3db77bb8ee52cab17feed562976539","sellTxId":"a00f91cac97f9d44548a9b8f475c37eb26bb38d6"}
{"index": {"_index":"pob","_id":"1196298"}}
	{"id":1196298,"type":"buy","buyer":"leovote","seller":"funnel","symbol":"POB","quantity":"0.07171982","price":"0.74000000","timestamp":1625490867,"volume":"0.05307267","buyTxId":"1ea815a9814b9820ab6d3a9dfb8ef1281b97df12","sellTxId":"a00f91cac97f9d44548a9b8f475c37eb26bb38d6"}
{"index": {"_index":"pob","_id":"1196299"}}
	{"id":1196299,"type":"buy","buyer":"leovote","seller":"bluesniper","symbol":"POB","quantity":"28.92828018","price":"0.74899000","timestamp":1625490867,"volume":"21.66699257","buyTxId":"1ea815a9814b9820ab6d3a9dfb8ef1281b97df12","sellTxId":"MM-P-8398945-55377904-3-5-0"}
{"index": {"_index":"pob","_id":"1196304"}}
	{"id":1196304,"type":"buy","buyer":"tonytrillions","seller":"bluesniper","symbol":"POB","quantity":"0.00000076","price":"0.74899000","timestamp":1625491074,"volume":"0.00000057","buyTxId":"21ddd7c93dada41eb414af0f5a6b3e039c9c82da","sellTxId":"MM-P-8398945-55377904-3-5-0"}
{"index": {"_index":"pob","_id":"1196313"}}
	{"id":1196313,"type":"sell","buyer":"gimme-your-coinz","seller":"littledisciples","symbol":"POB","quantity":"20.00000000","price":"0.69904906","timestamp":1625491398,"volume":"13.98098120","buyTxId":"d9cf5ad9ec9ce289e7dfc573b3dd6a9b7b574760","sellTxId":"340d3b0334f39029c59585d1f91e790c1551b9cb"}
{"index": {"_index":"pob","_id":"1196315"}}
	{"id":1196315,"type":"sell","buyer":"gimme-your-coinz","seller":"littledisciples","symbol":"POB","quantity":"13.00000000","price":"0.69904906","timestamp":1625491473,"volume":"9.08763778","buyTxId":"d9cf5ad9ec9ce289e7dfc573b3dd6a9b7b574760","sellTxId":"e75a1a58a3f191ed69810d06dc9d339fc4a900db"}
{"index": {"_index":"pob","_id":"1196316"}}
	{"id":1196316,"type":"buy","buyer":"gimme-your-coinz","seller":"littledisciples","symbol":"POB","quantity":"17.00000000","price":"0.69904906","timestamp":1625491485,"volume":"11.88383402","buyTxId":"6f71bd7bd50285a68a069ee6345cf593f36df295","sellTxId":"e75a1a58a3f191ed69810d06dc9d339fc4a900db"}
{"index": {"_index":"pob","_id":"1196360"}}
	{"id":1196360,"type":"sell","buyer":"gimme-your-coinz","seller":"felipejoys","symbol":"POB","quantity":"3.40000000","price":"0.69909911","timestamp":1625492907,"volume":"2.37693697","buyTxId":"3573bd58fbbfddd18ad0db99d6023d95bdc0ccad","sellTxId":"2048edc347e4529923b953b22cabbefb74806111"}
{"index": {"_index":"pob","_id":"1196362"}}
	{"id":1196362,"type":"sell","buyer":"gimme-your-coinz","seller":"felipejoys","symbol":"POB","quantity":"10.00000000","price":"0.69910912","timestamp":1625493033,"volume":"6.99109120","buyTxId":"8c67952f66160f3c957cd6d13546cdaafc8fc80b","sellTxId":"f3bffac6ec5c0d58671194e7c5e068fede9050aa"}
{"index": {"_index":"pob","_id":"1196375"}}
	{"id":1196375,"type":"sell","buyer":"gimme-your-coinz","seller":"metzli","symbol":"POB","quantity":"1.67697482","price":"0.69912914","timestamp":1625493663,"volume":"1.17242196","buyTxId":"e8288e19d01edab4efff88c46607b60e9136d43e","sellTxId":"fd1f42b3ffb95a12a03fb8bf75b46210d46379d8"}
{"index": {"_index":"pob","_id":"1196429"}}
	{"id":1196429,"type":"sell","buyer":"gimme-your-coinz","seller":"alexvan","symbol":"POB","quantity":"7.98600000","price":"0.69919921","timestamp":1625495970,"volume":"5.58380489","buyTxId":"2118e7c6d779664767b4ee265072acee2cd66ca5","sellTxId":"06d89ecc0ff5c102fa05fd6138d7735df353fa1f"}
{"index": {"_index":"pob","_id":"1196431"}}
	{"id":1196431,"type":"sell","buyer":"gimme-your-coinz","seller":"sm-pro","symbol":"POB","quantity":"0.00122037","price":"0.69919921","timestamp":1625495976,"volume":"0.00085328","buyTxId":"2118e7c6d779664767b4ee265072acee2cd66ca5","sellTxId":"b08b96d76640f7b65621e0c5a85256f012c64174"}
{"index": {"_index":"pob","_id":"1196440"}}
	{"id":1196440,"type":"buy","buyer":"kevinnag58","seller":"bluesniper","symbol":"POB","quantity":"0.07171906","price":"0.74899000","timestamp":1625496129,"volume":"0.05371686","buyTxId":"4cbd220b02db4c0d2a193011fa18ccd82ca42b33","sellTxId":"MM-P-8398945-55377904-3-5-0"}
{"index": {"_index":"pob","_id":"1196441"}}
	{"id":1196441,"type":"buy","buyer":"kevinnag58","seller":"belhaven14","symbol":"POB","quantity":"1.38874205","price":"0.74900000","timestamp":1625496129,"volume":"1.04016780","buyTxId":"4cbd220b02db4c0d2a193011fa18ccd82ca42b33","sellTxId":"e08affe2fa19062ccef9ec7df84e0ccf9f775ea0"}
{"index": {"_index":"pob","_id":"1196442"}}
	{"id":1196442,"type":"buy","buyer":"kevinnag58","seller":"freebornsociety","symbol":"POB","quantity":"11.88032437","price":"0.74965254","timestamp":1625496129,"volume":"8.90611534","buyTxId":"4cbd220b02db4c0d2a193011fa18ccd82ca42b33","sellTxId":"MM-P-8400632-55379593-3-3-0"}
{"index": {"_index":"pob","_id":"1196458"}}
	{"id":1196458,"type":"sell","buyer":"ctime","seller":"saachi","symbol":"POB","quantity":"4.50000000","price":"0.69922923","timestamp":1625496636,"volume":"3.14653154","buyTxId":"MM-P-8400882-55379844-3-22-0","sellTxId":"403a2f670b3d9fbc53ef931011d4105b1718b96e"}
{"index": {"_index":"pob","_id":"1196484"}}
	{"id":1196484,"type":"buy","buyer":"offgridlife","seller":"take-my-coinz","symbol":"POB","quantity":"5.55000000","price":"0.74966954","timestamp":1625497245,"volume":"4.16066595","buyTxId":"f764a0e180b792e600342611d872b65e6cb4fa38","sellTxId":"5e020e86d4cb36d091888729c9bd5e0347b3075f"}
{"index": {"_index":"pob","_id":"1196485"}}
	{"id":1196485,"type":"buy","buyer":"offgridlife","seller":"bluesniper","symbol":"POB","quantity":"29.00000000","price":"0.74972470","timestamp":1625497245,"volume":"21.74201630","buyTxId":"f764a0e180b792e600342611d872b65e6cb4fa38","sellTxId":"MM-P-8401030-55379992-3-5-0"}
{"index": {"_index":"pob","_id":"1196486"}}
	{"id":1196486,"type":"buy","buyer":"offgridlife","seller":"freebornsociety","symbol":"POB","quantity":"15.45000000","price":"0.74973470","timestamp":1625497245,"volume":"11.58340112","buyTxId":"f764a0e180b792e600342611d872b65e6cb4fa38","sellTxId":"MM-P-8401030-55379992-3-3-0"}
{"index": {"_index":"pob","_id":"1196513"}}
	{"id":1196513,"type":"buy","buyer":"offgridlife","seller":"qwerrie","symbol":"POB","quantity":"5.09000000","price":"0.74975770","timestamp":1625497710,"volume":"3.81626669","buyTxId":"29e414a22c5624a3bf89abf955380f9f034348a0","sellTxId":"ebd139678da60288f9493cdd373071074a80ba20"}
{"index": {"_index":"pob","_id":"1196514"}}
	{"id":1196514,"type":"buy","buyer":"offgridlife","seller":"eirik","symbol":"POB","quantity":"0.45000000","price":"0.75000000","timestamp":1625497710,"volume":"0.33750000","buyTxId":"29e414a22c5624a3bf89abf955380f9f034348a0","sellTxId":"889828b305d7822e24a239e8adb3ede11c9f3764"}
{"index": {"_index":"pob","_id":"1196515"}}
	{"id":1196515,"type":"buy","buyer":"offgridlife","seller":"bluesniper","symbol":"POB","quantity":"29.00000000","price":"0.77498900","timestamp":1625497710,"volume":"22.47468100","buyTxId":"29e414a22c5624a3bf89abf955380f9f034348a0","sellTxId":"MM-P-8401230-55380192-3-5-0"}
{"index": {"_index":"pob","_id":"1196516"}}
	{"id":1196516,"type":"buy","buyer":"offgridlife","seller":"freebornsociety","symbol":"POB","quantity":"15.46000000","price":"0.77499900","timestamp":1625497710,"volume":"11.98148454","buyTxId":"29e414a22c5624a3bf89abf955380f9f034348a0","sellTxId":"MM-P-8401230-55380192-3-3-0"}
{"index": {"_index":"pob","_id":"1196518"}}
	{"id":1196518,"type":"buy","buyer":"tonytrillions","seller":"freebornsociety","symbol":"POB","quantity":"0.08868206","price":"0.77499900","timestamp":1625497794,"volume":"0.06872851","buyTxId":"bbd9b922a03c7a008f1eaca57deacc37402a4263","sellTxId":"MM-P-8401230-55380192-3-3-0"}
{"index": {"_index":"pob","_id":"1196530"}}
	{"id":1196530,"type":"buy","buyer":"kevinnag58","seller":"bluesniper","symbol":"POB","quantity":"29.00000000","price":"0.77498900","timestamp":1625497992,"volume":"22.47468100","buyTxId":"1f07b83747908c68e017f5ac489c9561c0b55f97","sellTxId":"MM-P-8401330-55380292-3-5-0"}
{"index": {"_index":"pob","_id":"1196531"}}
	{"id":1196531,"type":"buy","buyer":"kevinnag58","seller":"freebornsociety","symbol":"POB","quantity":"16.40991885","price":"0.77499900","timestamp":1625497992,"volume":"12.71767070","buyTxId":"1f07b83747908c68e017f5ac489c9561c0b55f97","sellTxId":"MM-P-8401230-55380192-3-3-0"}
{"index": {"_index":"pob","_id":"1196577"}}
	{"id":1196577,"type":"sell","buyer":"gimme-your-coinz","seller":"revisesociology","symbol":"POB","quantity":"25.00000000","price":"0.69932934","timestamp":1625499678,"volume":"17.48323350","buyTxId":"8d7140f812068022dc52d02b16b8f0760d26a3f0","sellTxId":"7f833b3cf66ed0779d792f2a0a080141f5bfc053"}
{"index": {"_index":"pob","_id":"1196581"}}
	{"id":1196581,"type":"sell","buyer":"gimme-your-coinz","seller":"josediccus","symbol":"POB","quantity":"8.00000000","price":"0.69932934","timestamp":1625499822,"volume":"5.59463472","buyTxId":"8d7140f812068022dc52d02b16b8f0760d26a3f0","sellTxId":"d0029c0aabcb5d5eef228c5625734c6a0912afa4"}
{"index": {"_index":"pob","_id":"1196582"}}
	{"id":1196582,"type":"buy","buyer":"gimme-your-coinz","seller":"josediccus","symbol":"POB","quantity":"12.00000000","price":"0.69932934","timestamp":1625499834,"volume":"8.39195208","buyTxId":"dd1be43b7dc15dba73ee133ad99ce92605185c6b","sellTxId":"d0029c0aabcb5d5eef228c5625734c6a0912afa4"}
{"index": {"_index":"pob","_id":"1196613"}}
	{"id":1196613,"type":"buy","buyer":"razack-pulo","seller":"bluesniper","symbol":"POB","quantity":"29.00000000","price":"0.77489001","timestamp":1625500836,"volume":"22.47181029","buyTxId":"4c5945a993d27955dbf528809094e2575ba06d0f","sellTxId":"MM-P-8402224-55381186-3-5-0"}
{"index": {"_index":"pob","_id":"1196614"}}
	{"id":1196614,"type":"buy","buyer":"razack-pulo","seller":"freebornsociety","symbol":"POB","quantity":"23.88237974","price":"0.77490001","timestamp":1625500836,"volume":"18.50645630","buyTxId":"4c5945a993d27955dbf528809094e2575ba06d0f","sellTxId":"MM-P-8402224-55381186-3-3-0"}
{"index": {"_index":"pob","_id":"1196615"}}
	{"id":1196615,"type":"buy","buyer":"razack-pulo","seller":"anadolu","symbol":"POB","quantity":"22.00000000","price":"0.77491201","timestamp":1625500836,"volume":"17.04806422","buyTxId":"4c5945a993d27955dbf528809094e2575ba06d0f","sellTxId":"74e5e43fa478c3b465c8a088ed379b9d684b4300"}
{"index": {"_index":"pob","_id":"1196616"}}
	{"id":1196616,"type":"buy","buyer":"razack-pulo","seller":"liotes.voter","symbol":"POB","quantity":"11.58558091","price":"0.77494501","timestamp":1625500836,"volume":"8.97818811","buyTxId":"4c5945a993d27955dbf528809094e2575ba06d0f","sellTxId":"d16898da2cf44977b0d3b1025300b07cc455cab3"}
{"index": {"_index":"pob","_id":"1196617"}}
	{"id":1196617,"type":"buy","buyer":"razack-pulo","seller":"eirik","symbol":"POB","quantity":"2.30000000","price":"0.77500000","timestamp":1625500836,"volume":"1.78250000","buyTxId":"4c5945a993d27955dbf528809094e2575ba06d0f","sellTxId":"bef1bae536105352f7c8b02700e3aaf0d6a58257"}
{"index": {"_index":"pob","_id":"1196618"}}
	{"id":1196618,"type":"buy","buyer":"razack-pulo","seller":"knowhow92","symbol":"POB","quantity":"14.95346593","price":"0.77500000","timestamp":1625500836,"volume":"11.58893610","buyTxId":"4c5945a993d27955dbf528809094e2575ba06d0f","sellTxId":"4174d92ddd2ddab9766da8546d720e61e0fdecad"}
{"index": {"_index":"pob","_id":"1196619"}}
	{"id":1196619,"type":"buy","buyer":"razack-pulo","seller":"toofasteddie","symbol":"POB","quantity":"2.66373812","price":"0.77900000","timestamp":1625500836,"volume":"2.07505200","buyTxId":"4c5945a993d27955dbf528809094e2575ba06d0f","sellTxId":"1733fdcf304db7624ed75cad266c811409b5f4e5"}
{"index": {"_index":"pob","_id":"1196620"}}
	{"id":1196620,"type":"buy","buyer":"razack-pulo","seller":"gadrian","symbol":"POB","quantity":"15.00000000","price":"0.77900000","timestamp":1625500836,"volume":"11.68500000","buyTxId":"4c5945a993d27955dbf528809094e2575ba06d0f","sellTxId":"c71daf17ccfe554a4b33493e6ced865c0d65e70c"}
{"index": {"_index":"pob","_id":"1196621"}}
	{"id":1196621,"type":"buy","buyer":"razack-pulo","seller":"skylinebuds","symbol":"POB","quantity":"170.61483530","price":"0.78990000","timestamp":1625500836,"volume":"134.76865840","buyTxId":"4c5945a993d27955dbf528809094e2575ba06d0f","sellTxId":"11c05bb738e3df418019aabb1a12224536552664"}
{"index": {"_index":"pob","_id":"1196627"}}
	{"id":1196627,"type":"sell","buyer":"gimme-your-coinz","seller":"vanillavow","symbol":"POB","quantity":"33.00000000","price":"0.69937939","timestamp":1625501178,"volume":"23.07951987","buyTxId":"1d93f96ad588addfc4045a09408b326ebb82fb56","sellTxId":"f39172f9a5aed524b499ebbb242a56416067ddac"}
{"index": {"_index":"pob","_id":"1196628"}}
	{"id":1196628,"type":"sell","buyer":"ctime","seller":"vanillavow","symbol":"POB","quantity":"17.45753055","price":"0.69937938","timestamp":1625501178,"volume":"12.20943689","buyTxId":"MM-P-8402374-55381337-3-22-0","sellTxId":"f39172f9a5aed524b499ebbb242a56416067ddac"}
{"index": {"_index":"pob","_id":"1196635"}}
	{"id":1196635,"type":"sell","buyer":"gimme-your-coinz","seller":"thelogicaldude","symbol":"POB","quantity":"10.97665601","price":"0.69937939","timestamp":1625501268,"volume":"7.67684698","buyTxId":"cb53c6253782696e87e1e4c485b462bbdc11097c","sellTxId":"635bc6b0400005c3d37ec64917aed148d50271ed"}
{"index": {"_index":"pob","_id":"1196654"}}
	{"id":1196654,"type":"buy","buyer":"razackpulo.sport","seller":"bluesniper","symbol":"POB","quantity":"11.50000000","price":"0.78989000","timestamp":1625501835,"volume":"9.08373500","buyTxId":"7371d3cb0d4c456d04b997363f199b679c795852","sellTxId":"MM-P-8402323-55381286-3-5-0"}
{"index": {"_index":"pob","_id":"1196697"}}
	{"id":1196697,"type":"buy","buyer":"nevies","seller":"take-my-coinz","symbol":"POB","quantity":"0.20000000","price":"0.77997994","timestamp":1625503560,"volume":"0.15599599","buyTxId":"9f84437424b6074601963ed1b0ce5c42baa51237","sellTxId":"f22724518c1cf455c4c16e548e531ffce6366ec0"}
{"index": {"_index":"pob","_id":"1196761"}}
	{"id":1196761,"type":"sell","buyer":"ctime","seller":"hive.pizza","symbol":"POB","quantity":"2.07021063","price":"0.69951052","timestamp":1625505009,"volume":"1.44813411","buyTxId":"MM-P-8403668-55382631-3-22-0","sellTxId":"3ae4e7b3c16b2f44177c59cfbc271b40c2867fb1"}
{"index": {"_index":"pob","_id":"1196765"}}
	{"id":1196765,"type":"sell","buyer":"gimme-your-coinz","seller":"ahmetay","symbol":"POB","quantity":"1.34796469","price":"0.69951154","timestamp":1625505222,"volume":"0.94291686","buyTxId":"80832b63fe5b89b4e3a24e3ef6f7596252533c3c","sellTxId":"bbe0b307401ffa757a54d0eb29d7d2e9d8f5b411"}
{"index": {"_index":"pob","_id":"1196767"}}
	{"id":1196767,"type":"sell","buyer":"gimme-your-coinz","seller":"nonsowrites","symbol":"POB","quantity":"7.65203531","price":"0.69951154","timestamp":1625505264,"volume":"5.35268700","buyTxId":"80832b63fe5b89b4e3a24e3ef6f7596252533c3c","sellTxId":"2bbdf0c5a1d49edfaf79d706cd2ff5fdd751bbf5"}
{"index": {"_index":"pob","_id":"1196768"}}
	{"id":1196768,"type":"buy","buyer":"gimme-your-coinz","seller":"nonsowrites","symbol":"POB","quantity":"9.00000000","price":"0.69951154","timestamp":1625505273,"volume":"6.29560386","buyTxId":"11e6f4eb2bab0c2ac0a9e5c43f162e7e4a9ce464","sellTxId":"2bbdf0c5a1d49edfaf79d706cd2ff5fdd751bbf5"}
{"index": {"_index":"pob","_id":"1196769"}}
	{"id":1196769,"type":"buy","buyer":"gimme-your-coinz","seller":"nonsowrites","symbol":"POB","quantity":"9.00000000","price":"0.69951154","timestamp":1625505285,"volume":"6.29560386","buyTxId":"3c88c585f49a4026c83eaed41319240e47062c52","sellTxId":"2bbdf0c5a1d49edfaf79d706cd2ff5fdd751bbf5"}
{"index": {"_index":"pob","_id":"1196770"}}
	{"id":1196770,"type":"buy","buyer":"gimme-your-coinz","seller":"nonsowrites","symbol":"POB","quantity":"9.00000000","price":"0.69951154","timestamp":1625505294,"volume":"6.29560386","buyTxId":"8c7f494abdd767f29bf0d4a7d512ad335b53f9ce","sellTxId":"2bbdf0c5a1d49edfaf79d706cd2ff5fdd751bbf5"}
{"index": {"_index":"pob","_id":"1196771"}}
	{"id":1196771,"type":"buy","buyer":"gimme-your-coinz","seller":"nonsowrites","symbol":"POB","quantity":"8.12937511","price":"0.69951154","timestamp":1625505306,"volume":"5.68659170","buyTxId":"d9885ca9a7a1181799d51d8a8840fb328ec33faa","sellTxId":"2bbdf0c5a1d49edfaf79d706cd2ff5fdd751bbf5"}
{"index": {"_index":"pob","_id":"1196795"}}
	{"id":1196795,"type":"sell","buyer":"gimme-your-coinz","seller":"hive.pizza","symbol":"POB","quantity":"5.47876632","price":"0.69954358","timestamp":1625505984,"volume":"3.83263581","buyTxId":"1ba9950a1ecf7e5bfd266f1c5046aae6f19597d2","sellTxId":"b2286b19b40b28502a3c2b2b6bec06e6d4dac1aa"}
{"index": {"_index":"pob","_id":"1196814"}}
	{"id":1196814,"type":"sell","buyer":"edicted","seller":"whitelightxpress","symbol":"POB","quantity":"5.02721655","price":"0.70000000","timestamp":1625506431,"volume":"3.51905159","buyTxId":"476b652a9d8dd6290d077017f2457d8ad0281c88","sellTxId":"c621537d2d93eee3b4072fb037750abff9ca9a55"}
{"index": {"_index":"pob","_id":"1196828"}}
	{"id":1196828,"type":"sell","buyer":"edicted","seller":"halukshananah","symbol":"POB","quantity":"1.00104331","price":"0.70000000","timestamp":1625506776,"volume":"0.70073032","buyTxId":"476b652a9d8dd6290d077017f2457d8ad0281c88","sellTxId":"d4f054619251417c8735a8790e089aa15d0965fd"}
{"index": {"_index":"pob","_id":"1196836"}}
	{"id":1196836,"type":"buy","buyer":"tonytrillions","seller":"tobetada","symbol":"POB","quantity":"0.04008197","price":"0.76987576","timestamp":1625507031,"volume":"0.03085814","buyTxId":"b31ecc399adac7e89155f2cfa5276b1c535403a6","sellTxId":"08e1b251b7e92363761aa9ec2bde1d699fe9b1fa"}
{"index": {"_index":"pob","_id":"1196838"}}
	{"id":1196838,"type":"sell","buyer":"edicted","seller":"hive-189742","symbol":"POB","quantity":"0.52103533","price":"0.70000000","timestamp":1625507097,"volume":"0.36472473","buyTxId":"476b652a9d8dd6290d077017f2457d8ad0281c88","sellTxId":"99191fd37b11ce1b3d330056f19529bf81b9a0b6"}
{"index": {"_index":"pob","_id":"1196847"}}
	{"id":1196847,"type":"sell","buyer":"edicted","seller":"alexvan","symbol":"POB","quantity":"17.99154863","price":"0.70000000","timestamp":1625507394,"volume":"12.59408404","buyTxId":"476b652a9d8dd6290d077017f2457d8ad0281c88","sellTxId":"1be69202ada6824919245188be11f6c1793f8700"}
{"index": {"_index":"pob","_id":"1196848"}}
	{"id":1196848,"type":"sell","buyer":"edicted","seller":"ironshield","symbol":"POB","quantity":"6.88591584","price":"0.70000000","timestamp":1625507406,"volume":"4.82014109","buyTxId":"476b652a9d8dd6290d077017f2457d8ad0281c88","sellTxId":"f5b0e434e6a59a9a63981bef5ffa02e0fb36ac15"}
{"index": {"_index":"pob","_id":"1196850"}}
	{"id":1196850,"type":"sell","buyer":"edicted","seller":"curatorcat.pal","symbol":"POB","quantity":"0.54705406","price":"0.70000000","timestamp":1625507424,"volume":"0.38293784","buyTxId":"476b652a9d8dd6290d077017f2457d8ad0281c88","sellTxId":"fc4dd9b9516cb8cde455a9561d9c1ec1d5f90774"}
{"index": {"_index":"pob","_id":"1196861"}}
	{"id":1196861,"type":"sell","buyer":"edicted","seller":"stevescoins","symbol":"POB","quantity":"1.04247273","price":"0.70000000","timestamp":1625507565,"volume":"0.72973091","buyTxId":"476b652a9d8dd6290d077017f2457d8ad0281c88","sellTxId":"d4dc89dbd1ef2d8e840532f373eade130ff9cf42"}
{"index": {"_index":"pob","_id":"1196880"}}
	{"id":1196880,"type":"sell","buyer":"edicted","seller":"evernoticethat","symbol":"POB","quantity":"8.79268701","price":"0.70000000","timestamp":1625508099,"volume":"6.15488091","buyTxId":"476b652a9d8dd6290d077017f2457d8ad0281c88","sellTxId":"52f0d895d0d513add82ab8903ab71142d62f8ad5"}
{"index": {"_index":"pob","_id":"1196885"}}
	{"id":1196885,"type":"sell","buyer":"edicted","seller":"mrtats","symbol":"POB","quantity":"0.59438579","price":"0.70000000","timestamp":1625508183,"volume":"0.41607005","buyTxId":"476b652a9d8dd6290d077017f2457d8ad0281c88","sellTxId":"f0a53f7d202981f6e22a6ff0776f98efb9121927"}
{"index": {"_index":"pob","_id":"1196898"}}
	{"id":1196898,"type":"sell","buyer":"edicted","seller":"derangedvisions","symbol":"POB","quantity":"45.85566350","price":"0.70000000","timestamp":1625508495,"volume":"32.09896445","buyTxId":"476b652a9d8dd6290d077017f2457d8ad0281c88","sellTxId":"246e90ca8c3a7d333c90dd51f30b7daeebfa0451"}
{"index": {"_index":"pob","_id":"1196902"}}
	{"id":1196902,"type":"sell","buyer":"edicted","seller":"anggreklestari","symbol":"POB","quantity":"18.77950066","price":"0.70000000","timestamp":1625508765,"volume":"13.14565046","buyTxId":"476b652a9d8dd6290d077017f2457d8ad0281c88","sellTxId":"6d66a7d100be29cb1dd3f75511b04719a74f5297"}
{"index": {"_index":"pob","_id":"1196923"}}
	{"id":1196923,"type":"sell","buyer":"edicted","seller":"faireye","symbol":"POB","quantity":"64.00000000","price":"0.70000000","timestamp":1625509602,"volume":"44.80000000","buyTxId":"476b652a9d8dd6290d077017f2457d8ad0281c88","sellTxId":"82b1617147bf277cf9054bf1397b40b7b861b535"}
{"index": {"_index":"pob","_id":"1196944"}}
	{"id":1196944,"type":"sell","buyer":"edicted","seller":"flexyg","symbol":"POB","quantity":"17","price":"0.70000000","timestamp":1625510142,"volume":"11.90000000","buyTxId":"476b652a9d8dd6290d077017f2457d8ad0281c88","sellTxId":"596b90d90b897657a926ee0d8b8a8d5c743803c9"}
{"index": {"_index":"pob","_id":"1196945"}}
	{"id":1196945,"type":"sell","buyer":"edicted","seller":"meesterbrain","symbol":"POB","quantity":"1.96147659","price":"0.70000000","timestamp":1625510550,"volume":"1.37303361","buyTxId":"476b652a9d8dd6290d077017f2457d8ad0281c88","sellTxId":"5fadb3fbdacdb336e5ad0372ad281f97bc97c72e"}
{"index": {"_index":"pob","_id":"1196946"}}
	{"id":1196946,"type":"buy","buyer":"ctime","seller":"madstacks","symbol":"POB","quantity":"16.33427492","price":"0.69983000","timestamp":1625510709,"volume":"11.43121562","buyTxId":"MM-P-8405553-55384518-3-22-0","sellTxId":"231f79fba5f78692a3dbb7b32592c887076246de"}
{"index": {"_index":"pob","_id":"1196952"}}
	{"id":1196952,"type":"buy","buyer":"faireye","seller":"meesterbrain","symbol":"POB","quantity":"1.95909863","price":"0.70000000","timestamp":1625510817,"volume":"1.37136904","buyTxId":"087a0248883b7a008d881f52335b1074a379ad63","sellTxId":"5fadb3fbdacdb336e5ad0372ad281f97bc97c72e"}
{"index": {"_index":"pob","_id":"1196969"}}
	{"id":1196969,"type":"buy","buyer":"offgridlife","seller":"bluesniper","symbol":"POB","quantity":"10.00000000","price":"0.76883900","timestamp":1625511609,"volume":"7.68839000","buyTxId":"87d258cb32c795105ed2774bb2208c19a7d998a0","sellTxId":"MM-P-8405799-55384765-3-5-1"}
{"index": {"_index":"pob","_id":"1196970"}}
	{"id":1196970,"type":"buy","buyer":"offgridlife","seller":"bluesniper","symbol":"POB","quantity":"5.00000000","price":"0.76883900","timestamp":1625511651,"volume":"3.84419500","buyTxId":"231e8e2e4cc9002e126c657f44ffcef2f00c225c","sellTxId":"MM-P-8405799-55384765-3-5-1"}
{"index": {"_index":"pob","_id":"1196972"}}
	{"id":1196972,"type":"buy","buyer":"offgridlife","seller":"bluesniper","symbol":"POB","quantity":"2.00000000","price":"0.76883900","timestamp":1625511699,"volume":"1.53767800","buyTxId":"76529338d5160ca8dfcc140cfda5349c3dbc6230","sellTxId":"MM-P-8405799-55384765-3-5-1"}
{"index": {"_index":"pob","_id":"1196974"}}
	{"id":1196974,"type":"buy","buyer":"offgridlife","seller":"bluesniper","symbol":"POB","quantity":"2.00000000","price":"0.76883900","timestamp":1625511714,"volume":"1.53767800","buyTxId":"7d17f0db8e471a2cd97ddb88e5e1547bae343ee3","sellTxId":"MM-P-8405799-55384765-3-5-1"}
{"index": {"_index":"pob","_id":"1196975"}}
	{"id":1196975,"type":"buy","buyer":"offgridlife","seller":"bluesniper","symbol":"POB","quantity":"2.00000000","price":"0.76883900","timestamp":1625511723,"volume":"1.53767800","buyTxId":"d80c8a066f6e65db6355da03a4898912599eaf04","sellTxId":"MM-P-8405799-55384765-3-5-1"}
{"index": {"_index":"pob","_id":"1196978"}}
	{"id":1196978,"type":"buy","buyer":"offgridlife","seller":"bluesniper","symbol":"POB","quantity":"2.00000000","price":"0.76883900","timestamp":1625511753,"volume":"1.53767800","buyTxId":"2758aef5e7384fe527d8e6b75c9d852c37467012","sellTxId":"MM-P-8405799-55384765-3-5-1"}
{"index": {"_index":"pob","_id":"1196979"}}
	{"id":1196979,"type":"buy","buyer":"offgridlife","seller":"bluesniper","symbol":"POB","quantity":"2.00000000","price":"0.76882800","timestamp":1625511774,"volume":"1.53765600","buyTxId":"aae829ded0fe6901f6ceca968aff5817b59739ca","sellTxId":"MM-P-8405899-55384865-3-5-1"}
{"index": {"_index":"pob","_id":"1196995"}}
	{"id":1196995,"type":"sell","buyer":"faireye","seller":"brofi-market","symbol":"POB","quantity":"5.00118956","price":"0.70000000","timestamp":1625512113,"volume":"3.50083269","buyTxId":"087a0248883b7a008d881f52335b1074a379ad63","sellTxId":"5621f888e4b4210d358222d25bbc3cce0d7c85e4"}
{"index": {"_index":"pob","_id":"1197010"}}
	{"id":1197010,"type":"sell","buyer":"faireye","seller":"thisisawesome","symbol":"POB","quantity":"1.0615","price":"0.70000000","timestamp":1625512320,"volume":"0.74305000","buyTxId":"087a0248883b7a008d881f52335b1074a379ad63","sellTxId":"6cf36b869886296f5611c535602ba4bfff4b80b8"}
{"index": {"_index":"pob","_id":"1197036"}}
	{"id":1197036,"type":"buy","buyer":"peter-stone","seller":"fredrikaa","symbol":"POB","quantity":"0.27792600","price":"0.75883000","timestamp":1625513157,"volume":"0.21089859","buyTxId":"7c494d23226d584a4d10e0794b7d642e2befbefd","sellTxId":"313a65428a155ee820aa0163b72b1eb19ec85343"}
{"index": {"_index":"pob","_id":"1197039"}}
	{"id":1197039,"type":"sell","buyer":"ctime","seller":"taseli","symbol":"POB","quantity":"1.30578902","price":"0.70002100","timestamp":1625513199,"volume":"0.91407974","buyTxId":"MM-P-8406351-55385317-3-22-0","sellTxId":"e67cd447f7f27aeaf1fe52e5bd9d1b48a9cf74dd"}
{"index": {"_index":"pob","_id":"1197049"}}
	{"id":1197049,"type":"buy","buyer":"beemd","seller":"fredrikaa","symbol":"POB","quantity":"0.18260153","price":"0.75883000","timestamp":1625513403,"volume":"0.13856352","buyTxId":"0d769745784f28969f29025ec75c94c63a576a34","sellTxId":"313a65428a155ee820aa0163b72b1eb19ec85343"}
{"index": {"_index":"pob","_id":"1197065"}}
	{"id":1197065,"type":"buy","buyer":"beemd","seller":"fredrikaa","symbol":"POB","quantity":"0.14512913","price":"0.75883000","timestamp":1625513604,"volume":"0.11012834","buyTxId":"7ec8841619676ffec6a3c2bfa75662c02e9fc308","sellTxId":"313a65428a155ee820aa0163b72b1eb19ec85343"}
{"index": {"_index":"pob","_id":"1197079"}}
	{"id":1197079,"type":"sell","buyer":"freebornsociety","seller":"finguru","symbol":"POB","quantity":"7.93764706","price":"0.70006600","timestamp":1625514519,"volume":"5.55687683","buyTxId":"MM-P-8406793-55385760-3-3-0","sellTxId":"5880f19023e7fd33db3605571b6ab389bedae5c5"}
{"index": {"_index":"pob","_id":"1197125"}}
	{"id":1197125,"type":"buy","buyer":"tonytrillions","seller":"fredrikaa","symbol":"POB","quantity":"0.02298524","price":"0.75883000","timestamp":1625515419,"volume":"0.01744189","buyTxId":"3c1def362795e90a2026493182dc1caaee98acaa","sellTxId":"313a65428a155ee820aa0163b72b1eb19ec85343"}
{"index": {"_index":"pob","_id":"1197135"}}
	{"id":1197135,"type":"sell","buyer":"ctime","seller":"weedcleaner","symbol":"POB","quantity":"2.22105453","price":"0.70012000","timestamp":1625515857,"volume":"1.55500470","buyTxId":"MM-P-8407244-55386211-3-22-0","sellTxId":"51e7c42d24dc71343f5b17a6b24ef91cf94f0cc0"}
{"index": {"_index":"pob","_id":"1197143"}}
	{"id":1197143,"type":"sell","buyer":"freebornsociety","seller":"sugandhaseth","symbol":"POB","quantity":"18.00000000","price":"0.70013200","timestamp":1625516370,"volume":"12.60237600","buyTxId":"MM-P-8407392-55386359-3-3-0","sellTxId":"1977aa2addc99b9d37de6474205a119647d58095"}
{"index": {"_index":"pob","_id":"1197162"}}
	{"id":1197162,"type":"sell","buyer":"freebornsociety","seller":"jlufer","symbol":"POB","quantity":"5.10560800","price":"0.70016500","timestamp":1625517255,"volume":"3.57476803","buyTxId":"MM-P-8407692-55386659-3-3-0","sellTxId":"31b7a892dc59c4118c2e9162979fb80a91d70512"}
{"index": {"_index":"pob","_id":"1197165"}}
	{"id":1197165,"type":"buy","buyer":"ctime","seller":"mightyrocklee","symbol":"POB","quantity":"1.75905224","price":"0.70017000","timestamp":1625517309,"volume":"1.23163561","buyTxId":"MM-P-8407744-55386711-3-22-0","sellTxId":"e6dec39d23f250995ea2bd569ed4cdc7af81b6da"}
{"index": {"_index":"pob","_id":"1197171"}}
	{"id":1197171,"type":"sell","buyer":"freebornsociety","seller":"cwow2","symbol":"POB","quantity":"0.00483047","price":"0.70017600","timestamp":1625517507,"volume":"0.00338218","buyTxId":"MM-P-8407792-55386759-3-3-0","sellTxId":"d80a5ff7eda3fbcc30dc60d45b197c3651f2b940"}
{"index": {"_index":"pob","_id":"1197173"}}
	{"id":1197173,"type":"sell","buyer":"freebornsociety","seller":"avengerss","symbol":"POB","quantity":"29.80419961","price":"0.70017600","timestamp":1625517597,"volume":"20.86818527","buyTxId":"MM-P-8407792-55386759-3-3-0","sellTxId":"88bbc0b0581739837ca3a8fc22a20e8e882139a1"}
{"index": {"_index":"pob","_id":"1197178"}}
	{"id":1197178,"type":"sell","buyer":"freebornsociety","seller":"jsantana","symbol":"POB","quantity":"30.00000000","price":"0.70019800","timestamp":1625518065,"volume":"21.00594000","buyTxId":"MM-P-8407990-55386957-3-3-0","sellTxId":"3629ed54aff78a3ac00add821d06e3a8f2974bb8"}
{"index": {"_index":"pob","_id":"1197236"}}
	{"id":1197236,"type":"sell","buyer":"freebornsociety","seller":"mawit07","symbol":"POB","quantity":"1.03346779","price":"0.70026400","timestamp":1625519979,"volume":"0.72370029","buyTxId":"MM-P-8408585-55387553-3-3-0","sellTxId":"8aca424cb6586566c094330665e6ed12dae8e3eb"}
{"index": {"_index":"pob","_id":"1197308"}}
	{"id":1197308,"type":"sell","buyer":"freebornsociety","seller":"acesontop","symbol":"POB","quantity":"20.91374624","price":"0.70037400","timestamp":1625522916,"volume":"14.64744411","buyTxId":"MM-P-8409580-55388549-3-3-0","sellTxId":"a7d5de3df6ee57995c52af7acb4aabcd2ae7644c"}
{"index": {"_index":"pob","_id":"1197378"}}
	{"id":1197378,"type":"sell","buyer":"ctime","seller":"thegoliath","symbol":"POB","quantity":"7.93689470","price":"0.70048300","timestamp":1625525805,"volume":"5.55965981","buyTxId":"MM-P-8410528-55389497-3-22-0","sellTxId":"67728e48a3fb6dbc30d75d8e43aaa612ca3adafa"}
{"index": {"_index":"pob","_id":"1197379"}}
	{"id":1197379,"type":"sell","buyer":"ctime","seller":"jk6276","symbol":"POB","quantity":"0.50262725","price":"0.70048300","timestamp":1625525808,"volume":"0.35208184","buyTxId":"MM-P-8410528-55389497-3-22-0","sellTxId":"b100dc1f26f9c5cb5346de6a18aa6d7cd9f0ac04"}
{"index": {"_index":"pob","_id":"1197390"}}
	{"id":1197390,"type":"sell","buyer":"ctime","seller":"he-index","symbol":"POB","quantity":"0.07700000","price":"0.70049400","timestamp":1625526063,"volume":"0.05393804","buyTxId":"MM-P-8410627-55389596-3-22-0","sellTxId":"0631c7cfb5b543c7ef0fb929182cfc013869473a"}
{"index": {"_index":"pob","_id":"1197421"}}
	{"id":1197421,"type":"buy","buyer":"offgridlife","seller":"bluesniper","symbol":"POB","quantity":"0.10000000","price":"0.75878700","timestamp":1625526717,"volume":"0.07587870","buyTxId":"351bb45a7548d5ab9409284239471c67c7e363de","sellTxId":"MM-P-8410773-55389742-3-5-1"}
{"index": {"_index":"pob","_id":"1197427"}}
	{"id":1197427,"type":"buy","buyer":"scholaris.pob","seller":"bluesniper","symbol":"POB","quantity":"29.00000000","price":"0.75877600","timestamp":1625526786,"volume":"22.00450400","buyTxId":"510d69aaa9337d0681a6a49e8db35f0f304bc733","sellTxId":"MM-P-8410873-55389842-3-5-1"}
{"index": {"_index":"pob","_id":"1197428"}}
	{"id":1197428,"type":"buy","buyer":"scholaris.pob","seller":"freebornsociety","symbol":"POB","quantity":"65.00000000","price":"0.75878600","timestamp":1625526786,"volume":"49.32109000","buyTxId":"510d69aaa9337d0681a6a49e8db35f0f304bc733","sellTxId":"MM-P-8410873-55389842-3-3-1"}
{"index": {"_index":"pob","_id":"1197429"}}
	{"id":1197429,"type":"buy","buyer":"scholaris.pob","seller":"monochromes","symbol":"POB","quantity":"20.29851901","price":"0.75882000","timestamp":1625526786,"volume":"15.40292220","buyTxId":"510d69aaa9337d0681a6a49e8db35f0f304bc733","sellTxId":"d0b49fdb0bdf4d6d906bd77688615e0884325af4"}
{"index": {"_index":"pob","_id":"1197430"}}
	{"id":1197430,"type":"buy","buyer":"scholaris.pob","seller":"lallo","symbol":"POB","quantity":"0.18680654","price":"0.75882900","timestamp":1625526786,"volume":"0.14175422","buyTxId":"510d69aaa9337d0681a6a49e8db35f0f304bc733","sellTxId":"04f7db12024e21703385ad0659afb89884df903e"}
{"index": {"_index":"pob","_id":"1197431"}}
	{"id":1197431,"type":"buy","buyer":"scholaris.pob","seller":"fredrikaa","symbol":"POB","quantity":"49.27589083","price":"0.75883000","timestamp":1625526786,"volume":"37.39202424","buyTxId":"510d69aaa9337d0681a6a49e8db35f0f304bc733","sellTxId":"313a65428a155ee820aa0163b72b1eb19ec85343"}
{"index": {"_index":"pob","_id":"1197462"}}
	{"id":1197462,"type":"sell","buyer":"freebornsociety","seller":"cliffagreen","symbol":"POB","quantity":"0.07513317","price":"0.70053900","timestamp":1625527458,"volume":"0.05263372","buyTxId":"MM-P-8411072-55390041-3-3-0","sellTxId":"f36523d70e297d96d895c84871fb8d7428081942"}
{"index": {"_index":"pob","_id":"1197539"}}
	{"id":1197539,"type":"sell","buyer":"freebornsociety","seller":"lunaticpandora","symbol":"POB","quantity":"12.86153122","price":"0.70062700","timestamp":1625529861,"volume":"9.01113603","buyTxId":"MM-P-8411867-55390836-3-3-0","sellTxId":"a8f177479fa72f694b6a99b2dc81bdb464254f02"}
{"index": {"_index":"pob","_id":"1197552"}}
	{"id":1197552,"type":"sell","buyer":"freebornsociety","seller":"cryptowingnut","symbol":"POB","quantity":"11.58604773","price":"0.70063800","timestamp":1625530089,"volume":"8.11762531","buyTxId":"MM-P-8411967-55390936-3-3-0","sellTxId":"955fe669e857ced45101bf8f66d74c64d6aab41c"}
{"index": {"_index":"pob","_id":"1197590"}}
	{"id":1197590,"type":"buy","buyer":"suss","seller":"fredrikaa","symbol":"POB","quantity":"50.00000000","price":"0.75883000","timestamp":1625531487,"volume":"37.94150000","buyTxId":"81fdaf67cebece00dadc05af66c5e7e15d061102","sellTxId":"313a65428a155ee820aa0163b72b1eb19ec85343"}
{"index": {"_index":"pob","_id":"1197606"}}
	{"id":1197606,"type":"sell","buyer":"freebornsociety","seller":"gubbatv","symbol":"POB","quantity":"1.54361533","price":"0.70070400","timestamp":1625531880,"volume":"1.08161744","buyTxId":"MM-P-8412565-55391534-3-3-0","sellTxId":"528cb72abdfed044d25761a57af2ad6d03c0f084"}
{"index": {"_index":"pob","_id":"1197612"}}
	{"id":1197612,"type":"buy","buyer":"suss","seller":"fredrikaa","symbol":"POB","quantity":"0.09546727","price":"0.75883000","timestamp":1625531994,"volume":"0.07244343","buyTxId":"122f8a152d08d2d1a77f5c4c5b5e8c10a611f561","sellTxId":"313a65428a155ee820aa0163b72b1eb19ec85343"}
{"index": {"_index":"pob","_id":"1197613"}}
	{"id":1197613,"type":"buy","buyer":"suss","seller":"brofi-market","symbol":"POB","quantity":"5.00118956","price":"0.75883000","timestamp":1625531994,"volume":"3.79505267","buyTxId":"122f8a152d08d2d1a77f5c4c5b5e8c10a611f561","sellTxId":"21e1535db54035aa3b2f49f82213a52aa9766c09"}
{"index": {"_index":"pob","_id":"1197614"}}
	{"id":1197614,"type":"buy","buyer":"suss","seller":"faireye","symbol":"POB","quantity":"6.06268956","price":"0.75883000","timestamp":1625531994,"volume":"4.60055072","buyTxId":"122f8a152d08d2d1a77f5c4c5b5e8c10a611f561","sellTxId":"2c317429914b9e34ab6ba6f4e6fd4ed01c4969a9"}
{"index": {"_index":"pob","_id":"1197615"}}
	{"id":1197615,"type":"buy","buyer":"suss","seller":"bluesniper","symbol":"POB","quantity":"29.00000000","price":"0.76866300","timestamp":1625531994,"volume":"22.29122700","buyTxId":"122f8a152d08d2d1a77f5c4c5b5e8c10a611f561","sellTxId":"MM-P-8412565-55391534-3-5-0"}
{"index": {"_index":"pob","_id":"1197616"}}
	{"id":1197616,"type":"buy","buyer":"suss","seller":"freebornsociety","symbol":"POB","quantity":"0.84065361","price":"0.76867300","timestamp":1625531994,"volume":"0.64618773","buyTxId":"122f8a152d08d2d1a77f5c4c5b5e8c10a611f561","sellTxId":"MM-P-8412565-55391534-3-3-1"}
{"index": {"_index":"pob","_id":"1197628"}}
	{"id":1197628,"type":"sell","buyer":"faireye","seller":"irisworld","symbol":"POB","quantity":"4.00000000","price":"0.70074000","timestamp":1625532438,"volume":"2.80296000","buyTxId":"8f57a30caa33757d3d63623144aa75c17a9dc470","sellTxId":"259315504fbd4a0ed2c0cc3e5c3e1ed3bf2add52"}
{"index": {"_index":"pob","_id":"1197640"}}
	{"id":1197640,"type":"sell","buyer":"freebornsociety","seller":"ftfund","symbol":"POB","quantity":"6.67443134","price":"0.70077300","timestamp":1625533359,"volume":"4.67726127","buyTxId":"MM-P-8413060-55392029-3-3-0","sellTxId":"b0097648569d2992313c9da6b817e6b6638db0e4"}
{"index": {"_index":"pob","_id":"1197642"}}
	{"id":1197642,"type":"sell","buyer":"freebornsociety","seller":"hallmann","symbol":"POB","quantity":"33.00000000","price":"0.70077300","timestamp":1625533458,"volume":"23.12550900","buyTxId":"MM-P-8413060-55392029-3-3-0","sellTxId":"fb1507c9e59c32330a887978f45ac76fe5f66bdc"}
{"index": {"_index":"pob","_id":"1197650"}}
	{"id":1197650,"type":"sell","buyer":"freebornsociety","seller":"failingforwards","symbol":"POB","quantity":"24.41913908","price":"0.70078400","timestamp":1625533779,"volume":"17.11254196","buyTxId":"MM-P-8413159-55392128-3-3-0","sellTxId":"8b879a500f643e8b122a17d9908fa6a3e909205c"}
{"index": {"_index":"pob","_id":"1197652"}}
	{"id":1197652,"type":"buy","buyer":"ctime","seller":"trumpman","symbol":"POB","quantity":"41.62927425","price":"0.72077300","timestamp":1625533821,"volume":"30.00525689","buyTxId":"79c2f946c92f665c93bf49e8023bac6aa48040b1","sellTxId":"89cb1155d38c0e4acd53c3194b6a0b321a4797d1"}
{"index": {"_index":"pob","_id":"1197653"}}
	{"id":1197653,"type":"buy","buyer":"ctime","seller":"bluesniper","symbol":"POB","quantity":"29.00000000","price":"0.76879400","timestamp":1625533821,"volume":"22.29502600","buyTxId":"79c2f946c92f665c93bf49e8023bac6aa48040b1","sellTxId":"MM-P-8413159-55392128-3-5-0"}
{"index": {"_index":"pob","_id":"1197654"}}
	{"id":1197654,"type":"buy","buyer":"ctime","seller":"freebornsociety","symbol":"POB","quantity":"65.00000000","price":"0.76880400","timestamp":1625533821,"volume":"49.97226000","buyTxId":"79c2f946c92f665c93bf49e8023bac6aa48040b1","sellTxId":"MM-P-8413159-55392128-3-3-1"}
{"index": {"_index":"pob","_id":"1197655"}}
	{"id":1197655,"type":"buy","buyer":"ctime","seller":"faireye","symbol":"POB","quantity":"4.00000000","price":"0.76883000","timestamp":1625533821,"volume":"3.07532000","buyTxId":"79c2f946c92f665c93bf49e8023bac6aa48040b1","sellTxId":"285195c5b92cc6e09f25b270740c82306cfc6163"}
{"index": {"_index":"pob","_id":"1197656"}}
	{"id":1197656,"type":"buy","buyer":"ctime","seller":"raulmz","symbol":"POB","quantity":"20.00000000","price":"0.76884900","timestamp":1625533821,"volume":"15.37698000","buyTxId":"79c2f946c92f665c93bf49e8023bac6aa48040b1","sellTxId":"dc3448b9daa18307050a29c8e9e048ace569b86b"}
{"index": {"_index":"pob","_id":"1197657"}}
	{"id":1197657,"type":"buy","buyer":"ctime","seller":"faireye","symbol":"POB","quantity":"1.95909863","price":"0.76885000","timestamp":1625533821,"volume":"1.50625298","buyTxId":"79c2f946c92f665c93bf49e8023bac6aa48040b1","sellTxId":"d84ffb62d91f0796197d4822a504f48692bbeec2"}
{"index": {"_index":"pob","_id":"1197658"}}
	{"id":1197658,"type":"buy","buyer":"ctime","seller":"anadolu","symbol":"POB","quantity":"161.00000000","price":"0.76885000","timestamp":1625533821,"volume":"123.78485000","buyTxId":"79c2f946c92f665c93bf49e8023bac6aa48040b1","sellTxId":"f50371af10b81125d53d77cba6e5bb2414556d88"}
{"index": {"_index":"pob","_id":"1197659"}}
	{"id":1197659,"type":"buy","buyer":"ctime","seller":"faireye","symbol":"POB","quantity":"64.55272691","price":"0.76886000","timestamp":1625533821,"volume":"49.63200961","buyTxId":"79c2f946c92f665c93bf49e8023bac6aa48040b1","sellTxId":"bd3eb45b93e2b2e5452170f6c77e5c8e74acf70c"}
{"index": {"_index":"pob","_id":"1197660"}}
	{"id":1197660,"type":"buy","buyer":"ctime","seller":"tobetada","symbol":"POB","quantity":"5.95991803","price":"0.76987576","timestamp":1625533821,"volume":"4.58839642","buyTxId":"79c2f946c92f665c93bf49e8023bac6aa48040b1","sellTxId":"08e1b251b7e92363761aa9ec2bde1d699fe9b1fa"}
{"index": {"_index":"pob","_id":"1197661"}}
	{"id":1197661,"type":"buy","buyer":"ctime","seller":"take-my-coinz","symbol":"POB","quantity":"33.00000000","price":"0.77988676","timestamp":1625533821,"volume":"25.73626308","buyTxId":"79c2f946c92f665c93bf49e8023bac6aa48040b1","sellTxId":"6ff1bda37954f7995dcf50742dd4c7eb01da658b"}
{"index": {"_index":"pob","_id":"1197662"}}
	{"id":1197662,"type":"buy","buyer":"ctime","seller":"skylinebuds","symbol":"POB","quantity":"64.38516470","price":"0.78990000","timestamp":1625533821,"volume":"50.85784160","buyTxId":"79c2f946c92f665c93bf49e8023bac6aa48040b1","sellTxId":"11c05bb738e3df418019aabb1a12224536552664"}
{"index": {"_index":"pob","_id":"1197663"}}
	{"id":1197663,"type":"buy","buyer":"ctime","seller":"chubb149","symbol":"POB","quantity":"14.00000000","price":"0.79000000","timestamp":1625533821,"volume":"11.06000000","buyTxId":"79c2f946c92f665c93bf49e8023bac6aa48040b1","sellTxId":"989aea758fcb3cf8e50c62fc7ef3b96812a90048"}
{"index": {"_index":"pob","_id":"1197664"}}
	{"id":1197664,"type":"buy","buyer":"ctime","seller":"gadrian","symbol":"POB","quantity":"15.00000000","price":"0.79994500","timestamp":1625533821,"volume":"11.99917500","buyTxId":"79c2f946c92f665c93bf49e8023bac6aa48040b1","sellTxId":"d2b01627c7c0a18651f9383e438d7275f6ef82a8"}
{"index": {"_index":"pob","_id":"1197665"}}
	{"id":1197665,"type":"buy","buyer":"ctime","seller":"eirik","symbol":"POB","quantity":"1.30000000","price":"0.80000000","timestamp":1625533821,"volume":"1.04000000","buyTxId":"79c2f946c92f665c93bf49e8023bac6aa48040b1","sellTxId":"7828d22b0836dc75570f9b48d369017481cd752d"}
{"index": {"_index":"pob","_id":"1197666"}}
	{"id":1197666,"type":"buy","buyer":"ctime","seller":"cookaiss","symbol":"POB","quantity":"25.00000000","price":"0.81000000","timestamp":1625533821,"volume":"20.25000000","buyTxId":"79c2f946c92f665c93bf49e8023bac6aa48040b1","sellTxId":"c5e760566354e4a24fce05a004ca4f8cdc9aaee7"}
{"index": {"_index":"pob","_id":"1197679"}}
	{"id":1197679,"type":"sell","buyer":"ctime","seller":"thranax","symbol":"POB","quantity":"8.36371894","price":"0.81000000","timestamp":1625534073,"volume":"6.77461234","buyTxId":"79c2f946c92f665c93bf49e8023bac6aa48040b1","sellTxId":"0cd4f04bf1f3411bb3882aec5b8f8dc2841f4070"}
{"index": {"_index":"pob","_id":"1197762"}}
	{"id":1197762,"type":"sell","buyer":"edicted","seller":"melbourneswest","symbol":"POB","quantity":"6.45371137","price":"0.75000000","timestamp":1625535744,"volume":"4.84028353","buyTxId":"29a96913daaa51f066262a98c96e01b16133472e","sellTxId":"971d46a8017fe4b55467ac78f24154f94c268f59"}
{"index": {"_index":"pob","_id":"1197788"}}
	{"id":1197788,"type":"sell","buyer":"edicted","seller":"hive.pizza","symbol":"POB","quantity":"3.62071986","price":"0.75000000","timestamp":1625536938,"volume":"2.71553990","buyTxId":"29a96913daaa51f066262a98c96e01b16133472e","sellTxId":"b2254aa7f41a46ff27b20cf6eb91f5e910148169"}
{"index": {"_index":"pob","_id":"1197790"}}
	{"id":1197790,"type":"sell","buyer":"edicted","seller":"allcapsonezero","symbol":"POB","quantity":"10.00000000","price":"0.75000000","timestamp":1625537358,"volume":"7.50000000","buyTxId":"29a96913daaa51f066262a98c96e01b16133472e","sellTxId":"3ce32c2919d9820ebad157f8b73c8cd391402229"}
{"index": {"_index":"pob","_id":"1197797"}}
	{"id":1197797,"type":"buy","buyer":"jeffjagoe","seller":"eirik","symbol":"POB","quantity":"0.50000000","price":"0.82500000","timestamp":1625537745,"volume":"0.41250000","buyTxId":"d701027cc59a16c08b93d39ba1f3e72e9aea12e5","sellTxId":"683fb02b2d2646d40b23b10134902ce9515f7ae3"}
{"index": {"_index":"pob","_id":"1197799"}}
	{"id":1197799,"type":"buy","buyer":"jeffjagoe","seller":"bluesniper","symbol":"POB","quantity":"11.13587027","price":"0.84788200","timestamp":1625537793,"volume":"9.44190396","buyTxId":"ebe31213e5923df22f4c52071520b7cd103e9755","sellTxId":"MM-P-8414451-55393420-3-5-1"}
{"index": {"_index":"pob","_id":"1197802"}}
	{"id":1197802,"type":"sell","buyer":"richardcrill","seller":"chubb149","symbol":"POB","quantity":"7.00000000","price":"0.75010000","timestamp":1625537862,"volume":"5.25070000","buyTxId":"MM-P-8414517-55393486-3-10-0","sellTxId":"ac67716866c860b68661539a3dbe333493ffef8d"}
{"index": {"_index":"pob","_id":"1197808"}}
	{"id":1197808,"type":"sell","buyer":"richardcrill","seller":"littledisciples","symbol":"POB","quantity":"48.99253433","price":"0.75010000","timestamp":1625538585,"volume":"36.74930000","buyTxId":"MM-P-8414517-55393486-3-10-0","sellTxId":"20d43dadee941e92472213483e75f7b60bfa79a7"}
{"index": {"_index":"pob","_id":"1197809"}}
	{"id":1197809,"type":"buy","buyer":"richardcrill","seller":"littledisciples","symbol":"POB","quantity":"1.00746567","price":"0.75010000","timestamp":1625538654,"volume":"0.75570000","buyTxId":"MM-P-8414814-55393783-3-10-0","sellTxId":"20d43dadee941e92472213483e75f7b60bfa79a7"}
{"index": {"_index":"pob","_id":"1197818"}}
	{"id":1197818,"type":"sell","buyer":"richardcrill","seller":"littledisciples","symbol":"POB","quantity":"50.00000000","price":"0.75010300","timestamp":1625539302,"volume":"37.50515000","buyTxId":"MM-P-8414814-55393783-3-10-0","sellTxId":"d6ce53c06df62ea8ee2c3410b61271ab9f8ca9e9"}
{"index": {"_index":"pob","_id":"1197820"}}
	{"id":1197820,"type":"sell","buyer":"richardcrill","seller":"littledisciples","symbol":"POB","quantity":"4.98484472","price":"0.75010300","timestamp":1625539398,"volume":"3.73914698","buyTxId":"MM-P-8414814-55393783-3-10-0","sellTxId":"ea828407b470443eb272aa6b6dd2a216795690ce"}
{"index": {"_index":"pob","_id":"1197823"}}
	{"id":1197823,"type":"buy","buyer":"richardcrill","seller":"littledisciples","symbol":"POB","quantity":"18.36770139","price":"0.75010300","timestamp":1625539554,"volume":"13.77766792","buyTxId":"MM-P-8415114-55394083-3-10-0","sellTxId":"ea828407b470443eb272aa6b6dd2a216795690ce"}
