{"index": {"_index":"pob","_id":"2909752"}}
	{"id":2909752,"type":"sell","buyer":"yintercept","seller":"trumpman","symbol":"POB","quantity":"9.02264393","price":"0.03300000","timestamp":1646451225,"volume":"0.29774725","buyTxId":"551b4fef28f9710332ca2097b90fadfbb62be503","sellTxId":"1c056c535c277340c1ac95723c756622c999b763"}
{"index": {"_index":"pob","_id":"2910288"}}
	{"id":2910288,"type":"sell","buyer":"balina","seller":"atyh","symbol":"POB","quantity":"2.21885057","price":"0.03191100","timestamp":1646458836,"volume":"0.07080574","buyTxId":"MM-P-15360965-62348755-3-0-0","sellTxId":"61239d23ac74b1d0d90ec9b9adfdc00b77439dff"}
{"index": {"_index":"pob","_id":"2910307"}}
	{"id":2910307,"type":"buy","buyer":"bananofarmer","seller":"sbi-tokens","symbol":"POB","quantity":"49.25648525","price":"0.03290000","timestamp":1646459034,"volume":"1.62053836","buyTxId":"c4c7594cf8d74974e61668de34d7282591e0de4d","sellTxId":"861d379e9e89799631adb3a8c359dd6dded21aa9"}
{"index": {"_index":"pob","_id":"2910308"}}
	{"id":2910308,"type":"buy","buyer":"bananofarmer","seller":"trumpman","symbol":"POB","quantity":"7.81050109","price":"0.03300000","timestamp":1646459034,"volume":"0.25774654","buyTxId":"c4c7594cf8d74974e61668de34d7282591e0de4d","sellTxId":"1c056c535c277340c1ac95723c756622c999b763"}
{"index": {"_index":"pob","_id":"2910309"}}
	{"id":2910309,"type":"buy","buyer":"bananofarmer","seller":"balina","symbol":"POB","quantity":"42.93301366","price":"0.03319000","timestamp":1646459034,"volume":"1.42494672","buyTxId":"c4c7594cf8d74974e61668de34d7282591e0de4d","sellTxId":"MM-P-15360965-62348755-3-0-1"}
{"index": {"_index":"pob","_id":"2910325"}}
	{"id":2910325,"type":"sell","buyer":"richardcrill","seller":"nineclaws","symbol":"POB","quantity":"0.03930101","price":"0.03192100","timestamp":1646459391,"volume":"0.00125453","buyTxId":"MM-P-15361046-62348836-3-12-0","sellTxId":"e8cbd11c0c2362abde4fa4b19c9119972188a8a7"}
{"index": {"_index":"pob","_id":"2910408"}}
	{"id":2910408,"type":"sell","buyer":"richardcrill","seller":"dswap","symbol":"POB","quantity":"5.75646078","price":"0.03192100","timestamp":1646460414,"volume":"0.18375198","buyTxId":"MM-P-15361046-62348836-3-12-0","sellTxId":"586fa43f0c4dcf7fc3ef03b59dd4d7266f37bae2"}
{"index": {"_index":"pob","_id":"2910452"}}
	{"id":2910452,"type":"sell","buyer":"richardcrill","seller":"readthisplease","symbol":"POB","quantity":"78.50000000","price":"0.03192100","timestamp":1646461230,"volume":"2.50579850","buyTxId":"MM-P-15361046-62348836-3-12-0","sellTxId":"9fbd39e23a3514ee1e9890b517d37774264aa36e"}
{"index": {"_index":"pob","_id":"2910555"}}
	{"id":2910555,"type":"sell","buyer":"evernoticethat","seller":"balina","symbol":"POB","quantity":"15.00000000","price":"0.03304000","timestamp":1646463048,"volume":"0.49560000","buyTxId":"7830d4629e00de22645cad0cb1065c210424091f","sellTxId":"2ccd99d4658723dbb22328c4dafe16cf59baa62f"}
{"index": {"_index":"pob","_id":"2910556"}}
	{"id":2910556,"type":"sell","buyer":"richardcrill","seller":"balina","symbol":"POB","quantity":"233.06404203","price":"0.03193200","timestamp":1646463048,"volume":"7.44220099","buyTxId":"MM-P-15362045-62349835-3-12-0","sellTxId":"2ccd99d4658723dbb22328c4dafe16cf59baa62f"}
{"index": {"_index":"pob","_id":"2910557"}}
	{"id":2910557,"type":"sell","buyer":"sbi-tokens","seller":"balina","symbol":"POB","quantity":"50.00000000","price":"0.03190000","timestamp":1646463048,"volume":"1.59500000","buyTxId":"d217bc89a2409bbb4dbd87770ee9c684ff10bc48","sellTxId":"2ccd99d4658723dbb22328c4dafe16cf59baa62f"}
{"index": {"_index":"pob","_id":"2910558"}}
	{"id":2910558,"type":"sell","buyer":"onlydoge","seller":"balina","symbol":"POB","quantity":"94.25070000","price":"0.03183000","timestamp":1646463048,"volume":"2.99999978","buyTxId":"ac91531bc6746af05c88bc983ac9ef3fda5f5785","sellTxId":"2ccd99d4658723dbb22328c4dafe16cf59baa62f"}
{"index": {"_index":"pob","_id":"2910559"}}
	{"id":2910559,"type":"sell","buyer":"master-lamps","seller":"balina","symbol":"POB","quantity":"80.98275614","price":"0.03182003","timestamp":1646463048,"volume":"2.57687373","buyTxId":"8a67e1bac3255c11b716139b29b8301e67192443","sellTxId":"2ccd99d4658723dbb22328c4dafe16cf59baa62f"}
{"index": {"_index":"pob","_id":"2910560"}}
	{"id":2910560,"type":"sell","buyer":"master-lamps","seller":"balina","symbol":"POB","quantity":"174.33123036","price":"0.03182003","timestamp":1646463048,"volume":"5.54722498","buyTxId":"2bfbea5c2be954130b2168275b2637cbf8f20319","sellTxId":"2ccd99d4658723dbb22328c4dafe16cf59baa62f"}
{"index": {"_index":"pob","_id":"2910561"}}
	{"id":2910561,"type":"sell","buyer":"master-lamps","seller":"balina","symbol":"POB","quantity":"153.59654036","price":"0.03172002","timestamp":1646463048,"volume":"4.87208533","buyTxId":"91a4d58ab2f4e7b0c908c6b966cbe8c55a399308","sellTxId":"2ccd99d4658723dbb22328c4dafe16cf59baa62f"}
{"index": {"_index":"pob","_id":"2910562"}}
	{"id":2910562,"type":"sell","buyer":"chuiiiiiiii","seller":"balina","symbol":"POB","quantity":"38.01068130","price":"0.03111090","timestamp":1646463048,"volume":"1.18254650","buyTxId":"b40bc39f5e0011c3ec3049aa9e6b24e138c7cfee","sellTxId":"2ccd99d4658723dbb22328c4dafe16cf59baa62f"}
{"index": {"_index":"pob","_id":"2910563"}}
	{"id":2910563,"type":"sell","buyer":"funnel","seller":"balina","symbol":"POB","quantity":"80.00000000","price":"0.03000000","timestamp":1646463048,"volume":"2.40000000","buyTxId":"369b1f945320ab424345aa95ab42906239c11922","sellTxId":"2ccd99d4658723dbb22328c4dafe16cf59baa62f"}
{"index": {"_index":"pob","_id":"2910564"}}
	{"id":2910564,"type":"sell","buyer":"speedtuning","seller":"balina","symbol":"POB","quantity":"200.00000000","price":"0.02752000","timestamp":1646463048,"volume":"5.50400000","buyTxId":"3cf3112989efd3a56f4afe70620dbbc7be3fcd91","sellTxId":"2ccd99d4658723dbb22328c4dafe16cf59baa62f"}
{"index": {"_index":"pob","_id":"2910565"}}
	{"id":2910565,"type":"sell","buyer":"eirik","seller":"balina","symbol":"POB","quantity":"100.00000000","price":"0.02600000","timestamp":1646463048,"volume":"2.60000000","buyTxId":"dd2f0149d0b51285d3effe9401e26a6b9d21de9a","sellTxId":"2ccd99d4658723dbb22328c4dafe16cf59baa62f"}
{"index": {"_index":"pob","_id":"2910566"}}
	{"id":2910566,"type":"sell","buyer":"cloudblade","seller":"balina","symbol":"POB","quantity":"323.76404981","price":"0.02285000","timestamp":1646463048,"volume":"7.39800854","buyTxId":"19b040bacacb041074a9f502b83df66cf350980d","sellTxId":"2ccd99d4658723dbb22328c4dafe16cf59baa62f"}
{"index": {"_index":"pob","_id":"2910865"}}
	{"id":2910865,"type":"sell","buyer":"cloudblade","seller":"oks2crypto","symbol":"POB","quantity":"0.00036811","price":"0.02285000","timestamp":1646467770,"volume":"0.00000841","buyTxId":"19b040bacacb041074a9f502b83df66cf350980d","sellTxId":"bd214f41103b1a09e9294ea22fb55d73c447935d"}
{"index": {"_index":"pob","_id":"2910891"}}
	{"id":2910891,"type":"sell","buyer":"cloudblade","seller":"brofi-market","symbol":"POB","quantity":"7.45891404","price":"0.02285000","timestamp":1646468031,"volume":"0.17043619","buyTxId":"19b040bacacb041074a9f502b83df66cf350980d","sellTxId":"a8d02c58a1cf951ac658f2fb0893f30271451271"}
{"index": {"_index":"pob","_id":"2911065"}}
	{"id":2911065,"type":"buy","buyer":"dswap","seller":"richardcrill","symbol":"POB","quantity":"0.04886110","price":"0.03325999","timestamp":1646471004,"volume":"0.00162512","buyTxId":"dd97172ef1128b51ae3829c07c22ba692ef9a38c","sellTxId":"MM-P-15364040-62351832-3-12-0"}
{"index": {"_index":"pob","_id":"2911069"}}
	{"id":2911069,"type":"buy","buyer":"dswap","seller":"richardcrill","symbol":"POB","quantity":"0.00139927","price":"0.03325999","timestamp":1646471058,"volume":"0.00004654","buyTxId":"9bf0f70db3eede00cba32a33e4c5262bee8a1f36","sellTxId":"MM-P-15364040-62351832-3-12-0"}
{"index": {"_index":"pob","_id":"2911078"}}
	{"id":2911078,"type":"buy","buyer":"dswap","seller":"richardcrill","symbol":"POB","quantity":"0.05499490","price":"0.03325999","timestamp":1646471130,"volume":"0.00182913","buyTxId":"844a87bd008c684a6c3e4833f513b90752d88b05","sellTxId":"MM-P-15364040-62351832-3-12-0"}
{"index": {"_index":"pob","_id":"2911101"}}
	{"id":2911101,"type":"sell","buyer":"cloudblade","seller":"dragokazo","symbol":"POB","quantity":"5.99993774","price":"0.02285000","timestamp":1646471634,"volume":"0.13709858","buyTxId":"19b040bacacb041074a9f502b83df66cf350980d","sellTxId":"413b10f841c177f3788a426c91b70404cadee39a"}
{"index": {"_index":"pob","_id":"2911140"}}
	{"id":2911140,"type":"sell","buyer":"cloudblade","seller":"onealfa.pob","symbol":"POB","quantity":"12.04066747","price":"0.02285000","timestamp":1646472375,"volume":"0.27512925","buyTxId":"19b040bacacb041074a9f502b83df66cf350980d","sellTxId":"d1cb609c3a3f213e14a644a3a2381c732e66bcab"}
{"index": {"_index":"pob","_id":"2911374"}}
	{"id":2911374,"type":"sell","buyer":"cloudblade","seller":"numpypython","symbol":"POB","quantity":"1.92233441","price":"0.02285000","timestamp":1646476872,"volume":"0.04392534","buyTxId":"19b040bacacb041074a9f502b83df66cf350980d","sellTxId":"9ee640e10a8c546a53aad43b21b7f62b1e6eb86f"}
{"index": {"_index":"pob","_id":"2911397"}}
	{"id":2911397,"type":"sell","buyer":"cloudblade","seller":"itharagaian","symbol":"POB","quantity":"0.94600000","price":"0.02285000","timestamp":1646477367,"volume":"0.02161610","buyTxId":"19b040bacacb041074a9f502b83df66cf350980d","sellTxId":"94c090b16ed0d6f7a5a5eb7c2bbb1bccad770880"}
{"index": {"_index":"pob","_id":"2911600"}}
	{"id":2911600,"type":"sell","buyer":"cloudblade","seller":"zzz.accounting","symbol":"POB","quantity":"0.30900000","price":"0.02285000","timestamp":1646480943,"volume":"0.00706065","buyTxId":"19b040bacacb041074a9f502b83df66cf350980d","sellTxId":"ae6f67f31c7a169d06395d4bca91020a6abd04d1"}
{"index": {"_index":"pob","_id":"2911625"}}
	{"id":2911625,"type":"buy","buyer":"pjansen","seller":"richardcrill","symbol":"POB","quantity":"81.00000000","price":"0.03325999","timestamp":1646481372,"volume":"2.69405919","buyTxId":"30fb0e0dc51680388f3a6b0c969e2841c35b59ab","sellTxId":"MM-P-15364040-62351832-3-12-0"}
{"index": {"_index":"pob","_id":"2911632"}}
	{"id":2911632,"type":"buy","buyer":"pjansen","seller":"richardcrill","symbol":"POB","quantity":"83.00000000","price":"0.03325999","timestamp":1646481444,"volume":"2.76057917","buyTxId":"cd7357f265a73120b323057e24982b811f3139f7","sellTxId":"MM-P-15364040-62351832-3-12-0"}
{"index": {"_index":"pob","_id":"2911640"}}
	{"id":2911640,"type":"buy","buyer":"pjansen","seller":"richardcrill","symbol":"POB","quantity":"85.00000000","price":"0.03325999","timestamp":1646481537,"volume":"2.82709915","buyTxId":"434e2d83476c92d4c846c9a758289065f36ecf53","sellTxId":"MM-P-15364040-62351832-3-12-0"}
{"index": {"_index":"pob","_id":"2911773"}}
	{"id":2911773,"type":"sell","buyer":"cloudblade","seller":"xabi","symbol":"POB","quantity":"2.06302816","price":"0.02285000","timestamp":1646483652,"volume":"0.04714019","buyTxId":"19b040bacacb041074a9f502b83df66cf350980d","sellTxId":"3f432f766e072eca4e9aa96c9bcad470e52b1a1f"}
{"index": {"_index":"pob","_id":"2911800"}}
	{"id":2911800,"type":"buy","buyer":"chesatochi","seller":"richardcrill","symbol":"POB","quantity":"0.53501047","price":"0.03324991","timestamp":1646484201,"volume":"0.01778905","buyTxId":"4d8dce8691e53e304293d60000ec58fdc1044feb","sellTxId":"MM-P-15368923-62356719-3-11-1"}
{"index": {"_index":"pob","_id":"2911823"}}
	{"id":2911823,"type":"sell","buyer":"cloudblade","seller":"dhedge-drips","symbol":"POB","quantity":"0.79916936","price":"0.02285000","timestamp":1646484396,"volume":"0.01826102","buyTxId":"19b040bacacb041074a9f502b83df66cf350980d","sellTxId":"ee617af68886c723f8f52d6adaa78b48364453be"}
{"index": {"_index":"pob","_id":"2911936"}}
	{"id":2911936,"type":"sell","buyer":"mamolya","seller":"phoenixwren","symbol":"POB","quantity":"1.23314393","price":"0.03300000","timestamp":1646485581,"volume":"0.04069375","buyTxId":"4ea9e074b025c8562409f57355cc2dcc9fc93860","sellTxId":"794985822ec28ec1bf6c524d1de4b883ffabfc09"}
{"index": {"_index":"pob","_id":"2911965"}}
	{"id":2911965,"type":"sell","buyer":"mamolya","seller":"chorock","symbol":"POB","quantity":"31.00000000","price":"0.03300000","timestamp":1646485965,"volume":"1.02300000","buyTxId":"4ea9e074b025c8562409f57355cc2dcc9fc93860","sellTxId":"752265e3f707c731e3fe9f91114b072c9de72230"}
{"index": {"_index":"pob","_id":"2912002"}}
	{"id":2912002,"type":"sell","buyer":"mamolya","seller":"lauwarm","symbol":"POB","quantity":"0.14865579","price":"0.03300000","timestamp":1646486598,"volume":"0.00490564","buyTxId":"4ea9e074b025c8562409f57355cc2dcc9fc93860","sellTxId":"7ea619e0a18b6fb48411a37060d4aed093052b12"}
{"index": {"_index":"pob","_id":"2912012"}}
	{"id":2912012,"type":"sell","buyer":"mamolya","seller":"master-lamps","symbol":"POB","quantity":"27.61820000","price":"0.03300000","timestamp":1646486742,"volume":"0.91140060","buyTxId":"4ea9e074b025c8562409f57355cc2dcc9fc93860","sellTxId":"a4e132f024a1a1ad05cd258ad36d4010b8899a8d"}
{"index": {"_index":"pob","_id":"2912126"}}
	{"id":2912126,"type":"sell","buyer":"mamolya","seller":"peerfinance","symbol":"POB","quantity":"0.00000028","price":"0.03300000","timestamp":1646488350,"volume":"0.00000001","buyTxId":"4ea9e074b025c8562409f57355cc2dcc9fc93860","sellTxId":"bdfc79894fca94c44d0954455da6e612949896fd"}
{"index": {"_index":"pob","_id":"2912248"}}
	{"id":2912248,"type":"sell","buyer":"richardcrill","seller":"brofi-market","symbol":"POB","quantity":"4.13880213","price":"0.02286001","timestamp":1646490294,"volume":"0.09461306","buyTxId":"MM-P-15370322-62358118-3-11-0","sellTxId":"62f51888e956a793cb4fe09ee4e44a4c05ec007e"}
{"index": {"_index":"pob","_id":"2912288"}}
	{"id":2912288,"type":"sell","buyer":"richardcrill","seller":"desro","symbol":"POB","quantity":"10.80000000","price":"0.02286001","timestamp":1646490516,"volume":"0.24688811","buyTxId":"MM-P-15370322-62358118-3-11-0","sellTxId":"0286db4a5c5e9e4a4e89fe606cd7cb45536b7486"}
{"index": {"_index":"pob","_id":"2912311"}}
	{"id":2912311,"type":"sell","buyer":"richardcrill","seller":"nrg","symbol":"POB","quantity":"20.26647119","price":"0.02286001","timestamp":1646490804,"volume":"0.46329173","buyTxId":"MM-P-15370322-62358118-3-11-0","sellTxId":"b02e8f4ba4544f8e7c0e47184c0b93895adb74e1-17"}
{"index": {"_index":"pob","_id":"2912368"}}
	{"id":2912368,"type":"sell","buyer":"richardcrill","seller":"funshee","symbol":"POB","quantity":"90.00000000","price":"0.02286001","timestamp":1646491548,"volume":"2.05740090","buyTxId":"MM-P-15370322-62358118-3-11-0","sellTxId":"942466bc18a07a5fe121b5f193591ea1441d6d92"}
{"index": {"_index":"pob","_id":"2912385"}}
	{"id":2912385,"type":"sell","buyer":"richardcrill","seller":"mawit07","symbol":"POB","quantity":"21.86631261","price":"0.02286001","timestamp":1646491674,"volume":"0.49986412","buyTxId":"MM-P-15370322-62358118-3-11-0","sellTxId":"47fd6aa9ff69d7e22207830e274851b95164d90f"}
{"index": {"_index":"pob","_id":"2912556"}}
	{"id":2912556,"type":"sell","buyer":"richardcrill","seller":"dswap","symbol":"POB","quantity":"3.62463035","price":"0.02286001","timestamp":1646493786,"volume":"0.08285909","buyTxId":"MM-P-15370322-62358118-3-11-0","sellTxId":"17420afe4a03ae93b40fe58b83d0f628ca8158d9"}
{"index": {"_index":"pob","_id":"2912728"}}
	{"id":2912728,"type":"sell","buyer":"richardcrill","seller":"brofi-market","symbol":"POB","quantity":"3.72945785","price":"0.02286001","timestamp":1646496633,"volume":"0.08525544","buyTxId":"MM-P-15370322-62358118-3-11-0","sellTxId":"851081e6ca4220e30f435a18e970d2fe81a7de6f"}
{"index": {"_index":"pob","_id":"2912762"}}
	{"id":2912762,"type":"sell","buyer":"richardcrill","seller":"interpretation","symbol":"POB","quantity":"88.5","price":"0.02286001","timestamp":1646497323,"volume":"2.02311089","buyTxId":"MM-P-15370322-62358118-3-11-0","sellTxId":"db8d41161b20fef3d8fdc7fcc662ac7d80df993f"}
{"index": {"_index":"pob","_id":"2912841"}}
	{"id":2912841,"type":"sell","buyer":"richardcrill","seller":"isnochys","symbol":"POB","quantity":"0.82105861","price":"0.02286001","timestamp":1646497995,"volume":"0.01876941","buyTxId":"MM-P-15370322-62358118-3-11-0","sellTxId":"d11b8f10f382d2d68f77b587b7e895df9db6f47d"}
{"index": {"_index":"pob","_id":"2912906"}}
	{"id":2912906,"type":"sell","buyer":"richardcrill","seller":"lightcaptured","symbol":"POB","quantity":"3.21583106","price":"0.02286001","timestamp":1646498484,"volume":"0.07351393","buyTxId":"MM-P-15370322-62358118-3-11-0","sellTxId":"98f75b8d47bc71bc9bdb6f7c37bfaade7e0fa4f4"}
{"index": {"_index":"pob","_id":"2912911"}}
	{"id":2912911,"type":"sell","buyer":"richardcrill","seller":"driplord","symbol":"POB","quantity":"20.36638954","price":"0.02286001","timestamp":1646498514,"volume":"0.46557587","buyTxId":"MM-P-15370322-62358118-3-11-0","sellTxId":"89d1653d7c7bd85c68e6cc262fa89e1bb3dff4ff"}
{"index": {"_index":"pob","_id":"2912938"}}
	{"id":2912938,"type":"sell","buyer":"richardcrill","seller":"lightcaptured","symbol":"POB","quantity":"3.67379448","price":"0.02286001","timestamp":1646498802,"volume":"0.08398298","buyTxId":"MM-P-15370322-62358118-3-11-0","sellTxId":"86f77371d7dc59167838a345daddcd58225b7bb7"}
{"index": {"_index":"pob","_id":"2912963"}}
	{"id":2912963,"type":"sell","buyer":"richardcrill","seller":"globetrottergcc","symbol":"POB","quantity":"3.10355651","price":"0.02286001","timestamp":1646499120,"volume":"0.07094733","buyTxId":"MM-P-15370322-62358118-3-11-0","sellTxId":"710df4a2fdfec9aa433ca0304acba1debd49692a"}
{"index": {"_index":"pob","_id":"2912974"}}
	{"id":2912974,"type":"sell","buyer":"richardcrill","seller":"savagetobi","symbol":"POB","quantity":"6.52193784","price":"0.02286001","timestamp":1646499219,"volume":"0.14909156","buyTxId":"MM-P-15370322-62358118-3-11-0","sellTxId":"f553fed95c43777b1e069844a7e254dee78db161"}
{"index": {"_index":"pob","_id":"2913165"}}
	{"id":2913165,"type":"sell","buyer":"richardcrill","seller":"zirochka","symbol":"POB","quantity":"184.94359470","price":"0.02286001","timestamp":1646500830,"volume":"4.22781242","buyTxId":"MM-P-15370322-62358118-3-11-0","sellTxId":"043383e271f4bcd2c222c18c4e1da1ed139b98a3"}
{"index": {"_index":"pob","_id":"2913497"}}
	{"id":2913497,"type":"buy","buyer":"offgridlife","seller":"richardcrill","symbol":"POB","quantity":"1.00000000","price":"0.03289000","timestamp":1646502729,"volume":"0.03289000","buyTxId":"3f5bdd5e771cb5b5a36620aa0d665e1397869789","sellTxId":"MM-P-15374410-62362208-3-11-0"}
{"index": {"_index":"pob","_id":"2913635"}}
	{"id":2913635,"type":"buy","buyer":"sonfecisinan","seller":"lordtimoty","symbol":"POB","quantity":"0.13490766","price":"0.03000000","timestamp":1646504136,"volume":"0.00404723","buyTxId":"3f0111ef356100ab673ed44e909f94cdd44a2acd","sellTxId":"a4d03a5883c530906327f01b233ec93b9268be73"}
{"index": {"_index":"pob","_id":"2913637"}}
	{"id":2913637,"type":"sell","buyer":"richardcrill","seller":"eii","symbol":"POB","quantity":"0.63341260","price":"0.02286001","timestamp":1646504157,"volume":"0.01447982","buyTxId":"MM-P-15370322-62358118-3-11-0","sellTxId":"e661f8f1a4627d745cfa71c02ee672fde2102863"}
{"index": {"_index":"pob","_id":"2913817"}}
	{"id":2913817,"type":"sell","buyer":"richardcrill","seller":"dhedge-drips","symbol":"POB","quantity":"0.44344308","price":"0.02286001","timestamp":1646506041,"volume":"0.01013711","buyTxId":"MM-P-15370322-62358118-3-11-0","sellTxId":"d11d49987ded2cfaa47952613a5e7a2dd215ef9b"}
{"index": {"_index":"pob","_id":"2914043"}}
	{"id":2914043,"type":"buy","buyer":"pob.curator","seller":"lordtimoty","symbol":"POB","quantity":"0.03802800","price":"0.03000000","timestamp":1646507922,"volume":"0.00114084","buyTxId":"58d6de0657e7dfecf01965e7ae1f43e88f1394e4","sellTxId":"a4d03a5883c530906327f01b233ec93b9268be73"}
{"index": {"_index":"pob","_id":"2914209"}}
	{"id":2914209,"type":"sell","buyer":"coininstant","seller":"finguru","symbol":"POB","quantity":"6.66000000","price":"0.02288000","timestamp":1646508612,"volume":"0.15238080","buyTxId":"951b85d466caf885810c7ae5bc6eabeda4dee23b","sellTxId":"9ee32ba508ae183a99dc688bc2737da003818fe8"}
{"index": {"_index":"pob","_id":"2914210"}}
	{"id":2914210,"type":"sell","buyer":"pob.curator","seller":"finguru","symbol":"POB","quantity":"4.11000000","price":"0.02288000","timestamp":1646508612,"volume":"0.09403680","buyTxId":"aca112f34de70df12d4bbc146adb0feb3d07a29b","sellTxId":"9ee32ba508ae183a99dc688bc2737da003818fe8"}
{"index": {"_index":"pob","_id":"2914232"}}
	{"id":2914232,"type":"buy","buyer":"richardcrill","seller":"finguru","symbol":"POB","quantity":"314.00000000","price":"0.02288000","timestamp":1646508849,"volume":"7.18432000","buyTxId":"2a249d30da2e4f212d140e839deff43e5c5c944d","sellTxId":"9ee32ba508ae183a99dc688bc2737da003818fe8"}
{"index": {"_index":"pob","_id":"2914402"}}
	{"id":2914402,"type":"sell","buyer":"coininstant","seller":"bitcoinflood","symbol":"POB","quantity":"0.13273467","price":"0.02287000","timestamp":1646511288,"volume":"0.00303564","buyTxId":"771ae1e9a95910b6fb3d010d05fb58023f1cd77d","sellTxId":"cf7d037501ac24141810ffbaf54bddf0116f29cd"}
{"index": {"_index":"pob","_id":"2914422"}}
	{"id":2914422,"type":"sell","buyer":"richardcrill","seller":"gadrian","symbol":"POB","quantity":"4.48087459","price":"0.02286001","timestamp":1646511591,"volume":"0.10243284","buyTxId":"MM-P-15370322-62358118-3-11-0","sellTxId":"7588cdb9845d69a376e359336d85f1e49a207ac5"}
{"index": {"_index":"pob","_id":"2914482"}}
	{"id":2914482,"type":"buy","buyer":"andy4475","seller":"bitcoinflood","symbol":"POB","quantity":"8.61512563","price":"0.02287000","timestamp":1646512089,"volume":"0.19702792","buyTxId":"d8578b4c8a93a31171a65cd7ec42e2d207ec3d67","sellTxId":"cf7d037501ac24141810ffbaf54bddf0116f29cd"}
{"index": {"_index":"pob","_id":"2914483"}}
	{"id":2914483,"type":"buy","buyer":"andy4475","seller":"finguru","symbol":"POB","quantity":"0.75669893","price":"0.02288000","timestamp":1646512089,"volume":"0.01731327","buyTxId":"d8578b4c8a93a31171a65cd7ec42e2d207ec3d67","sellTxId":"9ee32ba508ae183a99dc688bc2737da003818fe8"}
{"index": {"_index":"pob","_id":"2914484"}}
	{"id":2914484,"type":"buy","buyer":"andy4475","seller":"lordtimoty","symbol":"POB","quantity":"0.62817544","price":"0.03000000","timestamp":1646512089,"volume":"0.01884526","buyTxId":"d8578b4c8a93a31171a65cd7ec42e2d207ec3d67","sellTxId":"a4d03a5883c530906327f01b233ec93b9268be73"}
{"index": {"_index":"pob","_id":"2914573"}}
	{"id":2914573,"type":"buy","buyer":"yintercept","seller":"andy4475","symbol":"POB","quantity":"1.35000000","price":"0.02900000","timestamp":1646512818,"volume":"0.03915000","buyTxId":"2fe5c19f984d46f589e52a77e576f7b712559d80","sellTxId":"c8655557a839e0fa6246955be2bc4c5650310cdb"}
{"index": {"_index":"pob","_id":"2914650"}}
	{"id":2914650,"type":"sell","buyer":"yintercept","seller":"deathwing","symbol":"POB","quantity":"0.025","price":"0.02300000","timestamp":1646513706,"volume":"0.00057500","buyTxId":"928f0422ed55b8f435df6ab5a3c8a215071038c0","sellTxId":"0da4654daf53e16d1e99cb7d686bd9e4a8d1edec-0"}
{"index": {"_index":"pob","_id":"2914661"}}
	{"id":2914661,"type":"sell","buyer":"yintercept","seller":"acesontop","symbol":"POB","quantity":"9.97500000","price":"0.02300000","timestamp":1646513763,"volume":"0.22942500","buyTxId":"928f0422ed55b8f435df6ab5a3c8a215071038c0","sellTxId":"28b5558bdbc924a4c6761107f06031c48dedc168"}
{"index": {"_index":"pob","_id":"2914662"}}
	{"id":2914662,"type":"sell","buyer":"richardcrill","seller":"acesontop","symbol":"POB","quantity":"164.02500000","price":"0.02289001","timestamp":1646513763,"volume":"3.75453389","buyTxId":"MM-P-15379190-62366993-3-11-0","sellTxId":"28b5558bdbc924a4c6761107f06031c48dedc168"}
{"index": {"_index":"pob","_id":"2914776"}}
	{"id":2914776,"type":"sell","buyer":"richardcrill","seller":"botefarm","symbol":"POB","quantity":"3.55885502","price":"0.02289001","timestamp":1646514999,"volume":"0.08146223","buyTxId":"MM-P-15379190-62366993-3-11-0","sellTxId":"f104072fc7ad51ad23471542989c1be779308548"}
{"index": {"_index":"pob","_id":"2914845"}}
	{"id":2914845,"type":"sell","buyer":"richardcrill","seller":"reppilc","symbol":"POB","quantity":"10.24224106","price":"0.02289001","timestamp":1646516094,"volume":"0.23444500","buyTxId":"MM-P-15379190-62366993-3-11-0","sellTxId":"dc1a4cec5069292a7cdabd1943839ca71aa22d99"}
{"index": {"_index":"pob","_id":"2915062"}}
	{"id":2915062,"type":"sell","buyer":"richardcrill","seller":"trumpman","symbol":"POB","quantity":"39.39053786","price":"0.02289001","timestamp":1646518473,"volume":"0.90164981","buyTxId":"MM-P-15379190-62366993-3-11-0","sellTxId":"1cd6518ce41c3cd4ed072c68ddc4049d9b7edb96"}
{"index": {"_index":"pob","_id":"2915073"}}
	{"id":2915073,"type":"sell","buyer":"richardcrill","seller":"candy49","symbol":"POB","quantity":"4.55785148","price":"0.02289001","timestamp":1646518683,"volume":"0.10432927","buyTxId":"MM-P-15379190-62366993-3-11-0","sellTxId":"60a6604e680189a9c63047fb3ada48c225b0c8f5"}
{"index": {"_index":"pob","_id":"2915095"}}
	{"id":2915095,"type":"sell","buyer":"richardcrill","seller":"lacausa","symbol":"POB","quantity":"115.00000000","price":"0.02289001","timestamp":1646518881,"volume":"2.63235115","buyTxId":"MM-P-15379190-62366993-3-11-0","sellTxId":"98ef6064f1288f5de3353899144b88cb9415a1c5"}
{"index": {"_index":"pob","_id":"2915147"}}
	{"id":2915147,"type":"sell","buyer":"richardcrill","seller":"offgridlife","symbol":"POB","quantity":"62.00000000","price":"0.02289001","timestamp":1646519658,"volume":"1.41918062","buyTxId":"MM-P-15379190-62366993-3-11-0","sellTxId":"42df9643ef63f36d13f3a4f0ecd4dbf4c3a79c84"}
{"index": {"_index":"pob","_id":"2915335"}}
	{"id":2915335,"type":"sell","buyer":"richardcrill","seller":"he-index","symbol":"POB","quantity":"0.08700000","price":"0.02289001","timestamp":1646521386,"volume":"0.00199143","buyTxId":"MM-P-15379190-62366993-3-11-0","sellTxId":"42f20f7042eb2034c17fb2e9471b19d3ad90773a"}
{"index": {"_index":"pob","_id":"2916050"}}
	{"id":2916050,"type":"sell","buyer":"richardcrill","seller":"melbourneswest","symbol":"POB","quantity":"5.173","price":"0.02289001","timestamp":1646529396,"volume":"0.11841002","buyTxId":"MM-P-15379190-62366993-3-11-0","sellTxId":"9305c6e75506eb3f7c485182d99e46178cb84ff1"}
{"index": {"_index":"pob","_id":"2916143"}}
	{"id":2916143,"type":"sell","buyer":"richardcrill","seller":"chireerocks","symbol":"POB","quantity":"6.33642059","price":"0.02289001","timestamp":1646530764,"volume":"0.14504073","buyTxId":"MM-P-15379190-62366993-3-11-0","sellTxId":"22ed467aaa3faad88e3f0f4c262a511e05fc8a16"}
{"index": {"_index":"pob","_id":"2916528"}}
	{"id":2916528,"type":"sell","buyer":"richardcrill","seller":"decentropia","symbol":"POB","quantity":"0.06428457","price":"0.02290002","timestamp":1646536701,"volume":"0.00147212","buyTxId":"MM-P-15385570-62373379-3-11-0","sellTxId":"3b53cf46cb34929bbe1f490bd9176cc70c494469"}
