{"index": {"_index":"pob","_id":"1212789"}}
	{"id":1212789,"type":"sell","buyer":"mineopoly","seller":"thatsweeneyguy","symbol":"POB","quantity":"17.69279508","price":"0.83000000","timestamp":1626057933,"volume":"14.68501992","buyTxId":"ecb165f3a7e04b55368a3110927c51643ca52169","sellTxId":"42b4098ebc28c5247da4a4addf8532b74a797564"}
{"index": {"_index":"pob","_id":"1212795"}}
	{"id":1212795,"type":"sell","buyer":"mineopoly","seller":"finguru","symbol":"POB","quantity":"39.31169594","price":"0.83000000","timestamp":1626057975,"volume":"32.62870763","buyTxId":"ecb165f3a7e04b55368a3110927c51643ca52169","sellTxId":"3a56972e8de0e4abeb4e157df3d8a081f8fee595"}
{"index": {"_index":"pob","_id":"1212845"}}
	{"id":1212845,"type":"sell","buyer":"mineopoly","seller":"eythorphoto","symbol":"POB","quantity":"0.00322982","price":"0.83000000","timestamp":1626059709,"volume":"0.00268075","buyTxId":"ecb165f3a7e04b55368a3110927c51643ca52169","sellTxId":"479ccfac20ab32b8dd72735e55cef1aa714ebffa"}
{"index": {"_index":"pob","_id":"1212858"}}
	{"id":1212858,"type":"sell","buyer":"mineopoly","seller":"haseeb-asif-khan","symbol":"POB","quantity":"0.51614529","price":"0.83000000","timestamp":1626060354,"volume":"0.42840059","buyTxId":"ecb165f3a7e04b55368a3110927c51643ca52169","sellTxId":"048c7dbba85880841dc2bfc9a68d573afd63c25c"}
{"index": {"_index":"pob","_id":"1212869"}}
	{"id":1212869,"type":"sell","buyer":"mineopoly","seller":"alexisgunardo","symbol":"POB","quantity":"2","price":"0.83000000","timestamp":1626060792,"volume":"1.66000000","buyTxId":"ecb165f3a7e04b55368a3110927c51643ca52169","sellTxId":"31f5c30f7a8e84cfadc82df18658a67aa5b1b326"}
{"index": {"_index":"pob","_id":"1212872"}}
	{"id":1212872,"type":"sell","buyer":"mineopoly","seller":"failingforwards","symbol":"POB","quantity":"7.23720895","price":"0.83000000","timestamp":1626061002,"volume":"6.00688343","buyTxId":"ecb165f3a7e04b55368a3110927c51643ca52169","sellTxId":"704e9dab9ed402a6d2eb8299659f130043614491"}
{"index": {"_index":"pob","_id":"1212888"}}
	{"id":1212888,"type":"sell","buyer":"anadolu","seller":"victoriabsb","symbol":"POB","quantity":"0.62751458","price":"0.83500000","timestamp":1626061659,"volume":"0.52397467","buyTxId":"a70f6d403dcc0dec5c49ccd1d76787e653d5c2c0","sellTxId":"f6b65311b9269fc357bb3fe75b475bb234b933c4"}
{"index": {"_index":"pob","_id":"1212890"}}
	{"id":1212890,"type":"buy","buyer":"fenngen","seller":"fireguardian","symbol":"POB","quantity":"11.90476190","price":"0.84000000","timestamp":1626061674,"volume":"10","buyTxId":"40e4713036613039d18adc24e996c5510d946895","sellTxId":"c795d4de81d5ae10994e3922cf70fa3256aae6e5"}
{"index": {"_index":"pob","_id":"1212959"}}
	{"id":1212959,"type":"sell","buyer":"anadolu","seller":"pablodare","symbol":"POB","quantity":"1.22719321","price":"0.83500000","timestamp":1626062349,"volume":"1.02470633","buyTxId":"a70f6d403dcc0dec5c49ccd1d76787e653d5c2c0","sellTxId":"5fb2c21463b45a613f22f3463dc0fe6a2aa9eeb9"}
{"index": {"_index":"pob","_id":"1212989"}}
	{"id":1212989,"type":"sell","buyer":"anadolu","seller":"brofi-market","symbol":"POB","quantity":"12.16479874","price":"0.83500000","timestamp":1626063276,"volume":"10.15760695","buyTxId":"a70f6d403dcc0dec5c49ccd1d76787e653d5c2c0","sellTxId":"8cfb04ed433130745d52ec6638671448626c3e76"}
{"index": {"_index":"pob","_id":"1212998"}}
	{"id":1212998,"type":"sell","buyer":"anadolu","seller":"automaton","symbol":"POB","quantity":"7.00000000","price":"0.83500000","timestamp":1626063366,"volume":"5.84500000","buyTxId":"a70f6d403dcc0dec5c49ccd1d76787e653d5c2c0","sellTxId":"8848d7c93c263c8deffd595f1dd7403b28983d8c"}
{"index": {"_index":"pob","_id":"1213008"}}
	{"id":1213008,"type":"sell","buyer":"anadolu","seller":"khan.dayyanz","symbol":"POB","quantity":"4.61100200","price":"0.83500000","timestamp":1626063816,"volume":"3.85018667","buyTxId":"a70f6d403dcc0dec5c49ccd1d76787e653d5c2c0","sellTxId":"3bbe2eb2e16d006cc4a1e84b9f4bec773ebd8662"}
{"index": {"_index":"pob","_id":"1213026"}}
	{"id":1213026,"type":"sell","buyer":"anadolu","seller":"jersteemit","symbol":"POB","quantity":"10.67919224","price":"0.83500000","timestamp":1626064953,"volume":"8.91712552","buyTxId":"a70f6d403dcc0dec5c49ccd1d76787e653d5c2c0","sellTxId":"566eaeee02bab583ca669ef5ba731cdbf811d34d"}
{"index": {"_index":"pob","_id":"1213028"}}
	{"id":1213028,"type":"buy","buyer":"razack-pulo","seller":"fireguardian","symbol":"POB","quantity":"238.09523810","price":"0.84000000","timestamp":1626065043,"volume":"200.00000000","buyTxId":"25964460ae6f57d2bad4cdac747a2f8875d3c50f","sellTxId":"c795d4de81d5ae10994e3922cf70fa3256aae6e5"}
{"index": {"_index":"pob","_id":"1213029"}}
	{"id":1213029,"type":"buy","buyer":"razack-pulo","seller":"brofi-market","symbol":"POB","quantity":"12.16479874","price":"0.84000000","timestamp":1626065043,"volume":"10.21843094","buyTxId":"25964460ae6f57d2bad4cdac747a2f8875d3c50f","sellTxId":"1a9e63b7bac019827355fb5f99adf21a5d2cdc73"}
{"index": {"_index":"pob","_id":"1213030"}}
	{"id":1213030,"type":"buy","buyer":"razack-pulo","seller":"bluesniper","symbol":"POB","quantity":"29.00000000","price":"0.84958200","timestamp":1626065043,"volume":"24.63787800","buyTxId":"25964460ae6f57d2bad4cdac747a2f8875d3c50f","sellTxId":"MM-P-8588670-55568511-3-5-1"}
{"index": {"_index":"pob","_id":"1213031"}}
	{"id":1213031,"type":"buy","buyer":"razack-pulo","seller":"freebornsociety","symbol":"POB","quantity":"20.73996316","price":"0.84959200","timestamp":1626065043,"volume":"17.62050678","buyTxId":"25964460ae6f57d2bad4cdac747a2f8875d3c50f","sellTxId":"MM-P-8588670-55568511-3-3-1"}
{"index": {"_index":"pob","_id":"1213032"}}
	{"id":1213032,"type":"sell","buyer":"anadolu","seller":"zainalbakri","symbol":"POB","quantity":"0.92237287","price":"0.83500000","timestamp":1626065049,"volume":"0.77018135","buyTxId":"a70f6d403dcc0dec5c49ccd1d76787e653d5c2c0","sellTxId":"6ad3de3c4bec017436c6c481e751733cc63c670f"}
{"index": {"_index":"pob","_id":"1213034"}}
	{"id":1213034,"type":"buy","buyer":"razack-pulo","seller":"freebornsociety","symbol":"POB","quantity":"26.28603640","price":"0.84959200","timestamp":1626065109,"volume":"22.33240624","buyTxId":"2d22c954caac2d0c723f1b0d39161a2952814ad3","sellTxId":"MM-P-8588670-55568511-3-3-1"}
{"index": {"_index":"pob","_id":"1213035"}}
	{"id":1213035,"type":"buy","buyer":"razack-pulo","seller":"trumpman","symbol":"POB","quantity":"22.00000000","price":"0.84996000","timestamp":1626065109,"volume":"18.69912000","buyTxId":"2d22c954caac2d0c723f1b0d39161a2952814ad3","sellTxId":"ac38b00aa5803d30e30e1b1a8be68149a536d744"}
{"index": {"_index":"pob","_id":"1213036"}}
	{"id":1213036,"type":"buy","buyer":"razack-pulo","seller":"kemmyb","symbol":"POB","quantity":"3.00000000","price":"0.85000000","timestamp":1626065109,"volume":"2.55000000","buyTxId":"2d22c954caac2d0c723f1b0d39161a2952814ad3","sellTxId":"13490cc74e846fcbdaa4f6db1eeefd0064abf2f3"}
{"index": {"_index":"pob","_id":"1213037"}}
	{"id":1213037,"type":"buy","buyer":"razack-pulo","seller":"mango-juice","symbol":"POB","quantity":"8.14934013","price":"0.85615000","timestamp":1626065109,"volume":"6.97705755","buyTxId":"2d22c954caac2d0c723f1b0d39161a2952814ad3","sellTxId":"91c7fc320df7b94b3da0ca509375c7956a6baf62"}
{"index": {"_index":"pob","_id":"1213038"}}
	{"id":1213038,"type":"buy","buyer":"razack-pulo","seller":"take-my-coinz","symbol":"POB","quantity":"26.56462347","price":"0.85622896","timestamp":1626065109,"volume":"22.74539993","buyTxId":"2d22c954caac2d0c723f1b0d39161a2952814ad3","sellTxId":"037d6ed862f0d186e6384bb93a249e16e693c34c"}
{"index": {"_index":"pob","_id":"1213052"}}
	{"id":1213052,"type":"sell","buyer":"anadolu","seller":"anggreklestari","symbol":"POB","quantity":"4.08628304","price":"0.83500000","timestamp":1626065802,"volume":"3.41204634","buyTxId":"a70f6d403dcc0dec5c49ccd1d76787e653d5c2c0","sellTxId":"466611299a5c93d565c0e7df30c52ad439023c67"}
{"index": {"_index":"pob","_id":"1213093"}}
	{"id":1213093,"type":"sell","buyer":"freebornsociety","seller":"rob23","symbol":"POB","quantity":"66.88346300","price":"0.83500404","timestamp":1626068295,"volume":"55.84796181","buyTxId":"MM-P-8589758-55569606-3-3-0","sellTxId":"8b13a7427eb74f97533e3a02c453e00461db9cea"}
{"index": {"_index":"pob","_id":"1213103"}}
	{"id":1213103,"type":"sell","buyer":"gimme-your-coinz","seller":"logicforce","symbol":"POB","quantity":"0.59614736","price":"0.83502002","timestamp":1626069120,"volume":"0.49779498","buyTxId":"d4e6ba75f0f77a52ad9cd477ef62880474e9358d","sellTxId":"5ba984e4693500779386cf0bbf92f4a449f341e2"}
{"index": {"_index":"pob","_id":"1213116"}}
	{"id":1213116,"type":"sell","buyer":"gimme-your-coinz","seller":"sugandhaseth","symbol":"POB","quantity":"4.00000000","price":"0.83502305","timestamp":1626069972,"volume":"3.34009220","buyTxId":"d9b4ebc93b8e94668f3fea6f867c674c7785f56a","sellTxId":"7633946d541e8f696c76079b66636e1df9c6f6c0"}
{"index": {"_index":"pob","_id":"1213117"}}
	{"id":1213117,"type":"sell","buyer":"gimme-your-coinz","seller":"savagetobi","symbol":"POB","quantity":"5.00000000","price":"0.83502305","timestamp":1626070047,"volume":"4.17511525","buyTxId":"d9b4ebc93b8e94668f3fea6f867c674c7785f56a","sellTxId":"ed82022413481f7f909eecb16a592c061a0ee96a"}
{"index": {"_index":"pob","_id":"1213118"}}
	{"id":1213118,"type":"sell","buyer":"freebornsociety","seller":"savagetobi","symbol":"POB","quantity":"22.00000000","price":"0.83502304","timestamp":1626070047,"volume":"18.37050688","buyTxId":"MM-P-8590252-55570105-3-3-0","sellTxId":"ed82022413481f7f909eecb16a592c061a0ee96a"}
{"index": {"_index":"pob","_id":"1213133"}}
	{"id":1213133,"type":"sell","buyer":"gimme-your-coinz","seller":"thebeardflex","symbol":"POB","quantity":"7.0097659","price":"0.83502507","timestamp":1626070680,"volume":"5.85333026","buyTxId":"548a1f4fe4d3f11bf9ca37766d487a6f139cb355","sellTxId":"8360df7658e8715aec4d7052b287efd0881985a0"}
{"index": {"_index":"pob","_id":"1213150"}}
	{"id":1213150,"type":"sell","buyer":"gimme-your-coinz","seller":"ahmetay","symbol":"POB","quantity":"0.00503091","price":"0.83502709","timestamp":1626071103,"volume":"0.00420095","buyTxId":"1db84ba12841ac9ccefa961b50b027a5e4e6769f","sellTxId":"a6d17106302a153901d07068b438d0cff40e9752"}
{"index": {"_index":"pob","_id":"1213186"}}
	{"id":1213186,"type":"sell","buyer":"gimme-your-coinz","seller":"nahueldare3627","symbol":"POB","quantity":"0.05788657","price":"0.83503214","timestamp":1626072657,"volume":"0.04833715","buyTxId":"d98c78dff8e487833f53b2eec448692469fa8a86","sellTxId":"5e019691dba89ca36b932edea8231a4a6b0ff1e1"}
{"index": {"_index":"pob","_id":"1213192"}}
	{"id":1213192,"type":"sell","buyer":"gimme-your-coinz","seller":"daniky","symbol":"POB","quantity":"9.00000000","price":"0.83503315","timestamp":1626072840,"volume":"7.51529835","buyTxId":"bae6e4c904d5a18c509566a84fb6c961fff06c7f","sellTxId":"67e3075900766ced07a55e5eb1241d2697ee83b6"}
{"index": {"_index":"pob","_id":"1213193"}}
	{"id":1213193,"type":"sell","buyer":"freebornsociety","seller":"daniky","symbol":"POB","quantity":"15.00000000","price":"0.83503314","timestamp":1626072840,"volume":"12.52549710","buyTxId":"MM-P-8591238-55571100-3-3-0","sellTxId":"67e3075900766ced07a55e5eb1241d2697ee83b6"}
{"index": {"_index":"pob","_id":"1213194"}}
	{"id":1213194,"type":"buy","buyer":"gimme-your-coinz","seller":"deepsafe","symbol":"POB","quantity":"6.84565407","price":"0.83503315","timestamp":1626072855,"volume":"5.71634808","buyTxId":"1cbf597fa27e568ed30584d2c29fe477b19402ac","sellTxId":"81473db44ddc663abef7909802ddb1aa72534129"}
{"index": {"_index":"pob","_id":"1213248"}}
	{"id":1213248,"type":"sell","buyer":"gimme-your-coinz","seller":"madstacks","symbol":"POB","quantity":"9.00000000","price":"0.83503720","timestamp":1626074259,"volume":"7.51533480","buyTxId":"4bb02c2c77d483d306e5abcabba5ea21f29e1fff","sellTxId":"05e54dbdca7d24831c4166db17d6f00b1218f784"}
{"index": {"_index":"pob","_id":"1213249"}}
	{"id":1213249,"type":"sell","buyer":"freebornsociety","seller":"madstacks","symbol":"POB","quantity":"89.81635896","price":"0.83503719","timestamp":1626074259,"volume":"75.00000000","buyTxId":"MM-P-8591634-55571498-3-3-0","sellTxId":"05e54dbdca7d24831c4166db17d6f00b1218f784"}
{"index": {"_index":"pob","_id":"1213250"}}
	{"id":1213250,"type":"sell","buyer":"bluesniper","seller":"madstacks","symbol":"POB","quantity":"83.83042781","price":"0.83501900","timestamp":1626074259,"volume":"70.00000000","buyTxId":"MM-P-8589857-55569706-3-5-0","sellTxId":"05e54dbdca7d24831c4166db17d6f00b1218f784"}
{"index": {"_index":"pob","_id":"1213251"}}
	{"id":1213251,"type":"sell","buyer":"anadolu","seller":"madstacks","symbol":"POB","quantity":"208.68164332","price":"0.83500000","timestamp":1626074259,"volume":"174.24917217","buyTxId":"a70f6d403dcc0dec5c49ccd1d76787e653d5c2c0","sellTxId":"05e54dbdca7d24831c4166db17d6f00b1218f784"}
{"index": {"_index":"pob","_id":"1213252"}}
	{"id":1213252,"type":"sell","buyer":"mineopoly","seller":"madstacks","symbol":"POB","quantity":"372.53031254","price":"0.83000000","timestamp":1626074259,"volume":"309.20015941","buyTxId":"ecb165f3a7e04b55368a3110927c51643ca52169","sellTxId":"05e54dbdca7d24831c4166db17d6f00b1218f784"}
{"index": {"_index":"pob","_id":"1213253"}}
	{"id":1213253,"type":"sell","buyer":"gimme-your-coinz","seller":"madstacks","symbol":"POB","quantity":"9.00000000","price":"0.81000102","timestamp":1626074313,"volume":"7.29000918","buyTxId":"71efd43a522201d63a9b44351f09180deb134fed","sellTxId":"9206ab6ba0f86bbd8aa173689e7e43b68cf58dfe"}
{"index": {"_index":"pob","_id":"1213254"}}
	{"id":1213254,"type":"sell","buyer":"freebornsociety","seller":"madstacks","symbol":"POB","quantity":"72.21657893","price":"0.81000101","timestamp":1626074313,"volume":"58.49550187","buyTxId":"MM-P-8591734-55571598-3-3-0","sellTxId":"9206ab6ba0f86bbd8aa173689e7e43b68cf58dfe"}
{"index": {"_index":"pob","_id":"1213296"}}
	{"id":1213296,"type":"sell","buyer":"gimme-your-coinz","seller":"risingstargame","symbol":"POB","quantity":"2.00000000","price":"0.81000708","timestamp":1626076158,"volume":"1.62001416","buyTxId":"1fcad2e54e4338b992aaa87dee735710935602e8","sellTxId":"383cbfaab2494b1913f697c597ff27028a7e29da"}
{"index": {"_index":"pob","_id":"1213326"}}
	{"id":1213326,"type":"sell","buyer":"gimme-your-coinz","seller":"he-index","symbol":"POB","quantity":"0.15600000","price":"0.81001112","timestamp":1626077469,"volume":"0.12636173","buyTxId":"7c81d5d71f844b5b9ce7298f164c27ffc32f7453","sellTxId":"d00a397c78d5c02fe88a4f167c4c5eb492306910"}
{"index": {"_index":"pob","_id":"1213367"}}
	{"id":1213367,"type":"buy","buyer":"holovision","seller":"bluesniper","symbol":"POB","quantity":"1.55420794","price":"0.86592300","timestamp":1626078945,"volume":"1.34582440","buyTxId":"ba7cf3cc2212834827fc1eee61d6d7ec339f07b7","sellTxId":"MM-P-8593220-55573095-3-5-0"}
{"index": {"_index":"pob","_id":"1213372"}}
	{"id":1213372,"type":"sell","buyer":"gimme-your-coinz","seller":"bluesniper","symbol":"POB","quantity":"9.00000000","price":"0.86592001","timestamp":1626079080,"volume":"7.79328009","buyTxId":"9045eccc5b45416049351f5856a63fffba43d442","sellTxId":"MM-P-8593320-55573195-3-5-0"}
{"index": {"_index":"pob","_id":"1213402"}}
	{"id":1213402,"type":"sell","buyer":"gimme-your-coinz","seller":"cryptoandcoffee","symbol":"POB","quantity":"9.00000000","price":"0.85000606","timestamp":1626080403,"volume":"7.65005454","buyTxId":"9d0b9e01bc75aef44881ce8dd111eaaa7ef08cf7","sellTxId":"f4a44e8d277d8d0bb489300199474c94348c4d51"}
{"index": {"_index":"pob","_id":"1213403"}}
	{"id":1213403,"type":"sell","buyer":"gimme-your-coinz","seller":"abbey877","symbol":"POB","quantity":"9.00000000","price":"0.85000606","timestamp":1626080472,"volume":"7.65005454","buyTxId":"25dd6e4f65974b59d2af760e9c13f1be306b7e13","sellTxId":"0acdecf439eb49f4daa75193155eb7557d71c771"}
{"index": {"_index":"pob","_id":"1213406"}}
	{"id":1213406,"type":"buy","buyer":"gimme-your-coinz","seller":"abbey877","symbol":"POB","quantity":"9.00000000","price":"0.85000606","timestamp":1626080487,"volume":"7.65005454","buyTxId":"b380e8c639e5c05725cca74499b2d5c356454cfb","sellTxId":"0acdecf439eb49f4daa75193155eb7557d71c771"}
{"index": {"_index":"pob","_id":"1213407"}}
	{"id":1213407,"type":"buy","buyer":"gimme-your-coinz","seller":"abbey877","symbol":"POB","quantity":"9.00000000","price":"0.85000606","timestamp":1626080496,"volume":"7.65005454","buyTxId":"1304e82fc2cd25a840e879aed1bafa23a2a3643b","sellTxId":"0acdecf439eb49f4daa75193155eb7557d71c771"}
{"index": {"_index":"pob","_id":"1213409"}}
	{"id":1213409,"type":"buy","buyer":"gimme-your-coinz","seller":"abbey877","symbol":"POB","quantity":"9.00000000","price":"0.85000606","timestamp":1626080508,"volume":"7.65005454","buyTxId":"bcc79a81f67e8b6a4316d3d821c14e16b8dcae55","sellTxId":"0acdecf439eb49f4daa75193155eb7557d71c771"}
{"index": {"_index":"pob","_id":"1213410"}}
	{"id":1213410,"type":"buy","buyer":"gimme-your-coinz","seller":"abbey877","symbol":"POB","quantity":"9.00000000","price":"0.85000606","timestamp":1626080517,"volume":"7.65005454","buyTxId":"1383010f6b034b4409a6e168ef4f1cfe317e9a69","sellTxId":"0acdecf439eb49f4daa75193155eb7557d71c771"}
{"index": {"_index":"pob","_id":"1213412"}}
	{"id":1213412,"type":"buy","buyer":"gimme-your-coinz","seller":"abbey877","symbol":"POB","quantity":"7.23490858","price":"0.85000606","timestamp":1626080529,"volume":"6.14971614","buyTxId":"7b4afdef9fba053e07f2d9daa5fc0c3d88b66f43","sellTxId":"0acdecf439eb49f4daa75193155eb7557d71c771"}
{"index": {"_index":"pob","_id":"1213448"}}
	{"id":1213448,"type":"sell","buyer":"gimme-your-coinz","seller":"juanvegetarian","symbol":"POB","quantity":"0.04452012","price":"0.85001314","timestamp":1626082500,"volume":"0.03784269","buyTxId":"3f16a42a6bfcf901d354abdf20b985fbb18c6ee5","sellTxId":"3fab73d4b6a6e282c367cc8a0bf31745529fc9f4"}
{"index": {"_index":"pob","_id":"1213457"}}
	{"id":1213457,"type":"sell","buyer":"gimme-your-coinz","seller":"liotes","symbol":"POB","quantity":"6.76000000","price":"0.85001415","timestamp":1626082920,"volume":"5.74609565","buyTxId":"964aab0043d9975a296e098c5cba38c0c2463c57","sellTxId":"3cc07f0c6561e2dc818598927b0a67fce34e6926"}
{"index": {"_index":"pob","_id":"1213458"}}
	{"id":1213458,"type":"sell","buyer":"gimme-your-coinz","seller":"melbourneswest","symbol":"POB","quantity":"3.90493746","price":"0.85001517","timestamp":1626083073,"volume":"3.31925608","buyTxId":"8f0b6e29a31329e0a82ccc0c9e2edeee928e3abd","sellTxId":"05774e747b9a9f6bfede36587a755f34c89092d7"}
{"index": {"_index":"pob","_id":"1213463"}}
	{"id":1213463,"type":"buy","buyer":"jersteemit","seller":"bluesniper","symbol":"POB","quantity":"29.00000000","price":"0.86576900","timestamp":1626083280,"volume":"25.10730100","buyTxId":"72d4a072e7ca10da58367c39d3b80580636df02e","sellTxId":"MM-P-8594595-55574490-3-5-0"}
{"index": {"_index":"pob","_id":"1213466"}}
	{"id":1213466,"type":"sell","buyer":"gimme-your-coinz","seller":"alekst7","symbol":"POB","quantity":"2.00000000","price":"0.86577901","timestamp":1626083382,"volume":"1.73155802","buyTxId":"015ca4e1ef44cc44e57d03db36767cced1fc4875","sellTxId":"f5f76fb3ff9f64815a454f2bff552f1e5338b162"}
{"index": {"_index":"pob","_id":"1213467"}}
	{"id":1213467,"type":"sell","buyer":"gimme-your-coinz","seller":"liaminit1","symbol":"POB","quantity":"1.73384312","price":"0.86577901","timestamp":1626083454,"volume":"1.50112498","buyTxId":"015ca4e1ef44cc44e57d03db36767cced1fc4875","sellTxId":"9bc2212bb8ce941102764bb1282c3e8840bda92e"}
{"index": {"_index":"pob","_id":"1213469"}}
	{"id":1213469,"type":"buy","buyer":"jersteemit","seller":"bluesniper","symbol":"POB","quantity":"29.00000000","price":"0.86595700","timestamp":1626083511,"volume":"25.11275300","buyTxId":"66d6140c7f0b7150465c40f1d94e00240c96772d","sellTxId":"MM-P-8594695-55574590-3-5-0"}
{"index": {"_index":"pob","_id":"1213471"}}
	{"id":1213471,"type":"buy","buyer":"jersteemit","seller":"bluesniper","symbol":"POB","quantity":"29.00000000","price":"0.86595700","timestamp":1626083685,"volume":"25.11275300","buyTxId":"d90df50350728b7067534caf99dfdd4f310be36d","sellTxId":"MM-P-8594794-55574690-3-5-1"}
{"index": {"_index":"pob","_id":"1213473"}}
	{"id":1213473,"type":"buy","buyer":"jersteemit","seller":"anadolu","symbol":"POB","quantity":"13.00000000","price":"0.86596700","timestamp":1626083733,"volume":"11.25757100","buyTxId":"4ba1b7a49fb8f2e4015a453bcbe3197585f70c41","sellTxId":"b098337ada5683c96d5bca73f789aa5e405f4af1"}
{"index": {"_index":"pob","_id":"1213474"}}
	{"id":1213474,"type":"buy","buyer":"jersteemit","seller":"freebornsociety","symbol":"POB","quantity":"10.00000000","price":"0.86599900","timestamp":1626083733,"volume":"8.65999000","buyTxId":"4ba1b7a49fb8f2e4015a453bcbe3197585f70c41","sellTxId":"MM-P-8594794-55574690-3-3-1"}
{"index": {"_index":"pob","_id":"1213476"}}
	{"id":1213476,"type":"buy","buyer":"jersteemit","seller":"freebornsociety","symbol":"POB","quantity":"59.22000000","price":"0.86599900","timestamp":1626083880,"volume":"51.28446078","buyTxId":"83422dfc627f574269f70475d74e23bfadb85265","sellTxId":"MM-P-8594794-55574690-3-3-1"}
{"index": {"_index":"pob","_id":"1213493"}}
	{"id":1213493,"type":"sell","buyer":"gimme-your-coinz","seller":"niallon11","symbol":"POB","quantity":"9.00000000","price":"0.86578305","timestamp":1626084552,"volume":"7.79204745","buyTxId":"1538271bb8a9c8e644bedf04122c672dc2830ca5","sellTxId":"d11738e821a74a185b4a91d0c352718d78b963ce"}
{"index": {"_index":"pob","_id":"1213494"}}
	{"id":1213494,"type":"sell","buyer":"gimme-your-coinz","seller":"niallon11","symbol":"POB","quantity":"9.00000000","price":"0.86578305","timestamp":1626084552,"volume":"7.79204745","buyTxId":"2cebe9bdb54d6690e981ecb5dcccb282f175bdfd","sellTxId":"d11738e821a74a185b4a91d0c352718d78b963ce"}
{"index": {"_index":"pob","_id":"1213495"}}
	{"id":1213495,"type":"sell","buyer":"freebornsociety","seller":"niallon11","symbol":"POB","quantity":"3.94816871","price":"0.86578304","timestamp":1626084552,"volume":"3.41825751","buyTxId":"MM-P-8595090-55574987-3-3-0","sellTxId":"d11738e821a74a185b4a91d0c352718d78b963ce"}
{"index": {"_index":"pob","_id":"1213509"}}
	{"id":1213509,"type":"sell","buyer":"gimme-your-coinz","seller":"marvinix","symbol":"POB","quantity":"3.67","price":"0.86578507","timestamp":1626085263,"volume":"3.17743121","buyTxId":"793d6c292f2411c4b4cada6bc8ca019e1d851e99","sellTxId":"6e0306087ddea6b7ecbfa56c3ff29a9318327b84"}
{"index": {"_index":"pob","_id":"1213520"}}
	{"id":1213520,"type":"sell","buyer":"gimme-your-coinz","seller":"itharagaian","symbol":"POB","quantity":"0.29300000","price":"0.86578608","timestamp":1626085608,"volume":"0.25367532","buyTxId":"1b878635b54a9ae96ace072adc41154a4fcbfd0f","sellTxId":"9879b34c132ab4dcefe527146ee67c8b7edde0a8"}
{"index": {"_index":"pob","_id":"1213551"}}
	{"id":1213551,"type":"sell","buyer":"gimme-your-coinz","seller":"littledisciples","symbol":"POB","quantity":"9.00000000","price":"0.86578810","timestamp":1626086250,"volume":"7.79209290","buyTxId":"d42bdcad015ea92e6f81d4ce9918e26f2b3c3e12","sellTxId":"fc7ef9988e260bc915f2ffee106db5c8e45ef943"}
{"index": {"_index":"pob","_id":"1213552"}}
	{"id":1213552,"type":"buy","buyer":"gimme-your-coinz","seller":"littledisciples","symbol":"POB","quantity":"9.00000000","price":"0.86578810","timestamp":1626086262,"volume":"7.79209290","buyTxId":"02d52a72da1d7dc08b4def19a67bd585fe386b3e","sellTxId":"fc7ef9988e260bc915f2ffee106db5c8e45ef943"}
{"index": {"_index":"pob","_id":"1213553"}}
	{"id":1213553,"type":"buy","buyer":"gimme-your-coinz","seller":"littledisciples","symbol":"POB","quantity":"9.00000000","price":"0.86578810","timestamp":1626086274,"volume":"7.79209290","buyTxId":"e3762110c88d5117e0322d3304f043956081e4e5","sellTxId":"fc7ef9988e260bc915f2ffee106db5c8e45ef943"}
{"index": {"_index":"pob","_id":"1213554"}}
	{"id":1213554,"type":"buy","buyer":"gimme-your-coinz","seller":"littledisciples","symbol":"POB","quantity":"9.00000000","price":"0.86578810","timestamp":1626086286,"volume":"7.79209290","buyTxId":"02992d60c08521c587e938209b75290c1e527a0e","sellTxId":"fc7ef9988e260bc915f2ffee106db5c8e45ef943"}
{"index": {"_index":"pob","_id":"1213560"}}
	{"id":1213560,"type":"sell","buyer":"gimme-your-coinz","seller":"heruvim1978","symbol":"POB","quantity":"3.44756967","price":"0.82012002","timestamp":1626086493,"volume":"2.82742091","buyTxId":"578663217bec76d23800f35c4ca6e964121b3f9a","sellTxId":"51416cbe135eb9429c6dc614778bc4e54e750170"}
{"index": {"_index":"pob","_id":"1213567"}}
	{"id":1213567,"type":"buy","buyer":"tonytrillions","seller":"littledisciples","symbol":"POB","quantity":"0.00915810","price":"0.86578810","timestamp":1626086868,"volume":"0.00792897","buyTxId":"c70f670301377ad248d0597dd1fc04aeef91483b","sellTxId":"fc7ef9988e260bc915f2ffee106db5c8e45ef943"}
{"index": {"_index":"pob","_id":"1213575"}}
	{"id":1213575,"type":"buy","buyer":"tonytrillions","seller":"littledisciples","symbol":"POB","quantity":"0.05247920","price":"0.86578810","timestamp":1626087105,"volume":"0.04543587","buyTxId":"8f6ab1a7ce5a433686e8efe13e197bda2e2c98a7","sellTxId":"fc7ef9988e260bc915f2ffee106db5c8e45ef943"}
{"index": {"_index":"pob","_id":"1213611"}}
	{"id":1213611,"type":"sell","buyer":"richardcrill","seller":"handtalk5","symbol":"POB","quantity":"0.51074114","price":"0.82022102","timestamp":1626088668,"volume":"0.41892062","buyTxId":"MM-P-8595853-55575750-3-10-0","sellTxId":"b5851ccf34e9798f46258b91cf91b63c915ee9c0"}
{"index": {"_index":"pob","_id":"1213618"}}
	{"id":1213618,"type":"sell","buyer":"richardcrill","seller":"lebah","symbol":"POB","quantity":"1.80000000","price":"0.82022102","timestamp":1626089337,"volume":"1.47639784","buyTxId":"MM-P-8595853-55575750-3-10-0","sellTxId":"3cf9be9df00ca061e2cc5e1cf210f9f4e0fd6f6c"}
{"index": {"_index":"pob","_id":"1213620"}}
	{"id":1213620,"type":"sell","buyer":"richardcrill","seller":"ftfund","symbol":"POB","quantity":"8.4900656","price":"0.82022102","timestamp":1626089658,"volume":"6.96373027","buyTxId":"MM-P-8595853-55575750-3-10-0","sellTxId":"cfe8ce1bba7646a448d8c048fdc73071c6509713"}
{"index": {"_index":"pob","_id":"1213632"}}
	{"id":1213632,"type":"buy","buyer":"tonytrillions","seller":"bluesniper","symbol":"POB","quantity":"0.00154999","price":"0.86565700","timestamp":1626090039,"volume":"0.00134176","buyTxId":"87cc0337f421f6b602078ddd8bd0d7c4f435ad7e","sellTxId":"MM-P-8596885-55576783-3-5-0"}
{"index": {"_index":"pob","_id":"1213644"}}
	{"id":1213644,"type":"sell","buyer":"richardcrill","seller":"travelgirl","symbol":"POB","quantity":"3.30362126","price":"0.82022102","timestamp":1626090759,"volume":"2.70969960","buyTxId":"MM-P-8595853-55575750-3-10-0","sellTxId":"366c04eb1cca48b82f31e3714f3b08a4a702ebc6"}
{"index": {"_index":"pob","_id":"1213654"}}
	{"id":1213654,"type":"sell","buyer":"richardcrill","seller":"ahmetay","symbol":"POB","quantity":"0.37235831","price":"0.82022102","timestamp":1626091200,"volume":"0.30541611","buyTxId":"MM-P-8595853-55575750-3-10-0","sellTxId":"851448899b0be8d20585d40603bb6faeef120df5"}
{"index": {"_index":"pob","_id":"1213657"}}
	{"id":1213657,"type":"sell","buyer":"richardcrill","seller":"calumam","symbol":"POB","quantity":"1.87488757","price":"0.82022102","timestamp":1626091467,"volume":"1.53782219","buyTxId":"MM-P-8595853-55575750-3-10-0","sellTxId":"50db95215ab17f6e567470076ff32f72b51b6dd5"}
{"index": {"_index":"pob","_id":"1213658"}}
	{"id":1213658,"type":"sell","buyer":"freebornsociety","seller":"calumam","symbol":"POB","quantity":"18.12511243","price":"0.82013702","timestamp":1626091467,"volume":"14.86507570","buyTxId":"MM-P-8597383-55577281-3-3-0","sellTxId":"50db95215ab17f6e567470076ff32f72b51b6dd5"}
{"index": {"_index":"pob","_id":"1213663"}}
	{"id":1213663,"type":"sell","buyer":"gimme-your-coinz","seller":"thelogicaldude","symbol":"POB","quantity":"9.00000000","price":"0.82013703","timestamp":1626091584,"volume":"7.38123327","buyTxId":"a169c914c4991698140928af3a5a0868f0448ebd","sellTxId":"0c804a35789e4c8ff7e1ae612027f7ce1e864725"}
{"index": {"_index":"pob","_id":"1213664"}}
	{"id":1213664,"type":"sell","buyer":"freebornsociety","seller":"thelogicaldude","symbol":"POB","quantity":"73.32302144","price":"0.82013702","timestamp":1626091584,"volume":"60.13492430","buyTxId":"MM-P-8597383-55577281-3-3-0","sellTxId":"0c804a35789e4c8ff7e1ae612027f7ce1e864725"}
{"index": {"_index":"pob","_id":"1213665"}}
	{"id":1213665,"type":"sell","buyer":"bluesniper","seller":"thelogicaldude","symbol":"POB","quantity":"20.21032304","price":"0.82002001","timestamp":1626091584,"volume":"16.57286930","buyTxId":"MM-P-8594794-55574690-3-5-0","sellTxId":"0c804a35789e4c8ff7e1ae612027f7ce1e864725"}
{"index": {"_index":"pob","_id":"1213702"}}
	{"id":1213702,"type":"sell","buyer":"gimme-your-coinz","seller":"bozz","symbol":"POB","quantity":"9.00000000","price":"0.82002406","timestamp":1626092631,"volume":"7.38021654","buyTxId":"9b4f979fd921704ab25229c2b6324cd6f65c5f30","sellTxId":"b495b7ee482cca1862c5d85bdc4048a7b976cf4b"}
{"index": {"_index":"pob","_id":"1213703"}}
	{"id":1213703,"type":"sell","buyer":"freebornsociety","seller":"bozz","symbol":"POB","quantity":"18.01698477","price":"0.82002405","timestamp":1626092631,"volume":"14.77436082","buyTxId":"MM-P-8597783-55577681-3-3-0","sellTxId":"b495b7ee482cca1862c5d85bdc4048a7b976cf4b"}
{"index": {"_index":"pob","_id":"1213740"}}
	{"id":1213740,"type":"buy","buyer":"freebornsociety","seller":"thisismylife","symbol":"POB","quantity":"15.81831160","price":"0.82002900","timestamp":1626094083,"volume":"12.97147424","buyTxId":"MM-P-8598280-55578178-3-3-0","sellTxId":"751583af10a191ac4ea30ba1611ea583aa786cc4"}
{"index": {"_index":"pob","_id":"1213757"}}
	{"id":1213757,"type":"buy","buyer":"tonytrillions","seller":"bluesniper","symbol":"POB","quantity":"0.00491822","price":"0.86296700","timestamp":1626094638,"volume":"0.00424426","buyTxId":"7985cfe2a2aeef59919ac6268700c3471811f578","sellTxId":"MM-P-8598379-55578277-3-5-0"}
{"index": {"_index":"pob","_id":"1213760"}}
	{"id":1213760,"type":"sell","buyer":"freebornsociety","seller":"chireerocks","symbol":"POB","quantity":"4.46825255","price":"0.82003213","timestamp":1626094986,"volume":"3.66411066","buyTxId":"MM-P-8598577-55578476-3-3-0","sellTxId":"7669f6a7f2b633daecedb9dfca0b4867f84ced56"}
{"index": {"_index":"pob","_id":"1213771"}}
	{"id":1213771,"type":"buy","buyer":"tonytrillions","seller":"bluesniper","symbol":"POB","quantity":"0.00142468","price":"0.86292300","timestamp":1626095730,"volume":"0.00122939","buyTxId":"7a1ca72cf9b1ca0ad3db9b1e4171cc9cae703a58","sellTxId":"MM-P-8598775-55578674-3-5-0"}
{"index": {"_index":"pob","_id":"1213808"}}
	{"id":1213808,"type":"sell","buyer":"gimme-your-coinz","seller":"liaminit1","symbol":"POB","quantity":"2.31679380","price":"0.82003618","timestamp":1626096306,"volume":"1.89985474","buyTxId":"52bab47e659b5ca0a34ac1a5c93aa87c2fc006d1","sellTxId":"b92383982580d9f37c8f61c04089c89059d3ccd0"}
{"index": {"_index":"pob","_id":"1213811"}}
	{"id":1213811,"type":"sell","buyer":"gimme-your-coinz","seller":"botefarm","symbol":"POB","quantity":"5.55729300","price":"0.82003719","timestamp":1626096564,"volume":"4.55718694","buyTxId":"ae34feb2a78db781ae9b71d7e6deee83a538039f","sellTxId":"11e64c9a8209e27b8d2beb46fef8ba6f6a741f4f"}
{"index": {"_index":"pob","_id":"1213853"}}
	{"id":1213853,"type":"buy","buyer":"offgridlife","seller":"bluesniper","symbol":"POB","quantity":"0.33000000","price":"0.86285700","timestamp":1626097458,"volume":"0.28474281","buyTxId":"a62c9083de103b9e5e3e3f040705f45c0a72e0ff","sellTxId":"MM-P-8599371-55579274-3-5-0"}
{"index": {"_index":"pob","_id":"1213854"}}
	{"id":1213854,"type":"buy","buyer":"offgridlife","seller":"bluesniper","symbol":"POB","quantity":"0.33000000","price":"0.86285700","timestamp":1626097485,"volume":"0.28474281","buyTxId":"0848041f599067812324957438ec444a6e819ca7","sellTxId":"MM-P-8599371-55579274-3-5-0"}
{"index": {"_index":"pob","_id":"1213859"}}
	{"id":1213859,"type":"sell","buyer":"gimme-your-coinz","seller":"toofasteddie","symbol":"POB","quantity":"4.90000000","price":"0.82004123","timestamp":1626097725,"volume":"4.01820203","buyTxId":"5002f4e382b7c9f05f452b0f54aa7767fa397a2b","sellTxId":"97fd93e791c752679ae51f93576e8a475ab8e814"}
{"index": {"_index":"pob","_id":"1213889"}}
	{"id":1213889,"type":"sell","buyer":"gimme-your-coinz","seller":"nonsowrites","symbol":"POB","quantity":"9.00000000","price":"0.82005426","timestamp":1626098958,"volume":"7.38048834","buyTxId":"882644c572fb663edd544635969e8674472bcf24","sellTxId":"4cd5eb474b43fa5e2b91cb4ce67eaa6f1f4362ad"}
{"index": {"_index":"pob","_id":"1213890"}}
	{"id":1213890,"type":"buy","buyer":"gimme-your-coinz","seller":"nonsowrites","symbol":"POB","quantity":"9.00000000","price":"0.82005426","timestamp":1626098973,"volume":"7.38048834","buyTxId":"7a80e4fbdc56b27be6572e7881d2a94d0bf3b882","sellTxId":"4cd5eb474b43fa5e2b91cb4ce67eaa6f1f4362ad"}
{"index": {"_index":"pob","_id":"1213892"}}
	{"id":1213892,"type":"buy","buyer":"gimme-your-coinz","seller":"nonsowrites","symbol":"POB","quantity":"9.00000000","price":"0.82005426","timestamp":1626098982,"volume":"7.38048834","buyTxId":"c63df9a0382fe4a478141f6195411ad7dce348e0","sellTxId":"4cd5eb474b43fa5e2b91cb4ce67eaa6f1f4362ad"}
{"index": {"_index":"pob","_id":"1213893"}}
	{"id":1213893,"type":"buy","buyer":"gimme-your-coinz","seller":"nonsowrites","symbol":"POB","quantity":"9.00000000","price":"0.82005426","timestamp":1626098994,"volume":"7.38048834","buyTxId":"f3e1b71ea7ff5a678bb5b23bb0f7c254c8b37542","sellTxId":"4cd5eb474b43fa5e2b91cb4ce67eaa6f1f4362ad"}
{"index": {"_index":"pob","_id":"1213894"}}
	{"id":1213894,"type":"buy","buyer":"gimme-your-coinz","seller":"nonsowrites","symbol":"POB","quantity":"9.00000000","price":"0.82005426","timestamp":1626099003,"volume":"7.38048834","buyTxId":"1647d9b955a19f88ab7f837864cd31f8dac7f19e","sellTxId":"4cd5eb474b43fa5e2b91cb4ce67eaa6f1f4362ad"}
{"index": {"_index":"pob","_id":"1213895"}}
	{"id":1213895,"type":"buy","buyer":"gimme-your-coinz","seller":"nonsowrites","symbol":"POB","quantity":"2.96689999","price":"0.82005426","timestamp":1626099015,"volume":"2.43301898","buyTxId":"e55ea732019c5b42661cd25c971f0951f65f10c1","sellTxId":"4cd5eb474b43fa5e2b91cb4ce67eaa6f1f4362ad"}
{"index": {"_index":"pob","_id":"1213909"}}
	{"id":1213909,"type":"sell","buyer":"gimme-your-coinz","seller":"cryptofiloz","symbol":"POB","quantity":"1.89679808","price":"0.82005628","timestamp":1626099600,"volume":"1.55548118","buyTxId":"cf87337aaca5ff82aecea501044c351d3e04e32d","sellTxId":"2324bb7f08542ed0df09dd515af0013f5ff55320"}
{"index": {"_index":"pob","_id":"1213910"}}
	{"id":1213910,"type":"sell","buyer":"gimme-your-coinz","seller":"silviabeneforti","symbol":"POB","quantity":"5.00000000","price":"0.82005628","timestamp":1626099636,"volume":"4.10028140","buyTxId":"cf87337aaca5ff82aecea501044c351d3e04e32d","sellTxId":"afe00d377c77180170cf04fc2535cc01ca9e7b31"}
{"index": {"_index":"pob","_id":"1213937"}}
	{"id":1213937,"type":"sell","buyer":"gimme-your-coinz","seller":"edystringz","symbol":"POB","quantity":"9.00000000","price":"0.82005932","timestamp":1626100611,"volume":"7.38053388","buyTxId":"19506dfe6efcbb13e68d0c80fb452614421d4c87","sellTxId":"d25933882f6a81610b19d124fd8432fb199b7fc3"}
{"index": {"_index":"pob","_id":"1213942"}}
	{"id":1213942,"type":"sell","buyer":"gimme-your-coinz","seller":"edystringz","symbol":"POB","quantity":"9.00000000","price":"0.82006033","timestamp":1626100722,"volume":"7.38054297","buyTxId":"59dac43e66dff874fcd013251afd427ba8c3d1aa","sellTxId":"4e0acfe7ed7a3aa0779ebf11afa4923be47bb5b0"}
{"index": {"_index":"pob","_id":"1213943"}}
	{"id":1213943,"type":"sell","buyer":"gimme-your-coinz","seller":"edystringz","symbol":"POB","quantity":"9.00000000","price":"0.82006033","timestamp":1626100782,"volume":"7.38054297","buyTxId":"a1c880b6e7130debd4010f02a17a82d6d08c0257","sellTxId":"2f0986c304a9bfdced038fa4768df48056ef4b35"}
{"index": {"_index":"pob","_id":"1213944"}}
	{"id":1213944,"type":"sell","buyer":"freebornsociety","seller":"edystringz","symbol":"POB","quantity":"82.45668699","price":"0.82006032","timestamp":1626100782,"volume":"67.61945712","buyTxId":"MM-P-8600461-55580369-3-3-0","sellTxId":"2f0986c304a9bfdced038fa4768df48056ef4b35"}
{"index": {"_index":"pob","_id":"1213946"}}
	{"id":1213946,"type":"sell","buyer":"gimme-your-coinz","seller":"edystringz","symbol":"POB","quantity":"9.00000000","price":"0.82006033","timestamp":1626100881,"volume":"7.38054297","buyTxId":"68bd228dbcf55c4ff6297898a022476489366972","sellTxId":"719726693fbe78ddc88ae90cc5e864b838e6ae59"}
{"index": {"_index":"pob","_id":"1213947"}}
	{"id":1213947,"type":"sell","buyer":"gimme-your-coinz","seller":"edystringz","symbol":"POB","quantity":"9.00000000","price":"0.82006033","timestamp":1626100935,"volume":"7.38054297","buyTxId":"6cafe912ffba859cd0382debc8063810619694c6","sellTxId":"e6ae6c28244c04012198c8af821f33d1498ee112"}
{"index": {"_index":"pob","_id":"1213949"}}
	{"id":1213949,"type":"sell","buyer":"gimme-your-coinz","seller":"edystringz","symbol":"POB","quantity":"9.00000000","price":"0.82006033","timestamp":1626100977,"volume":"7.38054297","buyTxId":"7b39ee63d9ca178813637b01e41cb534ffb37e66","sellTxId":"84d3d7c8489ed932b3a5e87c9cc1a7eac980770e"}
{"index": {"_index":"pob","_id":"1213950"}}
	{"id":1213950,"type":"sell","buyer":"gimme-your-coinz","seller":"edystringz","symbol":"POB","quantity":"9.00000000","price":"0.82006134","timestamp":1626101025,"volume":"7.38055206","buyTxId":"64893670840c12eafffed0ea27d097f059261250","sellTxId":"3d015420a2cb5993a62eaafb8c6ce55b0a12fdb7"}
{"index": {"_index":"pob","_id":"1213951"}}
	{"id":1213951,"type":"sell","buyer":"gimme-your-coinz","seller":"edystringz","symbol":"POB","quantity":"9.00000000","price":"0.82006134","timestamp":1626101079,"volume":"7.38055206","buyTxId":"82527e11c84abc46824ef0c6cec2e4fb5da44933","sellTxId":"19bd40f3fb69e1cfd0a1be34a1daf3b53ead332b"}
{"index": {"_index":"pob","_id":"1213952"}}
	{"id":1213952,"type":"sell","buyer":"gimme-your-coinz","seller":"edystringz","symbol":"POB","quantity":"9.00000000","price":"0.82006134","timestamp":1626101175,"volume":"7.38055206","buyTxId":"4521c3c2faf4911365aa82cb260bf4177c241d89","sellTxId":"9abbc47a6523289067c0215f3848ee9b32f6f073"}
{"index": {"_index":"pob","_id":"1213958"}}
	{"id":1213958,"type":"sell","buyer":"gimme-your-coinz","seller":"edystringz","symbol":"POB","quantity":"9.00000000","price":"0.82006134","timestamp":1626101238,"volume":"7.38055206","buyTxId":"9f29119d2c8d026e2e5f2c60930a0fa8d7b7b2e9","sellTxId":"e31bb0df02a899b3db363016f77fb9728768b2bf"}
{"index": {"_index":"pob","_id":"1213959"}}
	{"id":1213959,"type":"sell","buyer":"freebornsociety","seller":"edystringz","symbol":"POB","quantity":"0.00039506","price":"0.82006133","timestamp":1626101238,"volume":"0.00032397","buyTxId":"MM-P-8600559-55580468-3-3-0","sellTxId":"e31bb0df02a899b3db363016f77fb9728768b2bf"}
{"index": {"_index":"pob","_id":"1213961"}}
	{"id":1213961,"type":"sell","buyer":"freebornsociety","seller":"edystringz","symbol":"POB","quantity":"9.00000000","price":"0.82006234","timestamp":1626101292,"volume":"7.38056106","buyTxId":"MM-P-8600657-55580567-3-3-0","sellTxId":"db483140305f33453a53e480f0758196a330c1f6"}
{"index": {"_index":"pob","_id":"1213970"}}
	{"id":1213970,"type":"sell","buyer":"gimme-your-coinz","seller":"edystringz","symbol":"POB","quantity":"9.00000000","price":"0.82006235","timestamp":1626101364,"volume":"7.38056115","buyTxId":"a31ce99e8eec9236f5eb8049e7ec22ed7513c997","sellTxId":"82bb4d71c63b04a79acca96bdabf1e7f7852642a"}
{"index": {"_index":"pob","_id":"1213971"}}
	{"id":1213971,"type":"sell","buyer":"freebornsociety","seller":"edystringz","symbol":"POB","quantity":"36.70091154","price":"0.82006234","timestamp":1626101364,"volume":"30.09703540","buyTxId":"MM-P-8600657-55580567-3-3-0","sellTxId":"82bb4d71c63b04a79acca96bdabf1e7f7852642a"}
{"index": {"_index":"pob","_id":"1213975"}}
	{"id":1213975,"type":"sell","buyer":"gimme-your-coinz","seller":"liaminit1","symbol":"POB","quantity":"1.55188735","price":"0.82006235","timestamp":1626101484,"volume":"1.27264439","buyTxId":"283e2624c1f93e3007405d9dee343212a4e2173e","sellTxId":"0d6723c50d68c25796e87a621e9ffe4384c7541f"}
{"index": {"_index":"pob","_id":"1213980"}}
	{"id":1213980,"type":"sell","buyer":"gimme-your-coinz","seller":"edystringz","symbol":"POB","quantity":"7.44811265","price":"0.82006235","timestamp":1626101541,"volume":"6.10791676","buyTxId":"283e2624c1f93e3007405d9dee343212a4e2173e","sellTxId":"7496b3f40a24997e737d6fbe860f29dbfd4af45b"}
{"index": {"_index":"pob","_id":"1213981"}}
	{"id":1213981,"type":"sell","buyer":"freebornsociety","seller":"edystringz","symbol":"POB","quantity":"9.00000000","price":"0.82006234","timestamp":1626101541,"volume":"7.38056106","buyTxId":"MM-P-8600657-55580567-3-3-0","sellTxId":"7496b3f40a24997e737d6fbe860f29dbfd4af45b"}
{"index": {"_index":"pob","_id":"1213982"}}
	{"id":1213982,"type":"sell","buyer":"bluesniper","seller":"edystringz","symbol":"POB","quantity":"0.21273977","price":"0.82005324","timestamp":1626101541,"volume":"0.17445794","buyTxId":"MM-P-8599768-55579672-3-5-0","sellTxId":"7496b3f40a24997e737d6fbe860f29dbfd4af45b"}
{"index": {"_index":"pob","_id":"1213993"}}
	{"id":1213993,"type":"sell","buyer":"gimme-your-coinz","seller":"ahmetay","symbol":"POB","quantity":"4.63599753","price":"0.82005325","timestamp":1626102348,"volume":"3.80176484","buyTxId":"faa395e73c31c27d38179af9f4afd372e7e3ef05","sellTxId":"881bae08b8b4f3f81fc9444a024b58d3560132ad"}
{"index": {"_index":"pob","_id":"1214028"}}
	{"id":1214028,"type":"sell","buyer":"gimme-your-coinz","seller":"melbourneswest","symbol":"POB","quantity":"2.44834880","price":"0.82005325","timestamp":1626103011,"volume":"2.00777639","buyTxId":"faa395e73c31c27d38179af9f4afd372e7e3ef05","sellTxId":"388250acbcadcae5c4823b6c9e21cad359c28b7e"}
{"index": {"_index":"pob","_id":"1214033"}}
	{"id":1214033,"type":"sell","buyer":"bluesniper","seller":"entraide.rewards","symbol":"POB","quantity":"0.06700000","price":"0.82005324","timestamp":1626103191,"volume":"0.05494357","buyTxId":"MM-P-8599768-55579672-3-5-0","sellTxId":"c2529cec4116e113daf95433985bc65a3efd983d"}
{"index": {"_index":"pob","_id":"1214038"}}
	{"id":1214038,"type":"sell","buyer":"bluesniper","seller":"cryptopoints","symbol":"POB","quantity":"12.00000000","price":"0.82005324","timestamp":1626103263,"volume":"9.84063888","buyTxId":"MM-P-8599768-55579672-3-5-0","sellTxId":"9747d57b32e6eff21ff06d60c3f6c8b0c201ea8e"}
{"index": {"_index":"pob","_id":"1214041"}}
	{"id":1214041,"type":"sell","buyer":"bluesniper","seller":"hive-143869","symbol":"POB","quantity":"0.06880000","price":"0.82005324","timestamp":1626103344,"volume":"0.05641966","buyTxId":"MM-P-8599768-55579672-3-5-0","sellTxId":"6f3c76936fef69d1389eab66d2b72bc50334f88b"}
{"index": {"_index":"pob","_id":"1214093"}}
	{"id":1214093,"type":"buy","buyer":"heatherrooney","seller":"thranax","symbol":"POB","quantity":"0.46905415","price":"0.85278000","timestamp":1626104325,"volume":"0.40000000","buyTxId":"d91d93c025f501ba3734aa5481a001ebc429e2e1","sellTxId":"59c0e018c20dd2390caf144597c4dd39ee32fd50"}
{"index": {"_index":"pob","_id":"1214102"}}
	{"id":1214102,"type":"sell","buyer":"bluesniper","seller":"automaton","symbol":"POB","quantity":"3.00282216","price":"0.82005324","timestamp":1626104499,"volume":"2.46247404","buyTxId":"MM-P-8599768-55579672-3-5-0","sellTxId":"3ba5c8551a86d96c6864ef7efc2215feb47ef472"}
{"index": {"_index":"pob","_id":"1214126"}}
	{"id":1214126,"type":"buy","buyer":"miketr","seller":"thranax","symbol":"POB","quantity":"2.00000000","price":"0.85278000","timestamp":1626105030,"volume":"1.70556000","buyTxId":"1a40eb0719b1b97ee7c38f4f89f2190e1b3c8bf9","sellTxId":"59c0e018c20dd2390caf144597c4dd39ee32fd50"}
{"index": {"_index":"pob","_id":"1214131"}}
	{"id":1214131,"type":"buy","buyer":"apoloo1","seller":"thranax","symbol":"POB","quantity":"4.94950284","price":"0.85278000","timestamp":1626105303,"volume":"4.22083703","buyTxId":"f98e733f31ae08793378c3c4e2ffe10ae7c82aa4","sellTxId":"59c0e018c20dd2390caf144597c4dd39ee32fd50"}
{"index": {"_index":"pob","_id":"1214150"}}
	{"id":1214150,"type":"sell","buyer":"bluesniper","seller":"andy4475","symbol":"POB","quantity":"2.85795739","price":"0.82005324","timestamp":1626106083,"volume":"2.34367722","buyTxId":"MM-P-8599768-55579672-3-5-0","sellTxId":"3a7cf923a27b61894b74e86a1e3b2401125bb74e"}
{"index": {"_index":"pob","_id":"1214180"}}
	{"id":1214180,"type":"sell","buyer":"bluesniper","seller":"liaminit1","symbol":"POB","quantity":"0.97165054","price":"0.82005324","timestamp":1626106599,"volume":"0.79680517","buyTxId":"MM-P-8599768-55579672-3-5-0","sellTxId":"4d1055fd3739d55d1de792c9108abbbf7a20c3d4"}
{"index": {"_index":"pob","_id":"1214224"}}
	{"id":1214224,"type":"sell","buyer":"freebornsociety","seller":"lunaticpandora","symbol":"POB","quantity":"2.11082174","price":"0.82005424","timestamp":1626108072,"volume":"1.73098832","buyTxId":"MM-P-8602450-55582361-3-3-0","sellTxId":"2ad01f9ceb70ac8be9f52d8d80087ec4805f829f"}
{"index": {"_index":"pob","_id":"1214225"}}
	{"id":1214225,"type":"sell","buyer":"bluesniper","seller":"lunaticpandora","symbol":"POB","quantity":"12.96197514","price":"0.82005324","timestamp":1626108072,"volume":"10.62950971","buyTxId":"MM-P-8599768-55579672-3-5-0","sellTxId":"2ad01f9ceb70ac8be9f52d8d80087ec4805f829f"}
{"index": {"_index":"pob","_id":"1214249"}}
	{"id":1214249,"type":"sell","buyer":"gimme-your-coinz","seller":"pouchon.tribes","symbol":"POB","quantity":"9.00000000","price":"0.82005325","timestamp":1626108504,"volume":"7.38047925","buyTxId":"d570c97f7cb3214c43c0fa9d32b379a0b6f0e3a0","sellTxId":"05372e1a0d2babc15127c6c4c4ad46dc8c8a0eb6"}
{"index": {"_index":"pob","_id":"1214250"}}
	{"id":1214250,"type":"sell","buyer":"gimme-your-coinz","seller":"pouchon.tribes","symbol":"POB","quantity":"9.00000000","price":"0.82005325","timestamp":1626108528,"volume":"7.38047925","buyTxId":"ce99e4f24234298343cc313c6419658ed63db1c6","sellTxId":"32f12f39f1c86d9ae23d4f5ba7a509197042d061"}
{"index": {"_index":"pob","_id":"1214251"}}
	{"id":1214251,"type":"sell","buyer":"bluesniper","seller":"pouchon.tribes","symbol":"POB","quantity":"19.17847858","price":"0.82005324","timestamp":1626108528,"volume":"15.72737350","buyTxId":"MM-P-8599768-55579672-3-5-0","sellTxId":"32f12f39f1c86d9ae23d4f5ba7a509197042d061"}
{"index": {"_index":"pob","_id":"1214283"}}
	{"id":1214283,"type":"sell","buyer":"gimme-your-coinz","seller":"bluemoon","symbol":"POB","quantity":"23.00000000","price":"0.83006001","timestamp":1626109863,"volume":"19.09138023","buyTxId":"1c7f539d0e116deccb52e43dd3ba633009ac6f4b","sellTxId":"24b4eb1b1b1b62c15dde6e4a22e5698df0c1494d"}
{"index": {"_index":"pob","_id":"1214284"}}
	{"id":1214284,"type":"sell","buyer":"freebornsociety","seller":"bluemoon","symbol":"POB","quantity":"0.62190295","price":"0.82005728","timestamp":1626109863,"volume":"0.50999604","buyTxId":"MM-P-8603442-55583355-3-3-0","sellTxId":"24b4eb1b1b1b62c15dde6e4a22e5698df0c1494d"}
{"index": {"_index":"pob","_id":"1214285"}}
	{"id":1214285,"type":"sell","buyer":"bluesniper","seller":"bluemoon","symbol":"POB","quantity":"34.03888790","price":"0.82005324","timestamp":1626109863,"volume":"27.91370031","buyTxId":"MM-P-8599768-55579672-3-5-0","sellTxId":"24b4eb1b1b1b62c15dde6e4a22e5698df0c1494d"}
{"index": {"_index":"pob","_id":"1214286"}}
	{"id":1214286,"type":"sell","buyer":"kampi","seller":"bluemoon","symbol":"POB","quantity":"57.33920915","price":"0.82004324","timestamp":1626109863,"volume":"47.02063085","buyTxId":"04139449da54b9b53b333d5010812d569edf1873","sellTxId":"24b4eb1b1b1b62c15dde6e4a22e5698df0c1494d"}
{"index": {"_index":"pob","_id":"1214287"}}
	{"id":1214287,"type":"buy","buyer":"thranax","seller":"amigareaction","symbol":"POB","quantity":"0.25000000","price":"0.85277000","timestamp":1626109962,"volume":"0.21319250","buyTxId":"64a9874794a1d1a1d973f2871c1193fd15d0d80b","sellTxId":"5d5eddda214b4bc7a89c160d0bca6e6f67bb39c0"}
{"index": {"_index":"pob","_id":"1214288"}}
	{"id":1214288,"type":"buy","buyer":"thranax","seller":"thranax","symbol":"POB","quantity":"4.75000000","price":"0.85278000","timestamp":1626109962,"volume":"4.05070500","buyTxId":"64a9874794a1d1a1d973f2871c1193fd15d0d80b","sellTxId":"59c0e018c20dd2390caf144597c4dd39ee32fd50"}
{"index": {"_index":"pob","_id":"1214290"}}
	{"id":1214290,"type":"sell","buyer":"gimme-your-coinz","seller":"liaminit1","symbol":"POB","quantity":"1.04670757","price":"0.84006001","timestamp":1626110001,"volume":"0.87929717","buyTxId":"3bcc6b2ab6408c8a04b070d03fb3cb4601c24683","sellTxId":"e06578ab77c3f4450e2962abfeb4d46641366557"}
{"index": {"_index":"pob","_id":"1214292"}}
	{"id":1214292,"type":"sell","buyer":"gimme-your-coinz","seller":"thranax","symbol":"POB","quantity":"23.00000000","price":"0.85006001","timestamp":1626110109,"volume":"19.55138023","buyTxId":"9f25c912f40bfbb33d435da1fb4351d730a404b0","sellTxId":"318ec0436b9f66eaa24ea14f679d8d76592aa9d1"}
{"index": {"_index":"pob","_id":"1214293"}}
	{"id":1214293,"type":"sell","buyer":"gimme-your-coinz","seller":"thranax","symbol":"POB","quantity":"23.00000000","price":"0.85006001","timestamp":1626110136,"volume":"19.55138023","buyTxId":"bee0351d8f8ebafa123613160642d266dfd9d8d6","sellTxId":"100a80ac0a8f87f9464fc854a4254350b2eb3dbd"}
{"index": {"_index":"pob","_id":"1214295"}}
	{"id":1214295,"type":"sell","buyer":"gimme-your-coinz","seller":"thranax","symbol":"POB","quantity":"23.00000000","price":"0.85006001","timestamp":1626110184,"volume":"19.55138023","buyTxId":"c77d9c92b1983f7ddc50f01e8d1970143c75499e","sellTxId":"92f5501fea36d61ef5570c95f9e25ef0c2abf756"}
{"index": {"_index":"pob","_id":"1214296"}}
	{"id":1214296,"type":"sell","buyer":"gimme-your-coinz","seller":"thranax","symbol":"POB","quantity":"23.00000000","price":"0.85006001","timestamp":1626110235,"volume":"19.55138023","buyTxId":"4127fc354fc56b382be27333eb106974f21bd7b2","sellTxId":"505de13183e4d5c60d8718f26af48a4c003d38c2"}
{"index": {"_index":"pob","_id":"1214297"}}
	{"id":1214297,"type":"sell","buyer":"gimme-your-coinz","seller":"thranax","symbol":"POB","quantity":"23.00000000","price":"0.85006001","timestamp":1626110283,"volume":"19.55138023","buyTxId":"c8723d3240b713a95132cf65db65e55e40b99289","sellTxId":"c915a861c2d04936368dad44e67db79c9c9bdab7"}
{"index": {"_index":"pob","_id":"1214299"}}
	{"id":1214299,"type":"sell","buyer":"gimme-your-coinz","seller":"thranax","symbol":"POB","quantity":"23.00000000","price":"0.85006001","timestamp":1626110331,"volume":"19.55138023","buyTxId":"7ab3ae5c506c8d0ee69bfd00f60a56c762cef0ce","sellTxId":"d72a2da518c0b18b36407a1befed57c03a841e71"}
{"index": {"_index":"pob","_id":"1214300"}}
	{"id":1214300,"type":"sell","buyer":"gimme-your-coinz","seller":"anggreklestari","symbol":"POB","quantity":"6.65626728","price":"0.85006001","timestamp":1626110379,"volume":"5.65822663","buyTxId":"83f9f815b3f7c36d56400b592c7b973a8a34f8fe","sellTxId":"e6cfcbef436c9eab7588dec3e083e6d49fcf62ec"}
{"index": {"_index":"pob","_id":"1214302"}}
	{"id":1214302,"type":"sell","buyer":"gimme-your-coinz","seller":"thranax","symbol":"POB","quantity":"16.34373272","price":"0.85006001","timestamp":1626110391,"volume":"13.89315360","buyTxId":"83f9f815b3f7c36d56400b592c7b973a8a34f8fe","sellTxId":"864cf0c20b6056fead88c8f07ed9aa2816235eea"}
{"index": {"_index":"pob","_id":"1214303"}}
	{"id":1214303,"type":"buy","buyer":"gimme-your-coinz","seller":"thranax","symbol":"POB","quantity":"6.65626728","price":"0.85006001","timestamp":1626110403,"volume":"5.65822663","buyTxId":"08f826b5351398682880f83464216e851003f3fc","sellTxId":"864cf0c20b6056fead88c8f07ed9aa2816235eea"}
{"index": {"_index":"pob","_id":"1214305"}}
	{"id":1214305,"type":"sell","buyer":"gimme-your-coinz","seller":"thranax","symbol":"POB","quantity":"16.34373272","price":"0.85006001","timestamp":1626110457,"volume":"13.89315360","buyTxId":"08f826b5351398682880f83464216e851003f3fc","sellTxId":"5893541e476edee50406d4ef8e07982042e3dfc2"}
{"index": {"_index":"pob","_id":"1214340"}}
	{"id":1214340,"type":"sell","buyer":"kampi","seller":"brunonacif","symbol":"POB","quantity":"0.70764441","price":"0.82004324","timestamp":1626111513,"volume":"0.58029901","buyTxId":"04139449da54b9b53b333d5010812d569edf1873","sellTxId":"0dc56cb5d46dc54239ae62221f2ef1d54f70d998"}
{"index": {"_index":"pob","_id":"1214350"}}
	{"id":1214350,"type":"sell","buyer":"kampi","seller":"chchannel003","symbol":"POB","quantity":"1.89462874","price":"0.82004324","timestamp":1626111888,"volume":"1.55367749","buyTxId":"04139449da54b9b53b333d5010812d569edf1873","sellTxId":"36f2417dbb52432625d1c278aef3e9459ecd36e2"}
{"index": {"_index":"pob","_id":"1214364"}}
	{"id":1214364,"type":"sell","buyer":"kampi","seller":"jakiro12","symbol":"POB","quantity":"17.69998017","price":"0.82004324","timestamp":1626112554,"volume":"14.51474909","buyTxId":"04139449da54b9b53b333d5010812d569edf1873","sellTxId":"8a559488c94c92567dceb36b95f26bd139779154"}
{"index": {"_index":"pob","_id":"1214367"}}
	{"id":1214367,"type":"sell","buyer":"kampi","seller":"monsterjamgold","symbol":"POB","quantity":"1.88250033","price":"0.82004324","timestamp":1626112674,"volume":"1.54373167","buyTxId":"04139449da54b9b53b333d5010812d569edf1873","sellTxId":"f1ceeb14aa199f682a9795e082c78c38dd9e3081"}
{"index": {"_index":"pob","_id":"1214368"}}
	{"id":1214368,"type":"sell","buyer":"kampi","seller":"chubb149","symbol":"POB","quantity":"10.00000000","price":"0.82004324","timestamp":1626112677,"volume":"8.20043240","buyTxId":"04139449da54b9b53b333d5010812d569edf1873","sellTxId":"c504acdee969bac53d9605513675cadfe86ab99d"}
{"index": {"_index":"pob","_id":"1214515"}}
	{"id":1214515,"type":"buy","buyer":"droida","seller":"thranax","symbol":"POB","quantity":"1.03046363","price":"0.86000000","timestamp":1626114477,"volume":"0.88619872","buyTxId":"22eb87e8a81343cb1a5f630bb913147bea305e60","sellTxId":"d5780c86a654a30e16025b3a279d543d2160ac8c"}
{"index": {"_index":"pob","_id":"1214532"}}
	{"id":1214532,"type":"sell","buyer":"kampi","seller":"footballpedia","symbol":"POB","quantity":"8.47603720","price":"0.82004324","timestamp":1626114651,"volume":"6.95071701","buyTxId":"04139449da54b9b53b333d5010812d569edf1873","sellTxId":"7b8573652d7d352ab1d435803ec0e2be60d09a2e"}
{"index": {"_index":"pob","_id":"1214595"}}
	{"id":1214595,"type":"sell","buyer":"anadolu","seller":"footballpedia","symbol":"POB","quantity":"8.49848599","price":"0.82000001","timestamp":1626115170,"volume":"6.96875860","buyTxId":"628ff12b338062014e358a3f6dd2f82d648ce851","sellTxId":"875657874f70f242242512c81d1eb84e912752a1"}
{"index": {"_index":"pob","_id":"1214616"}}
	{"id":1214616,"type":"sell","buyer":"anadolu","seller":"chinorf","symbol":"POB","quantity":"6.43030154","price":"0.82000001","timestamp":1626115533,"volume":"5.27284733","buyTxId":"628ff12b338062014e358a3f6dd2f82d648ce851","sellTxId":"7e923ab9e7467601dd60839d8316ff03f7c7902e"}
{"index": {"_index":"pob","_id":"1214638"}}
	{"id":1214638,"type":"sell","buyer":"anadolu","seller":"jeniffer23","symbol":"POB","quantity":"4.04682595","price":"0.82000001","timestamp":1626116190,"volume":"3.31839732","buyTxId":"628ff12b338062014e358a3f6dd2f82d648ce851","sellTxId":"5d6af9b0f6d2d5b95fb00164bd6cb3a391533150"}
{"index": {"_index":"pob","_id":"1214650"}}
	{"id":1214650,"type":"sell","buyer":"anadolu","seller":"stayoutoftherz","symbol":"POB","quantity":"1.59000000","price":"0.82000001","timestamp":1626116316,"volume":"1.30380002","buyTxId":"628ff12b338062014e358a3f6dd2f82d648ce851","sellTxId":"4e64dd6862c42bd228bc4f787adbdb6501ff7a73"}
{"index": {"_index":"pob","_id":"1214655"}}
	{"id":1214655,"type":"sell","buyer":"anadolu","seller":"ahmetay","symbol":"POB","quantity":"0.01124158","price":"0.82000001","timestamp":1626116376,"volume":"0.00921810","buyTxId":"628ff12b338062014e358a3f6dd2f82d648ce851","sellTxId":"1ba99a861b60a4ae635440498e984065ebd99433"}
{"index": {"_index":"pob","_id":"1214675"}}
	{"id":1214675,"type":"sell","buyer":"anadolu","seller":"pablodare","symbol":"POB","quantity":"0.69490452","price":"0.82000001","timestamp":1626116697,"volume":"0.56982171","buyTxId":"628ff12b338062014e358a3f6dd2f82d648ce851","sellTxId":"352dbcbc2eb86650247f236089b2d25008b621ad"}
{"index": {"_index":"pob","_id":"1214704"}}
	{"id":1214704,"type":"sell","buyer":"anadolu","seller":"thisisawesome","symbol":"POB","quantity":"2.6176","price":"0.82000001","timestamp":1626117528,"volume":"2.14643203","buyTxId":"628ff12b338062014e358a3f6dd2f82d648ce851","sellTxId":"8f437ee829c7f2b40fc6058689818fcc55601a72"}
{"index": {"_index":"pob","_id":"1214706"}}
	{"id":1214706,"type":"sell","buyer":"anadolu","seller":"costanza","symbol":"POB","quantity":"14.98085383","price":"0.82000001","timestamp":1626117585,"volume":"12.28430029","buyTxId":"628ff12b338062014e358a3f6dd2f82d648ce851","sellTxId":"292e8996f44007b687d2ddd7d917a6ce8f393bd1"}
{"index": {"_index":"pob","_id":"1214713"}}
	{"id":1214713,"type":"sell","buyer":"anadolu","seller":"zonadigital21","symbol":"POB","quantity":"19.10501216","price":"0.82000001","timestamp":1626117735,"volume":"15.66611016","buyTxId":"628ff12b338062014e358a3f6dd2f82d648ce851","sellTxId":"865ec5cd38f231b12afd6c437bca828d151baf55"}
{"index": {"_index":"pob","_id":"1214716"}}
	{"id":1214716,"type":"sell","buyer":"anadolu","seller":"elricmoonslayer","symbol":"POB","quantity":"30.13842365","price":"0.82000001","timestamp":1626117792,"volume":"24.71350769","buyTxId":"628ff12b338062014e358a3f6dd2f82d648ce851","sellTxId":"134ee87e1404fb4dd2173d6fa9bd90086a89a201"}
{"index": {"_index":"pob","_id":"1214742"}}
	{"id":1214742,"type":"sell","buyer":"anadolu","seller":"susi5654","symbol":"POB","quantity":"11.88635078","price":"0.82000001","timestamp":1626118203,"volume":"9.74680775","buyTxId":"628ff12b338062014e358a3f6dd2f82d648ce851","sellTxId":"ed8cc07729acbab941e05141506b794060e8deeb"}
{"index": {"_index":"pob","_id":"1214749"}}
	{"id":1214749,"type":"sell","buyer":"bluesniper","seller":"aeneas.blog","symbol":"POB","quantity":"0.00284235","price":"0.81009213","timestamp":1626118287,"volume":"0.00230257","buyTxId":"MM-P-8605329-55585244-3-5-0","sellTxId":"e80289738e92e64a316bfbe24202fdf59e87dc32"}
{"index": {"_index":"pob","_id":"1214755"}}
	{"id":1214755,"type":"sell","buyer":"bluesniper","seller":"bearbear613","symbol":"POB","quantity":"5.23384561","price":"0.81009213","timestamp":1626118443,"volume":"4.23989714","buyTxId":"MM-P-8605329-55585244-3-5-0","sellTxId":"9da5363523f470875aaeee462846ecacdf81463f"}
{"index": {"_index":"pob","_id":"1214757"}}
	{"id":1214757,"type":"sell","buyer":"bluesniper","seller":"derangedvisions","symbol":"POB","quantity":"36.65271322","price":"0.81009213","timestamp":1626118476,"volume":"29.69207452","buyTxId":"MM-P-8605329-55585244-3-5-0","sellTxId":"baa4ba94adf02d9e6b6999d94b4bb104384c84eb"}
{"index": {"_index":"pob","_id":"1214764"}}
	{"id":1214764,"type":"sell","buyer":"bluesniper","seller":"eddie-earner","symbol":"POB","quantity":"4.29042384","price":"0.81009213","timestamp":1626118515,"volume":"3.47563859","buyTxId":"MM-P-8605329-55585244-3-5-0","sellTxId":"292271b1c8a13464a976790357ddd6a16ba149d5"}
{"index": {"_index":"pob","_id":"1214776"}}
	{"id":1214776,"type":"sell","buyer":"richardcrill","seller":"derangedvisions","symbol":"POB","quantity":"3.20153152","price":"0.81019213","timestamp":1626118719,"volume":"2.59385564","buyTxId":"MM-P-8606382-55586300-3-10-0","sellTxId":"55ed6ad39ee4cdacfb08e7a36d58adca6024ce85"}
{"index": {"_index":"pob","_id":"1214787"}}
	{"id":1214787,"type":"sell","buyer":"richardcrill","seller":"liaminit1","symbol":"POB","quantity":"0.98308320","price":"0.81019213","timestamp":1626118998,"volume":"0.79648627","buyTxId":"MM-P-8606382-55586300-3-10-0","sellTxId":"2f96da6386c615e595722e7c22880b331739bdc7"}
{"index": {"_index":"pob","_id":"1214821"}}
	{"id":1214821,"type":"sell","buyer":"richardcrill","seller":"monochromes","symbol":"POB","quantity":"1.28044812","price":"0.81019213","timestamp":1626119877,"volume":"1.03740899","buyTxId":"MM-P-8606382-55586300-3-10-0","sellTxId":"25bf1faa183f17ddf7cb7a3fc3fe2c432a78879c"}
{"index": {"_index":"pob","_id":"1214824"}}
	{"id":1214824,"type":"sell","buyer":"richardcrill","seller":"thranax","symbol":"POB","quantity":"46.37449280","price":"0.81019213","timestamp":1626119979,"volume":"37.57224910","buyTxId":"MM-P-8606382-55586300-3-10-0","sellTxId":"752a0695f9313c2d3def3d69e31c79566f759dc6"}
{"index": {"_index":"pob","_id":"1214826"}}
	{"id":1214826,"type":"sell","buyer":"bluesniper","seller":"thranax","symbol":"POB","quantity":"40.23009974","price":"0.81009213","timestamp":1626120036,"volume":"32.59008718","buyTxId":"MM-P-8605329-55585244-3-5-0","sellTxId":"e8412dcaea6d98a9468a002ea86a0ebf9465fbd1"}
{"index": {"_index":"pob","_id":"1214828"}}
	{"id":1214828,"type":"sell","buyer":"anadolu","seller":"thranax","symbol":"POB","quantity":"50.00000000","price":"0.81001213","timestamp":1626120069,"volume":"40.50060650","buyTxId":"ad731b006eae8cfe4f8cd9884b2da33f5b0e3e10","sellTxId":"a8154a2d976d859a13af0ae227d9f8ef67cd8a5a"}
{"index": {"_index":"pob","_id":"1214830"}}
	{"id":1214830,"type":"sell","buyer":"kemmyb","seller":"thranax","symbol":"POB","quantity":"5.00000000","price":"0.81000000","timestamp":1626120102,"volume":"4.05000000","buyTxId":"6824ec95a4fe678fdd4c9a644f2354fd4e6d83cd","sellTxId":"729b06c963532dc7a1e2890ff42564cd9d9b3d8e"}
{"index": {"_index":"pob","_id":"1214831"}}
	{"id":1214831,"type":"sell","buyer":"eirik","seller":"thranax","symbol":"POB","quantity":"2.00000000","price":"0.81000000","timestamp":1626120102,"volume":"1.62000000","buyTxId":"98ad7d8e034f1b5f0078fea7d50f067e64f1d1b3","sellTxId":"729b06c963532dc7a1e2890ff42564cd9d9b3d8e"}
{"index": {"_index":"pob","_id":"1214832"}}
	{"id":1214832,"type":"sell","buyer":"meesterboom","seller":"thranax","symbol":"POB","quantity":"26.68962830","price":"0.79520000","timestamp":1626120102,"volume":"21.22359242","buyTxId":"74f51d52be969173d21e273edb4ba7318acf2061","sellTxId":"729b06c963532dc7a1e2890ff42564cd9d9b3d8e"}
{"index": {"_index":"pob","_id":"1214833"}}
	{"id":1214833,"type":"sell","buyer":"coininstant","seller":"thranax","symbol":"POB","quantity":"7.72160068","price":"0.79220000","timestamp":1626120102,"volume":"6.11705206","buyTxId":"d20d3dad51b4d84dc5a4dd19064f76a0df2a6032","sellTxId":"729b06c963532dc7a1e2890ff42564cd9d9b3d8e"}
{"index": {"_index":"pob","_id":"1214834"}}
	{"id":1214834,"type":"sell","buyer":"freebornsociety","seller":"thranax","symbol":"POB","quantity":"43.29718622","price":"0.77000000","timestamp":1626120102,"volume":"33.33883339","buyTxId":"MM-P-8605231-55585146-3-3-0","sellTxId":"729b06c963532dc7a1e2890ff42564cd9d9b3d8e"}
{"index": {"_index":"pob","_id":"1214835"}}
	{"id":1214835,"type":"sell","buyer":"myothuzar","seller":"thranax","symbol":"POB","quantity":"73.00000000","price":"0.76962000","timestamp":1626120102,"volume":"56.18226000","buyTxId":"70e2a8fe399f6569e8786db6148b4917f91d0d86","sellTxId":"729b06c963532dc7a1e2890ff42564cd9d9b3d8e"}
{"index": {"_index":"pob","_id":"1214836"}}
	{"id":1214836,"type":"sell","buyer":"meesterboom","seller":"thranax","symbol":"POB","quantity":"26.59909032","price":"0.76961000","timestamp":1626120102,"volume":"20.47092590","buyTxId":"00aa230608f9cde9011c48d2bd68c9a9abea5e46","sellTxId":"729b06c963532dc7a1e2890ff42564cd9d9b3d8e"}
{"index": {"_index":"pob","_id":"1214847"}}
	{"id":1214847,"type":"sell","buyer":"meesterboom","seller":"gimme-your-coinz","symbol":"POB","quantity":"38.40090968","price":"0.76961000","timestamp":1626120384,"volume":"29.55372410","buyTxId":"00aa230608f9cde9011c48d2bd68c9a9abea5e46","sellTxId":"17f3afb3076f97c58adfd57f9d35fdc430f2be63"}
{"index": {"_index":"pob","_id":"1214848"}}
	{"id":1214848,"type":"sell","buyer":"eirik","seller":"gimme-your-coinz","symbol":"POB","quantity":"2.00000000","price":"0.75000000","timestamp":1626120384,"volume":"1.50000000","buyTxId":"0a4e83754f0a745787072f47817f4a67bfdf305a","sellTxId":"17f3afb3076f97c58adfd57f9d35fdc430f2be63"}
{"index": {"_index":"pob","_id":"1214849"}}
	{"id":1214849,"type":"sell","buyer":"ctime","seller":"gimme-your-coinz","symbol":"POB","quantity":"75.63949138","price":"0.74035400","timestamp":1626120384,"volume":"56.00000000","buyTxId":"MM-P-8446579-55425651-3-22-0","sellTxId":"17f3afb3076f97c58adfd57f9d35fdc430f2be63"}
{"index": {"_index":"pob","_id":"1214850"}}
	{"id":1214850,"type":"sell","buyer":"meesterboom","seller":"gimme-your-coinz","symbol":"POB","quantity":"45.00000000","price":"0.73050000","timestamp":1626120384,"volume":"32.87250000","buyTxId":"b01c750e2c148811d63eed5259d1f182585deff1","sellTxId":"17f3afb3076f97c58adfd57f9d35fdc430f2be63"}
{"index": {"_index":"pob","_id":"1214851"}}
	{"id":1214851,"type":"sell","buyer":"bilpcoinbpc","seller":"gimme-your-coinz","symbol":"POB","quantity":"1.00000000","price":"0.71100000","timestamp":1626120384,"volume":"0.71100000","buyTxId":"4f8dd8cb3059f0a1c3ef4420f36677526a25d391","sellTxId":"17f3afb3076f97c58adfd57f9d35fdc430f2be63"}
{"index": {"_index":"pob","_id":"1214852"}}
	{"id":1214852,"type":"sell","buyer":"bluesniper","seller":"gimme-your-coinz","symbol":"POB","quantity":"10.06959894","price":"0.70085000","timestamp":1626120384,"volume":"7.05727842","buyTxId":"MM-P-8606914-55586833-3-5-0","sellTxId":"17f3afb3076f97c58adfd57f9d35fdc430f2be63"}
{"index": {"_index":"pob","_id":"1214857"}}
	{"id":1214857,"type":"sell","buyer":"gimme-your-coinz","seller":"susi5654","symbol":"POB","quantity":"5.34225545","price":"0.70085001","timestamp":1626120606,"volume":"3.74411979","buyTxId":"660c045238d748be26ee4b8bf9cd6064a3674d5f","sellTxId":"5f6a6f74f01b9b5f70f80f3c70a964655fc476b0"}
{"index": {"_index":"pob","_id":"1214859"}}
	{"id":1214859,"type":"sell","buyer":"ctime","seller":"tobetada","symbol":"POB","quantity":"9.00000000","price":"0.70086001","timestamp":1626120684,"volume":"6.30774009","buyTxId":"MM-P-8607072-55586991-3-22-0","sellTxId":"9b517d770a7193abf20d4398f53125b5c88d6a5b"}
{"index": {"_index":"pob","_id":"1214864"}}
	{"id":1214864,"type":"buy","buyer":"revise.leo","seller":"bluesniper","symbol":"POB","quantity":"24.00000000","price":"0.84991200","timestamp":1626120717,"volume":"20.39788800","buyTxId":"500d0173a51b483f53d54af6af1a967eeb0468bd","sellTxId":"MM-P-8607011-55586930-3-5-0"}
{"index": {"_index":"pob","_id":"1214869"}}
	{"id":1214869,"type":"buy","buyer":"revisesociology","seller":"bluesniper","symbol":"POB","quantity":"29.00000000","price":"0.84990100","timestamp":1626120843,"volume":"24.64712900","buyTxId":"39590f2441352039030969160914f7e0971ebcbc","sellTxId":"MM-P-8607110-55587029-3-5-0"}
{"index": {"_index":"pob","_id":"1214915"}}
	{"id":1214915,"type":"sell","buyer":"gimme-your-coinz","seller":"forexbrokr","symbol":"POB","quantity":"0.60259195","price":"0.70090006","timestamp":1626122052,"volume":"0.42235673","buyTxId":"99db28c0ec6b3022aa340abe7d9d487e836b2d10","sellTxId":"7ce036e4ab2cb707ef7fc3b24a2f14965e0c9567"}
{"index": {"_index":"pob","_id":"1214938"}}
	{"id":1214938,"type":"sell","buyer":"gimme-your-coinz","seller":"ahmetay","symbol":"POB","quantity":"4.15449292","price":"0.75000001","timestamp":1626122697,"volume":"3.11586973","buyTxId":"b3ff343ae5dd8ca8972ebe8ae1b5069678771cbd","sellTxId":"91047a503ca3856d322aedc1190e78bf060d1eba"}
{"index": {"_index":"pob","_id":"1214939"}}
	{"id":1214939,"type":"buy","buyer":"thranax","seller":"take-my-coinz","symbol":"POB","quantity":"25.00000000","price":"0.76998896","timestamp":1626122733,"volume":"19.24972400","buyTxId":"1620a4691047de3b64888f26369c3995c95b0e53","sellTxId":"eb22dabd51ab75cc101a1d67cf789435b2a05d4f"}
{"index": {"_index":"pob","_id":"1214940"}}
	{"id":1214940,"type":"buy","buyer":"thranax","seller":"take-my-coinz","symbol":"POB","quantity":"25.00000000","price":"0.76998896","timestamp":1626122769,"volume":"19.24972400","buyTxId":"c005fc15b05df4db5b0087a61f377524fe45efb6","sellTxId":"3b14f30c164809bc9ff43e8f249def0809f6df2b"}
{"index": {"_index":"pob","_id":"1214941"}}
	{"id":1214941,"type":"buy","buyer":"holovision","seller":"bluesniper","symbol":"POB","quantity":"0.11000000","price":"0.76998898","timestamp":1626122784,"volume":"0.08469879","buyTxId":"3049261b7ae9affc6a47db6e17d86f5b766717cb","sellTxId":"MM-P-8607704-55587626-3-5-1"}
{"index": {"_index":"pob","_id":"1214942"}}
	{"id":1214942,"type":"buy","buyer":"thranax","seller":"bluesniper","symbol":"POB","quantity":"28.89000000","price":"0.76998898","timestamp":1626122802,"volume":"22.24498163","buyTxId":"f16634519ffb243c899d002cedae7edbdc493d0a","sellTxId":"MM-P-8607704-55587626-3-5-1"}
{"index": {"_index":"pob","_id":"1214945"}}
	{"id":1214945,"type":"buy","buyer":"thranax","seller":"freebornsociety","symbol":"POB","quantity":"63.78575572","price":"0.76999898","timestamp":1626122847,"volume":"49.11496684","buyTxId":"8358fdecc343addc6024b5d6d6b06b47c66ae8ba","sellTxId":"MM-P-8607704-55587626-3-3-0"}
{"index": {"_index":"pob","_id":"1214959"}}
	{"id":1214959,"type":"sell","buyer":"gimme-your-coinz","seller":"cryptoandcoffee","symbol":"POB","quantity":"18.00000000","price":"0.76998899","timestamp":1626123075,"volume":"13.85980182","buyTxId":"037f796b512be84dccad4ea5e4dadfa088779dd1","sellTxId":"8c7b45eb4c2a50aa29b2a40373d4121d39a63432"}
{"index": {"_index":"pob","_id":"1215015"}}
	{"id":1215015,"type":"sell","buyer":"gimme-your-coinz","seller":"cibersk8","symbol":"POB","quantity":"1.83340000","price":"0.76998899","timestamp":1626125157,"volume":"1.41169781","buyTxId":"037f796b512be84dccad4ea5e4dadfa088779dd1","sellTxId":"dbb81e5b8975b9bda12cc0805b589c105632457b"}
{"index": {"_index":"pob","_id":"1215026"}}
	{"id":1215026,"type":"sell","buyer":"gimme-your-coinz","seller":"joshh71390","symbol":"POB","quantity":"13.16660000","price":"0.76998899","timestamp":1626125544,"volume":"10.13813704","buyTxId":"037f796b512be84dccad4ea5e4dadfa088779dd1","sellTxId":"6c10b28ba1b395cc4fcf7001564ea2e2c00246bf"}
{"index": {"_index":"pob","_id":"1215045"}}
	{"id":1215045,"type":"sell","buyer":"gimme-your-coinz","seller":"rob23","symbol":"POB","quantity":"1.65061806","price":"0.71004004","timestamp":1626126642,"volume":"1.17200491","buyTxId":"b5628fa0e19d63ea7c1c3c35309adc4fc7da1289","sellTxId":"28516848e9eee5ca421afec68ff14095e39efd4b"}
{"index": {"_index":"pob","_id":"1215093"}}
	{"id":1215093,"type":"sell","buyer":"gimme-your-coinz","seller":"andy4475","symbol":"POB","quantity":"7.26729895","price":"0.71009009","timestamp":1626127887,"volume":"5.16043697","buyTxId":"9d2c4e44918ce8e9692ab566c488ca2352ab0086","sellTxId":"1a71476eb077fc3fde6bb39167583dfda0d748fb"}
{"index": {"_index":"pob","_id":"1215108"}}
	{"id":1215108,"type":"buy","buyer":"gamezine","seller":"bluesniper","symbol":"POB","quantity":"0.77851549","price":"0.76987899","timestamp":1626128478,"volume":"0.59936272","buyTxId":"aaf9cf3d9330ec5433963445a4e5429261d26241","sellTxId":"MM-P-8609590-55589514-3-5-0"}
{"index": {"_index":"pob","_id":"1215118"}}
	{"id":1215118,"type":"sell","buyer":"ctime","seller":"pixelfan","symbol":"POB","quantity":"0.84000000","price":"0.71012011","timestamp":1626128778,"volume":"0.59650089","buyTxId":"MM-P-8609751-55589675-3-23-0","sellTxId":"8c96fde1561ad09d90b6c4428bd566db51848848"}
{"index": {"_index":"pob","_id":"1215126"}}
	{"id":1215126,"type":"buy","buyer":"razackpulo.sport","seller":"bluesniper","symbol":"POB","quantity":"25.00000000","price":"0.76984599","timestamp":1626129468,"volume":"19.24614975","buyTxId":"edeab9777d3bcc625361a381f84582da15354a0e","sellTxId":"MM-P-8609888-55589814-3-5-1"}
{"index": {"_index":"pob","_id":"1215128"}}
	{"id":1215128,"type":"buy","buyer":"razackpulo.sport","seller":"bluesniper","symbol":"POB","quantity":"1.80000000","price":"0.76983499","timestamp":1626129591,"volume":"1.38570298","buyTxId":"1ef3fff8a0c5b00c74431e53de8b92e25b7a75cb","sellTxId":"MM-P-8609987-55589913-3-5-1"}
{"index": {"_index":"pob","_id":"1215186"}}
	{"id":1215186,"type":"buy","buyer":"suss","seller":"joshh71390","symbol":"POB","quantity":"1.83340000","price":"0.76998899","timestamp":1626131589,"volume":"1.41169781","buyTxId":"5565fab5ba53175f6f07de6bf60b506fa1205670","sellTxId":"6c10b28ba1b395cc4fcf7001564ea2e2c00246bf"}
{"index": {"_index":"pob","_id":"1215187"}}
	{"id":1215187,"type":"buy","buyer":"suss","seller":"crypto133","symbol":"POB","quantity":"1.78278477","price":"0.76999000","timestamp":1626131589,"volume":"1.37272645","buyTxId":"5565fab5ba53175f6f07de6bf60b506fa1205670","sellTxId":"02f87514bb40200921704bcb703548a2104ad6c7"}
{"index": {"_index":"pob","_id":"1215188"}}
	{"id":1215188,"type":"buy","buyer":"suss","seller":"priyanarc","symbol":"POB","quantity":"11.00000000","price":"0.76999000","timestamp":1626131589,"volume":"8.46989000","buyTxId":"5565fab5ba53175f6f07de6bf60b506fa1205670","sellTxId":"e32d39755e3ab5363a9ec55846f674358ef5a971"}
{"index": {"_index":"pob","_id":"1215189"}}
	{"id":1215189,"type":"buy","buyer":"suss","seller":"joshh71390","symbol":"POB","quantity":"15.00000000","price":"0.76999000","timestamp":1626131589,"volume":"11.54985000","buyTxId":"5565fab5ba53175f6f07de6bf60b506fa1205670","sellTxId":"e34c6f022601d6e8522115dc7cfd73297cd17654"}
{"index": {"_index":"pob","_id":"1215190"}}
	{"id":1215190,"type":"buy","buyer":"suss","seller":"bluesniper","symbol":"POB","quantity":"29.00000000","price":"0.83997000","timestamp":1626131589,"volume":"24.35913000","buyTxId":"5565fab5ba53175f6f07de6bf60b506fa1205670","sellTxId":"MM-P-8610581-55590507-3-4-1"}
{"index": {"_index":"pob","_id":"1215191"}}
	{"id":1215191,"type":"buy","buyer":"suss","seller":"specialfeelings","symbol":"POB","quantity":"2.09997086","price":"0.84000000","timestamp":1626131589,"volume":"1.76397552","buyTxId":"5565fab5ba53175f6f07de6bf60b506fa1205670","sellTxId":"332b06976fa27db31e058ba2d8a80b78ae3f93c6"}
{"index": {"_index":"pob","_id":"1215192"}}
	{"id":1215192,"type":"buy","buyer":"suss","seller":"knowhow92","symbol":"POB","quantity":"9.42617587","price":"0.85000000","timestamp":1626131589,"volume":"8.01224949","buyTxId":"5565fab5ba53175f6f07de6bf60b506fa1205670","sellTxId":"0fb56ae63d26243924deef27a83a6ac22f8ba3b5"}
{"index": {"_index":"pob","_id":"1215193"}}
	{"id":1215193,"type":"buy","buyer":"suss","seller":"scooter77","symbol":"POB","quantity":"15.00000000","price":"0.86570000","timestamp":1626131589,"volume":"12.98550000","buyTxId":"5565fab5ba53175f6f07de6bf60b506fa1205670","sellTxId":"a243c8a8197d24fa2d393b60af277e39144afe12"}
{"index": {"_index":"pob","_id":"1215194"}}
	{"id":1215194,"type":"buy","buyer":"suss","seller":"kemmyb","symbol":"POB","quantity":"3.00000000","price":"0.86600000","timestamp":1626131589,"volume":"2.59800000","buyTxId":"5565fab5ba53175f6f07de6bf60b506fa1205670","sellTxId":"b9327b4c3f3cf3237b250b1720160d7b7247b7ea"}
{"index": {"_index":"pob","_id":"1215195"}}
	{"id":1215195,"type":"buy","buyer":"suss","seller":"kraken99","symbol":"POB","quantity":"3.92699545","price":"0.86630001","timestamp":1626131589,"volume":"3.40195620","buyTxId":"5565fab5ba53175f6f07de6bf60b506fa1205670","sellTxId":"b2f37212053530dc4c4d41d7f0b182bbb9ab6bb4"}
{"index": {"_index":"pob","_id":"1215196"}}
	{"id":1215196,"type":"buy","buyer":"suss","seller":"thranax","symbol":"POB","quantity":"107.93067305","price":"0.89888000","timestamp":1626131589,"volume":"97.01672339","buyTxId":"5565fab5ba53175f6f07de6bf60b506fa1205670","sellTxId":"e89a63e9416ec40652d5feb1e6e67addebb99111"}
{"index": {"_index":"pob","_id":"1215209"}}
	{"id":1215209,"type":"buy","buyer":"suss","seller":"thranax","symbol":"POB","quantity":"35.43653967","price":"0.89888000","timestamp":1626132033,"volume":"31.85319678","buyTxId":"8be7a0d3e3cb2956c0369dac88eedf234fd29224","sellTxId":"e89a63e9416ec40652d5feb1e6e67addebb99111"}
{"index": {"_index":"pob","_id":"1215210"}}
	{"id":1215210,"type":"buy","buyer":"suss","seller":"bluesniper","symbol":"POB","quantity":"29.00000000","price":"0.89998000","timestamp":1626132033,"volume":"26.09942000","buyTxId":"8be7a0d3e3cb2956c0369dac88eedf234fd29224","sellTxId":"MM-P-8610780-55590706-3-4-1"}
{"index": {"_index":"pob","_id":"1215211"}}
	{"id":1215211,"type":"buy","buyer":"suss","seller":"goodindigene","symbol":"POB","quantity":"20.00000000","price":"0.90000000","timestamp":1626132033,"volume":"18.00000000","buyTxId":"8be7a0d3e3cb2956c0369dac88eedf234fd29224","sellTxId":"f0aea995906b12cf44309b30fdc7b576082d472b"}
{"index": {"_index":"pob","_id":"1215212"}}
	{"id":1215212,"type":"buy","buyer":"suss","seller":"makayana","symbol":"POB","quantity":"2.14000000","price":"0.90000000","timestamp":1626132033,"volume":"1.92600000","buyTxId":"8be7a0d3e3cb2956c0369dac88eedf234fd29224","sellTxId":"a0fb7547b0c1603074bbe87d0f2185c0aa2343d0"}
{"index": {"_index":"pob","_id":"1215213"}}
	{"id":1215213,"type":"buy","buyer":"suss","seller":"goodimportance","symbol":"POB","quantity":"12.42346033","price":"0.90000000","timestamp":1626132033,"volume":"11.18111430","buyTxId":"8be7a0d3e3cb2956c0369dac88eedf234fd29224","sellTxId":"8e75ad4c8bae840764e7f823b89020a31b0a0406"}
{"index": {"_index":"pob","_id":"1215223"}}
	{"id":1215223,"type":"sell","buyer":"gimme-your-coinz","seller":"urun","symbol":"POB","quantity":"2.45484035","price":"0.89081001","timestamp":1626132324,"volume":"2.18679636","buyTxId":"56e6c6181ad51ce002a20e1f7450c88978493681","sellTxId":"97bd129e396314f9b72fb7b50696c8a8b3dfb59e"}
{"index": {"_index":"pob","_id":"1215233"}}
	{"id":1215233,"type":"sell","buyer":"gimme-your-coinz","seller":"joshh71390","symbol":"POB","quantity":"5.14552498","price":"0.89081001","timestamp":1626132627,"volume":"4.58368516","buyTxId":"56e6c6181ad51ce002a20e1f7450c88978493681","sellTxId":"bda860217cb86868f5aae33cac888f0fc2c21b89"}
{"index": {"_index":"pob","_id":"1215237"}}
	{"id":1215237,"type":"sell","buyer":"gimme-your-coinz","seller":"mightyrocklee","symbol":"POB","quantity":"1.75411899","price":"0.89081001","timestamp":1626132834,"volume":"1.56258676","buyTxId":"56e6c6181ad51ce002a20e1f7450c88978493681","sellTxId":"65023dd9a2b23f8959164948821195d7d661d045"}
{"index": {"_index":"pob","_id":"1215257"}}
	{"id":1215257,"type":"buy","buyer":"razackpulo.sport","seller":"goodimportance","symbol":"POB","quantity":"1.00000000","price":"0.90000000","timestamp":1626133071,"volume":"0.90000000","buyTxId":"9ddcb3729f6006cffd6970cff4fb927babc9c53a","sellTxId":"8e75ad4c8bae840764e7f823b89020a31b0a0406"}
{"index": {"_index":"pob","_id":"1215259"}}
	{"id":1215259,"type":"buy","buyer":"razackpulo.sport","seller":"goodimportance","symbol":"POB","quantity":"2.57653967","price":"0.90000000","timestamp":1626133197,"volume":"2.31888570","buyTxId":"5c302cef4582b1e6d8d05da20a7da06fae11fa72","sellTxId":"8e75ad4c8bae840764e7f823b89020a31b0a0406"}
{"index": {"_index":"pob","_id":"1215260"}}
	{"id":1215260,"type":"buy","buyer":"razackpulo.sport","seller":"jordanworo","symbol":"POB","quantity":"17.70000000","price":"0.90000000","timestamp":1626133197,"volume":"15.93000000","buyTxId":"5c302cef4582b1e6d8d05da20a7da06fae11fa72","sellTxId":"d61883cf438bd0d14a6ce49159388d8c472bad61"}
{"index": {"_index":"pob","_id":"1215261"}}
	{"id":1215261,"type":"buy","buyer":"razackpulo.sport","seller":"lamboreviews","symbol":"POB","quantity":"11.30000000","price":"0.90000000","timestamp":1626133197,"volume":"10.17000000","buyTxId":"5c302cef4582b1e6d8d05da20a7da06fae11fa72","sellTxId":"3daa53933945d4c2d4d7f42b0638b54af3b06725"}
{"index": {"_index":"pob","_id":"1215262"}}
	{"id":1215262,"type":"buy","buyer":"razackpulo.sport","seller":"bluesniper","symbol":"POB","quantity":"22.42346033","price":"0.90996000","timestamp":1626133197,"volume":"20.40445196","buyTxId":"5c302cef4582b1e6d8d05da20a7da06fae11fa72","sellTxId":"MM-P-8611178-55591104-3-4-0"}
{"index": {"_index":"pob","_id":"1215291"}}
	{"id":1215291,"type":"sell","buyer":"gimme-your-coinz","seller":"cliffagreen","symbol":"POB","quantity":"0.04559094","price":"0.89081001","timestamp":1626133680,"volume":"0.04061287","buyTxId":"56e6c6181ad51ce002a20e1f7450c88978493681","sellTxId":"98d44cf67a0434a106b81aed547cf3805a3c8bee"}
{"index": {"_index":"pob","_id":"1215292"}}
	{"id":1215292,"type":"sell","buyer":"gimme-your-coinz","seller":"josediccus","symbol":"POB","quantity":"20.00000000","price":"0.89081001","timestamp":1626133749,"volume":"17.81620020","buyTxId":"56e6c6181ad51ce002a20e1f7450c88978493681","sellTxId":"b457a85de2fe8fbda709b6e8f5caf740dcc5185e"}
{"index": {"_index":"pob","_id":"1215299"}}
	{"id":1215299,"type":"sell","buyer":"gimme-your-coinz","seller":"tikatarot","symbol":"POB","quantity":"3.59992474","price":"0.89081001","timestamp":1626134094,"volume":"3.20684899","buyTxId":"56e6c6181ad51ce002a20e1f7450c88978493681","sellTxId":"6677ad0ecbaa3a03889114d2088f729db46f99cd"}
{"index": {"_index":"pob","_id":"1215300"}}
	{"id":1215300,"type":"sell","buyer":"gimme-your-coinz","seller":"tikatarot","symbol":"POB","quantity":"0.36827050","price":"0.85081001","timestamp":1626134094,"volume":"0.31332823","buyTxId":"38e6126400aa27ada7e6ebc0105de57458836970","sellTxId":"6677ad0ecbaa3a03889114d2088f729db46f99cd"}
{"index": {"_index":"pob","_id":"1215390"}}
	{"id":1215390,"type":"sell","buyer":"gimme-your-coinz","seller":"cryptowingnut","symbol":"POB","quantity":"2.71488116","price":"0.89081001","timestamp":1626134904,"volume":"2.41844331","buyTxId":"3d12b033cda1bd0b1c6bca44042615b22c603e51","sellTxId":"a0cfdd97ffdd4f9bcfdad3ab5d999d23be8771a4"}
{"index": {"_index":"pob","_id":"1215398"}}
	{"id":1215398,"type":"sell","buyer":"gimme-your-coinz","seller":"hallmann","symbol":"POB","quantity":"30.00000000","price":"0.89081001","timestamp":1626134952,"volume":"26.72430030","buyTxId":"3d12b033cda1bd0b1c6bca44042615b22c603e51","sellTxId":"839389d22821882fa848df33835f1325ea15d40c"}
{"index": {"_index":"pob","_id":"1215411"}}
	{"id":1215411,"type":"sell","buyer":"gimme-your-coinz","seller":"unicorn-tamer","symbol":"POB","quantity":"18.40000000","price":"0.89081002","timestamp":1626134970,"volume":"16.39090437","buyTxId":"2f644f8598dcf6b5c0d923a618f602bacccc149b","sellTxId":"1017c6fed8a38e687537f1b2fbabd0584d156748"}
{"index": {"_index":"pob","_id":"1215507"}}
	{"id":1215507,"type":"sell","buyer":"gimme-your-coinz","seller":"razackpulo.pob","symbol":"POB","quantity":"14.60000000","price":"0.89081002","timestamp":1626135501,"volume":"13.00582629","buyTxId":"2f644f8598dcf6b5c0d923a618f602bacccc149b","sellTxId":"3cb8a432852a28c83c2c45fc22621e0bc11d20bb"}
{"index": {"_index":"pob","_id":"1215508"}}
	{"id":1215508,"type":"sell","buyer":"richardcrill","seller":"razackpulo.pob","symbol":"POB","quantity":"55.40000000","price":"0.74030000","timestamp":1626135501,"volume":"41.01262000","buyTxId":"MM-P-8611937-55591866-3-10-0","sellTxId":"3cb8a432852a28c83c2c45fc22621e0bc11d20bb"}
{"index": {"_index":"pob","_id":"1215515"}}
	{"id":1215515,"type":"buy","buyer":"nevies","seller":"fireguardian","symbol":"POB","quantity":"0.20000000","price":"0.90943520","timestamp":1626135591,"volume":"0.18188704","buyTxId":"489365f54c0f2a211cc39862e761665deb1fc036","sellTxId":"63fe0433d491550117a9b6195d7021cc5f7656f4"}
{"index": {"_index":"pob","_id":"1215519"}}
	{"id":1215519,"type":"sell","buyer":"richardcrill","seller":"mrnightmare89","symbol":"POB","quantity":"1.33375659","price":"0.74030000","timestamp":1626135699,"volume":"0.98738000","buyTxId":"MM-P-8611937-55591866-3-10-0","sellTxId":"c83eefca2e1177c42a1ff8e05ae04c7556e8fa11"}
{"index": {"_index":"pob","_id":"1215536"}}
	{"id":1215536,"type":"buy","buyer":"thranax","seller":"mrnightmare89","symbol":"POB","quantity":"18.66624341","price":"0.74030000","timestamp":1626135825,"volume":"13.81862000","buyTxId":"49a188ec071d629c6b820f8fb5f0aa20e42ba9c1","sellTxId":"c83eefca2e1177c42a1ff8e05ae04c7556e8fa11"}
{"index": {"_index":"pob","_id":"1215628"}}
	{"id":1215628,"type":"sell","buyer":"richardcrill","seller":"manuelramos","symbol":"POB","quantity":"0.90735214","price":"0.73523000","timestamp":1626137319,"volume":"0.66711251","buyTxId":"MM-P-8612534-55592463-3-10-0","sellTxId":"71587e0cec6c41ebbf0e76cfb5de7fc206883a81"}
{"index": {"_index":"pob","_id":"1215643"}}
	{"id":1215643,"type":"buy","buyer":"offgridlife","seller":"bluesniper","symbol":"POB","quantity":"0.01000000","price":"0.89998000","timestamp":1626137646,"volume":"0.00899980","buyTxId":"62167558e7eb26a67903df27ad41226e1debc136","sellTxId":"MM-P-8612170-55592099-3-4-1"}
{"index": {"_index":"pob","_id":"1215644"}}
	{"id":1215644,"type":"buy","buyer":"offgridlife","seller":"bluesniper","symbol":"POB","quantity":"0.01000000","price":"0.89998000","timestamp":1626137655,"volume":"0.00899980","buyTxId":"a639942ea025dab0019d6c5b7333d599ca6fa8e3","sellTxId":"MM-P-8612170-55592099-3-4-1"}
{"index": {"_index":"pob","_id":"1215645"}}
	{"id":1215645,"type":"buy","buyer":"offgridlife","seller":"bluesniper","symbol":"POB","quantity":"0.01000000","price":"0.89998000","timestamp":1626137664,"volume":"0.00899980","buyTxId":"1c4da0ebf5af7a2b0ffbe5b48340d95f72bdd5c7","sellTxId":"MM-P-8612170-55592099-3-4-1"}
{"index": {"_index":"pob","_id":"1215700"}}
	{"id":1215700,"type":"sell","buyer":"ctime","seller":"brofi-market","symbol":"POB","quantity":"11.47037663","price":"0.73557000","timestamp":1626138375,"volume":"8.43726494","buyTxId":"MM-P-8612928-55592857-3-23-0","sellTxId":"cfe99579642777032af732e94039b1a6b941272e"}
{"index": {"_index":"pob","_id":"1215733"}}
	{"id":1215733,"type":"sell","buyer":"richardcrill","seller":"corporateay","symbol":"POB","quantity":"14.34873794","price":"0.73578000","timestamp":1626138753,"volume":"10.55751440","buyTxId":"MM-P-8613032-55592962-3-10-0","sellTxId":"0b6757e2f03df65d9387701fc1d1961e38e9ccb0"}
{"index": {"_index":"pob","_id":"1215734"}}
	{"id":1215734,"type":"sell","buyer":"ctime","seller":"corporateay","symbol":"POB","quantity":"45.65126206","price":"0.73568000","timestamp":1626138753,"volume":"33.58472047","buyTxId":"MM-P-8613027-55592957-3-23-0","sellTxId":"0b6757e2f03df65d9387701fc1d1961e38e9ccb0"}
{"index": {"_index":"pob","_id":"1215745"}}
	{"id":1215745,"type":"sell","buyer":"joshh71390","seller":"savagetobi","symbol":"POB","quantity":"5.15318125","price":"0.73500000","timestamp":1626138990,"volume":"3.78758822","buyTxId":"feffc1f0211050d6667495e4edb489f452a30874","sellTxId":"627142024bec3c262dd2b8193c8543a540fdca96"}
{"index": {"_index":"pob","_id":"1215748"}}
	{"id":1215748,"type":"sell","buyer":"joshh71390","seller":"lebah","symbol":"POB","quantity":"7.00000000","price":"0.73500000","timestamp":1626139083,"volume":"5.14500000","buyTxId":"feffc1f0211050d6667495e4edb489f452a30874","sellTxId":"ef8c979cafc909cd7ca961a51fd9b18ed3cf6914"}
{"index": {"_index":"pob","_id":"1215764"}}
	{"id":1215764,"type":"sell","buyer":"thranax","seller":"tommyl33","symbol":"POB","quantity":"20.18677148","price":"0.74000000","timestamp":1626139791,"volume":"14.93821090","buyTxId":"29bac0b9dc0bc029d4b0fa2eed05f56b66434269","sellTxId":"1a618f7978fe0773537a60fff58e11428cc09e2c"}
{"index": {"_index":"pob","_id":"1215771"}}
	{"id":1215771,"type":"sell","buyer":"thranax","seller":"enforcer48","symbol":"POB","quantity":"1.01800000","price":"0.74000000","timestamp":1626139839,"volume":"0.75332000","buyTxId":"29bac0b9dc0bc029d4b0fa2eed05f56b66434269","sellTxId":"18f5b8ee3da8029dd4ebaaef69bdda93ae85905a"}
{"index": {"_index":"pob","_id":"1215797"}}
	{"id":1215797,"type":"sell","buyer":"thranax","seller":"skylinebuds","symbol":"POB","quantity":"133.79522800","price":"0.74000000","timestamp":1626140013,"volume":"99.00846872","buyTxId":"29bac0b9dc0bc029d4b0fa2eed05f56b66434269","sellTxId":"38321d8c511b16acb409889f4e6e6c6ceb06c231"}
{"index": {"_index":"pob","_id":"1215805"}}
	{"id":1215805,"type":"sell","buyer":"thranax","seller":"skylinebuds","symbol":"POB","quantity":"0.00000052","price":"0.74000000","timestamp":1626140094,"volume":"0.00000038","buyTxId":"29bac0b9dc0bc029d4b0fa2eed05f56b66434269","sellTxId":"455e3d3bcae94a9f92ed2b04676278a1fdc4f87e"}
{"index": {"_index":"pob","_id":"1215806"}}
	{"id":1215806,"type":"sell","buyer":"bluesniper","seller":"skylinebuds","symbol":"POB","quantity":"95.23291148","price":"0.73504000","timestamp":1626140094,"volume":"69.99999925","buyTxId":"MM-P-8613464-55593394-3-4-0","sellTxId":"455e3d3bcae94a9f92ed2b04676278a1fdc4f87e"}
{"index": {"_index":"pob","_id":"1215848"}}
	{"id":1215848,"type":"sell","buyer":"bluesniper","seller":"vempromundo","symbol":"POB","quantity":"0.00000101","price":"0.73504000","timestamp":1626140466,"volume":"0.00000074","buyTxId":"MM-P-8613464-55593394-3-4-0","sellTxId":"971f33500bcd012142313175c673dcef2e1722a0"}
{"index": {"_index":"pob","_id":"1215849"}}
	{"id":1215849,"type":"sell","buyer":"ctime","seller":"vempromundo","symbol":"POB","quantity":"76.18736650","price":"0.73503000","timestamp":1626140466,"volume":"56.00000000","buyTxId":"MM-P-8613425-55593355-3-23-0","sellTxId":"971f33500bcd012142313175c673dcef2e1722a0"}
{"index": {"_index":"pob","_id":"1215850"}}
	{"id":1215850,"type":"sell","buyer":"joshh71390","seller":"vempromundo","symbol":"POB","quantity":"8.81263249","price":"0.73500000","timestamp":1626140466,"volume":"6.47728488","buyTxId":"feffc1f0211050d6667495e4edb489f452a30874","sellTxId":"971f33500bcd012142313175c673dcef2e1722a0"}
{"index": {"_index":"pob","_id":"1215862"}}
	{"id":1215862,"type":"sell","buyer":"joshh71390","seller":"derangedvisions","symbol":"POB","quantity":"13.29527939","price":"0.73500000","timestamp":1626140625,"volume":"9.77203035","buyTxId":"feffc1f0211050d6667495e4edb489f452a30874","sellTxId":"da55d06f73afa3d49588f01b59d1d61f0b179a95"}
{"index": {"_index":"pob","_id":"1215873"}}
	{"id":1215873,"type":"sell","buyer":"joshh71390","seller":"vempromundo","symbol":"POB","quantity":"5.73890687","price":"0.73500000","timestamp":1626140823,"volume":"4.21809655","buyTxId":"feffc1f0211050d6667495e4edb489f452a30874","sellTxId":"e0a8045571cdb74f1b94adf5b11b0081dbc72303"}
{"index": {"_index":"pob","_id":"1215874"}}
	{"id":1215874,"type":"sell","buyer":"bokica80","seller":"vempromundo","symbol":"POB","quantity":"0.00718563","price":"0.73500000","timestamp":1626140823,"volume":"0.00528144","buyTxId":"3038806af6cee0f142335b77bd7e9eaa760a6a66","sellTxId":"e0a8045571cdb74f1b94adf5b11b0081dbc72303"}
{"index": {"_index":"pob","_id":"1215875"}}
	{"id":1215875,"type":"sell","buyer":"ctime","seller":"vempromundo","symbol":"POB","quantity":"79.25390750","price":"0.70002000","timestamp":1626140823,"volume":"55.47932033","buyTxId":"MM-P-8613722-55593652-3-23-0","sellTxId":"e0a8045571cdb74f1b94adf5b11b0081dbc72303"}
{"index": {"_index":"pob","_id":"1215885"}}
	{"id":1215885,"type":"buy","buyer":"offgridlife","seller":"kraken99","symbol":"POB","quantity":"0.10000000","price":"0.83500000","timestamp":1626141006,"volume":"0.08350000","buyTxId":"a863ba0e5e148e23bc438c73e6cfe74e77e041fd","sellTxId":"6eb3eae9881de72ec4b5723ab31651ca7452af4b"}
{"index": {"_index":"pob","_id":"1215886"}}
	{"id":1215886,"type":"buy","buyer":"offgridlife","seller":"kraken99","symbol":"POB","quantity":"0.10000000","price":"0.83500000","timestamp":1626141018,"volume":"0.08350000","buyTxId":"7e63f67f5c4a336922cdf106755e011522af0061","sellTxId":"6eb3eae9881de72ec4b5723ab31651ca7452af4b"}
{"index": {"_index":"pob","_id":"1215888"}}
	{"id":1215888,"type":"buy","buyer":"offgridlife","seller":"kraken99","symbol":"POB","quantity":"0.10000000","price":"0.83500000","timestamp":1626141030,"volume":"0.08350000","buyTxId":"1f7fd59c1b9ad2158d7b6befa4fe261ca1fc67c5","sellTxId":"6eb3eae9881de72ec4b5723ab31651ca7452af4b"}
{"index": {"_index":"pob","_id":"1215889"}}
	{"id":1215889,"type":"buy","buyer":"offgridlife","seller":"kraken99","symbol":"POB","quantity":"0.10000000","price":"0.83500000","timestamp":1626141045,"volume":"0.08350000","buyTxId":"dbc546a51763300b8465b3b38e3c03d5002cda12","sellTxId":"6eb3eae9881de72ec4b5723ab31651ca7452af4b"}
{"index": {"_index":"pob","_id":"1215892"}}
	{"id":1215892,"type":"buy","buyer":"offgridlife","seller":"kraken99","symbol":"POB","quantity":"0.10000000","price":"0.83500000","timestamp":1626141054,"volume":"0.08350000","buyTxId":"e748d683f349f090d43903cc48899fa6944caaa2","sellTxId":"6eb3eae9881de72ec4b5723ab31651ca7452af4b"}
{"index": {"_index":"pob","_id":"1215893"}}
	{"id":1215893,"type":"buy","buyer":"offgridlife","seller":"kraken99","symbol":"POB","quantity":"0.10000000","price":"0.83500000","timestamp":1626141063,"volume":"0.08350000","buyTxId":"a599061fbdc2b13255fd45a2f0c1c6105f8751fb","sellTxId":"6eb3eae9881de72ec4b5723ab31651ca7452af4b"}
{"index": {"_index":"pob","_id":"1215894"}}
	{"id":1215894,"type":"buy","buyer":"offgridlife","seller":"kraken99","symbol":"POB","quantity":"0.10000000","price":"0.83500000","timestamp":1626141075,"volume":"0.08350000","buyTxId":"80903fe3a0b148d0d34be4c561754a4d7ee7719f","sellTxId":"6eb3eae9881de72ec4b5723ab31651ca7452af4b"}
{"index": {"_index":"pob","_id":"1215895"}}
	{"id":1215895,"type":"buy","buyer":"offgridlife","seller":"kraken99","symbol":"POB","quantity":"0.10000000","price":"0.83500000","timestamp":1626141087,"volume":"0.08350000","buyTxId":"36c7cedfaa6188ec2570a11a0e8817a74d7e5f36","sellTxId":"6eb3eae9881de72ec4b5723ab31651ca7452af4b"}
{"index": {"_index":"pob","_id":"1215897"}}
	{"id":1215897,"type":"buy","buyer":"offgridlife","seller":"kraken99","symbol":"POB","quantity":"0.10000000","price":"0.83500000","timestamp":1626141099,"volume":"0.08350000","buyTxId":"d92527787fa40945c766ac4f55d3bec859353a28","sellTxId":"6eb3eae9881de72ec4b5723ab31651ca7452af4b"}
{"index": {"_index":"pob","_id":"1215899"}}
	{"id":1215899,"type":"buy","buyer":"offgridlife","seller":"kraken99","symbol":"POB","quantity":"0.10000000","price":"0.83500000","timestamp":1626141108,"volume":"0.08350000","buyTxId":"de22a2ac399c0b90aac40342097aa3d98b2a8884","sellTxId":"6eb3eae9881de72ec4b5723ab31651ca7452af4b"}
{"index": {"_index":"pob","_id":"1215900"}}
	{"id":1215900,"type":"buy","buyer":"offgridlife","seller":"kraken99","symbol":"POB","quantity":"0.10000000","price":"0.83500000","timestamp":1626141123,"volume":"0.08350000","buyTxId":"6966f3c5cd266fdc49e467152f35c7b6243cdbf6","sellTxId":"6eb3eae9881de72ec4b5723ab31651ca7452af4b"}
{"index": {"_index":"pob","_id":"1215935"}}
	{"id":1215935,"type":"sell","buyer":"ctime","seller":"dagger212","symbol":"POB","quantity":"0.74380685","price":"0.70002000","timestamp":1626141900,"volume":"0.52067967","buyTxId":"MM-P-8613722-55593652-3-23-0","sellTxId":"5b030b06b828f7d67f024784568fc84cdb6ed8d1"}
{"index": {"_index":"pob","_id":"1215936"}}
	{"id":1215936,"type":"sell","buyer":"eirik","seller":"dagger212","symbol":"POB","quantity":"3.00000000","price":"0.70000000","timestamp":1626141900,"volume":"2.10000000","buyTxId":"92a1829d4c680759571e43fab94986212b3d149d","sellTxId":"5b030b06b828f7d67f024784568fc84cdb6ed8d1"}
{"index": {"_index":"pob","_id":"1215937"}}
	{"id":1215937,"type":"sell","buyer":"meesterboom","seller":"dagger212","symbol":"POB","quantity":"4.62133335","price":"0.66845040","timestamp":1626141900,"volume":"3.08913213","buyTxId":"172aabfa30ab3b9d1ee7d43212153bec3d2dc40b","sellTxId":"5b030b06b828f7d67f024784568fc84cdb6ed8d1"}
{"index": {"_index":"pob","_id":"1215978"}}
	{"id":1215978,"type":"buy","buyer":"offgridlife","seller":"kraken99","symbol":"POB","quantity":"0.01000000","price":"0.83500000","timestamp":1626142425,"volume":"0.00835000","buyTxId":"c525a96fef6b6e26dc6856418dfbff9b3a47ec3a","sellTxId":"6eb3eae9881de72ec4b5723ab31651ca7452af4b"}
{"index": {"_index":"pob","_id":"1215979"}}
	{"id":1215979,"type":"buy","buyer":"offgridlife","seller":"kraken99","symbol":"POB","quantity":"0.01000000","price":"0.83500000","timestamp":1626142437,"volume":"0.00835000","buyTxId":"2dcb02bd9eb3186e7dda0c3eea3fc42f52a9e2b9","sellTxId":"6eb3eae9881de72ec4b5723ab31651ca7452af4b"}
{"index": {"_index":"pob","_id":"1215981"}}
	{"id":1215981,"type":"buy","buyer":"offgridlife","seller":"kraken99","symbol":"POB","quantity":"0.01000000","price":"0.83500000","timestamp":1626142449,"volume":"0.00835000","buyTxId":"7cccfe58c71b47b647a6b240601324fd8ac368c1","sellTxId":"6eb3eae9881de72ec4b5723ab31651ca7452af4b"}
{"index": {"_index":"pob","_id":"1216005"}}
	{"id":1216005,"type":"sell","buyer":"ralexandria","seller":"shanibeer","symbol":"POB","quantity":"0.74380685","price":"0.70002000","timestamp":1626142923,"volume":"0.52067967","buyTxId":"880d3195e300fc88aa4995d5153148fdc95b3770","sellTxId":"148da799b230f3eaa3f943b9e2abb8b1822b879b"}
{"index": {"_index":"pob","_id":"1216006"}}
	{"id":1216006,"type":"sell","buyer":"thranax","seller":"shanibeer","symbol":"POB","quantity":"0.62215446","price":"0.66847000","timestamp":1626143052,"volume":"0.41589159","buyTxId":"ff814142bf696eb4a256bae576798cf412600ed0","sellTxId":"e9cb7b39189c18d83b8c774fac60e881803c5abf"}
{"index": {"_index":"pob","_id":"1216007"}}
	{"id":1216007,"type":"sell","buyer":"thranax","seller":"shanibeer","symbol":"POB","quantity":"0.17764123","price":"0.66847000","timestamp":1626143079,"volume":"0.11874783","buyTxId":"dd490127f6b0efdd6a2ea954fcd69560f3d891d5","sellTxId":"e32aab38934ad504bcbe757633a10271fca1d2f2"}
{"index": {"_index":"pob","_id":"1216008"}}
	{"id":1216008,"type":"sell","buyer":"meesterboom","seller":"shanibeer","symbol":"POB","quantity":"4.36505654","price":"0.66845040","timestamp":1626143079,"volume":"2.91782379","buyTxId":"172aabfa30ab3b9d1ee7d43212153bec3d2dc40b","sellTxId":"e32aab38934ad504bcbe757633a10271fca1d2f2"}
{"index": {"_index":"pob","_id":"1216010"}}
	{"id":1216010,"type":"sell","buyer":"meesterboom","seller":"melbourneswest","symbol":"POB","quantity":"5.51324322","price":"0.66845040","timestamp":1626143154,"volume":"3.68532964","buyTxId":"172aabfa30ab3b9d1ee7d43212153bec3d2dc40b","sellTxId":"8a094d22dc7306cd75d1e9525e561ee86608b057"}
{"index": {"_index":"pob","_id":"1216038"}}
	{"id":1216038,"type":"sell","buyer":"ralexandria","seller":"eythorphoto","symbol":"POB","quantity":"0.00953428","price":"0.67000000","timestamp":1626143835,"volume":"0.00638797","buyTxId":"f748ec828a0e8d72e64de73ef985c86c92a978ae","sellTxId":"165f77953c49e976a73ed2d29ee3855da084a1f2"}
{"index": {"_index":"pob","_id":"1216045"}}
	{"id":1216045,"type":"sell","buyer":"ralexandria","seller":"sharker","symbol":"POB","quantity":"3.65061492","price":"0.67000000","timestamp":1626143982,"volume":"2.44591200","buyTxId":"f748ec828a0e8d72e64de73ef985c86c92a978ae","sellTxId":"fc8a59138cd6c39446317f8439e8694b1f306ce0"}
