{"index": {"_index":"pob","_id":"2888931"}}
	{"id":2888931,"type":"sell","buyer":"rzc24-nftbbg","seller":"davot","symbol":"POB","quantity":"28.95","price":"0.03399999","timestamp":1646192940,"volume":"0.98429971","buyTxId":"fcbbbf34af2b2c56804b42aa45a0b569ace11feb","sellTxId":"21787b0afb3e731a8d0b017acf0841a819e00ee6"}
{"index": {"_index":"pob","_id":"2889162"}}
	{"id":2889162,"type":"sell","buyer":"rzc24-nftbbg","seller":"nineclaws","symbol":"POB","quantity":"0.02050701","price":"0.03399999","timestamp":1646196873,"volume":"0.00069724","buyTxId":"fcbbbf34af2b2c56804b42aa45a0b569ace11feb","sellTxId":"1703389f4e2a61f620b460e589882decc349ae55"}
{"index": {"_index":"pob","_id":"2889199"}}
	{"id":2889199,"type":"sell","buyer":"rzc24-nftbbg","seller":"mawit07","symbol":"POB","quantity":"4.88919752","price":"0.03399999","timestamp":1646197422,"volume":"0.16623267","buyTxId":"fcbbbf34af2b2c56804b42aa45a0b569ace11feb","sellTxId":"4fd8badff74601e34f990a3fd4cec7557c19deaa"}
{"index": {"_index":"pob","_id":"2889338"}}
	{"id":2889338,"type":"sell","buyer":"rzc24-nftbbg","seller":"tonytrillions","symbol":"POB","quantity":"0.07541265","price":"0.03399999","timestamp":1646199174,"volume":"0.00256403","buyTxId":"fcbbbf34af2b2c56804b42aa45a0b569ace11feb","sellTxId":"9d26816e3be59df07f7eedf161c2bddbfaa4fc79"}
{"index": {"_index":"pob","_id":"2889357"}}
	{"id":2889357,"type":"sell","buyer":"rzc24-nftbbg","seller":"cinetalkies","symbol":"POB","quantity":"17.70012685","price":"0.03399999","timestamp":1646199438,"volume":"0.60180414","buyTxId":"fcbbbf34af2b2c56804b42aa45a0b569ace11feb","sellTxId":"31cd16da9200851162b8753f8aafc5cfcb703bd9"}
{"index": {"_index":"pob","_id":"2889407"}}
	{"id":2889407,"type":"sell","buyer":"rzc24-nftbbg","seller":"master-lamps","symbol":"POB","quantity":"0.21346809","price":"0.03399999","timestamp":1646200185,"volume":"0.00725791","buyTxId":"fcbbbf34af2b2c56804b42aa45a0b569ace11feb","sellTxId":"e2b60f803756ef361cdc93ce39b9e02caa3df27c"}
{"index": {"_index":"pob","_id":"2889415"}}
	{"id":2889415,"type":"sell","buyer":"rzc24-nftbbg","seller":"trumpman","symbol":"POB","quantity":"23.53431642","price":"0.03399999","timestamp":1646200266,"volume":"0.80016652","buyTxId":"fcbbbf34af2b2c56804b42aa45a0b569ace11feb","sellTxId":"1cad2ca0716d8f7baf98e3de25630b5b0fe1c6b4"}
{"index": {"_index":"pob","_id":"2889439"}}
	{"id":2889439,"type":"sell","buyer":"richardcrill","seller":"cinetalkies","symbol":"POB","quantity":"3.50815636","price":"0.03343700","timestamp":1646200593,"volume":"0.11730222","buyTxId":"MM-P-15275119-62262849-3-12-0","sellTxId":"c1ab399acf4ae5a62c857a0ac28720345e67495a"}
{"index": {"_index":"pob","_id":"2889639"}}
	{"id":2889639,"type":"sell","buyer":"master-lamps","seller":"coffeelovers","symbol":"POB","quantity":"0.87714485","price":"0.03342701","timestamp":1646202504,"volume":"0.02932033","buyTxId":"bf8f39162344fb627f7360b7f3e497c0b3e8e527","sellTxId":"73249c62f5b28d5cf98a73fe7dd3d902bab170f7"}
{"index": {"_index":"pob","_id":"2889640"}}
	{"id":2889640,"type":"sell","buyer":"sbi-tokens","seller":"coffeelovers","symbol":"POB","quantity":"1.56285515","price":"0.03280000","timestamp":1646202504,"volume":"0.05126165","buyTxId":"a410c2030481a6451be951545ce858fa172f88d3","sellTxId":"73249c62f5b28d5cf98a73fe7dd3d902bab170f7"}
{"index": {"_index":"pob","_id":"2889741"}}
	{"id":2889741,"type":"sell","buyer":"sbi-tokens","seller":"oks2crypto","symbol":"POB","quantity":"0.06595136","price":"0.03280000","timestamp":1646204073,"volume":"0.00216320","buyTxId":"a410c2030481a6451be951545ce858fa172f88d3","sellTxId":"9ca3a96c6b3992788bde36f1715be19d2a0d40a9"}
{"index": {"_index":"pob","_id":"2889866"}}
	{"id":2889866,"type":"sell","buyer":"sbi-tokens","seller":"kellyane","symbol":"POB","quantity":"28.37119349","price":"0.03280000","timestamp":1646205450,"volume":"0.93057515","buyTxId":"a410c2030481a6451be951545ce858fa172f88d3","sellTxId":"649b560b96a9360da0a7a50b35ae58ccc0d77bd2"}
{"index": {"_index":"pob","_id":"2889927"}}
	{"id":2889927,"type":"sell","buyer":"helios.voter","seller":"esther-emmanuel","symbol":"POB","quantity":"62.92900000","price":"0.03250000","timestamp":1646206137,"volume":"2.04519250","buyTxId":"0bd569f5a88d8cf930438e30d9cd66a7577915af","sellTxId":"b28cb23054b97f607340e330e7c657911d47b7f6"}
{"index": {"_index":"pob","_id":"2890030"}}
	{"id":2890030,"type":"sell","buyer":"helios.voter","seller":"elenkar","symbol":"POB","quantity":"0.01074769","price":"0.03250000","timestamp":1646207652,"volume":"0.00034930","buyTxId":"0bd569f5a88d8cf930438e30d9cd66a7577915af","sellTxId":"e6785f1ef5c314f33d9616fab0833dfc161aef03"}
{"index": {"_index":"pob","_id":"2890082"}}
	{"id":2890082,"type":"sell","buyer":"richardcrill","seller":"globetrottergcc","symbol":"POB","quantity":"5.23136292","price":"0.03251000","timestamp":1646208240,"volume":"0.17007161","buyTxId":"MM-P-15277613-62265344-3-12-0","sellTxId":"f71bda3c05b75fe6f4791e2490e78ca5f45af02e"}
{"index": {"_index":"pob","_id":"2890089"}}
	{"id":2890089,"type":"sell","buyer":"richardcrill","seller":"mairapanelo","symbol":"POB","quantity":"1.99647717","price":"0.03251000","timestamp":1646208324,"volume":"0.06490547","buyTxId":"MM-P-15277613-62265344-3-12-0","sellTxId":"b9d20f71da69a0fde1ce83ae8f34542eec557dd9"}
{"index": {"_index":"pob","_id":"2890178"}}
	{"id":2890178,"type":"sell","buyer":"richardcrill","seller":"mattsanthonyit","symbol":"POB","quantity":"54.00000000","price":"0.03251000","timestamp":1646209347,"volume":"1.75554000","buyTxId":"MM-P-15277613-62265344-3-12-0","sellTxId":"f333c1b54bb7edad7c182f7f7f51e598106ea1bf"}
{"index": {"_index":"pob","_id":"2890184"}}
	{"id":2890184,"type":"sell","buyer":"richardcrill","seller":"pjansen","symbol":"POB","quantity":"31.91063887","price":"0.03251000","timestamp":1646209473,"volume":"1.03741487","buyTxId":"MM-P-15277613-62265344-3-12-0","sellTxId":"bb68e38a135b4c275fc34e472a9c040abfe76115"}
{"index": {"_index":"pob","_id":"2890199"}}
	{"id":2890199,"type":"sell","buyer":"richardcrill","seller":"pjansen","symbol":"POB","quantity":"31.77413099","price":"0.03251000","timestamp":1646209560,"volume":"1.03297700","buyTxId":"MM-P-15277613-62265344-3-12-0","sellTxId":"4e09bef9af034a51f5e6932e77d1452685b034e9"}
{"index": {"_index":"pob","_id":"2890207"}}
	{"id":2890207,"type":"sell","buyer":"richardcrill","seller":"pjansen","symbol":"POB","quantity":"31.63849740","price":"0.03251000","timestamp":1646209650,"volume":"1.02856755","buyTxId":"MM-P-15277613-62265344-3-12-0","sellTxId":"4046b428b9a873032ab8584d0baa44923ebbdce1"}
{"index": {"_index":"pob","_id":"2890219"}}
	{"id":2890219,"type":"sell","buyer":"richardcrill","seller":"pjansen","symbol":"POB","quantity":"31.50373065","price":"0.03251000","timestamp":1646209746,"volume":"1.02418628","buyTxId":"MM-P-15277613-62265344-3-12-0","sellTxId":"26a4eb821d5eb58ce92ea451da033504f17c639d"}
{"index": {"_index":"pob","_id":"2890228"}}
	{"id":2890228,"type":"sell","buyer":"richardcrill","seller":"pjansen","symbol":"POB","quantity":"31.36982336","price":"0.03251000","timestamp":1646209860,"volume":"1.01983296","buyTxId":"MM-P-15277613-62265344-3-12-0","sellTxId":"b7bc32bf42836bf37b97c32fdc966146b71648f4"}
{"index": {"_index":"pob","_id":"2890236"}}
	{"id":2890236,"type":"sell","buyer":"richardcrill","seller":"pjansen","symbol":"POB","quantity":"31.30838364","price":"0.03251000","timestamp":1646210010,"volume":"1.01783555","buyTxId":"MM-P-15277613-62265344-3-12-0","sellTxId":"4f6094e25f905a997a39da8186a3a179b1aeef30"}
{"index": {"_index":"pob","_id":"2890324"}}
	{"id":2890324,"type":"sell","buyer":"richardcrill","seller":"ugochill","symbol":"POB","quantity":"0.04200000","price":"0.03251000","timestamp":1646211192,"volume":"0.00136542","buyTxId":"MM-P-15277613-62265344-3-12-0","sellTxId":"19f58d549fad1d418bac88c9b51b07d2d295966d"}
{"index": {"_index":"pob","_id":"2890414"}}
	{"id":2890414,"type":"sell","buyer":"richardcrill","seller":"dswap","symbol":"POB","quantity":"0.08755687","price":"0.03251000","timestamp":1646212923,"volume":"0.00284647","buyTxId":"MM-P-15277613-62265344-3-12-0","sellTxId":"aa79be4d9ec94f81bf08c1a5427e39ce3b57e7d3"}
{"index": {"_index":"pob","_id":"2890465"}}
	{"id":2890465,"type":"sell","buyer":"richardcrill","seller":"florenceboens","symbol":"POB","quantity":"0.20736647","price":"0.03251000","timestamp":1646213739,"volume":"0.00674148","buyTxId":"MM-P-15277613-62265344-3-12-0","sellTxId":"3e694cbd3231d5464a85b120d8f4c3e897d95ae9"}
{"index": {"_index":"pob","_id":"2890497"}}
	{"id":2890497,"type":"sell","buyer":"richardcrill","seller":"travelcontest","symbol":"POB","quantity":"5.11460727","price":"0.03251000","timestamp":1646214273,"volume":"0.16627588","buyTxId":"MM-P-15277613-62265344-3-12-0","sellTxId":"d751786687a2a1272a228656c3e3139ea8e7f7a1"}
{"index": {"_index":"pob","_id":"2890501"}}
	{"id":2890501,"type":"sell","buyer":"richardcrill","seller":"barbarabezina","symbol":"POB","quantity":"26.31204196","price":"0.03251000","timestamp":1646214327,"volume":"0.85540448","buyTxId":"MM-P-15277613-62265344-3-12-0","sellTxId":"864f6bf804d58c178939fcca15a0012f006ea458"}
{"index": {"_index":"pob","_id":"2890526"}}
	{"id":2890526,"type":"sell","buyer":"richardcrill","seller":"blumela","symbol":"POB","quantity":"15.67541780","price":"0.03251000","timestamp":1646214561,"volume":"0.50960783","buyTxId":"MM-P-15277613-62265344-3-12-0","sellTxId":"ca58900a8056b56c59ebdbcdaa5c13b50b5e7e3c"}
{"index": {"_index":"pob","_id":"2890558"}}
	{"id":2890558,"type":"sell","buyer":"richardcrill","seller":"lebah","symbol":"POB","quantity":"347.78305537","price":"0.03251000","timestamp":1646214900,"volume":"11.30642713","buyTxId":"MM-P-15277613-62265344-3-12-0","sellTxId":"dd7c8598cc6eb1d6641c8ec9ab64f7da3be0901c"}
{"index": {"_index":"pob","_id":"2890559"}}
	{"id":2890559,"type":"sell","buyer":"helios.voter","seller":"lebah","symbol":"POB","quantity":"33.79254206","price":"0.03250000","timestamp":1646214900,"volume":"1.09825762","buyTxId":"0bd569f5a88d8cf930438e30d9cd66a7577915af","sellTxId":"dd7c8598cc6eb1d6641c8ec9ab64f7da3be0901c"}
{"index": {"_index":"pob","_id":"2890560"}}
	{"id":2890560,"type":"sell","buyer":"helios.voter","seller":"lebah","symbol":"POB","quantity":"0.98614330","price":"0.03249700","timestamp":1646214900,"volume":"0.03204670","buyTxId":"d2785f49eb87932b1e02dad6edf93fca4f3512c4","sellTxId":"dd7c8598cc6eb1d6641c8ec9ab64f7da3be0901c"}
{"index": {"_index":"pob","_id":"2890561"}}
	{"id":2890561,"type":"sell","buyer":"helios.voter","seller":"lebah","symbol":"POB","quantity":"0.54449206","price":"0.03234190","timestamp":1646214900,"volume":"0.01760991","buyTxId":"15b1b03eb4f56727a39a23539ee416812a02ec57","sellTxId":"dd7c8598cc6eb1d6641c8ec9ab64f7da3be0901c"}
{"index": {"_index":"pob","_id":"2890562"}}
	{"id":2890562,"type":"sell","buyer":"helios.voter","seller":"lebah","symbol":"POB","quantity":"10.00000000","price":"0.03233190","timestamp":1646214900,"volume":"0.32331900","buyTxId":"c43d70d725d57dc265eb4951c7ee886bea6fb1a0","sellTxId":"dd7c8598cc6eb1d6641c8ec9ab64f7da3be0901c"}
{"index": {"_index":"pob","_id":"2890563"}}
	{"id":2890563,"type":"sell","buyer":"tunnelmotions","seller":"lebah","symbol":"POB","quantity":"1274.89376721","price":"0.03211020","timestamp":1646214900,"volume":"40.93709384","buyTxId":"60306ccd3a8124279659ee487de3a47534ba452d","sellTxId":"dd7c8598cc6eb1d6641c8ec9ab64f7da3be0901c"}
{"index": {"_index":"pob","_id":"2890599"}}
	{"id":2890599,"type":"sell","buyer":"tunnelmotions","seller":"technocrypton","symbol":"POB","quantity":"0.13717432","price":"0.03211020","timestamp":1646215518,"volume":"0.00440469","buyTxId":"60306ccd3a8124279659ee487de3a47534ba452d","sellTxId":"2f5319edbf3e282a3d8d1d5ec02e79e7e10100eb"}
{"index": {"_index":"pob","_id":"2890617"}}
	{"id":2890617,"type":"sell","buyer":"tunnelmotions","seller":"finguru","symbol":"POB","quantity":"6.24952993","price":"0.03211020","timestamp":1646215806,"volume":"0.20067366","buyTxId":"60306ccd3a8124279659ee487de3a47534ba452d","sellTxId":"8b4a65ae5fef49d0b9c2ebbfde4ba0bd2d733813"}
{"index": {"_index":"pob","_id":"2890722"}}
	{"id":2890722,"type":"buy","buyer":"lebah","seller":"kellyane","symbol":"POB","quantity":"0.23567701","price":"0.03280000","timestamp":1646217549,"volume":"0.00773021","buyTxId":"0344279bec5937bc537f4387aff9b54807d9feaa","sellTxId":"649b560b96a9360da0a7a50b35ae58ccc0d77bd2"}
{"index": {"_index":"pob","_id":"2890723"}}
	{"id":2890723,"type":"buy","buyer":"lebah","seller":"greengineer","symbol":"POB","quantity":"1.76432299","price":"0.03280000","timestamp":1646217549,"volume":"0.05786979","buyTxId":"0344279bec5937bc537f4387aff9b54807d9feaa","sellTxId":"8f56d7960806cdf06339e3deef27975ad3c787c4"}
{"index": {"_index":"pob","_id":"2890801"}}
	{"id":2890801,"type":"sell","buyer":"tunnelmotions","seller":"failingforwards","symbol":"POB","quantity":"44.38450206","price":"0.03211020","timestamp":1646218557,"volume":"1.42519524","buyTxId":"60306ccd3a8124279659ee487de3a47534ba452d","sellTxId":"8a2f2b6b59981c92cb36dca9234a4b6714075abe"}
{"index": {"_index":"pob","_id":"2891017"}}
	{"id":2891017,"type":"sell","buyer":"tunnelmotions","seller":"theguru.photos","symbol":"POB","quantity":"15.57164838","price":"0.03211020","timestamp":1646220702,"volume":"0.50000874","buyTxId":"60306ccd3a8124279659ee487de3a47534ba452d","sellTxId":"b1448a1fcf51cc6d5ec5217f4d4b8fcb7c26c18c"}
{"index": {"_index":"pob","_id":"2891144"}}
	{"id":2891144,"type":"sell","buyer":"richardcrill","seller":"greengalletti","symbol":"POB","quantity":"20.43617927","price":"0.03212020","timestamp":1646222352,"volume":"0.65641417","buyTxId":"MM-P-15281995-62269733-3-12-0","sellTxId":"53c9d9c25f40ec9cf58842dbe740a34f595c733f"}
{"index": {"_index":"pob","_id":"2891175"}}
	{"id":2891175,"type":"sell","buyer":"richardcrill","seller":"fiiii","symbol":"POB","quantity":"0.00085639","price":"0.03212020","timestamp":1646222784,"volume":"0.00002751","buyTxId":"MM-P-15281995-62269733-3-12-0","sellTxId":"bc87dc2b36b131483853d72ec6e8936dd9571b9f"}
{"index": {"_index":"pob","_id":"2891189"}}
	{"id":2891189,"type":"buy","buyer":"offgridlife","seller":"greengineer","symbol":"POB","quantity":"1.00000000","price":"0.03280000","timestamp":1646223000,"volume":"0.03280000","buyTxId":"3935c40bd14a1159316c316b6ef460057c895d9c","sellTxId":"8f56d7960806cdf06339e3deef27975ad3c787c4"}
{"index": {"_index":"pob","_id":"2891190"}}
	{"id":2891190,"type":"buy","buyer":"offgridlife","seller":"greengineer","symbol":"POB","quantity":"1.00000000","price":"0.03280000","timestamp":1646223006,"volume":"0.03280000","buyTxId":"0c171768420fb7bcd716b8a6a44d0ec8bbc1b65c","sellTxId":"8f56d7960806cdf06339e3deef27975ad3c787c4"}
{"index": {"_index":"pob","_id":"2891193"}}
	{"id":2891193,"type":"buy","buyer":"offgridlife","seller":"greengineer","symbol":"POB","quantity":"1.00000000","price":"0.03280000","timestamp":1646223009,"volume":"0.03280000","buyTxId":"6f0ba84259b8f4d4a91562f32372099083e56c1f","sellTxId":"8f56d7960806cdf06339e3deef27975ad3c787c4"}
{"index": {"_index":"pob","_id":"2891194"}}
	{"id":2891194,"type":"buy","buyer":"offgridlife","seller":"greengineer","symbol":"POB","quantity":"1.00000000","price":"0.03280000","timestamp":1646223015,"volume":"0.03280000","buyTxId":"9bf1dcc488189fb52004f3b7dc7afd54eeb61d03","sellTxId":"8f56d7960806cdf06339e3deef27975ad3c787c4"}
{"index": {"_index":"pob","_id":"2891195"}}
	{"id":2891195,"type":"buy","buyer":"offgridlife","seller":"greengineer","symbol":"POB","quantity":"1.00000000","price":"0.03280000","timestamp":1646223018,"volume":"0.03280000","buyTxId":"c5a99f396626af1a06ae68df0c5044bc6f5358df","sellTxId":"8f56d7960806cdf06339e3deef27975ad3c787c4"}
{"index": {"_index":"pob","_id":"2891196"}}
	{"id":2891196,"type":"buy","buyer":"offgridlife","seller":"greengineer","symbol":"POB","quantity":"1.00000000","price":"0.03280000","timestamp":1646223024,"volume":"0.03280000","buyTxId":"aaee2a55513613bca540adeff7262e194bc9df3a","sellTxId":"8f56d7960806cdf06339e3deef27975ad3c787c4"}
{"index": {"_index":"pob","_id":"2891198"}}
	{"id":2891198,"type":"buy","buyer":"offgridlife","seller":"greengineer","symbol":"POB","quantity":"1.00000000","price":"0.03280000","timestamp":1646223027,"volume":"0.03280000","buyTxId":"7905f98972faa29c20cce67624fdf2cbb3302550","sellTxId":"8f56d7960806cdf06339e3deef27975ad3c787c4"}
{"index": {"_index":"pob","_id":"2891199"}}
	{"id":2891199,"type":"buy","buyer":"offgridlife","seller":"greengineer","symbol":"POB","quantity":"1.00000000","price":"0.03280000","timestamp":1646223033,"volume":"0.03280000","buyTxId":"efe027dcab0c2ea914617c1a2771fb9693d00352","sellTxId":"8f56d7960806cdf06339e3deef27975ad3c787c4"}
{"index": {"_index":"pob","_id":"2891200"}}
	{"id":2891200,"type":"buy","buyer":"offgridlife","seller":"greengineer","symbol":"POB","quantity":"1.00000000","price":"0.03280000","timestamp":1646223036,"volume":"0.03280000","buyTxId":"c84c01d61b05a8b2a65be4b5f49dc4cd57df55f1","sellTxId":"8f56d7960806cdf06339e3deef27975ad3c787c4"}
{"index": {"_index":"pob","_id":"2891202"}}
	{"id":2891202,"type":"buy","buyer":"offgridlife","seller":"greengineer","symbol":"POB","quantity":"1.00000000","price":"0.03280000","timestamp":1646223039,"volume":"0.03280000","buyTxId":"c94fa0ab1df7dbf11a0a0c61f1cb3ad801dbe23d","sellTxId":"8f56d7960806cdf06339e3deef27975ad3c787c4"}
{"index": {"_index":"pob","_id":"2891203"}}
	{"id":2891203,"type":"buy","buyer":"offgridlife","seller":"greengineer","symbol":"POB","quantity":"0.45970547","price":"0.03280000","timestamp":1646223045,"volume":"0.01507834","buyTxId":"67b35ac5912e72851511b01e05fbd56608a4ae0a","sellTxId":"8f56d7960806cdf06339e3deef27975ad3c787c4"}
{"index": {"_index":"pob","_id":"2891204"}}
	{"id":2891204,"type":"buy","buyer":"offgridlife","seller":"decentropia","symbol":"POB","quantity":"0.08507870","price":"0.03343000","timestamp":1646223045,"volume":"0.00284418","buyTxId":"67b35ac5912e72851511b01e05fbd56608a4ae0a","sellTxId":"15fae471d60681419c8eacde6ec624ecf3023353"}
{"index": {"_index":"pob","_id":"2891205"}}
	{"id":2891205,"type":"buy","buyer":"offgridlife","seller":"trumpman","symbol":"POB","quantity":"0.45521583","price":"0.03399999","timestamp":1646223045,"volume":"0.01547733","buyTxId":"67b35ac5912e72851511b01e05fbd56608a4ae0a","sellTxId":"1cad2ca0716d8f7baf98e3de25630b5b0fe1c6b4"}
{"index": {"_index":"pob","_id":"2891208"}}
	{"id":2891208,"type":"buy","buyer":"offgridlife","seller":"trumpman","symbol":"POB","quantity":"1.00000000","price":"0.03399999","timestamp":1646223057,"volume":"0.03399999","buyTxId":"fc8d3106ef997f5fbf6a0554649662956bcebcd2","sellTxId":"1cad2ca0716d8f7baf98e3de25630b5b0fe1c6b4"}
{"index": {"_index":"pob","_id":"2891210"}}
	{"id":2891210,"type":"buy","buyer":"offgridlife","seller":"trumpman","symbol":"POB","quantity":"1.00000000","price":"0.03399999","timestamp":1646223063,"volume":"0.03399999","buyTxId":"53026930e3b67e2faa028c99a51f3e87391cf277","sellTxId":"1cad2ca0716d8f7baf98e3de25630b5b0fe1c6b4"}
{"index": {"_index":"pob","_id":"2891211"}}
	{"id":2891211,"type":"buy","buyer":"offgridlife","seller":"trumpman","symbol":"POB","quantity":"1.00000000","price":"0.03399999","timestamp":1646223069,"volume":"0.03399999","buyTxId":"48bfb46e8fe49cd7c91df73e64b2212486812f5f","sellTxId":"1cad2ca0716d8f7baf98e3de25630b5b0fe1c6b4"}
{"index": {"_index":"pob","_id":"2891236"}}
	{"id":2891236,"type":"sell","buyer":"richardcrill","seller":"brofi-market","symbol":"POB","quantity":"10.03066422","price":"0.03212020","timestamp":1646223276,"volume":"0.32218694","buyTxId":"MM-P-15281995-62269733-3-12-0","sellTxId":"3236b46f32d076ae77cc1a2aa77f02c16344acbe"}
{"index": {"_index":"pob","_id":"2891264"}}
	{"id":2891264,"type":"sell","buyer":"richardcrill","seller":"revisesociology","symbol":"POB","quantity":"23.00000000","price":"0.03212020","timestamp":1646223495,"volume":"0.73876460","buyTxId":"MM-P-15281995-62269733-3-12-0","sellTxId":"72152a6eb3ae45a984569df6d611183945512798"}
{"index": {"_index":"pob","_id":"2891366"}}
	{"id":2891366,"type":"sell","buyer":"richardcrill","seller":"dhedge-drips","symbol":"POB","quantity":"1.07471402","price":"0.03212020","timestamp":1646225226,"volume":"0.03452003","buyTxId":"MM-P-15281995-62269733-3-12-0","sellTxId":"ef0639516707260f20b2296cfc1c7fbabeaa93ed"}
{"index": {"_index":"pob","_id":"2891376"}}
	{"id":2891376,"type":"sell","buyer":"richardcrill","seller":"savagetobi","symbol":"POB","quantity":"2.23576745","price":"0.03212020","timestamp":1646225307,"volume":"0.07181330","buyTxId":"MM-P-15281995-62269733-3-12-0","sellTxId":"0f91fc7a93c37a238cb43f2086eeeb90a1f67bb4"}
{"index": {"_index":"pob","_id":"2891545"}}
	{"id":2891545,"type":"sell","buyer":"richardcrill","seller":"ahmetay","symbol":"POB","quantity":"125.52991206","price":"0.03212020","timestamp":1646226306,"volume":"4.03204588","buyTxId":"MM-P-15281995-62269733-3-12-0","sellTxId":"486a2beab3281e79eeaf3e961f2b154160ba28d9"}
{"index": {"_index":"pob","_id":"2891681"}}
	{"id":2891681,"type":"sell","buyer":"richardcrill","seller":"elricmoonslayer","symbol":"POB","quantity":"3.88926070","price":"0.03212020","timestamp":1646227107,"volume":"0.12492383","buyTxId":"MM-P-15281995-62269733-3-12-0","sellTxId":"057f867c2b540c168a550fcf881da1a5c8f325d3"}
{"index": {"_index":"pob","_id":"2891818"}}
	{"id":2891818,"type":"sell","buyer":"richardcrill","seller":"nata86","symbol":"POB","quantity":"3.57620922","price":"0.03212020","timestamp":1646228850,"volume":"0.11486856","buyTxId":"MM-P-15281995-62269733-3-12-0","sellTxId":"f85306ae365e7017806b096adc49ad009875da74"}
{"index": {"_index":"pob","_id":"2891992"}}
	{"id":2891992,"type":"sell","buyer":"richardcrill","seller":"candy49","symbol":"POB","quantity":"3.12641321","price":"0.03212020","timestamp":1646230662,"volume":"0.10042102","buyTxId":"MM-P-15281995-62269733-3-12-0","sellTxId":"fa354695a65dabf21ccc7bf77bf3901f7a983d41"}
{"index": {"_index":"pob","_id":"2892002"}}
	{"id":2892002,"type":"sell","buyer":"richardcrill","seller":"clixmoney","symbol":"POB","quantity":"1.57344627","price":"0.03212020","timestamp":1646230698,"volume":"0.05053941","buyTxId":"MM-P-15281995-62269733-3-12-0","sellTxId":"eef4497fe2e2f6192c417d99814e049b553c0e5f"}
{"index": {"_index":"pob","_id":"2892053"}}
	{"id":2892053,"type":"sell","buyer":"richardcrill","seller":"jessicaossom","symbol":"POB","quantity":"11.26","price":"0.03212020","timestamp":1646231256,"volume":"0.36167345","buyTxId":"MM-P-15281995-62269733-3-12-0","sellTxId":"8f41ddd76c91b873276716df6449a15159cc757e"}
{"index": {"_index":"pob","_id":"2892219"}}
	{"id":2892219,"type":"buy","buyer":"andy4475","seller":"trumpman","symbol":"POB","quantity":"3.27647293","price":"0.03399999","timestamp":1646233065,"volume":"0.11140005","buyTxId":"3ad51c6f612ba822c532c87bd05d9b769f8f9757","sellTxId":"1cad2ca0716d8f7baf98e3de25630b5b0fe1c6b4"}
{"index": {"_index":"pob","_id":"2892220"}}
	{"id":2892220,"type":"buy","buyer":"andy4475","seller":"brofi-market","symbol":"POB","quantity":"10.03066422","price":"0.03399999","timestamp":1646233065,"volume":"0.34104248","buyTxId":"3ad51c6f612ba822c532c87bd05d9b769f8f9757","sellTxId":"3805543c532779ca942a2e6b948151e64fddfffb"}
{"index": {"_index":"pob","_id":"2892221"}}
	{"id":2892221,"type":"buy","buyer":"andy4475","seller":"dhedge-drips","symbol":"POB","quantity":"1.07471402","price":"0.03399999","timestamp":1646233065,"volume":"0.03654027","buyTxId":"3ad51c6f612ba822c532c87bd05d9b769f8f9757","sellTxId":"c1bca08743f63cd45f28a61253bfc6af653a62a0"}
{"index": {"_index":"pob","_id":"2892222"}}
	{"id":2892222,"type":"buy","buyer":"andy4475","seller":"richardcrill","symbol":"POB","quantity":"285.61814883","price":"0.03438000","timestamp":1646233065,"volume":"9.81955196","buyTxId":"3ad51c6f612ba822c532c87bd05d9b769f8f9757","sellTxId":"MM-P-15285886-62273627-3-12-0"}
{"index": {"_index":"pob","_id":"2892292"}}
	{"id":2892292,"type":"sell","buyer":"richardcrill","seller":"khaleesii","symbol":"POB","quantity":"53.89902749","price":"0.03212020","timestamp":1646233710,"volume":"1.73124754","buyTxId":"MM-P-15281995-62269733-3-12-0","sellTxId":"549cdec13530f2702085534b888325b22b0aff01"}
{"index": {"_index":"pob","_id":"2892335"}}
	{"id":2892335,"type":"sell","buyer":"tunnelmotions","seller":"khaleesii","symbol":"POB","quantity":"216.59718697","price":"0.03211020","timestamp":1646234019,"volume":"6.95497899","buyTxId":"60306ccd3a8124279659ee487de3a47534ba452d","sellTxId":"98e979af2c543924b82b00a7f41a818202e3f735"}
{"index": {"_index":"pob","_id":"2892342"}}
	{"id":2892342,"type":"sell","buyer":"richardcrill","seller":"khaleesii","symbol":"POB","quantity":"37.91292202","price":"0.03183003","timestamp":1646234139,"volume":"1.20676945","buyTxId":"MM-P-15286186-62273927-3-12-0","sellTxId":"6110cbef6674d673f05be14e3987f344e51243fd"}
{"index": {"_index":"pob","_id":"2892524"}}
	{"id":2892524,"type":"sell","buyer":"richardcrill","seller":"toofasteddie","symbol":"POB","quantity":"35.00000000","price":"0.03183003","timestamp":1646236839,"volume":"1.11405105","buyTxId":"MM-P-15286186-62273927-3-12-0","sellTxId":"8737c38de169f7ecb4d802966400a0f4c3bbd95d"}
{"index": {"_index":"pob","_id":"2893101"}}
	{"id":2893101,"type":"sell","buyer":"richardcrill","seller":"dsc-r2cornell","symbol":"POB","quantity":"0.58916416","price":"0.03185000","timestamp":1646241885,"volume":"0.01876488","buyTxId":"MM-P-15288080-62275824-3-12-0","sellTxId":"92d04dd8cdd6a3cee6603b6ff207314adc04f229"}
{"index": {"_index":"pob","_id":"2893191"}}
	{"id":2893191,"type":"sell","buyer":"richardcrill","seller":"ackza","symbol":"POB","quantity":"1.51875850","price":"0.03185000","timestamp":1646242677,"volume":"0.04837246","buyTxId":"MM-P-15288080-62275824-3-12-0","sellTxId":"763eceb40334edfbd82ca618de3305df5958a750"}
{"index": {"_index":"pob","_id":"2893275"}}
	{"id":2893275,"type":"sell","buyer":"richardcrill","seller":"iyiade","symbol":"POB","quantity":"32.00000000","price":"0.03185000","timestamp":1646243670,"volume":"1.01920000","buyTxId":"MM-P-15288080-62275824-3-12-0","sellTxId":"348098af1cdc5ec412abfd1e0d241b9cfd79c981"}
{"index": {"_index":"pob","_id":"2893290"}}
	{"id":2893290,"type":"sell","buyer":"richardcrill","seller":"automaton","symbol":"POB","quantity":"2.61695687","price":"0.03185000","timestamp":1646243811,"volume":"0.08335008","buyTxId":"MM-P-15288080-62275824-3-12-0","sellTxId":"1940281d15b5e8847d42aa008a80607a60dfef2c"}
{"index": {"_index":"pob","_id":"2893399"}}
	{"id":2893399,"type":"sell","buyer":"richardcrill","seller":"pobtrader","symbol":"POB","quantity":"14.00000000","price":"0.03185000","timestamp":1646245125,"volume":"0.44590000","buyTxId":"MM-P-15288080-62275824-3-12-0","sellTxId":"21ff8dda7a575860c591966909be9a6a1615451e"}
{"index": {"_index":"pob","_id":"2893416"}}
	{"id":2893416,"type":"sell","buyer":"richardcrill","seller":"tykee","symbol":"POB","quantity":"6.98321155","price":"0.03185000","timestamp":1646245674,"volume":"0.22241529","buyTxId":"MM-P-15288080-62275824-3-12-0","sellTxId":"4f901474d0d680ef14021572b3060d01d7e161a4"}
{"index": {"_index":"pob","_id":"2893563"}}
	{"id":2893563,"type":"sell","buyer":"richardcrill","seller":"denmarkguy","symbol":"POB","quantity":"1.47014965","price":"0.03185000","timestamp":1646247276,"volume":"0.04682427","buyTxId":"MM-P-15288080-62275824-3-12-0","sellTxId":"6fe3becb781687ff431a60875cee50649b155431"}
{"index": {"_index":"pob","_id":"2893574"}}
	{"id":2893574,"type":"sell","buyer":"richardcrill","seller":"precious008","symbol":"POB","quantity":"10.00000000","price":"0.03185000","timestamp":1646247465,"volume":"0.31850000","buyTxId":"MM-P-15288080-62275824-3-12-0","sellTxId":"67a56d37e6c38baae8d3b760764efac7d869c99e"}
{"index": {"_index":"pob","_id":"2893619"}}
	{"id":2893619,"type":"sell","buyer":"richardcrill","seller":"marilove22","symbol":"POB","quantity":"11.00000000","price":"0.03185000","timestamp":1646247756,"volume":"0.35035000","buyTxId":"MM-P-15288080-62275824-3-12-0","sellTxId":"cc1191972921cbb61c5eedfc0df9f021657dacf6"}
{"index": {"_index":"pob","_id":"2893636"}}
	{"id":2893636,"type":"sell","buyer":"richardcrill","seller":"clixmoney","symbol":"POB","quantity":"1.78334925","price":"0.03185000","timestamp":1646248005,"volume":"0.05679967","buyTxId":"MM-P-15288080-62275824-3-12-0","sellTxId":"9c6e55bfec10f9d2b34f718570ea37b2faf70496"}
{"index": {"_index":"pob","_id":"2893696"}}
	{"id":2893696,"type":"sell","buyer":"richardcrill","seller":"teesart","symbol":"POB","quantity":"180.25043406","price":"0.03185000","timestamp":1646248518,"volume":"5.74097632","buyTxId":"MM-P-15288080-62275824-3-12-0","sellTxId":"d0354c8f706de100486e09811c3f0f64befbc805"}
{"index": {"_index":"pob","_id":"2893732"}}
	{"id":2893732,"type":"buy","buyer":"offgridlife","seller":"balina","symbol":"POB","quantity":"0.33000000","price":"0.03450000","timestamp":1646248785,"volume":"0.01138500","buyTxId":"09bcd4b38397c5032a7cbc7ddeb4f42ba2aeaf45","sellTxId":"973a937f4921fdb0026bbcea1b1067e5cc62cfa7"}
{"index": {"_index":"pob","_id":"2893735"}}
	{"id":2893735,"type":"buy","buyer":"offgridlife","seller":"balina","symbol":"POB","quantity":"0.33000000","price":"0.03450000","timestamp":1646248788,"volume":"0.01138500","buyTxId":"0af0b0de5d97e702debbee7b9685b9531c34313f","sellTxId":"973a937f4921fdb0026bbcea1b1067e5cc62cfa7"}
{"index": {"_index":"pob","_id":"2893736"}}
	{"id":2893736,"type":"buy","buyer":"offgridlife","seller":"balina","symbol":"POB","quantity":"0.33000000","price":"0.03450000","timestamp":1646248791,"volume":"0.01138500","buyTxId":"fe164e44f4ef183498e952213f3ac7c1f5ad2c35","sellTxId":"973a937f4921fdb0026bbcea1b1067e5cc62cfa7"}
{"index": {"_index":"pob","_id":"2893737"}}
	{"id":2893737,"type":"buy","buyer":"offgridlife","seller":"balina","symbol":"POB","quantity":"0.33000000","price":"0.03450000","timestamp":1646248797,"volume":"0.01138500","buyTxId":"b67ab829e4338d6b3f81c9d04dd56a8a74e8cc80","sellTxId":"973a937f4921fdb0026bbcea1b1067e5cc62cfa7"}
{"index": {"_index":"pob","_id":"2893738"}}
	{"id":2893738,"type":"buy","buyer":"offgridlife","seller":"balina","symbol":"POB","quantity":"0.33000000","price":"0.03450000","timestamp":1646248800,"volume":"0.01138500","buyTxId":"7f7bfd869273190838197efd213d25d680125a34","sellTxId":"973a937f4921fdb0026bbcea1b1067e5cc62cfa7"}
{"index": {"_index":"pob","_id":"2893740"}}
	{"id":2893740,"type":"buy","buyer":"offgridlife","seller":"balina","symbol":"POB","quantity":"0.33000000","price":"0.03450000","timestamp":1646248806,"volume":"0.01138500","buyTxId":"de5f5ae33313c27bf38d5a63410105e27c9b4a40","sellTxId":"973a937f4921fdb0026bbcea1b1067e5cc62cfa7"}
{"index": {"_index":"pob","_id":"2893742"}}
	{"id":2893742,"type":"buy","buyer":"offgridlife","seller":"balina","symbol":"POB","quantity":"0.33000000","price":"0.03450000","timestamp":1646248809,"volume":"0.01138500","buyTxId":"94a66f7e29991166403571c7be3b470e52b85785","sellTxId":"973a937f4921fdb0026bbcea1b1067e5cc62cfa7"}
{"index": {"_index":"pob","_id":"2893743"}}
	{"id":2893743,"type":"buy","buyer":"offgridlife","seller":"balina","symbol":"POB","quantity":"0.33000000","price":"0.03450000","timestamp":1646248815,"volume":"0.01138500","buyTxId":"919146b691a00ae324ecaa19cd85f974dc52aaba","sellTxId":"973a937f4921fdb0026bbcea1b1067e5cc62cfa7"}
{"index": {"_index":"pob","_id":"2893745"}}
	{"id":2893745,"type":"buy","buyer":"offgridlife","seller":"balina","symbol":"POB","quantity":"0.33000000","price":"0.03450000","timestamp":1646248818,"volume":"0.01138500","buyTxId":"c07df737c89e6458c47e16aaa0872102d40981ef","sellTxId":"973a937f4921fdb0026bbcea1b1067e5cc62cfa7"}
{"index": {"_index":"pob","_id":"2893746"}}
	{"id":2893746,"type":"buy","buyer":"offgridlife","seller":"balina","symbol":"POB","quantity":"0.33000000","price":"0.03450000","timestamp":1646248821,"volume":"0.01138500","buyTxId":"31353ce132dcbe39a223e7583bc7d09f0684cb74","sellTxId":"973a937f4921fdb0026bbcea1b1067e5cc62cfa7"}
{"index": {"_index":"pob","_id":"2893747"}}
	{"id":2893747,"type":"buy","buyer":"offgridlife","seller":"balina","symbol":"POB","quantity":"0.33000000","price":"0.03450000","timestamp":1646248824,"volume":"0.01138500","buyTxId":"0c63e2c9ccebd7af40e5b6fcff45eebda3afddc6","sellTxId":"973a937f4921fdb0026bbcea1b1067e5cc62cfa7"}
{"index": {"_index":"pob","_id":"2893749"}}
	{"id":2893749,"type":"buy","buyer":"offgridlife","seller":"balina","symbol":"POB","quantity":"0.33000000","price":"0.03450000","timestamp":1646248827,"volume":"0.01138500","buyTxId":"f0080e90bc06755f54f3e1275fe432cfe5430f3a","sellTxId":"973a937f4921fdb0026bbcea1b1067e5cc62cfa7"}
{"index": {"_index":"pob","_id":"2893750"}}
	{"id":2893750,"type":"buy","buyer":"offgridlife","seller":"balina","symbol":"POB","quantity":"0.33000000","price":"0.03450000","timestamp":1646248830,"volume":"0.01138500","buyTxId":"9d0a5a729d410dfe9e9ef1f338cedb1283d7a3c7","sellTxId":"973a937f4921fdb0026bbcea1b1067e5cc62cfa7"}
{"index": {"_index":"pob","_id":"2893796"}}
	{"id":2893796,"type":"sell","buyer":"richardcrill","seller":"rosauradels","symbol":"POB","quantity":"1.20709645","price":"0.03185000","timestamp":1646249277,"volume":"0.03844602","buyTxId":"MM-P-15288080-62275824-3-12-0","sellTxId":"35d912cd2036b6bb9fbaaf4c7403aeee67ae5954"}
{"index": {"_index":"pob","_id":"2893826"}}
	{"id":2893826,"type":"sell","buyer":"richardcrill","seller":"curatorcat.leo","symbol":"POB","quantity":"5.99259813","price":"0.03185000","timestamp":1646249562,"volume":"0.19086425","buyTxId":"MM-P-15288080-62275824-3-12-0","sellTxId":"a5231d743addf1bec08c9a8b2c631afc0854f80a"}
{"index": {"_index":"pob","_id":"2893847"}}
	{"id":2893847,"type":"sell","buyer":"richardcrill","seller":"bingbongy","symbol":"POB","quantity":"0.5446948","price":"0.03185000","timestamp":1646249757,"volume":"0.01734853","buyTxId":"MM-P-15288080-62275824-3-12-0","sellTxId":"c3798449ae5fb10917b4fdf3cd5dd248b64c33fa"}
{"index": {"_index":"pob","_id":"2894097"}}
	{"id":2894097,"type":"sell","buyer":"richardcrill","seller":"gillianpearce","symbol":"POB","quantity":"40.00000000","price":"0.03186000","timestamp":1646252754,"volume":"1.27440000","buyTxId":"MM-P-15291667-62279414-3-12-0","sellTxId":"a691ce607972be24ce29ee2cda0ffa21828bf8f3"}
{"index": {"_index":"pob","_id":"2894176"}}
	{"id":2894176,"type":"sell","buyer":"richardcrill","seller":"piinaar","symbol":"POB","quantity":"5.24629667","price":"0.03186000","timestamp":1646253867,"volume":"0.16714701","buyTxId":"MM-P-15291667-62279414-3-12-0","sellTxId":"d4d103a5188a8d58226c02942f67f26baeba3d4d"}
{"index": {"_index":"pob","_id":"2894222"}}
	{"id":2894222,"type":"sell","buyer":"richardcrill","seller":"trumpman","symbol":"POB","quantity":"0.26970396","price":"0.03186000","timestamp":1646254689,"volume":"0.00859277","buyTxId":"MM-P-15291667-62279414-3-12-0","sellTxId":"258eee6fc16be2b0d3af9ecec2c75419dd7c55d8"}
{"index": {"_index":"pob","_id":"2894532"}}
	{"id":2894532,"type":"sell","buyer":"balina","seller":"eythorphoto","symbol":"POB","quantity":"0.28327128","price":"0.03185000","timestamp":1646259360,"volume":"0.00902219","buyTxId":"d2624190547b3431ed4467f693a769c31af5828c","sellTxId":"7ea0fb068993317bf3568a1c1af6ca23a276e115"}
{"index": {"_index":"pob","_id":"2894542"}}
	{"id":2894542,"type":"buy","buyer":"pjansen","seller":"trumpman","symbol":"POB","quantity":"65.09493900","price":"0.03186000","timestamp":1646259444,"volume":"2.07392476","buyTxId":"20234f7ac5c6a35a481e2629807374b71855913f","sellTxId":"258eee6fc16be2b0d3af9ecec2c75419dd7c55d8"}
{"index": {"_index":"pob","_id":"2894550"}}
	{"id":2894550,"type":"buy","buyer":"pjansen","seller":"trumpman","symbol":"POB","quantity":"0.00000055","price":"0.03186000","timestamp":1646259516,"volume":"0.00000002","buyTxId":"a4ac17cc063f21d852d0f5f684f87e629ef7e8b6","sellTxId":"258eee6fc16be2b0d3af9ecec2c75419dd7c55d8"}
{"index": {"_index":"pob","_id":"2894551"}}
	{"id":2894551,"type":"buy","buyer":"pjansen","seller":"mein-senf-dazu","symbol":"POB","quantity":"2.06299945","price":"0.03187500","timestamp":1646259516,"volume":"0.06575811","buyTxId":"a4ac17cc063f21d852d0f5f684f87e629ef7e8b6","sellTxId":"e8a637d3734fd6ffcd8cfb686ceef5b381869423"}
{"index": {"_index":"pob","_id":"2894660"}}
	{"id":2894660,"type":"buy","buyer":"lebah","seller":"mein-senf-dazu","symbol":"POB","quantity":"0.00000055","price":"0.03187500","timestamp":1646261058,"volume":"0.00000002","buyTxId":"f9a070bf20ec52e9840332b79323092ad49b1ea5","sellTxId":"e8a637d3734fd6ffcd8cfb686ceef5b381869423"}
{"index": {"_index":"pob","_id":"2894661"}}
	{"id":2894661,"type":"buy","buyer":"lebah","seller":"joseph23","symbol":"POB","quantity":"3.99999945","price":"0.03400000","timestamp":1646261058,"volume":"0.13599998","buyTxId":"f9a070bf20ec52e9840332b79323092ad49b1ea5","sellTxId":"804b18cfa0d45f241ffa84d11e3c677f5a44fd56"}
{"index": {"_index":"pob","_id":"2894694"}}
	{"id":2894694,"type":"buy","buyer":"pompeylad","seller":"joseph23","symbol":"POB","quantity":"16.00191176","price":"0.03400000","timestamp":1646261256,"volume":"0.54406500","buyTxId":"6420212a3264de3d7152d8ada9174d19c4220f48","sellTxId":"804b18cfa0d45f241ffa84d11e3c677f5a44fd56"}
{"index": {"_index":"pob","_id":"2895061"}}
	{"id":2895061,"type":"sell","buyer":"richardcrill","seller":"jakiro12","symbol":"POB","quantity":"9.07922614","price":"0.03186000","timestamp":1646266143,"volume":"0.28926414","buyTxId":"MM-P-15296156-62283904-3-12-0","sellTxId":"3af08ee388914ed54a7274b3e7d4db1961de8d19"}
{"index": {"_index":"pob","_id":"2895174"}}
	{"id":2895174,"type":"sell","buyer":"richardcrill","seller":"chireerocks","symbol":"POB","quantity":"6.89744695","price":"0.03186000","timestamp":1646267196,"volume":"0.21975266","buyTxId":"MM-P-15296156-62283904-3-12-0","sellTxId":"8ce902bf0195f7ffce4efba8ec1d098e6de4a3b1"}
{"index": {"_index":"pob","_id":"2895189"}}
	{"id":2895189,"type":"buy","buyer":"andy4475","seller":"joseph23","symbol":"POB","quantity":"265.77000000","price":"0.03400000","timestamp":1646267544,"volume":"9.03618000","buyTxId":"67fe856c50239cad7c9355f973e3e03346c1a8da","sellTxId":"804b18cfa0d45f241ffa84d11e3c677f5a44fd56"}
{"index": {"_index":"pob","_id":"2895352"}}
	{"id":2895352,"type":"sell","buyer":"richardcrill","seller":"wilfredocav","symbol":"POB","quantity":"18.2804695","price":"0.03186000","timestamp":1646269161,"volume":"0.58241576","buyTxId":"MM-P-15296156-62283904-3-12-0","sellTxId":"ae7770cc02ec684f529434f429e6091b937de1a4"}
{"index": {"_index":"pob","_id":"2895432"}}
	{"id":2895432,"type":"sell","buyer":"richardcrill","seller":"nane","symbol":"POB","quantity":"6.98966262","price":"0.03191000","timestamp":1646270283,"volume":"0.22304013","buyTxId":"MM-P-15298250-62285998-3-12-0","sellTxId":"2cdc017d96105900b4cb4d52d25b9a1abd269889"}
{"index": {"_index":"pob","_id":"2895453"}}
	{"id":2895453,"type":"buy","buyer":"razackpulo.pob","seller":"joseph23","symbol":"POB","quantity":"159.43744168","price":"0.03400000","timestamp":1646270583,"volume":"5.42087302","buyTxId":"c79f87b546f8bc0a66a476df684a59c3a1f38070","sellTxId":"804b18cfa0d45f241ffa84d11e3c677f5a44fd56"}
{"index": {"_index":"pob","_id":"2895454"}}
	{"id":2895454,"type":"buy","buyer":"razackpulo.pob","seller":"he-index","symbol":"POB","quantity":"0.09600000","price":"0.03400000","timestamp":1646270583,"volume":"0.00326400","buyTxId":"c79f87b546f8bc0a66a476df684a59c3a1f38070","sellTxId":"ccec250f7c8f55a0533fc427173267f0cb071161"}
{"index": {"_index":"pob","_id":"2895455"}}
	{"id":2895455,"type":"buy","buyer":"razackpulo.pob","seller":"richardcrill","symbol":"POB","quantity":"189.46655832","price":"0.03414000","timestamp":1646270583,"volume":"6.46838830","buyTxId":"c79f87b546f8bc0a66a476df684a59c3a1f38070","sellTxId":"MM-P-15298350-62286098-3-12-0"}
{"index": {"_index":"pob","_id":"2895543"}}
	{"id":2895543,"type":"sell","buyer":"richardcrill","seller":"ekotmordemy","symbol":"POB","quantity":"12.55148818","price":"0.03191000","timestamp":1646271744,"volume":"0.40051799","buyTxId":"MM-P-15298250-62285998-3-12-0","sellTxId":"e1f9f93abdef478aa723aa162eed5062f95abfc3"}
{"index": {"_index":"pob","_id":"2895636"}}
	{"id":2895636,"type":"sell","buyer":"richardcrill","seller":"fiberfrau","symbol":"POB","quantity":"1.25525252","price":"0.03191000","timestamp":1646273397,"volume":"0.04005511","buyTxId":"MM-P-15298250-62285998-3-12-0","sellTxId":"48b74d63b5f208a3972a5ce4ea76b09a5b3983d6"}
{"index": {"_index":"pob","_id":"2895722"}}
	{"id":2895722,"type":"sell","buyer":"richardcrill","seller":"casagrande","symbol":"POB","quantity":"19.81612935","price":"0.03191000","timestamp":1646274483,"volume":"0.63233269","buyTxId":"MM-P-15298250-62285998-3-12-0","sellTxId":"1caa1bd081eb966b453a16136af7eb82602f8803"}
{"index": {"_index":"pob","_id":"2895873"}}
	{"id":2895873,"type":"sell","buyer":"richardcrill","seller":"ugochill","symbol":"POB","quantity":"0.08200000","price":"0.03191000","timestamp":1646277381,"volume":"0.00261662","buyTxId":"MM-P-15298250-62285998-3-12-0","sellTxId":"8d767ac3e975e9580e34d424f363c0774e4095e4"}
{"index": {"_index":"pob","_id":"2895933"}}
	{"id":2895933,"type":"sell","buyer":"richardcrill","seller":"alberto0607","symbol":"POB","quantity":"0.07327344","price":"0.03191000","timestamp":1646278365,"volume":"0.00233816","buyTxId":"MM-P-15298250-62285998-3-12-0","sellTxId":"f6a7c446c0804de845069dfa7d35ac1115f773d4"}
{"index": {"_index":"pob","_id":"2895969"}}
	{"id":2895969,"type":"sell","buyer":"richardcrill","seller":"nineclaws","symbol":"POB","quantity":"0.00670067","price":"0.03191000","timestamp":1646279133,"volume":"0.00021382","buyTxId":"MM-P-15298250-62285998-3-12-0","sellTxId":"fbb0d38faf8e1fceae446bae152eadcd623d230a"}
