{"index": {"_index":"pob","_id":"2293358"}}
	{"id":2293358,"type":"sell","buyer":"anadolu","seller":"steem82868","symbol":"POB","quantity":"1.41404419","price":"0.07506364","timestamp":1639624836,"volume":"0.10614330","buyTxId":"MM-P-13089535-60076406-3-0-0","sellTxId":"5ea35fc91af3a3bbe308287c7d642a043539bdbd"}
{"index": {"_index":"pob","_id":"2293393"}}
	{"id":2293393,"type":"sell","buyer":"opidia","seller":"mykos","symbol":"POB","quantity":"0.58638832","price":"0.07500000","timestamp":1639625259,"volume":"0.04397912","buyTxId":"f4e7819b995df4dc0043f49748a9e1c7907cd803","sellTxId":"f88d40c89a7e02b1c59f8344bb154af4367427df"}
{"index": {"_index":"pob","_id":"2293430"}}
	{"id":2293430,"type":"sell","buyer":"opidia","seller":"urun","symbol":"POB","quantity":"8.21422240","price":"0.07500000","timestamp":1639625589,"volume":"0.61606668","buyTxId":"f4e7819b995df4dc0043f49748a9e1c7907cd803","sellTxId":"1011ae5b75aa5e48ff5d825abe7e7953bc8e35c8"}
{"index": {"_index":"pob","_id":"2293502"}}
	{"id":2293502,"type":"sell","buyer":"opidia","seller":"razackpulo.pob","symbol":"POB","quantity":"23.10269991","price":"0.07500000","timestamp":1639626312,"volume":"1.73270249","buyTxId":"f4e7819b995df4dc0043f49748a9e1c7907cd803","sellTxId":"a233071dcf0ebba7df03f12cb95785aaea4ccfa9"}
{"index": {"_index":"pob","_id":"2293505"}}
	{"id":2293505,"type":"sell","buyer":"opidia","seller":"theguruasia","symbol":"POB","quantity":"4.27415774","price":"0.07500000","timestamp":1639626333,"volume":"0.32056183","buyTxId":"f4e7819b995df4dc0043f49748a9e1c7907cd803","sellTxId":"0e909312ab97d8e7f556cef6ddea54566cc38136"}
{"index": {"_index":"pob","_id":"2293514"}}
	{"id":2293514,"type":"sell","buyer":"opidia","seller":"citywriter","symbol":"POB","quantity":"9.38206601","price":"0.07500000","timestamp":1639626453,"volume":"0.70365495","buyTxId":"f4e7819b995df4dc0043f49748a9e1c7907cd803","sellTxId":"084c0a860859779527a60763d6d665780d84aa71"}
{"index": {"_index":"pob","_id":"2293529"}}
	{"id":2293529,"type":"sell","buyer":"opidia","seller":"titopx","symbol":"POB","quantity":"0.31849520","price":"0.07500000","timestamp":1639626792,"volume":"0.02388714","buyTxId":"f4e7819b995df4dc0043f49748a9e1c7907cd803","sellTxId":"2a50feeaa7a177ef8fe025059ce27899ab8d74fe"}
{"index": {"_index":"pob","_id":"2293739"}}
	{"id":2293739,"type":"sell","buyer":"opidia","seller":"insight.pob","symbol":"POB","quantity":"46.69700000","price":"0.07500000","timestamp":1639629747,"volume":"3.50227500","buyTxId":"f4e7819b995df4dc0043f49748a9e1c7907cd803","sellTxId":"ffb2b4426467274a90a1779b03343022f3134d6e"}
{"index": {"_index":"pob","_id":"2293907"}}
	{"id":2293907,"type":"sell","buyer":"opidia","seller":"razackpulo.sport","symbol":"POB","quantity":"13.02425294","price":"0.07500000","timestamp":1639631637,"volume":"0.97681897","buyTxId":"f4e7819b995df4dc0043f49748a9e1c7907cd803","sellTxId":"98b03e2abc06f7e0f9abe3982cab8500ca093489"}
{"index": {"_index":"pob","_id":"2293952"}}
	{"id":2293952,"type":"sell","buyer":"opidia","seller":"gimmetricks1","symbol":"POB","quantity":"22.56260464","price":"0.07500000","timestamp":1639632078,"volume":"1.69219535","buyTxId":"f4e7819b995df4dc0043f49748a9e1c7907cd803","sellTxId":"13209ccd716be472f8f460e42c2d8cc648e42493"}
{"index": {"_index":"pob","_id":"2294013"}}
	{"id":2294013,"type":"sell","buyer":"opidia","seller":"krakonos","symbol":"POB","quantity":"0.16339184","price":"0.07500000","timestamp":1639632723,"volume":"0.01225439","buyTxId":"f4e7819b995df4dc0043f49748a9e1c7907cd803","sellTxId":"a0268c8a40b1f7befddd9d979ed1d32f32755428"}
{"index": {"_index":"pob","_id":"2294024"}}
	{"id":2294024,"type":"buy","buyer":"hirohurl","seller":"beemd","symbol":"POB","quantity":"1.46370494","price":"0.08284490","timestamp":1639632942,"volume":"0.12126049","buyTxId":"298f3396d1d8c2e056722c742f268e295f0cc56e","sellTxId":"6b745a94ef3e60bae6836cb567716d36791f7f90"}
{"index": {"_index":"pob","_id":"2294242"}}
	{"id":2294242,"type":"sell","buyer":"opidia","seller":"ahmetay","symbol":"POB","quantity":"87.13527238","price":"0.07500000","timestamp":1639635192,"volume":"6.53514543","buyTxId":"f4e7819b995df4dc0043f49748a9e1c7907cd803","sellTxId":"39ae15b268f50c9ea37aae03eca247d735b65153"}
{"index": {"_index":"pob","_id":"2294465"}}
	{"id":2294465,"type":"sell","buyer":"opidia","seller":"fatherfaith","symbol":"POB","quantity":"0.56102974","price":"0.07500000","timestamp":1639636404,"volume":"0.04207723","buyTxId":"f4e7819b995df4dc0043f49748a9e1c7907cd803","sellTxId":"d27df3292488aa124593231d05381414cabded15"}
{"index": {"_index":"pob","_id":"2294824"}}
	{"id":2294824,"type":"sell","buyer":"opidia","seller":"itharagaian","symbol":"POB","quantity":"0.11500000","price":"0.07500000","timestamp":1639639776,"volume":"0.00862500","buyTxId":"f4e7819b995df4dc0043f49748a9e1c7907cd803","sellTxId":"de767779d5cc0c2b251725457dfa529e668467be"}
{"index": {"_index":"pob","_id":"2294861"}}
	{"id":2294861,"type":"sell","buyer":"opidia","seller":"globetrottergcc","symbol":"POB","quantity":"4.71824160","price":"0.07500000","timestamp":1639640106,"volume":"0.35386812","buyTxId":"f4e7819b995df4dc0043f49748a9e1c7907cd803","sellTxId":"bd83cf114602227a3dffee2779b127bd85bd44f4"}
{"index": {"_index":"pob","_id":"2294940"}}
	{"id":2294940,"type":"sell","buyer":"opidia","seller":"barbarabezina","symbol":"POB","quantity":"0.55510015","price":"0.07500000","timestamp":1639640937,"volume":"0.04163251","buyTxId":"f4e7819b995df4dc0043f49748a9e1c7907cd803","sellTxId":"4169795dc4bb4c3f1828b880ca73045b5d39675b"}
{"index": {"_index":"pob","_id":"2295022"}}
	{"id":2295022,"type":"sell","buyer":"opidia","seller":"bernaku","symbol":"POB","quantity":"9.09911252","price":"0.07500000","timestamp":1639641717,"volume":"0.68243344","buyTxId":"f4e7819b995df4dc0043f49748a9e1c7907cd803","sellTxId":"388fc97f37cf4a645b155fa107e481d96f85cc44"}
{"index": {"_index":"pob","_id":"2295048"}}
	{"id":2295048,"type":"sell","buyer":"opidia","seller":"corporateay","symbol":"POB","quantity":"23.32607054","price":"0.07500000","timestamp":1639642002,"volume":"1.74945529","buyTxId":"f4e7819b995df4dc0043f49748a9e1c7907cd803","sellTxId":"03e6c9b3850c38e80668db77a8a488b239dec9ab"}
{"index": {"_index":"pob","_id":"2295068"}}
	{"id":2295068,"type":"sell","buyer":"opidia","seller":"brofi-market","symbol":"POB","quantity":"12.88123782","price":"0.07500000","timestamp":1639642212,"volume":"0.96609284","buyTxId":"f4e7819b995df4dc0043f49748a9e1c7907cd803","sellTxId":"b86ee656fdc3a8223d27bd839a297ddeccd32a75"}
{"index": {"_index":"pob","_id":"2295088"}}
	{"id":2295088,"type":"sell","buyer":"opidia","seller":"liotes.voter","symbol":"POB","quantity":"5.91620049","price":"0.07500000","timestamp":1639642329,"volume":"0.44371504","buyTxId":"f4e7819b995df4dc0043f49748a9e1c7907cd803","sellTxId":"dff37635ee4e39d6bb7542fab0183310c340b6f7"}
{"index": {"_index":"pob","_id":"2295293"}}
	{"id":2295293,"type":"sell","buyer":"opidia","seller":"ahmetay","symbol":"POB","quantity":"84.09273753","price":"0.07500000","timestamp":1639643847,"volume":"6.30695531","buyTxId":"f4e7819b995df4dc0043f49748a9e1c7907cd803","sellTxId":"3292189fa05c4ffc280ac80585c95821e9a5ce2c"}
{"index": {"_index":"pob","_id":"2295314"}}
	{"id":2295314,"type":"sell","buyer":"opidia","seller":"chireerocks","symbol":"POB","quantity":"2.99251264","price":"0.07500000","timestamp":1639643949,"volume":"0.22443845","buyTxId":"f4e7819b995df4dc0043f49748a9e1c7907cd803","sellTxId":"32e2786368a33222b8bcca7e9545f275edcdaf5d"}
{"index": {"_index":"pob","_id":"2295370"}}
	{"id":2295370,"type":"sell","buyer":"anadolu","seller":"felipejoys.pob","symbol":"POB","quantity":"14.13319445","price":"0.07500110","timestamp":1639644420,"volume":"1.06000513","buyTxId":"MM-P-13096013-60082895-3-0-0","sellTxId":"49e89806c3996c3fc900977a42aaf20693eb11e0"}
{"index": {"_index":"pob","_id":"2295380"}}
	{"id":2295380,"type":"sell","buyer":"anadolu","seller":"calumam","symbol":"POB","quantity":"15.00000000","price":"0.07500110","timestamp":1639644528,"volume":"1.12501650","buyTxId":"MM-P-13096013-60082895-3-0-0","sellTxId":"8f6b2f056994f8098d33189754e360e5055c9733"}
{"index": {"_index":"pob","_id":"2295428"}}
	{"id":2295428,"type":"sell","buyer":"anadolu","seller":"iyiade","symbol":"POB","quantity":"1.40000000","price":"0.07500110","timestamp":1639645077,"volume":"0.10500154","buyTxId":"MM-P-13096013-60082895-3-0-0","sellTxId":"672fcc8b6dae99eda762e781b972768dc545b64e"}
{"index": {"_index":"pob","_id":"2295438"}}
	{"id":2295438,"type":"sell","buyer":"anadolu","seller":"knowledge23.pob","symbol":"POB","quantity":"12.62700000","price":"0.07500110","timestamp":1639645194,"volume":"0.94703889","buyTxId":"MM-P-13096013-60082895-3-0-0","sellTxId":"c85ad64d6fe5b74b502e1e7bb9be8781e9ae011f"}
{"index": {"_index":"pob","_id":"2295554"}}
	{"id":2295554,"type":"sell","buyer":"anadolu","seller":"florenceboens","symbol":"POB","quantity":"0.03650217","price":"0.07500110","timestamp":1639646661,"volume":"0.00273770","buyTxId":"MM-P-13096013-60082895-3-0-0","sellTxId":"c23500a7af783ea2e2de86ef75ac8ead500fea88"}
{"index": {"_index":"pob","_id":"2295576"}}
	{"id":2295576,"type":"sell","buyer":"anadolu","seller":"barski","symbol":"POB","quantity":"0.72998010","price":"0.07500110","timestamp":1639646949,"volume":"0.05474931","buyTxId":"MM-P-13096013-60082895-3-0-0","sellTxId":"9653fece480f094c7972ef5e67c1f4acce72ac8b"}
{"index": {"_index":"pob","_id":"2295651"}}
	{"id":2295651,"type":"sell","buyer":"anadolu","seller":"beemd","symbol":"POB","quantity":"65.95050925","price":"0.07500110","timestamp":1639647750,"volume":"4.94636074","buyTxId":"MM-P-13096013-60082895-3-0-0","sellTxId":"67f7bc179a6eb3fe48091c2f987e714aa262e55f"}
{"index": {"_index":"pob","_id":"2295653"}}
	{"id":2295653,"type":"sell","buyer":"anadolu","seller":"ahmetay","symbol":"POB","quantity":"23.45419184","price":"0.07500110","timestamp":1639647762,"volume":"1.75909019","buyTxId":"MM-P-13096013-60082895-3-0-0","sellTxId":"baf5792b3f467c72c1e61da48ebba5ff34339cac"}
{"index": {"_index":"pob","_id":"2295676"}}
	{"id":2295676,"type":"buy","buyer":"anadolu","seller":"ahmetay","symbol":"POB","quantity":"17.37444438","price":"0.07500110","timestamp":1639648026,"volume":"1.30310244","buyTxId":"MM-P-13097304-60084189-3-0-0","sellTxId":"baf5792b3f467c72c1e61da48ebba5ff34339cac"}
{"index": {"_index":"pob","_id":"2295693"}}
	{"id":2295693,"type":"sell","buyer":"mamolya","seller":"zirochka","symbol":"POB","quantity":"1.15209208","price":"0.07599000","timestamp":1639648242,"volume":"0.08754748","buyTxId":"8f702a77c0bc20f162140afa57975a48bff4f186","sellTxId":"96593aa2d2d74e393dcc8559129e92a1ca15a0d3"}
{"index": {"_index":"pob","_id":"2295736"}}
	{"id":2295736,"type":"sell","buyer":"mamolya","seller":"mawit07","symbol":"POB","quantity":"1.00082428","price":"0.07599000","timestamp":1639648800,"volume":"0.07605264","buyTxId":"8f702a77c0bc20f162140afa57975a48bff4f186","sellTxId":"f61c0857b9841a6ba4b093572e9bcbc4929f3fa3"}
{"index": {"_index":"pob","_id":"2295749"}}
	{"id":2295749,"type":"sell","buyer":"mamolya","seller":"ugochill","symbol":"POB","quantity":"0.00426025","price":"0.07599000","timestamp":1639648878,"volume":"0.00032374","buyTxId":"8f702a77c0bc20f162140afa57975a48bff4f186","sellTxId":"3afdb618da93fa5c13546cea1ae69723ea2f764a"}
{"index": {"_index":"pob","_id":"2295824"}}
	{"id":2295824,"type":"sell","buyer":"mamolya","seller":"andy-plays","symbol":"POB","quantity":"4.50000000","price":"0.07599000","timestamp":1639649550,"volume":"0.34195500","buyTxId":"8f702a77c0bc20f162140afa57975a48bff4f186","sellTxId":"6dc6800c5807d4ef45ede1b25b92aa164ba41795"}
{"index": {"_index":"pob","_id":"2296250"}}
	{"id":2296250,"type":"sell","buyer":"mamolya","seller":"offgridlife","symbol":"POB","quantity":"6.34282339","price":"0.07599000","timestamp":1639653447,"volume":"0.48199114","buyTxId":"8f702a77c0bc20f162140afa57975a48bff4f186","sellTxId":"602dc7772065d9301490c7a312e98f8db3a2ee7d"}
{"index": {"_index":"pob","_id":"2296256"}}
	{"id":2296256,"type":"sell","buyer":"gimme-your-coinz","seller":"offgridlife","symbol":"POB","quantity":"10.00000000","price":"0.07510000","timestamp":1639653495,"volume":"0.75100000","buyTxId":"c3ca5fcaf87d89fb35bde688ea87be2ddd9bca93","sellTxId":"666a4a4e5ed9e59e574489d67e789d8508ccd3eb"}
{"index": {"_index":"pob","_id":"2296263"}}
	{"id":2296263,"type":"sell","buyer":"gimme-your-coinz","seller":"dswap","symbol":"POB","quantity":"0.00702045","price":"0.07510000","timestamp":1639653600,"volume":"0.00052724","buyTxId":"c3ca5fcaf87d89fb35bde688ea87be2ddd9bca93","sellTxId":"b953396bc98ae8b7a81a80dc165976265aec2197"}
{"index": {"_index":"pob","_id":"2296308"}}
	{"id":2296308,"type":"sell","buyer":"gimme-your-coinz","seller":"hannahhive","symbol":"POB","quantity":"11.99297955","price":"0.07510000","timestamp":1639654158,"volume":"0.90067276","buyTxId":"c3ca5fcaf87d89fb35bde688ea87be2ddd9bca93","sellTxId":"a61253c889ed13a91dfc7d869599ffc820c2fdb3"}
{"index": {"_index":"pob","_id":"2296309"}}
	{"id":2296309,"type":"sell","buyer":"gimme-your-coinz","seller":"hannahhive","symbol":"POB","quantity":"0.35702045","price":"0.07510000","timestamp":1639654158,"volume":"0.02681224","buyTxId":"a75665ad27b023a2e46dfc8c0e86385b0e693849","sellTxId":"a61253c889ed13a91dfc7d869599ffc820c2fdb3"}
{"index": {"_index":"pob","_id":"2296408"}}
	{"id":2296408,"type":"sell","buyer":"gimme-your-coinz","seller":"nazatpt","symbol":"POB","quantity":"0.7577513","price":"0.07510000","timestamp":1639655157,"volume":"0.05690712","buyTxId":"a75665ad27b023a2e46dfc8c0e86385b0e693849","sellTxId":"e2c3d04c6a89b7a85c1f7e17d4c72cee30d6b724"}
{"index": {"_index":"pob","_id":"2296446"}}
	{"id":2296446,"type":"sell","buyer":"gimme-your-coinz","seller":"jessicaossom","symbol":"POB","quantity":"4","price":"0.07510000","timestamp":1639655529,"volume":"0.30040000","buyTxId":"a75665ad27b023a2e46dfc8c0e86385b0e693849","sellTxId":"ad8552d557c174cd59e74264332dc83e04d16097"}
{"index": {"_index":"pob","_id":"2296598"}}
	{"id":2296598,"type":"sell","buyer":"gimme-your-coinz","seller":"specialfeelings","symbol":"POB","quantity":"0.27246114","price":"0.07510000","timestamp":1639656594,"volume":"0.02046183","buyTxId":"a75665ad27b023a2e46dfc8c0e86385b0e693849","sellTxId":"172d66645c85bb29fef6a0e94bdac0881c220a8b"}
{"index": {"_index":"pob","_id":"2296740"}}
	{"id":2296740,"type":"sell","buyer":"gimme-your-coinz","seller":"ugochill","symbol":"POB","quantity":"0.00203968","price":"0.07510000","timestamp":1639657791,"volume":"0.00015318","buyTxId":"a75665ad27b023a2e46dfc8c0e86385b0e693849","sellTxId":"f221057564a680194bfdcca17e462b82c3af1e95"}
{"index": {"_index":"pob","_id":"2296877"}}
	{"id":2296877,"type":"sell","buyer":"gimme-your-coinz","seller":"ehizgabriel","symbol":"POB","quantity":"16.61072743","price":"0.07510000","timestamp":1639658334,"volume":"1.24746563","buyTxId":"a75665ad27b023a2e46dfc8c0e86385b0e693849","sellTxId":"eceef1178ca20fb706e14771a535283f9e9e820b"}
{"index": {"_index":"pob","_id":"2296894"}}
	{"id":2296894,"type":"sell","buyer":"gimme-your-coinz","seller":"iyanpol12","symbol":"POB","quantity":"0.70975512","price":"0.07503612","timestamp":1639658604,"volume":"0.05325727","buyTxId":"a99585ef5acd79539b00a0420962957ee5864552","sellTxId":"92fe58394832ff3b9d6ae41beccbb6f2a15e2b54"}
{"index": {"_index":"pob","_id":"2296914"}}
	{"id":2296914,"type":"sell","buyer":"gimme-your-coinz","seller":"dhedge-drips","symbol":"POB","quantity":"1.38013261","price":"0.07503612","timestamp":1639658790,"volume":"0.10355980","buyTxId":"a99585ef5acd79539b00a0420962957ee5864552","sellTxId":"91e241c8db12d43f82ea9f3271aa05efc6305196"}
{"index": {"_index":"pob","_id":"2297117"}}
	{"id":2297117,"type":"sell","buyer":"gimme-your-coinz","seller":"madmanmusic","symbol":"POB","quantity":"3.75757101","price":"0.07504319","timestamp":1639660710,"volume":"0.28198012","buyTxId":"e15a93a441ede06300b8daaec0a8ec97407963cc","sellTxId":"91a85074301eb67ecc920f8445b1e6c2b712a363"}
{"index": {"_index":"pob","_id":"2297163"}}
	{"id":2297163,"type":"sell","buyer":"gimme-your-coinz","seller":"coffeelovers","symbol":"POB","quantity":"9.0930739","price":"0.07504521","timestamp":1639661340,"volume":"0.68239164","buyTxId":"f6b429fb98a8b275f603f0110a97508c679acaad","sellTxId":"5fa94b116416b61e78affabd20c658415cab9af3"}
{"index": {"_index":"pob","_id":"2297167"}}
	{"id":2297167,"type":"sell","buyer":"gimme-your-coinz","seller":"revisesociology","symbol":"POB","quantity":"12.90692610","price":"0.07504521","timestamp":1639661385,"volume":"0.96860298","buyTxId":"f6b429fb98a8b275f603f0110a97508c679acaad","sellTxId":"14d4ecf948684ca03e385e8158174a6d2db8ab83"}
{"index": {"_index":"pob","_id":"2297168"}}
	{"id":2297168,"type":"sell","buyer":"gimme-your-coinz","seller":"revisesociology","symbol":"POB","quantity":"22.00000000","price":"0.07504521","timestamp":1639661385,"volume":"1.65099462","buyTxId":"3bf4751ccc8888270c57641cc6c7b0adfdac93f2","sellTxId":"14d4ecf948684ca03e385e8158174a6d2db8ab83"}
{"index": {"_index":"pob","_id":"2297172"}}
	{"id":2297172,"type":"buy","buyer":"gimme-your-coinz","seller":"revisesociology","symbol":"POB","quantity":"17.09307390","price":"0.07504521","timestamp":1639661397,"volume":"1.28275332","buyTxId":"8907c08a4a94efca97e062ffc4041a7777c887d7","sellTxId":"14d4ecf948684ca03e385e8158174a6d2db8ab83"}
{"index": {"_index":"pob","_id":"2297302"}}
	{"id":2297302,"type":"sell","buyer":"gimme-your-coinz","seller":"elricmoonslayer","symbol":"POB","quantity":"4.90692610","price":"0.07504521","timestamp":1639662840,"volume":"0.36824130","buyTxId":"8907c08a4a94efca97e062ffc4041a7777c887d7","sellTxId":"6694d3ae13cf63d40b147d98b7ead8d77cffebfc"}
{"index": {"_index":"pob","_id":"2297365"}}
	{"id":2297365,"type":"sell","buyer":"gimme-your-coinz","seller":"saachi","symbol":"POB","quantity":"22.00000000","price":"0.07500203","timestamp":1639663542,"volume":"1.65004466","buyTxId":"3db53d70364601e59d8e13df732f802dee9b2bab","sellTxId":"fb33a6663a6a2b9fc4e99cdaf5fc756adc54deaa"}
{"index": {"_index":"pob","_id":"2297366"}}
	{"id":2297366,"type":"sell","buyer":"anadolu","seller":"saachi","symbol":"POB","quantity":"10.00000000","price":"0.07500202","timestamp":1639663542,"volume":"0.75002020","buyTxId":"MM-P-13102383-60089272-3-0-0","sellTxId":"fb33a6663a6a2b9fc4e99cdaf5fc756adc54deaa"}
{"index": {"_index":"pob","_id":"2297394"}}
	{"id":2297394,"type":"sell","buyer":"gimme-your-coinz","seller":"acesontop","symbol":"POB","quantity":"60.74314365","price":"0.07500304","timestamp":1639663791,"volume":"4.55592043","buyTxId":"2534fadd978e7e732ae36d5ba54ff307e575d18d","sellTxId":"76bb670c7a8e9ed15a456ef4ecaa0e3c1f88a764"}
{"index": {"_index":"pob","_id":"2297480"}}
	{"id":2297480,"type":"sell","buyer":"gimme-your-coinz","seller":"dswap","symbol":"POB","quantity":"1.42244","price":"0.07500607","timestamp":1639664640,"volume":"0.10669163","buyTxId":"4739e392c9e8fe519713ab04c87f3e9312a5d8a6","sellTxId":"5362f26cc4802513fdab171efb2fb3404211a163"}
{"index": {"_index":"pob","_id":"2297512"}}
	{"id":2297512,"type":"sell","buyer":"gimme-your-coinz","seller":"gadrian","symbol":"POB","quantity":"3.00000000","price":"0.07500708","timestamp":1639664883,"volume":"0.22502124","buyTxId":"8b93a3f981dc2a7a98b4b154a28966bf948bb179","sellTxId":"bb2fa3b9bc917ed5c6a4eabc798eab71cecb3ded"}
{"index": {"_index":"pob","_id":"2297581"}}
	{"id":2297581,"type":"sell","buyer":"gimme-your-coinz","seller":"jhelbich","symbol":"POB","quantity":"166.00000000","price":"0.07500809","timestamp":1639665273,"volume":"12.45134294","buyTxId":"03f41d3439c3e7eb37e7406d03e93d9ec58c4503","sellTxId":"851d0559c10e5c8a655508d49572f46645a47a91"}
{"index": {"_index":"pob","_id":"2297583"}}
	{"id":2297583,"type":"buy","buyer":"gimme-your-coinz","seller":"jhelbich","symbol":"POB","quantity":"10.00554152","price":"0.07500809","timestamp":1639665285,"volume":"0.75049656","buyTxId":"bd37aff23bee5c10e70f6b2b1bac1260439f1ff7","sellTxId":"851d0559c10e5c8a655508d49572f46645a47a91"}
{"index": {"_index":"pob","_id":"2297710"}}
	{"id":2297710,"type":"sell","buyer":"gimme-your-coinz","seller":"aiuna","symbol":"POB","quantity":"42.83479049","price":"0.07501213","timestamp":1639666485,"volume":"3.21312887","buyTxId":"fe2824c684bb3f0fa9a6ac25e718b8cc1d5cbe4e","sellTxId":"d5a18fd051ffa4061c2afb6d9dd1b0fc2b446775"}
{"index": {"_index":"pob","_id":"2297722"}}
	{"id":2297722,"type":"sell","buyer":"gimme-your-coinz","seller":"ahmetay","symbol":"POB","quantity":"40.84502486","price":"0.07501213","timestamp":1639666602,"volume":"3.06387231","buyTxId":"fe2824c684bb3f0fa9a6ac25e718b8cc1d5cbe4e","sellTxId":"12fb4ff7cd26357a1d1283701ce725731fb95722"}
{"index": {"_index":"pob","_id":"2297831"}}
	{"id":2297831,"type":"sell","buyer":"gimme-your-coinz","seller":"steem82868","symbol":"POB","quantity":"0.27228726","price":"0.07501516","timestamp":1639667505,"volume":"0.02042567","buyTxId":"830f1af604644bd8e1f8ff03ad9ec5398c5ac10a","sellTxId":"8374586dc432e060f181bb961a8342fd71cabb81"}
{"index": {"_index":"pob","_id":"2297939"}}
	{"id":2297939,"type":"sell","buyer":"gimme-your-coinz","seller":"josevillanueva","symbol":"POB","quantity":"119.22048587","price":"0.07501920","timestamp":1639668522,"volume":"8.94382547","buyTxId":"68f3f7d9ff200986196ce72fb7d4dd78c1a3a60a","sellTxId":"79ec5053816cb731700d5b6ae2fe347c28791fc3"}
{"index": {"_index":"pob","_id":"2297996"}}
	{"id":2297996,"type":"sell","buyer":"gimme-your-coinz","seller":"ugochill","symbol":"POB","quantity":"0.00423380","price":"0.07502122","timestamp":1639669212,"volume":"0.00031762","buyTxId":"58dcb77d16be88a118c2c520a5f6d475f6483a78","sellTxId":"837b2b2637aff48c3c8a4f72108a4f744614b419"}
{"index": {"_index":"pob","_id":"2298135"}}
	{"id":2298135,"type":"sell","buyer":"gimme-your-coinz","seller":"slobberchops","symbol":"POB","quantity":"9.35322344","price":"0.07502526","timestamp":1639670364,"volume":"0.70172802","buyTxId":"21428fe5a8b417fab7ef8f05691b79cb77d95de4","sellTxId":"dcebc467f57b17b0ad3ee701e035d057362d1a69"}
{"index": {"_index":"pob","_id":"2298332"}}
	{"id":2298332,"type":"sell","buyer":"gimme-your-coinz","seller":"clixmoney","symbol":"POB","quantity":"3.42450290","price":"0.07503132","timestamp":1639672203,"volume":"0.25694497","buyTxId":"cce8f20d2b9d3c64db6e6c9f3dd54df07dc1f35a","sellTxId":"27367defe5598dc4d26f3027025db5593d3eca13"}
{"index": {"_index":"pob","_id":"2298419"}}
	{"id":2298419,"type":"sell","buyer":"gimme-your-coinz","seller":"lightcaptured","symbol":"POB","quantity":"2.90080531","price":"0.07503334","timestamp":1639672686,"volume":"0.21765711","buyTxId":"78979bb988f048c6692ddd709d55914c152375b1","sellTxId":"30f627bb505c85a8073b44bac84419d107601326"}
{"index": {"_index":"pob","_id":"2298446"}}
	{"id":2298446,"type":"sell","buyer":"gimme-your-coinz","seller":"thatcryptodave","symbol":"POB","quantity":"2.58094358","price":"0.07503334","timestamp":1639672821,"volume":"0.19365682","buyTxId":"78979bb988f048c6692ddd709d55914c152375b1","sellTxId":"9c2afdd51306fd33a199df5a1c1611e47b4f860d"}
{"index": {"_index":"pob","_id":"2298478"}}
	{"id":2298478,"type":"sell","buyer":"gimme-your-coinz","seller":"stickupcurator","symbol":"POB","quantity":"0.60589049","price":"0.07503435","timestamp":1639672971,"volume":"0.04546260","buyTxId":"656a50ea3e0cd203d47d177702b9b33b5af98d2c","sellTxId":"395d01224a696ab165c61a81e7378505a2510a57"}
{"index": {"_index":"pob","_id":"2298524"}}
	{"id":2298524,"type":"sell","buyer":"gimme-your-coinz","seller":"stickupcurator","symbol":"POB","quantity":"0.64524790","price":"0.07503435","timestamp":1639673124,"volume":"0.04841576","buyTxId":"656a50ea3e0cd203d47d177702b9b33b5af98d2c","sellTxId":"671a3310dd35386b3e19f090bffc3d25c647c8d7"}
{"index": {"_index":"pob","_id":"2298617"}}
	{"id":2298617,"type":"sell","buyer":"gimme-your-coinz","seller":"dunksocial","symbol":"POB","quantity":"2.58552449","price":"0.07503637","timestamp":1639673598,"volume":"0.19400837","buyTxId":"021eb5b0a6f759e01b8bbd20a8ff50ef6af4410e","sellTxId":"7c7353b4a6495f98af0a5f9df5c4bee6702cf7b0"}
{"index": {"_index":"pob","_id":"2298681"}}
	{"id":2298681,"type":"sell","buyer":"gimme-your-coinz","seller":"sentipl","symbol":"POB","quantity":"0.72460728","price":"0.07503738","timestamp":1639673958,"volume":"0.05437263","buyTxId":"b48467370ad4c669bcd5f3a387e8146db9c65f8f","sellTxId":"fa056df8d0d996b5fe1bda57ea52fcc244452f6e"}
{"index": {"_index":"pob","_id":"2298733"}}
	{"id":2298733,"type":"sell","buyer":"gimme-your-coinz","seller":"thatgermandude","symbol":"POB","quantity":"40.00000000","price":"0.07503839","timestamp":1639674327,"volume":"3.00153560","buyTxId":"33cb195244d0f7183bb0e99377c8e9a96bee6d0b","sellTxId":"cba49662cf09d6b8e77f4de27d206b60510d9169"}
{"index": {"_index":"pob","_id":"2298775"}}
	{"id":2298775,"type":"sell","buyer":"gimme-your-coinz","seller":"reward.app","symbol":"POB","quantity":"166.00000000","price":"0.07503940","timestamp":1639674630,"volume":"12.45654040","buyTxId":"373d0e4208ee47e98941dfd23de47aa3b9bf5a3d","sellTxId":"facaab550dbdfe50ad4b4d85d1f1bb9015f3fa76"}
{"index": {"_index":"pob","_id":"2298776"}}
	{"id":2298776,"type":"sell","buyer":"anadolu","seller":"reward.app","symbol":"POB","quantity":"50.46052508","price":"0.07503939","timestamp":1639674630,"volume":"3.78652702","buyTxId":"MM-P-13106068-60092964-3-0-0","sellTxId":"facaab550dbdfe50ad4b4d85d1f1bb9015f3fa76"}
{"index": {"_index":"pob","_id":"2298803"}}
	{"id":2298803,"type":"sell","buyer":"thatgermandude","seller":"automaton","symbol":"POB","quantity":"1.45213650","price":"0.07501000","timestamp":1639674783,"volume":"0.10892476","buyTxId":"1edf2be67b2bd52a41974dfd04c9a289311e5d35","sellTxId":"d0f6b00f0d8094e0ce694ff22a4e416d439ecb7d"}
{"index": {"_index":"pob","_id":"2298879"}}
	{"id":2298879,"type":"sell","buyer":"thatgermandude","seller":"yonnathang","symbol":"POB","quantity":"37.00000000","price":"0.07501000","timestamp":1639675251,"volume":"2.77537000","buyTxId":"1edf2be67b2bd52a41974dfd04c9a289311e5d35","sellTxId":"55891681e307e624470f9c2e7a2d6a26f8765e98"}
{"index": {"_index":"pob","_id":"2298936"}}
	{"id":2298936,"type":"sell","buyer":"thatgermandude","seller":"bitcoinflood","symbol":"POB","quantity":"1.54786350","price":"0.07501000","timestamp":1639675584,"volume":"0.11610524","buyTxId":"1edf2be67b2bd52a41974dfd04c9a289311e5d35","sellTxId":"28f937aa462a4fdb8711f403b9acb6461ba88be4"}
{"index": {"_index":"pob","_id":"2299163"}}
	{"id":2299163,"type":"sell","buyer":"anadolu","seller":"offgridlife","symbol":"POB","quantity":"10.00000000","price":"0.07500100","timestamp":1639676958,"volume":"0.75001000","buyTxId":"MM-P-13106267-60093164-3-0-0","sellTxId":"5abe9c9c663d3761239320d6516753730d046bbf"}
{"index": {"_index":"pob","_id":"2299165"}}
	{"id":2299165,"type":"sell","buyer":"anadolu","seller":"offgridlife","symbol":"POB","quantity":"10.00000000","price":"0.07500100","timestamp":1639676964,"volume":"0.75001000","buyTxId":"MM-P-13106267-60093164-3-0-0","sellTxId":"e5985c7d4ac84f90916b3419bdacfd5309fa16f6"}
{"index": {"_index":"pob","_id":"2299166"}}
	{"id":2299166,"type":"sell","buyer":"anadolu","seller":"offgridlife","symbol":"POB","quantity":"10.00000000","price":"0.07500100","timestamp":1639676967,"volume":"0.75001000","buyTxId":"MM-P-13106267-60093164-3-0-0","sellTxId":"d9d9c230994a43c68be8315116ba971b301e5e2a"}
{"index": {"_index":"pob","_id":"2299179"}}
	{"id":2299179,"type":"sell","buyer":"anadolu","seller":"offgridlife","symbol":"POB","quantity":"10.00000000","price":"0.07500100","timestamp":1639677093,"volume":"0.75001000","buyTxId":"MM-P-13106267-60093164-3-0-0","sellTxId":"c1ebe14994e4c7ece1191f832a4f4d0d198a0027"}
{"index": {"_index":"pob","_id":"2299180"}}
	{"id":2299180,"type":"sell","buyer":"anadolu","seller":"offgridlife","symbol":"POB","quantity":"10.00000000","price":"0.07500100","timestamp":1639677096,"volume":"0.75001000","buyTxId":"MM-P-13106267-60093164-3-0-0","sellTxId":"7d2f3fef56474c9e2d4eaf10867762fe06da02fd"}
{"index": {"_index":"pob","_id":"2299182"}}
	{"id":2299182,"type":"sell","buyer":"anadolu","seller":"offgridlife","symbol":"POB","quantity":"10.00000000","price":"0.07500100","timestamp":1639677099,"volume":"0.75001000","buyTxId":"MM-P-13106267-60093164-3-0-0","sellTxId":"7da4f03454113c67bd4a9469e859702949a6c7c8"}
{"index": {"_index":"pob","_id":"2299183"}}
	{"id":2299183,"type":"sell","buyer":"anadolu","seller":"offgridlife","symbol":"POB","quantity":"10.00000000","price":"0.07500100","timestamp":1639677105,"volume":"0.75001000","buyTxId":"MM-P-13106267-60093164-3-0-0","sellTxId":"bcf1b11d5d839e53426ccf5f882533a7a1c680ff"}
{"index": {"_index":"pob","_id":"2299429"}}
	{"id":2299429,"type":"sell","buyer":"anadolu","seller":"nrg","symbol":"POB","quantity":"41.25325369","price":"0.07500100","timestamp":1639678962,"volume":"3.09403528","buyTxId":"MM-P-13106267-60093164-3-0-0","sellTxId":"7cf671eefcaf6ca6a0625f82c5d2ec0837e5662b-18"}
{"index": {"_index":"pob","_id":"2299470"}}
	{"id":2299470,"type":"sell","buyer":"anadolu","seller":"savagetobi","symbol":"POB","quantity":"22.07830189","price":"0.07500100","timestamp":1639679487,"volume":"1.65589472","buyTxId":"MM-P-13106267-60093164-3-0-0","sellTxId":"7a6e05e42c9c99c9649888c28029575409c37cd1"}
{"index": {"_index":"pob","_id":"2299471"}}
	{"id":2299471,"type":"sell","buyer":"opidia","seller":"savagetobi","symbol":"POB","quantity":"1.92169811","price":"0.07500000","timestamp":1639679487,"volume":"0.14412736","buyTxId":"f4e7819b995df4dc0043f49748a9e1c7907cd803","sellTxId":"7a6e05e42c9c99c9649888c28029575409c37cd1"}
{"index": {"_index":"pob","_id":"2299547"}}
	{"id":2299547,"type":"sell","buyer":"opidia","seller":"aurodivys","symbol":"POB","quantity":"26.26227945","price":"0.07500000","timestamp":1639680255,"volume":"1.96967096","buyTxId":"f4e7819b995df4dc0043f49748a9e1c7907cd803","sellTxId":"1e6ff0eadca639286b88e6d17b61b26bdbee7fd7"}
{"index": {"_index":"pob","_id":"2299657"}}
	{"id":2299657,"type":"sell","buyer":"opidia","seller":"saviib","symbol":"POB","quantity":"1.80597771","price":"0.07500000","timestamp":1639681140,"volume":"0.13544833","buyTxId":"f4e7819b995df4dc0043f49748a9e1c7907cd803","sellTxId":"b8e4d76c26b05176d88dc8719353d4ea7df1cdef"}
{"index": {"_index":"pob","_id":"2299683"}}
	{"id":2299683,"type":"sell","buyer":"opidia","seller":"stayoutoftherz","symbol":"POB","quantity":"2.48000000","price":"0.07500000","timestamp":1639681365,"volume":"0.18600000","buyTxId":"f4e7819b995df4dc0043f49748a9e1c7907cd803","sellTxId":"d903a73e87724a191137df3ff6858381c8284956"}
{"index": {"_index":"pob","_id":"2299732"}}
	{"id":2299732,"type":"sell","buyer":"opidia","seller":"bashadow","symbol":"POB","quantity":"0.66757188","price":"0.07500000","timestamp":1639681746,"volume":"0.05006789","buyTxId":"f4e7819b995df4dc0043f49748a9e1c7907cd803","sellTxId":"43282062f49f75847acb4cb8c9b41925298e42df"}
{"index": {"_index":"pob","_id":"2299790"}}
	{"id":2299790,"type":"sell","buyer":"opidia","seller":"apoloo1","symbol":"POB","quantity":"3.44859119","price":"0.07500000","timestamp":1639682367,"volume":"0.25864434","buyTxId":"f4e7819b995df4dc0043f49748a9e1c7907cd803","sellTxId":"7f84dce7c7db26f6b0515367380547a7bbdf35d1"}
{"index": {"_index":"pob","_id":"2299865"}}
	{"id":2299865,"type":"sell","buyer":"opidia","seller":"andy4475","symbol":"POB","quantity":"10.02150028","price":"0.07500000","timestamp":1639683363,"volume":"0.75161252","buyTxId":"f4e7819b995df4dc0043f49748a9e1c7907cd803","sellTxId":"004a419c766a144f507a73847b99aa105438c88e"}
{"index": {"_index":"pob","_id":"2299965"}}
	{"id":2299965,"type":"sell","buyer":"opidia","seller":"teatree","symbol":"POB","quantity":"0.01781532","price":"0.07500000","timestamp":1639684512,"volume":"0.00133615","buyTxId":"f4e7819b995df4dc0043f49748a9e1c7907cd803","sellTxId":"76e8c23611a53ba2bef04662e43dc0400b1b47ef"}
{"index": {"_index":"pob","_id":"2299970"}}
	{"id":2299970,"type":"sell","buyer":"opidia","seller":"mariela53","symbol":"POB","quantity":"0.23566675","price":"0.07500000","timestamp":1639684566,"volume":"0.01767501","buyTxId":"f4e7819b995df4dc0043f49748a9e1c7907cd803","sellTxId":"9033fd20cce341ad46bfe03d669a34f877ccccb3"}
{"index": {"_index":"pob","_id":"2300020"}}
	{"id":2300020,"type":"sell","buyer":"opidia","seller":"clicmaster","symbol":"POB","quantity":"186.29760801","price":"0.07500000","timestamp":1639684986,"volume":"13.97232060","buyTxId":"f4e7819b995df4dc0043f49748a9e1c7907cd803","sellTxId":"0c566615731c3ff5ae209a9119c308d5587f46db"}
{"index": {"_index":"pob","_id":"2300052"}}
	{"id":2300052,"type":"sell","buyer":"opidia","seller":"gillianpearce","symbol":"POB","quantity":"20.00000000","price":"0.07500000","timestamp":1639685205,"volume":"1.50000000","buyTxId":"f4e7819b995df4dc0043f49748a9e1c7907cd803","sellTxId":"a405daee85bf52baf8633c2a3480d1a40b0f34fb"}
{"index": {"_index":"pob","_id":"2300100"}}
	{"id":2300100,"type":"buy","buyer":"mamolya","seller":"quicktrades","symbol":"POB","quantity":"0.50508685","price":"0.07500998","timestamp":1639685568,"volume":"0.03788655","buyTxId":"7f08add65a94d852733e1bc878f73fc6deb71fe1","sellTxId":"4eaa8beb1f586777a5b56361687b1d8546ceb3d6"}
{"index": {"_index":"pob","_id":"2300218"}}
	{"id":2300218,"type":"sell","buyer":"mamolya","seller":"yahia-lababidi","symbol":"POB","quantity":"13.49491315","price":"0.07500998","timestamp":1639686264,"volume":"1.01225317","buyTxId":"7f08add65a94d852733e1bc878f73fc6deb71fe1","sellTxId":"9e90064a1d184a09ecb7740c2fa0cc025a26b693"}
{"index": {"_index":"pob","_id":"2300258"}}
	{"id":2300258,"type":"sell","buyer":"opidia","seller":"mein-senf-dazu","symbol":"POB","quantity":"0.50332139","price":"0.07500000","timestamp":1639686810,"volume":"0.03774910","buyTxId":"f4e7819b995df4dc0043f49748a9e1c7907cd803","sellTxId":"e801241510b1ae7ab44a44dc1a7b1b95ea0c3384"}
{"index": {"_index":"pob","_id":"2300432"}}
	{"id":2300432,"type":"sell","buyer":"opidia","seller":"barbarabezina","symbol":"POB","quantity":"0.83132923","price":"0.07500000","timestamp":1639688583,"volume":"0.06234969","buyTxId":"f4e7819b995df4dc0043f49748a9e1c7907cd803","sellTxId":"ad5cfcaf9271865a1058d2dcdec1852816623cfb"}
{"index": {"_index":"pob","_id":"2300440"}}
	{"id":2300440,"type":"sell","buyer":"opidia","seller":"gubbatv","symbol":"POB","quantity":"0.62236383","price":"0.07500000","timestamp":1639688928,"volume":"0.04667729","buyTxId":"f4e7819b995df4dc0043f49748a9e1c7907cd803","sellTxId":"7900f609a0c8ccfac75df648583d43a7478f7907"}
{"index": {"_index":"pob","_id":"2300451"}}
	{"id":2300451,"type":"sell","buyer":"opidia","seller":"taseli","symbol":"POB","quantity":"7.75176394","price":"0.07500000","timestamp":1639689147,"volume":"0.58138230","buyTxId":"f4e7819b995df4dc0043f49748a9e1c7907cd803","sellTxId":"b948e2b17274eabc6b6d3d517b40fc9cc3221643"}
{"index": {"_index":"pob","_id":"2300456"}}
	{"id":2300456,"type":"sell","buyer":"opidia","seller":"harveyword","symbol":"POB","quantity":"1.00000000","price":"0.07500000","timestamp":1639689156,"volume":"0.07500000","buyTxId":"f4e7819b995df4dc0043f49748a9e1c7907cd803","sellTxId":"9e51ef23321c528c835dac37df3182b8c859e5cd"}
{"index": {"_index":"pob","_id":"2300502"}}
	{"id":2300502,"type":"sell","buyer":"opidia","seller":"ahmetay","symbol":"POB","quantity":"27.20785991","price":"0.07500000","timestamp":1639689696,"volume":"2.04058949","buyTxId":"f4e7819b995df4dc0043f49748a9e1c7907cd803","sellTxId":"4ee7c76d377181d5df8a205e32d925a87161d4d0"}
{"index": {"_index":"pob","_id":"2300527"}}
	{"id":2300527,"type":"sell","buyer":"opidia","seller":"kemmyb","symbol":"POB","quantity":"70.00000000","price":"0.07500000","timestamp":1639689915,"volume":"5.25000000","buyTxId":"f4e7819b995df4dc0043f49748a9e1c7907cd803","sellTxId":"c1eebaaa6a8ddf67e4962086ce2acf1d723a35c2"}
{"index": {"_index":"pob","_id":"2300547"}}
	{"id":2300547,"type":"sell","buyer":"opidia","seller":"stickupboys","symbol":"POB","quantity":"2.40962938","price":"0.07500000","timestamp":1639690107,"volume":"0.18072220","buyTxId":"f4e7819b995df4dc0043f49748a9e1c7907cd803","sellTxId":"4ce205f54cca5688bcd5ddb3d49564a5358d550b"}
{"index": {"_index":"pob","_id":"2300612"}}
	{"id":2300612,"type":"sell","buyer":"opidia","seller":"tejimundo","symbol":"POB","quantity":"0.14260520","price":"0.07500000","timestamp":1639690848,"volume":"0.01069539","buyTxId":"f4e7819b995df4dc0043f49748a9e1c7907cd803","sellTxId":"ade368ef8ae3467d9c6a2ddc2031d556e3365c1d"}
{"index": {"_index":"pob","_id":"2300626"}}
	{"id":2300626,"type":"sell","buyer":"opidia","seller":"kamrunnahar","symbol":"POB","quantity":"0.06453201","price":"0.07500000","timestamp":1639691025,"volume":"0.00483990","buyTxId":"f4e7819b995df4dc0043f49748a9e1c7907cd803","sellTxId":"44e7bdf99d5340978be2b20f4423948d766d2b14"}
{"index": {"_index":"pob","_id":"2300634"}}
	{"id":2300634,"type":"sell","buyer":"opidia","seller":"tejimundo","symbol":"POB","quantity":"0.13007699","price":"0.07500000","timestamp":1639691079,"volume":"0.00975577","buyTxId":"f4e7819b995df4dc0043f49748a9e1c7907cd803","sellTxId":"4554dec48fa039b1a23ca4f2f869470dde90c702"}
{"index": {"_index":"pob","_id":"2300832"}}
	{"id":2300832,"type":"buy","buyer":"scholaris","seller":"anadolu","symbol":"POB","quantity":"155.00000000","price":"0.07500900","timestamp":1639692774,"volume":"11.62639500","buyTxId":"ce4ccd1a4c49edd8a5c147ba8f2d1e147de3da30","sellTxId":"MM-P-13111049-60097951-3-0-1"}
{"index": {"_index":"pob","_id":"2300833"}}
	{"id":2300833,"type":"buy","buyer":"scholaris","seller":"yahia-lababidi","symbol":"POB","quantity":"8.50700791","price":"0.07500998","timestamp":1639692774,"volume":"0.63811049","buyTxId":"ce4ccd1a4c49edd8a5c147ba8f2d1e147de3da30","sellTxId":"9e90064a1d184a09ecb7740c2fa0cc025a26b693"}
{"index": {"_index":"pob","_id":"2300834"}}
	{"id":2300834,"type":"buy","buyer":"scholaris","seller":"droida","symbol":"POB","quantity":"0.23041855","price":"0.07500999","timestamp":1639692774,"volume":"0.01728369","buyTxId":"ce4ccd1a4c49edd8a5c147ba8f2d1e147de3da30","sellTxId":"757eb655d49c898cf716f568baa70369124f7888"}
{"index": {"_index":"pob","_id":"2300835"}}
	{"id":2300835,"type":"buy","buyer":"scholaris","seller":"bitcoinflood","symbol":"POB","quantity":"11.72865909","price":"0.07501000","timestamp":1639692774,"volume":"0.87976672","buyTxId":"ce4ccd1a4c49edd8a5c147ba8f2d1e147de3da30","sellTxId":"28f937aa462a4fdb8711f403b9acb6461ba88be4"}
{"index": {"_index":"pob","_id":"2300836"}}
	{"id":2300836,"type":"buy","buyer":"scholaris","seller":"alfarero","symbol":"POB","quantity":"0.14157144","price":"0.07501000","timestamp":1639692774,"volume":"0.01061927","buyTxId":"ce4ccd1a4c49edd8a5c147ba8f2d1e147de3da30","sellTxId":"d326abfd3810bbc028f2c413b80733968542956d"}
{"index": {"_index":"pob","_id":"2300837"}}
	{"id":2300837,"type":"buy","buyer":"scholaris","seller":"elricmoonslayer","symbol":"POB","quantity":"2.88788022","price":"0.07504521","timestamp":1639692774,"volume":"0.21672158","buyTxId":"ce4ccd1a4c49edd8a5c147ba8f2d1e147de3da30","sellTxId":"6694d3ae13cf63d40b147d98b7ead8d77cffebfc"}
{"index": {"_index":"pob","_id":"2300838"}}
	{"id":2300838,"type":"buy","buyer":"scholaris","seller":"solaiman","symbol":"POB","quantity":"10.40000000","price":"0.07504521","timestamp":1639692774,"volume":"0.78047018","buyTxId":"ce4ccd1a4c49edd8a5c147ba8f2d1e147de3da30","sellTxId":"30c090cbbd6885df3169582feb0434b344f3dc3a"}
{"index": {"_index":"pob","_id":"2300839"}}
	{"id":2300839,"type":"buy","buyer":"scholaris","seller":"ehizgabriel","symbol":"POB","quantity":"24.44362197","price":"0.07510000","timestamp":1639692774,"volume":"1.83571601","buyTxId":"ce4ccd1a4c49edd8a5c147ba8f2d1e147de3da30","sellTxId":"eceef1178ca20fb706e14771a535283f9e9e820b"}
{"index": {"_index":"pob","_id":"2300840"}}
	{"id":2300840,"type":"buy","buyer":"scholaris","seller":"dhedge-drips","symbol":"POB","quantity":"1.38013261","price":"0.07510000","timestamp":1639692774,"volume":"0.10364796","buyTxId":"ce4ccd1a4c49edd8a5c147ba8f2d1e147de3da30","sellTxId":"87932acc437638fc49ce3351151437e435e3df73"}
{"index": {"_index":"pob","_id":"2300841"}}
	{"id":2300841,"type":"buy","buyer":"scholaris","seller":"oxidil","symbol":"POB","quantity":"7.30270016","price":"0.08249700","timestamp":1639692774,"volume":"0.60245086","buyTxId":"ce4ccd1a4c49edd8a5c147ba8f2d1e147de3da30","sellTxId":"f8b0de6406dd20ffebef3f410631387c940f28dc"}
{"index": {"_index":"pob","_id":"2300842"}}
	{"id":2300842,"type":"buy","buyer":"scholaris","seller":"lebah","symbol":"POB","quantity":"12.30000000","price":"0.08249900","timestamp":1639692774,"volume":"1.01473770","buyTxId":"ce4ccd1a4c49edd8a5c147ba8f2d1e147de3da30","sellTxId":"f8091a001f792d8f56f479e9d70f315c0f6df211"}
{"index": {"_index":"pob","_id":"2300843"}}
	{"id":2300843,"type":"buy","buyer":"scholaris","seller":"jersteemit","symbol":"POB","quantity":"10.54433118","price":"0.08250000","timestamp":1639692774,"volume":"0.86990732","buyTxId":"ce4ccd1a4c49edd8a5c147ba8f2d1e147de3da30","sellTxId":"3e62819e4f849a8bf661a5e5144e939baa36c071"}
{"index": {"_index":"pob","_id":"2300844"}}
	{"id":2300844,"type":"buy","buyer":"scholaris","seller":"ctpsb","symbol":"POB","quantity":"3.77000000","price":"0.08282390","timestamp":1639692774,"volume":"0.31224610","buyTxId":"ce4ccd1a4c49edd8a5c147ba8f2d1e147de3da30","sellTxId":"a180afb35dc7d8d0c922ba76b6d0d17fc2721bc8"}
{"index": {"_index":"pob","_id":"2300845"}}
	{"id":2300845,"type":"buy","buyer":"scholaris","seller":"brofi-market","symbol":"POB","quantity":"12.88123782","price":"0.08282390","timestamp":1639692774,"volume":"1.06687435","buyTxId":"ce4ccd1a4c49edd8a5c147ba8f2d1e147de3da30","sellTxId":"b92f310ea7df3b5b91337c5f0586a7134777582f"}
{"index": {"_index":"pob","_id":"2300846"}}
	{"id":2300846,"type":"buy","buyer":"scholaris","seller":"bobthebuilder2","symbol":"POB","quantity":"32.20589058","price":"0.08285000","timestamp":1639692774,"volume":"2.66825803","buyTxId":"ce4ccd1a4c49edd8a5c147ba8f2d1e147de3da30","sellTxId":"cf7becc3234905349b2bbef280f15ff9617b6571"}
{"index": {"_index":"pob","_id":"2300847"}}
	{"id":2300847,"type":"buy","buyer":"scholaris","seller":"cryptofiloz","symbol":"POB","quantity":"3.27100038","price":"0.08295501","timestamp":1639692774,"volume":"0.27134587","buyTxId":"ce4ccd1a4c49edd8a5c147ba8f2d1e147de3da30","sellTxId":"821073ffde604de7faeb740d84378d38aa53caf3"}
{"index": {"_index":"pob","_id":"2300848"}}
	{"id":2300848,"type":"buy","buyer":"scholaris","seller":"risingstargame","symbol":"POB","quantity":"23.55150394","price":"0.08297000","timestamp":1639692774,"volume":"1.95406828","buyTxId":"ce4ccd1a4c49edd8a5c147ba8f2d1e147de3da30","sellTxId":"e4eda8a21578824fd1736d1e2a11d961616d48d5"}
{"index": {"_index":"pob","_id":"2300849"}}
	{"id":2300849,"type":"buy","buyer":"scholaris","seller":"skylinebuds","symbol":"POB","quantity":"23.00000000","price":"0.08900000","timestamp":1639692774,"volume":"2.04700000","buyTxId":"ce4ccd1a4c49edd8a5c147ba8f2d1e147de3da30","sellTxId":"18c5e8c7e35387992a69a6a2f7b021b8d95840c8"}
{"index": {"_index":"pob","_id":"2300850"}}
	{"id":2300850,"type":"buy","buyer":"scholaris","seller":"projectmamabg","symbol":"POB","quantity":"1.76631735","price":"0.08900000","timestamp":1639692774,"volume":"0.15720224","buyTxId":"ce4ccd1a4c49edd8a5c147ba8f2d1e147de3da30","sellTxId":"70da26f3b19b22fab85c5f8a120d156bfceffd83"}
{"index": {"_index":"pob","_id":"2300851"}}
	{"id":2300851,"type":"buy","buyer":"scholaris","seller":"churchoftheway","symbol":"POB","quantity":"50.00000000","price":"0.09000000","timestamp":1639692774,"volume":"4.50000000","buyTxId":"ce4ccd1a4c49edd8a5c147ba8f2d1e147de3da30","sellTxId":"26023ef69d95d213b763116c61858ac131e10273"}
{"index": {"_index":"pob","_id":"2300852"}}
	{"id":2300852,"type":"buy","buyer":"scholaris","seller":"rayius","symbol":"POB","quantity":"1.50000000","price":"0.09000000","timestamp":1639692774,"volume":"0.13500000","buyTxId":"ce4ccd1a4c49edd8a5c147ba8f2d1e147de3da30","sellTxId":"774c322bc05985818882ca94b019f79373533beb"}
{"index": {"_index":"pob","_id":"2300853"}}
	{"id":2300853,"type":"buy","buyer":"scholaris","seller":"amigareaction","symbol":"POB","quantity":"0.25000000","price":"0.09000000","timestamp":1639692774,"volume":"0.02250000","buyTxId":"ce4ccd1a4c49edd8a5c147ba8f2d1e147de3da30","sellTxId":"be68d0ab177c17f507ba36147f41e47b188a643b"}
{"index": {"_index":"pob","_id":"2300854"}}
	{"id":2300854,"type":"buy","buyer":"scholaris","seller":"harveyword","symbol":"POB","quantity":"3.64489446","price":"0.09300000","timestamp":1639692774,"volume":"0.33897518","buyTxId":"ce4ccd1a4c49edd8a5c147ba8f2d1e147de3da30","sellTxId":"c6df1785a99c60b4f452bc4e6ba27893cd82b50f"}
{"index": {"_index":"pob","_id":"2300855"}}
	{"id":2300855,"type":"buy","buyer":"scholaris","seller":"brofi-market","symbol":"POB","quantity":"16.39075624","price":"0.09498000","timestamp":1639692774,"volume":"1.55679403","buyTxId":"ce4ccd1a4c49edd8a5c147ba8f2d1e147de3da30","sellTxId":"465faffa3fab90bcfd517745fc2b9f56604f0429"}
{"index": {"_index":"pob","_id":"2300856"}}
	{"id":2300856,"type":"buy","buyer":"scholaris","seller":"mariuszkarowski","symbol":"POB","quantity":"10.60000000","price":"0.09498000","timestamp":1639692774,"volume":"1.00678800","buyTxId":"ce4ccd1a4c49edd8a5c147ba8f2d1e147de3da30","sellTxId":"5a870226c52322c31dbe8e0c27302085e2529954"}
{"index": {"_index":"pob","_id":"2300857"}}
	{"id":2300857,"type":"buy","buyer":"scholaris","seller":"dhedge-drips","symbol":"POB","quantity":"1.75615245","price":"0.09498000","timestamp":1639692774,"volume":"0.16679936","buyTxId":"ce4ccd1a4c49edd8a5c147ba8f2d1e147de3da30","sellTxId":"66ba0e29eae41c42bb2b45901c837a6d2061d62d"}
{"index": {"_index":"pob","_id":"2300858"}}
	{"id":2300858,"type":"buy","buyer":"scholaris","seller":"preparedwombat","symbol":"POB","quantity":"18.07504229","price":"0.09500000","timestamp":1639692774,"volume":"1.71712902","buyTxId":"ce4ccd1a4c49edd8a5c147ba8f2d1e147de3da30","sellTxId":"74fcd82e0f2034161e18f92adf6ec7256236b65b"}
{"index": {"_index":"pob","_id":"2300859"}}
	{"id":2300859,"type":"buy","buyer":"scholaris","seller":"eirik","symbol":"POB","quantity":"2.00000000","price":"0.09500000","timestamp":1639692774,"volume":"0.19000000","buyTxId":"ce4ccd1a4c49edd8a5c147ba8f2d1e147de3da30","sellTxId":"c073da0aac43807f0c6b9e1d1e088c06ec0a45d9"}
{"index": {"_index":"pob","_id":"2300860"}}
	{"id":2300860,"type":"buy","buyer":"scholaris","seller":"liotes.voter","symbol":"POB","quantity":"41.37000000","price":"0.09600000","timestamp":1639692774,"volume":"3.97152000","buyTxId":"ce4ccd1a4c49edd8a5c147ba8f2d1e147de3da30","sellTxId":"ca92ab8b8fd6a4197dee5e9fc498fc1415eb0d51"}
{"index": {"_index":"pob","_id":"2300861"}}
	{"id":2300861,"type":"buy","buyer":"scholaris","seller":"sharker","symbol":"POB","quantity":"17.97362178","price":"0.09700000","timestamp":1639692774,"volume":"1.74344131","buyTxId":"ce4ccd1a4c49edd8a5c147ba8f2d1e147de3da30","sellTxId":"83f864c8d2854856bad24d5f565f135d909cca24"}
{"index": {"_index":"pob","_id":"2300862"}}
	{"id":2300862,"type":"buy","buyer":"scholaris","seller":"nonsowrites","symbol":"POB","quantity":"19.54720502","price":"0.09700000","timestamp":1639692774,"volume":"1.89607889","buyTxId":"ce4ccd1a4c49edd8a5c147ba8f2d1e147de3da30","sellTxId":"becb09a8b34591bd6483e3d2e44947ab9ad0fbeb"}
{"index": {"_index":"pob","_id":"2300863"}}
	{"id":2300863,"type":"buy","buyer":"scholaris","seller":"nbogda","symbol":"POB","quantity":"1000.00000000","price":"0.09950000","timestamp":1639692774,"volume":"99.50000000","buyTxId":"ce4ccd1a4c49edd8a5c147ba8f2d1e147de3da30","sellTxId":"2ac70cca57e50b980682ce2187a88f35232fe047"}
{"index": {"_index":"pob","_id":"2300864"}}
	{"id":2300864,"type":"buy","buyer":"scholaris","seller":"nbogda","symbol":"POB","quantity":"1000.00000000","price":"0.10000000","timestamp":1639692774,"volume":"100.00000000","buyTxId":"ce4ccd1a4c49edd8a5c147ba8f2d1e147de3da30","sellTxId":"94450bcb892adad397d91c70a7cd96f0c46cd12a"}
{"index": {"_index":"pob","_id":"2300865"}}
	{"id":2300865,"type":"buy","buyer":"scholaris","seller":"nbogda","symbol":"POB","quantity":"1000.00000000","price":"0.10000000","timestamp":1639692774,"volume":"100.00000000","buyTxId":"ce4ccd1a4c49edd8a5c147ba8f2d1e147de3da30","sellTxId":"46d7f52080e7723a5eac427004836ca1de8d4441"}
{"index": {"_index":"pob","_id":"2300866"}}
	{"id":2300866,"type":"buy","buyer":"scholaris","seller":"amigareaction","symbol":"POB","quantity":"0.25000000","price":"0.10000000","timestamp":1639692774,"volume":"0.02500000","buyTxId":"ce4ccd1a4c49edd8a5c147ba8f2d1e147de3da30","sellTxId":"85760eee9cfdf2714304db8ad6acf154923a51d1"}
{"index": {"_index":"pob","_id":"2300867"}}
	{"id":2300867,"type":"buy","buyer":"scholaris","seller":"eirik","symbol":"POB","quantity":"6.00000000","price":"0.10000000","timestamp":1639692774,"volume":"0.60000000","buyTxId":"ce4ccd1a4c49edd8a5c147ba8f2d1e147de3da30","sellTxId":"fb49ac6895a9da30ba859de4208d63acf3d86e7a"}
{"index": {"_index":"pob","_id":"2300868"}}
	{"id":2300868,"type":"buy","buyer":"scholaris","seller":"fernandosoder","symbol":"POB","quantity":"0.59660891","price":"0.10000000","timestamp":1639692774,"volume":"0.05966089","buyTxId":"ce4ccd1a4c49edd8a5c147ba8f2d1e147de3da30","sellTxId":"151eabb7a91b3f7828947581b73d904cf076007d"}
{"index": {"_index":"pob","_id":"2300869"}}
	{"id":2300869,"type":"buy","buyer":"scholaris","seller":"small1axe","symbol":"POB","quantity":"222.63488995","price":"0.11500000","timestamp":1639692774,"volume":"25.60301234","buyTxId":"ce4ccd1a4c49edd8a5c147ba8f2d1e147de3da30","sellTxId":"9de621c7088610d40eab475cc9fc775fd47a7eea"}
{"index": {"_index":"pob","_id":"2300870"}}
	{"id":2300870,"type":"buy","buyer":"scholaris","seller":"eirik","symbol":"POB","quantity":"3.00000000","price":"0.11500000","timestamp":1639692774,"volume":"0.34500000","buyTxId":"ce4ccd1a4c49edd8a5c147ba8f2d1e147de3da30","sellTxId":"8b3675da42229d5d93f803202aea96aceb6a9ba8"}
{"index": {"_index":"pob","_id":"2300871"}}
	{"id":2300871,"type":"buy","buyer":"scholaris","seller":"eirik","symbol":"POB","quantity":"8.00000000","price":"0.12000000","timestamp":1639692774,"volume":"0.96000000","buyTxId":"ce4ccd1a4c49edd8a5c147ba8f2d1e147de3da30","sellTxId":"2191af7f3c89aed3f64e103c2ea219df281823eb"}
{"index": {"_index":"pob","_id":"2300872"}}
	{"id":2300872,"type":"buy","buyer":"scholaris","seller":"abbey877","symbol":"POB","quantity":"126.20450623","price":"0.12000000","timestamp":1639692774,"volume":"15.14454075","buyTxId":"ce4ccd1a4c49edd8a5c147ba8f2d1e147de3da30","sellTxId":"b61bde1e24850a52abb55417a9627fa1cfc4041e"}
{"index": {"_index":"pob","_id":"2300873"}}
	{"id":2300873,"type":"buy","buyer":"scholaris","seller":"blockchainyouth","symbol":"POB","quantity":"14.52957366","price":"0.13000000","timestamp":1639692774,"volume":"1.88884458","buyTxId":"ce4ccd1a4c49edd8a5c147ba8f2d1e147de3da30","sellTxId":"7d971e44f1de0c41038f1c1224ca69e635f5034e"}
{"index": {"_index":"pob","_id":"2300874"}}
	{"id":2300874,"type":"buy","buyer":"scholaris","seller":"leprechaun","symbol":"POB","quantity":"81.20072307","price":"0.13000000","timestamp":1639692774,"volume":"10.55609400","buyTxId":"ce4ccd1a4c49edd8a5c147ba8f2d1e147de3da30","sellTxId":"d77055a087b6ecb7313a46160396fc06cce98954"}
{"index": {"_index":"pob","_id":"2300949"}}
	{"id":2300949,"type":"sell","buyer":"opidia","seller":"dkid14","symbol":"POB","quantity":"4.17322243","price":"0.07500000","timestamp":1639693782,"volume":"0.31299168","buyTxId":"f4e7819b995df4dc0043f49748a9e1c7907cd803","sellTxId":"80f35f70f5abdef679792d01c8e3981c0fec0b02"}
{"index": {"_index":"pob","_id":"2300957"}}
	{"id":2300957,"type":"sell","buyer":"opidia","seller":"he-index","symbol":"POB","quantity":"0.05600000","price":"0.07500000","timestamp":1639693875,"volume":"0.00420000","buyTxId":"f4e7819b995df4dc0043f49748a9e1c7907cd803","sellTxId":"9ef7726c06f5458d63b920f2018139da309a5ff4"}
{"index": {"_index":"pob","_id":"2300962"}}
	{"id":2300962,"type":"sell","buyer":"opidia","seller":"luisestaba23","symbol":"POB","quantity":"12.00000000","price":"0.07500000","timestamp":1639693914,"volume":"0.90000000","buyTxId":"f4e7819b995df4dc0043f49748a9e1c7907cd803","sellTxId":"2b0615c06be93392383321a57d5b6d168cb97bf5"}
{"index": {"_index":"pob","_id":"2301283"}}
	{"id":2301283,"type":"sell","buyer":"opidia","seller":"melbourneswest","symbol":"POB","quantity":"11.08416215","price":"0.07500000","timestamp":1639697433,"volume":"0.83131216","buyTxId":"f4e7819b995df4dc0043f49748a9e1c7907cd803","sellTxId":"80cde145306e561e7633237c3b11c9b89fe8baee"}
{"index": {"_index":"pob","_id":"2301821"}}
	{"id":2301821,"type":"sell","buyer":"opidia","seller":"elricmoonslayer","symbol":"POB","quantity":"0.46869817","price":"0.07500000","timestamp":1639703388,"volume":"0.03515236","buyTxId":"f4e7819b995df4dc0043f49748a9e1c7907cd803","sellTxId":"1fd5ea1a4634848918655cdebe97dbac6f249c6e"}
{"index": {"_index":"pob","_id":"2302056"}}
	{"id":2302056,"type":"sell","buyer":"opidia","seller":"razackpulo.sport","symbol":"POB","quantity":"20.86920879","price":"0.07500000","timestamp":1639706907,"volume":"1.56519066","buyTxId":"f4e7819b995df4dc0043f49748a9e1c7907cd803","sellTxId":"d1f83638cfb1f14b18e560d2df465845c790674a"}
{"index": {"_index":"pob","_id":"2302118"}}
	{"id":2302118,"type":"sell","buyer":"opidia","seller":"irivers","symbol":"POB","quantity":"0.30748247","price":"0.07500000","timestamp":1639707771,"volume":"0.02306119","buyTxId":"f4e7819b995df4dc0043f49748a9e1c7907cd803","sellTxId":"2a2566fd443bbe3eeb1f239ce41a2c302a4520a4"}
{"index": {"_index":"pob","_id":"2302249"}}
	{"id":2302249,"type":"sell","buyer":"opidia","seller":"magnacarta","symbol":"POB","quantity":"0.00068626","price":"0.07500000","timestamp":1639709316,"volume":"0.00005147","buyTxId":"f4e7819b995df4dc0043f49748a9e1c7907cd803","sellTxId":"45b79df31596230683df7187c0227c786f8a19c9"}
{"index": {"_index":"pob","_id":"2302328"}}
	{"id":2302328,"type":"sell","buyer":"opidia","seller":"mawit07","symbol":"POB","quantity":"2.57651258","price":"0.07500000","timestamp":1639710063,"volume":"0.19323844","buyTxId":"f4e7819b995df4dc0043f49748a9e1c7907cd803","sellTxId":"766cff8b6aa2ef1b763527040f4761003c2345b8"}
{"index": {"_index":"pob","_id":"2302437"}}
	{"id":2302437,"type":"buy","buyer":"hirohurl","seller":"steem82868","symbol":"POB","quantity":"1.52243010","price":"0.10000000","timestamp":1639711188,"volume":"0.15224301","buyTxId":"6db8229a081336141e262e231bc3c637e1bcd651","sellTxId":"686cb6b469e6aae4afddcbfbb9344214bad582da"}
