{"index": {"_index":"pob","_id":"1642613"}}
	{"id":1642613,"type":"buy","buyer":"coloneljethro","seller":"skylinebuds","symbol":"POB","quantity":"6.50000000","price":"0.19990000","timestamp":1633402416,"volume":"1.29935000","buyTxId":"3f7a888f78396ffed4ddf158db8de70cf63e12bb","sellTxId":"e7707c278526523eeae804874601b4086f8932e9"}
{"index": {"_index":"pob","_id":"1642614"}}
	{"id":1642614,"type":"buy","buyer":"coloneljethro","seller":"alejoca","symbol":"POB","quantity":"10.00000000","price":"0.20000000","timestamp":1633402416,"volume":"2.00000000","buyTxId":"3f7a888f78396ffed4ddf158db8de70cf63e12bb","sellTxId":"1bc41e9ca49f32c35c1497b6ead6e07359ac6d70"}
{"index": {"_index":"pob","_id":"1642636"}}
	{"id":1642636,"type":"sell","buyer":"coloneljethro","seller":"logicforce","symbol":"POB","quantity":"2.52592710","price":"0.20010000","timestamp":1633403025,"volume":"0.50543801","buyTxId":"3f7a888f78396ffed4ddf158db8de70cf63e12bb","sellTxId":"c69d5a33c40afe266472c2cec87b8c9b252f6baf"}
{"index": {"_index":"pob","_id":"1642682"}}
	{"id":1642682,"type":"sell","buyer":"coloneljethro","seller":"esmeesmith","symbol":"POB","quantity":"76","price":"0.20010000","timestamp":1633404324,"volume":"15.20760000","buyTxId":"3f7a888f78396ffed4ddf158db8de70cf63e12bb","sellTxId":"8660b0e84ae101a16d2365f863e9e9e6ab9566fe"}
{"index": {"_index":"pob","_id":"1642718"}}
	{"id":1642718,"type":"sell","buyer":"coloneljethro","seller":"victoriabsb","symbol":"POB","quantity":"1.91729006","price":"0.20010000","timestamp":1633405356,"volume":"0.38364974","buyTxId":"3f7a888f78396ffed4ddf158db8de70cf63e12bb","sellTxId":"b05c76da7d0c64576265b2922c77ac9be8d0336d"}
{"index": {"_index":"pob","_id":"1642740"}}
	{"id":1642740,"type":"sell","buyer":"coloneljethro","seller":"threesteps","symbol":"POB","quantity":"1.76044728","price":"0.20010000","timestamp":1633405824,"volume":"0.35226550","buyTxId":"3f7a888f78396ffed4ddf158db8de70cf63e12bb","sellTxId":"8948c16a88904c8e058cf5acb205b89ae9e2870a"}
{"index": {"_index":"pob","_id":"1642754"}}
	{"id":1642754,"type":"sell","buyer":"coloneljethro","seller":"anadolu","symbol":"POB","quantity":"1.29633500","price":"0.20010000","timestamp":1633406568,"volume":"0.25939663","buyTxId":"3f7a888f78396ffed4ddf158db8de70cf63e12bb","sellTxId":"e5e649ee20c6d2bb5bf311ff6a0d741ea31422d5"}
{"index": {"_index":"pob","_id":"1642755"}}
	{"id":1642755,"type":"sell","buyer":"coloneljethro","seller":"jongolson","symbol":"POB","quantity":"0.00000056","price":"0.20010000","timestamp":1633406595,"volume":"0.00000011","buyTxId":"3f7a888f78396ffed4ddf158db8de70cf63e12bb","sellTxId":"d2316803cec177bc21b78f08cdd0331054b9c894"}
{"index": {"_index":"pob","_id":"1642756"}}
	{"id":1642756,"type":"sell","buyer":"muratkbesiroglu","seller":"jongolson","symbol":"POB","quantity":"4.28000259","price":"0.19000000","timestamp":1633406595,"volume":"0.81320049","buyTxId":"bd9d48b4f79a3f1f8f820ccb2c8dfb45fd465441","sellTxId":"d2316803cec177bc21b78f08cdd0331054b9c894"}
{"index": {"_index":"pob","_id":"1642811"}}
	{"id":1642811,"type":"sell","buyer":"muratkbesiroglu","seller":"limfao","symbol":"POB","quantity":"0.70511394","price":"0.19000000","timestamp":1633407645,"volume":"0.13397165","buyTxId":"bd9d48b4f79a3f1f8f820ccb2c8dfb45fd465441","sellTxId":"38c100eab74950ff6a6c31fa3c765c5a4e718796"}
{"index": {"_index":"pob","_id":"1642944"}}
	{"id":1642944,"type":"buy","buyer":"ahmetay","seller":"ryanth17","symbol":"POB","quantity":"0.16217649","price":"0.20010099","timestamp":1633410231,"volume":"0.03245168","buyTxId":"60a1772891eb53463a69c01072821e747d853285","sellTxId":"ba5e6f68c730b9ac89733d772dfb81d0efcc4180"}
{"index": {"_index":"pob","_id":"1642945"}}
	{"id":1642945,"type":"buy","buyer":"ahmetay","seller":"master-lamps","symbol":"POB","quantity":"0.26391287","price":"0.25594932","timestamp":1633410231,"volume":"0.06754832","buyTxId":"60a1772891eb53463a69c01072821e747d853285","sellTxId":"9d7eff630e4a55d765d57c019d9b17c6bb505506"}
{"index": {"_index":"pob","_id":"1642984"}}
	{"id":1642984,"type":"sell","buyer":"richardcrill","seller":"clixy","symbol":"POB","quantity":"82.39568211","price":"0.19110100","timestamp":1633410798,"volume":"15.74589725","buyTxId":"MM-P-11025767-58010802-3-11-0","sellTxId":"81d27e3cf9d6815cb0351ff1388cb2460b90cf40"}
{"index": {"_index":"pob","_id":"1643220"}}
	{"id":1643220,"type":"sell","buyer":"barski","seller":"stickupboys","symbol":"POB","quantity":"0.50558618","price":"0.19131000","timestamp":1633416186,"volume":"0.09672369","buyTxId":"8f2cccb5e1dab2995bae6daab72a68dd462a3b36","sellTxId":"b85c24df485dc9e97a80cffd1149c2fb28be437f"}
{"index": {"_index":"pob","_id":"1643221"}}
	{"id":1643221,"type":"sell","buyer":"barski","seller":"stickupboys","symbol":"POB","quantity":"0.12768446","price":"0.19131000","timestamp":1633416186,"volume":"0.02442731","buyTxId":"780963f3f08e25910894a268b547ba67bb49f0f6","sellTxId":"b85c24df485dc9e97a80cffd1149c2fb28be437f"}
{"index": {"_index":"pob","_id":"1643222"}}
	{"id":1643222,"type":"sell","buyer":"roninrelax","seller":"stickupboys","symbol":"POB","quantity":"0.88306568","price":"0.19131000","timestamp":1633416186,"volume":"0.16893930","buyTxId":"b62ba644be676dc70651f54c8c2d79178f7026f9","sellTxId":"b85c24df485dc9e97a80cffd1149c2fb28be437f"}
{"index": {"_index":"pob","_id":"1643223"}}
	{"id":1643223,"type":"sell","buyer":"richardcrill","seller":"stickupboys","symbol":"POB","quantity":"2.48904901","price":"0.19130000","timestamp":1633416186,"volume":"0.47615508","buyTxId":"MM-P-11026762-58011800-3-11-0","sellTxId":"b85c24df485dc9e97a80cffd1149c2fb28be437f"}
{"index": {"_index":"pob","_id":"1643324"}}
	{"id":1643324,"type":"buy","buyer":"thatcryptodave","seller":"master-lamps","symbol":"POB","quantity":"2.48300000","price":"0.25594932","timestamp":1633417788,"volume":"0.63552216","buyTxId":"5f1c1c91d462e04fbb830cc5536325b2608a74ad","sellTxId":"9d7eff630e4a55d765d57c019d9b17c6bb505506"}
{"index": {"_index":"pob","_id":"1643339"}}
	{"id":1643339,"type":"sell","buyer":"richardcrill","seller":"ugochill","symbol":"POB","quantity":"0.00720000","price":"0.19130000","timestamp":1633418397,"volume":"0.00137736","buyTxId":"MM-P-11026762-58011800-3-11-0","sellTxId":"a47966a938fad196641b608477b3480a2fd0600f"}
{"index": {"_index":"pob","_id":"1643355"}}
	{"id":1643355,"type":"sell","buyer":"roninrelax","seller":"hive-143869","symbol":"POB","quantity":"0.22301528","price":"0.19131000","timestamp":1633418619,"volume":"0.04266505","buyTxId":"19b735d1e0130c693db8c74f89acd9859d4fbc5b","sellTxId":"b39d2f3306f207e714e5167deb40558c92feef27"}
{"index": {"_index":"pob","_id":"1643356"}}
	{"id":1643356,"type":"sell","buyer":"richardcrill","seller":"hive-143869","symbol":"POB","quantity":"0.18588472","price":"0.19130000","timestamp":1633418619,"volume":"0.03555975","buyTxId":"MM-P-11026762-58011800-3-11-0","sellTxId":"b39d2f3306f207e714e5167deb40558c92feef27"}
{"index": {"_index":"pob","_id":"1643559"}}
	{"id":1643559,"type":"sell","buyer":"master-lamps","seller":"trumpman","symbol":"POB","quantity":"11.66597479","price":"0.19161132","timestamp":1633422147,"volume":"2.23533283","buyTxId":"8c88e3dab4ce6895dee01684c6a6a9414069a1f9","sellTxId":"d67b313cfd805aecbd807cab64dcb0de8cb79115"}
{"index": {"_index":"pob","_id":"1643560"}}
	{"id":1643560,"type":"buy","buyer":"barski","seller":"trumpman","symbol":"POB","quantity":"0.29410548","price":"0.19161132","timestamp":1633422159,"volume":"0.05635394","buyTxId":"b08bd15126bf9147798004f3a9aad03921723ca4","sellTxId":"d67b313cfd805aecbd807cab64dcb0de8cb79115"}
{"index": {"_index":"pob","_id":"1643579"}}
	{"id":1643579,"type":"buy","buyer":"coininstant","seller":"trumpman","symbol":"POB","quantity":"25.94018343","price":"0.19161132","timestamp":1633422747,"volume":"4.97043279","buyTxId":"1b6acfcccf83ec2d97159d43c0e1096066706bdf","sellTxId":"d67b313cfd805aecbd807cab64dcb0de8cb79115"}
{"index": {"_index":"pob","_id":"1643600"}}
	{"id":1643600,"type":"sell","buyer":"coininstant","seller":"davidafangideh","symbol":"POB","quantity":"1.10268884","price":"0.19162000","timestamp":1633423224,"volume":"0.21129724","buyTxId":"45c0a5465e9e95266c599d84c646f5057c613b77","sellTxId":"7b66488ef9293d77de972e95698c20491491157f"}
{"index": {"_index":"pob","_id":"1643620"}}
	{"id":1643620,"type":"sell","buyer":"peter-stone","seller":"readthisplease","symbol":"POB","quantity":"0.15310000","price":"0.19161500","timestamp":1633423896,"volume":"0.02933626","buyTxId":"e666f452c541e204937355fd8b6f86263222a853","sellTxId":"0d94b3a652c0a06a9ad8fdb3134e384cb5434652"}
{"index": {"_index":"pob","_id":"1643621"}}
	{"id":1643621,"type":"sell","buyer":"coininstant","seller":"readthisplease","symbol":"POB","quantity":"0.05981657","price":"0.19161132","timestamp":1633423896,"volume":"0.01146153","buyTxId":"1b6acfcccf83ec2d97159d43c0e1096066706bdf","sellTxId":"0d94b3a652c0a06a9ad8fdb3134e384cb5434652"}
{"index": {"_index":"pob","_id":"1643622"}}
	{"id":1643622,"type":"sell","buyer":"mmmmkkkk311","seller":"readthisplease","symbol":"POB","quantity":"19.78708343","price":"0.19161000","timestamp":1633423896,"volume":"3.79140306","buyTxId":"MM-P-11029455-58014494-3-19-0","sellTxId":"0d94b3a652c0a06a9ad8fdb3134e384cb5434652"}
{"index": {"_index":"pob","_id":"1643626"}}
	{"id":1643626,"type":"sell","buyer":"mmmmkkkk311","seller":"readthisplease","symbol":"POB","quantity":"1.08865374","price":"0.19161000","timestamp":1633424022,"volume":"0.20859694","buyTxId":"MM-P-11029455-58014494-3-19-0","sellTxId":"f1f77ac5baa87dd23cabb46610c4ea51e18434d7"}
{"index": {"_index":"pob","_id":"1643627"}}
	{"id":1643627,"type":"sell","buyer":"barski","seller":"readthisplease","symbol":"POB","quantity":"0.08962117","price":"0.19161000","timestamp":1633424022,"volume":"0.01717231","buyTxId":"de10925866ec91dc21b1a67e148160e6986315a4","sellTxId":"f1f77ac5baa87dd23cabb46610c4ea51e18434d7"}
{"index": {"_index":"pob","_id":"1643628"}}
	{"id":1643628,"type":"sell","buyer":"coininstant","seller":"readthisplease","symbol":"POB","quantity":"1.36337618","price":"0.19161000","timestamp":1633424022,"volume":"0.26123651","buyTxId":"1d9bc53769813fcb77dcd536b8464792c3cab6fe","sellTxId":"f1f77ac5baa87dd23cabb46610c4ea51e18434d7"}
{"index": {"_index":"pob","_id":"1643629"}}
	{"id":1643629,"type":"sell","buyer":"roninrelax","seller":"readthisplease","symbol":"POB","quantity":"0.05632237","price":"0.19131000","timestamp":1633424022,"volume":"0.01077503","buyTxId":"3e7eea1c0c84eff54308812a90276d818a650718","sellTxId":"f1f77ac5baa87dd23cabb46610c4ea51e18434d7"}
{"index": {"_index":"pob","_id":"1643630"}}
	{"id":1643630,"type":"sell","buyer":"roninrelax","seller":"readthisplease","symbol":"POB","quantity":"0.11042769","price":"0.19131000","timestamp":1633424022,"volume":"0.02112592","buyTxId":"e8f2c074ef5eb569bb2f68a15185034c34ecc804","sellTxId":"f1f77ac5baa87dd23cabb46610c4ea51e18434d7"}
{"index": {"_index":"pob","_id":"1643631"}}
	{"id":1643631,"type":"sell","buyer":"elisheva","seller":"readthisplease","symbol":"POB","quantity":"0.22055696","price":"0.19131000","timestamp":1633424022,"volume":"0.04219475","buyTxId":"46dfbd95776382fd68e8e7556a1a541761bff4e0","sellTxId":"f1f77ac5baa87dd23cabb46610c4ea51e18434d7"}
{"index": {"_index":"pob","_id":"1643632"}}
	{"id":1643632,"type":"sell","buyer":"elisheva","seller":"readthisplease","symbol":"POB","quantity":"0.05569721","price":"0.19131000","timestamp":1633424022,"volume":"0.01065543","buyTxId":"39ffc64b63c5480a93bf581a41418d9ca087ab6e","sellTxId":"f1f77ac5baa87dd23cabb46610c4ea51e18434d7"}
{"index": {"_index":"pob","_id":"1643633"}}
	{"id":1643633,"type":"sell","buyer":"muratkbesiroglu","seller":"readthisplease","symbol":"POB","quantity":"15.01534468","price":"0.19000000","timestamp":1633424022,"volume":"2.85291549","buyTxId":"bd9d48b4f79a3f1f8f820ccb2c8dfb45fd465441","sellTxId":"f1f77ac5baa87dd23cabb46610c4ea51e18434d7"}
{"index": {"_index":"pob","_id":"1643639"}}
	{"id":1643639,"type":"sell","buyer":"muratkbesiroglu","seller":"globetrottergcc","symbol":"POB","quantity":"57.85970137","price":"0.19000000","timestamp":1633424187,"volume":"10.99334326","buyTxId":"bd9d48b4f79a3f1f8f820ccb2c8dfb45fd465441","sellTxId":"84dea868f3bddb0b5eabd3d01f2b551bcbc6f1e5"}
{"index": {"_index":"pob","_id":"1643666"}}
	{"id":1643666,"type":"sell","buyer":"muratkbesiroglu","seller":"jorge234nv","symbol":"POB","quantity":"0.77390221","price":"0.19000000","timestamp":1633425027,"volume":"0.14704142","buyTxId":"bd9d48b4f79a3f1f8f820ccb2c8dfb45fd465441","sellTxId":"e42238539e231a0af506ccd5c7f26b9992f91d34"}
{"index": {"_index":"pob","_id":"1643678"}}
	{"id":1643678,"type":"sell","buyer":"muratkbesiroglu","seller":"coliva","symbol":"POB","quantity":"2.40759969","price":"0.19000000","timestamp":1633425378,"volume":"0.45744394","buyTxId":"bd9d48b4f79a3f1f8f820ccb2c8dfb45fd465441","sellTxId":"620f8e98c8d2a4fb2d0483ec07ac07d012141123"}
{"index": {"_index":"pob","_id":"1643716"}}
	{"id":1643716,"type":"buy","buyer":"pixelfan","seller":"davidafangideh","symbol":"POB","quantity":"0.62297329","price":"0.19162000","timestamp":1633426182,"volume":"0.11937414","buyTxId":"f2746abff4809d05f179e9b6f94a13bd4b653508","sellTxId":"7b66488ef9293d77de972e95698c20491491157f"}
{"index": {"_index":"pob","_id":"1643737"}}
	{"id":1643737,"type":"sell","buyer":"richardcrill","seller":"tomhall","symbol":"POB","quantity":"5.30078140","price":"0.19011000","timestamp":1633426704,"volume":"1.00773155","buyTxId":"MM-P-11030751-58015791-3-11-0","sellTxId":"775130cb63bcb11e7f607ba1e4ad4d8bb76df810"}
{"index": {"_index":"pob","_id":"1643791"}}
	{"id":1643791,"type":"sell","buyer":"richardcrill","seller":"ugochill","symbol":"POB","quantity":"0.00425000","price":"0.19011000","timestamp":1633428255,"volume":"0.00080797","buyTxId":"MM-P-11030751-58015791-3-11-0","sellTxId":"9f78216d0d7fcba4354176a70d06f77c0cf805d2"}
{"index": {"_index":"pob","_id":"1643809"}}
	{"id":1643809,"type":"sell","buyer":"richardcrill","seller":"project10back","symbol":"POB","quantity":"0.00208188","price":"0.19011000","timestamp":1633428663,"volume":"0.00039579","buyTxId":"MM-P-11030751-58015791-3-11-0","sellTxId":"24597f1d8f812200df8dcf6a6a6adef97830cc94"}
{"index": {"_index":"pob","_id":"1643866"}}
	{"id":1643866,"type":"sell","buyer":"richardcrill","seller":"captaincryptic","symbol":"POB","quantity":"5.85077304","price":"0.19011000","timestamp":1633429050,"volume":"1.11229046","buyTxId":"MM-P-11030751-58015791-3-11-0","sellTxId":"845aa79331c33a97326d8c256eb19eb810576eef"}
{"index": {"_index":"pob","_id":"1643875"}}
	{"id":1643875,"type":"sell","buyer":"richardcrill","seller":"finguru","symbol":"POB","quantity":"19.82359274","price":"0.19011000","timestamp":1633429272,"volume":"3.76866322","buyTxId":"MM-P-11030751-58015791-3-11-0","sellTxId":"953ded5a66371220145352d2f7360461feb76d3b"}
{"index": {"_index":"pob","_id":"1643883"}}
	{"id":1643883,"type":"sell","buyer":"richardcrill","seller":"sugandhaseth","symbol":"POB","quantity":"3.25000000","price":"0.19011000","timestamp":1633429515,"volume":"0.61785750","buyTxId":"MM-P-11030751-58015791-3-11-0","sellTxId":"de6121961ee3083f25a064659d73a6e002489963"}
{"index": {"_index":"pob","_id":"1643897"}}
	{"id":1643897,"type":"sell","buyer":"richardcrill","seller":"repayme4568","symbol":"POB","quantity":"0.25823253","price":"0.19011000","timestamp":1633429848,"volume":"0.04909259","buyTxId":"MM-P-11030751-58015791-3-11-0","sellTxId":"319472f8eef80223829f6f758faf338c802511b2"}
{"index": {"_index":"pob","_id":"1644100"}}
	{"id":1644100,"type":"buy","buyer":"olympicdragon","seller":"specialfeelings","symbol":"POB","quantity":"1.49926881","price":"0.24500000","timestamp":1633434690,"volume":"0.36732086","buyTxId":"e5194062b79e415480f4d7f70969ed40858df9f2","sellTxId":"a3efa241cb5bea6569d5f49dfbc23318fb0d87c4"}
{"index": {"_index":"pob","_id":"1644101"}}
	{"id":1644101,"type":"buy","buyer":"olympicdragon","seller":"master-lamps","symbol":"POB","quantity":"2.06433584","price":"0.24999999","timestamp":1633434690,"volume":"0.51608394","buyTxId":"e5194062b79e415480f4d7f70969ed40858df9f2","sellTxId":"d550dd728d3a468116496cd34622a7364e09580e"}
{"index": {"_index":"pob","_id":"1644102"}}
	{"id":1644102,"type":"buy","buyer":"olympicdragon","seller":"tonytrillions","symbol":"POB","quantity":"0.10260991","price":"0.25000000","timestamp":1633434690,"volume":"0.02565248","buyTxId":"e5194062b79e415480f4d7f70969ed40858df9f2","sellTxId":"a7b3c405b779e5c3bb62a28615c23e6d086b8a42"}
{"index": {"_index":"pob","_id":"1644103"}}
	{"id":1644103,"type":"buy","buyer":"olympicdragon","seller":"honeysaver","symbol":"POB","quantity":"1.52741832","price":"0.25595000","timestamp":1633434690,"volume":"0.39094272","buyTxId":"e5194062b79e415480f4d7f70969ed40858df9f2","sellTxId":"ca21bc6dc82f2b5041e3c7d36e4a8b69e3b5477a"}
{"index": {"_index":"pob","_id":"1644105"}}
	{"id":1644105,"type":"sell","buyer":"richardcrill","seller":"digital-fortress","symbol":"POB","quantity":"0.60675867","price":"0.19011000","timestamp":1633434696,"volume":"0.11535089","buyTxId":"MM-P-11030751-58015791-3-11-0","sellTxId":"319888478c92e1add57ef035311d4eaeb67f64d1"}
{"index": {"_index":"pob","_id":"1644186"}}
	{"id":1644186,"type":"sell","buyer":"peter-stone","seller":"brofi-market","symbol":"POB","quantity":"0.11000000","price":"0.19011500","timestamp":1633435845,"volume":"0.02091265","buyTxId":"979b48b33fd389aabe752971bfa64475c85de6da","sellTxId":"384baf9dc566f1d17988d21169fb772fdb474ffc"}
{"index": {"_index":"pob","_id":"1644187"}}
	{"id":1644187,"type":"sell","buyer":"beemd","seller":"brofi-market","symbol":"POB","quantity":"0.25000000","price":"0.19011500","timestamp":1633435845,"volume":"0.04752875","buyTxId":"cf3215d3788dcffa4fb6fcb4a3843bd81f07b69e","sellTxId":"384baf9dc566f1d17988d21169fb772fdb474ffc"}
{"index": {"_index":"pob","_id":"1644188"}}
	{"id":1644188,"type":"sell","buyer":"barski","seller":"brofi-market","symbol":"POB","quantity":"0.08300000","price":"0.19011500","timestamp":1633435845,"volume":"0.01577955","buyTxId":"5e0ed291d70487da306db555e6a1e49a57b2056c","sellTxId":"384baf9dc566f1d17988d21169fb772fdb474ffc"}
{"index": {"_index":"pob","_id":"1644262"}}
	{"id":1644262,"type":"sell","buyer":"richardcrill","seller":"zainalbakri","symbol":"POB","quantity":"2.38968685","price":"0.19011000","timestamp":1633436883,"volume":"0.45430337","buyTxId":"MM-P-11030751-58015791-3-11-0","sellTxId":"1238c79f208dbe8604e5eb83b4636831db35c550"}
{"index": {"_index":"pob","_id":"1644279"}}
	{"id":1644279,"type":"buy","buyer":"master-lamps","seller":"brofi-market","symbol":"POB","quantity":"4.31263455","price":"0.19011500","timestamp":1633437105,"volume":"0.81989652","buyTxId":"3deeed7fcf460c6f74025a439b8a8c6981749233","sellTxId":"384baf9dc566f1d17988d21169fb772fdb474ffc"}
{"index": {"_index":"pob","_id":"1644290"}}
	{"id":1644290,"type":"sell","buyer":"richardcrill","seller":"thelogicaldude","symbol":"POB","quantity":"2.39184923","price":"0.19011000","timestamp":1633437384,"volume":"0.45471446","buyTxId":"MM-P-11030751-58015791-3-11-0","sellTxId":"5db96107f323f33e2b7faa9c02f343d20a4bf611"}
{"index": {"_index":"pob","_id":"1644425"}}
	{"id":1644425,"type":"sell","buyer":"master-lamps","seller":"alive.chat","symbol":"POB","quantity":"1.555","price":"0.19011032","timestamp":1633438803,"volume":"0.29562155","buyTxId":"0e6995449405b66f90eac1288787d9ce20ec9d58","sellTxId":"f0efe330067db9eac2af6dcca17f9bee66d29d0d"}
{"index": {"_index":"pob","_id":"1644520"}}
	{"id":1644520,"type":"sell","buyer":"master-lamps","seller":"offgridlife","symbol":"POB","quantity":"0.95500000","price":"0.19011032","timestamp":1633440186,"volume":"0.18155535","buyTxId":"0e6995449405b66f90eac1288787d9ce20ec9d58","sellTxId":"fb6c3c0050f9f9f699b7f2f2b366989562fc6259"}
{"index": {"_index":"pob","_id":"1644521"}}
	{"id":1644521,"type":"sell","buyer":"richardcrill","seller":"offgridlife","symbol":"POB","quantity":"12.04500000","price":"0.19011000","timestamp":1633440186,"volume":"2.28987495","buyTxId":"MM-P-11030751-58015791-3-11-0","sellTxId":"fb6c3c0050f9f9f699b7f2f2b366989562fc6259"}
{"index": {"_index":"pob","_id":"1644556"}}
	{"id":1644556,"type":"sell","buyer":"richardcrill","seller":"elricmoonslayer","symbol":"POB","quantity":"1.39431197","price":"0.19011000","timestamp":1633440660,"volume":"0.26507265","buyTxId":"MM-P-11030751-58015791-3-11-0","sellTxId":"40ff799f9fa0b07c42722815d1855d74db52e2a1"}
{"index": {"_index":"pob","_id":"1644594"}}
	{"id":1644594,"type":"sell","buyer":"hranhuk","seller":"savagetobi","symbol":"POB","quantity":"25.34975377","price":"0.19100000","timestamp":1633441299,"volume":"4.84180297","buyTxId":"80759f3997f044cb2b2c840da95781c17d64b473","sellTxId":"32bb4330418003e949e769fd5b217ba9dd7f5b74"}
{"index": {"_index":"pob","_id":"1644605"}}
	{"id":1644605,"type":"sell","buyer":"hranhuk","seller":"mariale07","symbol":"POB","quantity":"0.65024623","price":"0.19100000","timestamp":1633441539,"volume":"0.12419703","buyTxId":"80759f3997f044cb2b2c840da95781c17d64b473","sellTxId":"331a18a05de7d56e1e38ee79dcc68f603e0659cf"}
{"index": {"_index":"pob","_id":"1644606"}}
	{"id":1644606,"type":"sell","buyer":"barski","seller":"mariale07","symbol":"POB","quantity":"2.99584239","price":"0.19001500","timestamp":1633441539,"volume":"0.56925499","buyTxId":"0bf8c85233c25902e167df09d52c1405858c7145","sellTxId":"331a18a05de7d56e1e38ee79dcc68f603e0659cf"}
{"index": {"_index":"pob","_id":"1644607"}}
	{"id":1644607,"type":"sell","buyer":"barski","seller":"borgheseglass","symbol":"POB","quantity":"3.76638034","price":"0.19001500","timestamp":1633441566,"volume":"0.71566876","buyTxId":"0bf8c85233c25902e167df09d52c1405858c7145","sellTxId":"7ad240d009fb0ad769768cfe5b98b04d9ed61221"}
{"index": {"_index":"pob","_id":"1644608"}}
	{"id":1644608,"type":"sell","buyer":"barski","seller":"borgheseglass","symbol":"POB","quantity":"0.05664007","price":"0.19001500","timestamp":1633441566,"volume":"0.01076246","buyTxId":"819b95970fd1a8a4419aeae9b0e09c26cfe7e44c","sellTxId":"7ad240d009fb0ad769768cfe5b98b04d9ed61221"}
{"index": {"_index":"pob","_id":"1644609"}}
	{"id":1644609,"type":"sell","buyer":"bluesniper","seller":"borgheseglass","symbol":"POB","quantity":"2.87697959","price":"0.19001000","timestamp":1633441566,"volume":"0.54665489","buyTxId":"MM-P-11030685-58015725-3-9-0","sellTxId":"7ad240d009fb0ad769768cfe5b98b04d9ed61221"}
{"index": {"_index":"pob","_id":"1644693"}}
	{"id":1644693,"type":"sell","buyer":"bluesniper","seller":"facilitymanager","symbol":"POB","quantity":"0.00079574","price":"0.19051000","timestamp":1633442637,"volume":"0.00015160","buyTxId":"MM-P-11036365-58021408-3-9-0","sellTxId":"0087748286a95ee5cee9cd6a2e06d955f144c44c"}
{"index": {"_index":"pob","_id":"1644779"}}
	{"id":1644779,"type":"sell","buyer":"richardcrill","seller":"mimi05","symbol":"POB","quantity":"28.45000000","price":"0.19061000","timestamp":1633443888,"volume":"5.42285450","buyTxId":"MM-P-11036431-58021474-3-11-0","sellTxId":"232974faa55fd799a94a70c629cec4772812dc6a"}
{"index": {"_index":"pob","_id":"1644791"}}
	{"id":1644791,"type":"sell","buyer":"richardcrill","seller":"offgridlife","symbol":"POB","quantity":"20.00000000","price":"0.19061000","timestamp":1633444047,"volume":"3.81220000","buyTxId":"MM-P-11036431-58021474-3-11-0","sellTxId":"a0454f0541eb62089098b71e595319b02459df64"}
{"index": {"_index":"pob","_id":"1644971"}}
	{"id":1644971,"type":"buy","buyer":"ahmetay","seller":"mango-juice","symbol":"POB","quantity":"15.95249338","price":"0.22990000","timestamp":1633446180,"volume":"3.66747823","buyTxId":"e30a46bcc862069e42099136ff2d4307dc33d20e","sellTxId":"4dacb0e84a824639295b46de5b01b2360e96c5ce"}
{"index": {"_index":"pob","_id":"1644972"}}
	{"id":1644972,"type":"buy","buyer":"ahmetay","seller":"tonytrillions","symbol":"POB","quantity":"0.03055081","price":"0.23000000","timestamp":1633446180,"volume":"0.00702669","buyTxId":"e30a46bcc862069e42099136ff2d4307dc33d20e","sellTxId":"d3a832248f182339f1807020cd72be684a9dc41b"}
{"index": {"_index":"pob","_id":"1644973"}}
	{"id":1644973,"type":"buy","buyer":"ahmetay","seller":"master-lamps","symbol":"POB","quantity":"5.30201594","price":"0.24999832","timestamp":1633446180,"volume":"1.32549508","buyTxId":"e30a46bcc862069e42099136ff2d4307dc33d20e","sellTxId":"7c3dc5fed7297019eff1ef388f41c330fcba7468"}
{"index": {"_index":"pob","_id":"1644986"}}
	{"id":1644986,"type":"sell","buyer":"richardcrill","seller":"josediccus","symbol":"POB","quantity":"56.85256805","price":"0.19061000","timestamp":1633446411,"volume":"10.83666800","buyTxId":"MM-P-11036431-58021474-3-11-0","sellTxId":"cee03f3b61bb7228bc5b9009b03d20ef0dcf577e"}
{"index": {"_index":"pob","_id":"1645030"}}
	{"id":1645030,"type":"sell","buyer":"richardcrill","seller":"cwow2","symbol":"POB","quantity":"2.55249462","price":"0.19061000","timestamp":1633447116,"volume":"0.48653100","buyTxId":"MM-P-11036431-58021474-3-11-0","sellTxId":"ef8d055253ed8e51e624078be3c2f195a37328cd"}
{"index": {"_index":"pob","_id":"1645152"}}
	{"id":1645152,"type":"buy","buyer":"tipy","seller":"gadrian","symbol":"POB","quantity":"0.00186281","price":"0.24999832","timestamp":1633449198,"volume":"0.00046570","buyTxId":"32ade2d77fad0ad169b6e5bbadbf422acd1a7e0d","sellTxId":"fbd4ae4362d9c6e17b485aff3c8384f76386e3a9"}
{"index": {"_index":"pob","_id":"1645212"}}
	{"id":1645212,"type":"sell","buyer":"master-lamps","seller":"thatsweeneyguy","symbol":"POB","quantity":"0.47830630","price":"0.20000032","timestamp":1633449522,"volume":"0.09566141","buyTxId":"c0a5ddde707e67b324fd37d7ed2f161fec7b4859","sellTxId":"9c31df0a196990d45cdfa1a78e4704a865a8c073"}
{"index": {"_index":"pob","_id":"1645239"}}
	{"id":1645239,"type":"sell","buyer":"master-lamps","seller":"gubbatv","symbol":"POB","quantity":"0.79653212","price":"0.20000032","timestamp":1633449843,"volume":"0.15930668","buyTxId":"c0a5ddde707e67b324fd37d7ed2f161fec7b4859","sellTxId":"fffd62b7ddae730870469c167619aa8aa2b4ed13"}
{"index": {"_index":"pob","_id":"1645432"}}
	{"id":1645432,"type":"sell","buyer":"barski","seller":"bilpcoinbpc","symbol":"POB","quantity":"0.23500000","price":"0.20000500","timestamp":1633451742,"volume":"0.04700118","buyTxId":"4834df0c8cc7cd1ad0d155442481d6e595976cb7","sellTxId":"ab2c1d5a505f35ee151ec378a5acf24d760a64cc"}
{"index": {"_index":"pob","_id":"1645433"}}
	{"id":1645433,"type":"sell","buyer":"master-lamps","seller":"bilpcoinbpc","symbol":"POB","quantity":"6.90216158","price":"0.20000032","timestamp":1633451742,"volume":"1.38043452","buyTxId":"c0a5ddde707e67b324fd37d7ed2f161fec7b4859","sellTxId":"ab2c1d5a505f35ee151ec378a5acf24d760a64cc"}
{"index": {"_index":"pob","_id":"1645434"}}
	{"id":1645434,"type":"sell","buyer":"joshh71390","seller":"bilpcoinbpc","symbol":"POB","quantity":"14.86583842","price":"0.20000000","timestamp":1633451742,"volume":"2.97316768","buyTxId":"086ddb8e94e982c8513b5a39f744576418ae9db9","sellTxId":"ab2c1d5a505f35ee151ec378a5acf24d760a64cc"}
{"index": {"_index":"pob","_id":"1645473"}}
	{"id":1645473,"type":"sell","buyer":"joshh71390","seller":"dwayne16","symbol":"POB","quantity":"20.13416158","price":"0.20000000","timestamp":1633452192,"volume":"4.02683232","buyTxId":"086ddb8e94e982c8513b5a39f744576418ae9db9","sellTxId":"11583c818a6decdf5b39e613a704b92e2b514bf6"}
{"index": {"_index":"pob","_id":"1645474"}}
	{"id":1645474,"type":"sell","buyer":"maarnio","seller":"dwayne16","symbol":"POB","quantity":"10.00000000","price":"0.20000000","timestamp":1633452192,"volume":"2.00000000","buyTxId":"9f04cd31e9f310f51b2816bd3388717294eb7464","sellTxId":"11583c818a6decdf5b39e613a704b92e2b514bf6"}
{"index": {"_index":"pob","_id":"1645475"}}
	{"id":1645475,"type":"sell","buyer":"richardcrill","seller":"dwayne16","symbol":"POB","quantity":"173.12837731","price":"0.19061000","timestamp":1633452192,"volume":"33.00000000","buyTxId":"MM-P-11039523-58024570-3-11-0","sellTxId":"11583c818a6decdf5b39e613a704b92e2b514bf6"}
{"index": {"_index":"pob","_id":"1645476"}}
	{"id":1645476,"type":"sell","buyer":"bluesniper","seller":"dwayne16","symbol":"POB","quantity":"33.94674040","price":"0.19051000","timestamp":1633452192,"volume":"6.46719351","buyTxId":"MM-P-11036365-58021408-3-9-0","sellTxId":"11583c818a6decdf5b39e613a704b92e2b514bf6"}
{"index": {"_index":"pob","_id":"1645477"}}
	{"id":1645477,"type":"sell","buyer":"muratkbesiroglu","seller":"dwayne16","symbol":"POB","quantity":"294.79072071","price":"0.19050000","timestamp":1633452192,"volume":"56.15763230","buyTxId":"545fbccf9619a853a4175e8499f57965a7c3cc04","sellTxId":"11583c818a6decdf5b39e613a704b92e2b514bf6"}
{"index": {"_index":"pob","_id":"1645556"}}
	{"id":1645556,"type":"sell","buyer":"muratkbesiroglu","seller":"bitcoinflood","symbol":"POB","quantity":"11.53173289","price":"0.19050000","timestamp":1633452849,"volume":"2.19679512","buyTxId":"545fbccf9619a853a4175e8499f57965a7c3cc04","sellTxId":"52e29b2fee510f1e8ce45350d06a5925e0bc0bf2"}
{"index": {"_index":"pob","_id":"1645657"}}
	{"id":1645657,"type":"sell","buyer":"abundance.tribe","seller":"stokjockey","symbol":"POB","quantity":"7.04935555","price":"0.22220000","timestamp":1633453578,"volume":"1.56636680","buyTxId":"42be5759cca80d6e8a6142fa8858992864db7750","sellTxId":"0bc28b3374c91daceb4351497e415a9b0d16c82e"}
{"index": {"_index":"pob","_id":"1645667"}}
	{"id":1645667,"type":"sell","buyer":"abundance.tribe","seller":"whitelightxpress","symbol":"POB","quantity":"2.09179738","price":"0.22220000","timestamp":1633453752,"volume":"0.46479738","buyTxId":"42be5759cca80d6e8a6142fa8858992864db7750","sellTxId":"f00017ff12b12df906540ad727bf569392aacc90"}
{"index": {"_index":"pob","_id":"1645672"}}
	{"id":1645672,"type":"sell","buyer":"abundance.tribe","seller":"bilpcoinbpc","symbol":"POB","quantity":"0.30849016","price":"0.22220000","timestamp":1633453788,"volume":"0.06854651","buyTxId":"42be5759cca80d6e8a6142fa8858992864db7750","sellTxId":"0afb003844baac8ba7e52744b9f9efb41599ea2c"}
{"index": {"_index":"pob","_id":"1645679"}}
	{"id":1645679,"type":"sell","buyer":"abundance.tribe","seller":"thelogicaldude","symbol":"POB","quantity":"7.07135691","price":"0.22220000","timestamp":1633453944,"volume":"1.57125551","buyTxId":"42be5759cca80d6e8a6142fa8858992864db7750","sellTxId":"0cafbb2675d8e9af867e298be3b51e3d69a76f0b"}
{"index": {"_index":"pob","_id":"1645680"}}
	{"id":1645680,"type":"sell","buyer":"muratkbesiroglu","seller":"thelogicaldude","symbol":"POB","quantity":"1.72866432","price":"0.19050000","timestamp":1633453944,"volume":"0.32931055","buyTxId":"545fbccf9619a853a4175e8499f57965a7c3cc04","sellTxId":"0cafbb2675d8e9af867e298be3b51e3d69a76f0b"}
{"index": {"_index":"pob","_id":"1645704"}}
	{"id":1645704,"type":"sell","buyer":"muratkbesiroglu","seller":"halukshananah","symbol":"POB","quantity":"0.85877707","price":"0.19050000","timestamp":1633454052,"volume":"0.16359703","buyTxId":"545fbccf9619a853a4175e8499f57965a7c3cc04","sellTxId":"531cecf407a01112a74f2a71ceaf2d83f46f2703"}
{"index": {"_index":"pob","_id":"1645706"}}
	{"id":1645706,"type":"buy","buyer":"tipy","seller":"alfarero","symbol":"POB","quantity":"0.00367987","price":"0.24000000","timestamp":1633454061,"volume":"0.00088317","buyTxId":"35d4dcc6405e4d8c5411cefe2a06b521832b5b26","sellTxId":"fd5aa6f9d5cc7b093ac48f990420a25a6b8f4a98"}
{"index": {"_index":"pob","_id":"1645726"}}
	{"id":1645726,"type":"sell","buyer":"muratkbesiroglu","seller":"hive-189742","symbol":"POB","quantity":"0.08207299","price":"0.19050000","timestamp":1633454448,"volume":"0.01563490","buyTxId":"545fbccf9619a853a4175e8499f57965a7c3cc04","sellTxId":"dd9a337498336677fadd10ce78e5153908142ab2"}
{"index": {"_index":"pob","_id":"1645771"}}
	{"id":1645771,"type":"sell","buyer":"maarnio","seller":"jesustiano","symbol":"POB","quantity":"2.00874596","price":"0.19100000","timestamp":1633455099,"volume":"0.38367048","buyTxId":"a4b05ddff514b646beb0e8714f9ee293670f734c","sellTxId":"f2966f33af9553ee77ccb6c969b65d438f715181"}
{"index": {"_index":"pob","_id":"1645809"}}
	{"id":1645809,"type":"sell","buyer":"peter-stone","seller":"offgridlife","symbol":"POB","quantity":"0.11000000","price":"0.19101000","timestamp":1633455594,"volume":"0.02101110","buyTxId":"320183b10f65ec036247e0adcd28abba4aac388e","sellTxId":"a6f5cadafe05ce21c248f6ff6d579e8c8e740e9a"}
{"index": {"_index":"pob","_id":"1645810"}}
	{"id":1645810,"type":"sell","buyer":"maarnio","seller":"offgridlife","symbol":"POB","quantity":"2.89000000","price":"0.19100000","timestamp":1633455594,"volume":"0.55199000","buyTxId":"a4b05ddff514b646beb0e8714f9ee293670f734c","sellTxId":"a6f5cadafe05ce21c248f6ff6d579e8c8e740e9a"}
{"index": {"_index":"pob","_id":"1645931"}}
	{"id":1645931,"type":"sell","buyer":"maarnio","seller":"zonadigital21","symbol":"POB","quantity":"0.10125404","price":"0.19100000","timestamp":1633456344,"volume":"0.01933952","buyTxId":"a4b05ddff514b646beb0e8714f9ee293670f734c","sellTxId":"8ec9726dd39e12cf95bb3185324fb10d51ddd8aa"}
{"index": {"_index":"pob","_id":"1645937"}}
	{"id":1645937,"type":"buy","buyer":"pixelfan","seller":"zonadigital21","symbol":"POB","quantity":"1.67841766","price":"0.19100000","timestamp":1633456422,"volume":"0.32057777","buyTxId":"3197c637dcb1847c9a43ede52117ae2a738441ee","sellTxId":"8ec9726dd39e12cf95bb3185324fb10d51ddd8aa"}
{"index": {"_index":"pob","_id":"1645943"}}
	{"id":1645943,"type":"buy","buyer":"pixelfan","seller":"alfarero","symbol":"POB","quantity":"2.83632013","price":"0.24000000","timestamp":1633456458,"volume":"0.68071683","buyTxId":"3be5382f03ad4d3bb19e039b83ea5940a62fc56e","sellTxId":"fd5aa6f9d5cc7b093ac48f990420a25a6b8f4a98"}
{"index": {"_index":"pob","_id":"1645965"}}
	{"id":1645965,"type":"sell","buyer":"muratkbesiroglu","seller":"ruth-girl","symbol":"POB","quantity":"60.60990945","price":"0.19050000","timestamp":1633456653,"volume":"11.54618775","buyTxId":"545fbccf9619a853a4175e8499f57965a7c3cc04","sellTxId":"4d3e2b911f1d678d017af670ba328da700da2467"}
{"index": {"_index":"pob","_id":"1645966"}}
	{"id":1645966,"type":"sell","buyer":"muratkbesiroglu","seller":"chinorf","symbol":"POB","quantity":"1.22366980","price":"0.19050000","timestamp":1633456656,"volume":"0.23310910","buyTxId":"545fbccf9619a853a4175e8499f57965a7c3cc04","sellTxId":"e88b251f4e2e884477fad48626dfc89a172e72b9"}
{"index": {"_index":"pob","_id":"1645989"}}
	{"id":1645989,"type":"sell","buyer":"muratkbesiroglu","seller":"jeniffer23","symbol":"POB","quantity":"1.70532248","price":"0.19050000","timestamp":1633456905,"volume":"0.32486393","buyTxId":"545fbccf9619a853a4175e8499f57965a7c3cc04","sellTxId":"b9a7bfa369a881f7a70fdd9b28675e71c160c96d"}
{"index": {"_index":"pob","_id":"1645995"}}
	{"id":1645995,"type":"sell","buyer":"muratkbesiroglu","seller":"revisesociology","symbol":"POB","quantity":"15.00000000","price":"0.19050000","timestamp":1633456959,"volume":"2.85750000","buyTxId":"545fbccf9619a853a4175e8499f57965a7c3cc04","sellTxId":"14e1899266a76bc6019aaaa2dd8bc614315bc555"}
{"index": {"_index":"pob","_id":"1646015"}}
	{"id":1646015,"type":"sell","buyer":"muratkbesiroglu","seller":"mad-runner","symbol":"POB","quantity":"0.50948253","price":"0.19050000","timestamp":1633457220,"volume":"0.09705642","buyTxId":"545fbccf9619a853a4175e8499f57965a7c3cc04","sellTxId":"cda1dffb4ba783d62e02e3dd4203e81e81a5ede1"}
{"index": {"_index":"pob","_id":"1646285"}}
	{"id":1646285,"type":"sell","buyer":"richardcrill","seller":"andy4475","symbol":"POB","quantity":"0.67784667","price":"0.19060100","timestamp":1633459986,"volume":"0.12919825","buyTxId":"MM-P-11041814-58026862-3-11-0","sellTxId":"4f6dc5a3c6f0fdc088fdc2bb421f859782648ad6"}
{"index": {"_index":"pob","_id":"1646360"}}
	{"id":1646360,"type":"sell","buyer":"richardcrill","seller":"ackza","symbol":"POB","quantity":"9.92385916","price":"0.19060100","timestamp":1633461072,"volume":"1.89149748","buyTxId":"MM-P-11041814-58026862-3-11-0","sellTxId":"d8e1595cb2121a6f4d78524ca40fdc8fdcd161b2"}
{"index": {"_index":"pob","_id":"1646392"}}
	{"id":1646392,"type":"buy","buyer":"pixelfan","seller":"joshh71390","symbol":"POB","quantity":"15.00000000","price":"0.23000000","timestamp":1633461522,"volume":"3.45000000","buyTxId":"ac12b4505bf46abcae683633a4120a37cbdffa7b","sellTxId":"34c285dbbf9d9af1a6aa10f0d3f8bab352530b56"}
{"index": {"_index":"pob","_id":"1646528"}}
	{"id":1646528,"type":"sell","buyer":"joshh71390","seller":"forexbrokr","symbol":"POB","quantity":"5.06258401","price":"0.20000000","timestamp":1633463145,"volume":"1.01251680","buyTxId":"f5a354549974e52c9b2b053b96df638258205d77","sellTxId":"01aadd57157844ede6a4818af8238849285f03f6"}
{"index": {"_index":"pob","_id":"1646529"}}
	{"id":1646529,"type":"sell","buyer":"joshh71390","seller":"doitvoluntarily","symbol":"POB","quantity":"1.02200000","price":"0.20000000","timestamp":1633463148,"volume":"0.20440000","buyTxId":"f5a354549974e52c9b2b053b96df638258205d77","sellTxId":"8c81f03b1a974207234f0bede44c665212f8803f"}
{"index": {"_index":"pob","_id":"1646555"}}
	{"id":1646555,"type":"sell","buyer":"joshh71390","seller":"riandeuk","symbol":"POB","quantity":"3.81823843","price":"0.20000000","timestamp":1633463628,"volume":"0.76364769","buyTxId":"f5a354549974e52c9b2b053b96df638258205d77","sellTxId":"4b98ea3bf657f89e70c95c0c3cd37750a5149e87"}
{"index": {"_index":"pob","_id":"1646570"}}
	{"id":1646570,"type":"sell","buyer":"joshh71390","seller":"andy4475","symbol":"POB","quantity":"0.30319565","price":"0.20000000","timestamp":1633463928,"volume":"0.06063913","buyTxId":"f5a354549974e52c9b2b053b96df638258205d77","sellTxId":"749c76f8402db45f34fa98a49952e8a5b55b1028"}
{"index": {"_index":"pob","_id":"1646610"}}
	{"id":1646610,"type":"sell","buyer":"joshh71390","seller":"nazatpt","symbol":"POB","quantity":"0.97834184","price":"0.20000000","timestamp":1633464324,"volume":"0.19566837","buyTxId":"f5a354549974e52c9b2b053b96df638258205d77","sellTxId":"1df5c200948fcf9978bcad3067cf674b746ead80"}
{"index": {"_index":"pob","_id":"1646618"}}
	{"id":1646618,"type":"sell","buyer":"joshh71390","seller":"chireerocks","symbol":"POB","quantity":"9.45309191","price":"0.20000000","timestamp":1633464483,"volume":"1.89061838","buyTxId":"f5a354549974e52c9b2b053b96df638258205d77","sellTxId":"f36e6ff2d3fd6f7d3e87892f4764018fb8ed8163"}
{"index": {"_index":"pob","_id":"1646917"}}
	{"id":1646917,"type":"sell","buyer":"joshh71390","seller":"kevinnag58","symbol":"POB","quantity":"4.36254816","price":"0.20000000","timestamp":1633466808,"volume":"0.87250963","buyTxId":"f5a354549974e52c9b2b053b96df638258205d77","sellTxId":"73e7507f7b735ec64116a2b2b535431a34d96b69"}
{"index": {"_index":"pob","_id":"1646918"}}
	{"id":1646918,"type":"sell","buyer":"barski","seller":"kevinnag58","symbol":"POB","quantity":"0.16200000","price":"0.19501000","timestamp":1633466808,"volume":"0.03159162","buyTxId":"ba9b7f789a1a723d8226fe416a3ddd49176d8cfa","sellTxId":"73e7507f7b735ec64116a2b2b535431a34d96b69"}
{"index": {"_index":"pob","_id":"1646919"}}
	{"id":1646919,"type":"sell","buyer":"joshh71390","seller":"kevinnag58","symbol":"POB","quantity":"8.47545184","price":"0.19500000","timestamp":1633466808,"volume":"1.65271311","buyTxId":"c2dff43668375bf39ef07a51df97d6f20b311fb1","sellTxId":"73e7507f7b735ec64116a2b2b535431a34d96b69"}
{"index": {"_index":"pob","_id":"1647115"}}
	{"id":1647115,"type":"buy","buyer":"pixelfan","seller":"gadrian","symbol":"POB","quantity":"0.17854004","price":"0.24999832","timestamp":1633470339,"volume":"0.04463471","buyTxId":"af3204d75e6af7e51cc7be3822a82eb2ba0be037","sellTxId":"fbd4ae4362d9c6e17b485aff3c8384f76386e3a9"}
{"index": {"_index":"pob","_id":"1647118"}}
	{"id":1647118,"type":"buy","buyer":"pixelfan","seller":"gadrian","symbol":"POB","quantity":"2.00000000","price":"0.24999832","timestamp":1633470372,"volume":"0.49999664","buyTxId":"2cc280c0d50009ebc1c5e6a615153258639bc31d","sellTxId":"fbd4ae4362d9c6e17b485aff3c8384f76386e3a9"}
{"index": {"_index":"pob","_id":"1647120"}}
	{"id":1647120,"type":"buy","buyer":"pixelfan","seller":"gadrian","symbol":"POB","quantity":"3.00000000","price":"0.24999832","timestamp":1633470495,"volume":"0.74999496","buyTxId":"2ad8be86f23554f7e58b4e16b583eb9dd5475278","sellTxId":"fbd4ae4362d9c6e17b485aff3c8384f76386e3a9"}
{"index": {"_index":"pob","_id":"1647149"}}
	{"id":1647149,"type":"sell","buyer":"barski","seller":"justinparke","symbol":"POB","quantity":"0.40000000","price":"0.19501000","timestamp":1633470819,"volume":"0.07800400","buyTxId":"c30c82779243fa06cfff3231f5e4bbfe0671a039","sellTxId":"4888d157345f0cc34231dc13371334c36480f484"}
{"index": {"_index":"pob","_id":"1647150"}}
	{"id":1647150,"type":"sell","buyer":"joshh71390","seller":"justinparke","symbol":"POB","quantity":"1.52454816","price":"0.19500000","timestamp":1633470819,"volume":"0.29728689","buyTxId":"c2dff43668375bf39ef07a51df97d6f20b311fb1","sellTxId":"4888d157345f0cc34231dc13371334c36480f484"}
{"index": {"_index":"pob","_id":"1647151"}}
	{"id":1647151,"type":"sell","buyer":"richardcrill","seller":"justinparke","symbol":"POB","quantity":"1.66640807","price":"0.19060100","timestamp":1633470819,"volume":"0.31761904","buyTxId":"MM-P-11043308-58028357-3-11-0","sellTxId":"4888d157345f0cc34231dc13371334c36480f484"}
{"index": {"_index":"pob","_id":"1647200"}}
	{"id":1647200,"type":"sell","buyer":"richardcrill","seller":"cryptoandcoffee","symbol":"POB","quantity":"6.00000000","price":"0.19060100","timestamp":1633471488,"volume":"1.14360600","buyTxId":"MM-P-11043308-58028357-3-11-0","sellTxId":"3ad4c1b3a486d770e8065f64ddba99baeb831e39"}
{"index": {"_index":"pob","_id":"1647225"}}
	{"id":1647225,"type":"sell","buyer":"richardcrill","seller":"hive-id","symbol":"POB","quantity":"0.65000000","price":"0.19060100","timestamp":1633471950,"volume":"0.12389065","buyTxId":"MM-P-11043308-58028357-3-11-0","sellTxId":"a85064a30fefad346b5673bcb559c849c0f8d857"}
{"index": {"_index":"pob","_id":"1647238"}}
	{"id":1647238,"type":"buy","buyer":"pixelfan","seller":"livinguktaiwan","symbol":"POB","quantity":"16.95000000","price":"0.23000000","timestamp":1633472112,"volume":"3.89850000","buyTxId":"cd08c01e1917b95c0b4a6251a99671c4f54337e1","sellTxId":"585462fbe209d6ff1cdb8f93bcb7f868b96a3320"}
{"index": {"_index":"pob","_id":"1647243"}}
	{"id":1647243,"type":"buy","buyer":"pixelfan","seller":"gadrian","symbol":"POB","quantity":"0.05000000","price":"0.24999832","timestamp":1633472310,"volume":"0.01249992","buyTxId":"272686406f361ec46d0f139bf2b136677730243c","sellTxId":"fbd4ae4362d9c6e17b485aff3c8384f76386e3a9"}
{"index": {"_index":"pob","_id":"1647295"}}
	{"id":1647295,"type":"sell","buyer":"richardcrill","seller":"shmoogleosukami","symbol":"POB","quantity":"0.50852939","price":"0.19060100","timestamp":1633473180,"volume":"0.09692621","buyTxId":"MM-P-11043308-58028357-3-11-0","sellTxId":"0dd3fb746e32fc9d49ec9453bb7fc3e8374b2595"}
{"index": {"_index":"pob","_id":"1647300"}}
	{"id":1647300,"type":"buy","buyer":"pixelfan","seller":"gadrian","symbol":"POB","quantity":"0.47293311","price":"0.24999832","timestamp":1633473321,"volume":"0.11823248","buyTxId":"5019439701c65d201de08cc449b540d3813eef8a","sellTxId":"fbd4ae4362d9c6e17b485aff3c8384f76386e3a9"}
{"index": {"_index":"pob","_id":"1647301"}}
	{"id":1647301,"type":"buy","buyer":"pixelfan","seller":"master-lamps","symbol":"POB","quantity":"0.51479715","price":"0.24999832","timestamp":1633473321,"volume":"0.12869842","buyTxId":"5019439701c65d201de08cc449b540d3813eef8a","sellTxId":"f47a6d3b5a6e5066d0a36dd55d03a1e2afe15f64"}
{"index": {"_index":"pob","_id":"1647302"}}
	{"id":1647302,"type":"buy","buyer":"pixelfan","seller":"hranhuk","symbol":"POB","quantity":"23.01226974","price":"0.25000000","timestamp":1633473321,"volume":"5.75306744","buyTxId":"5019439701c65d201de08cc449b540d3813eef8a","sellTxId":"432c3cdcccb409e7540d3197f341087fe4316a3b"}
{"index": {"_index":"pob","_id":"1647304"}}
	{"id":1647304,"type":"sell","buyer":"richardcrill","seller":"enforcer48","symbol":"POB","quantity":"0.87800000","price":"0.19060100","timestamp":1633473345,"volume":"0.16734768","buyTxId":"MM-P-11043308-58028357-3-11-0","sellTxId":"12d711ed7039b89fbb83e3256dfba56a85383371"}
{"index": {"_index":"pob","_id":"1647379"}}
	{"id":1647379,"type":"sell","buyer":"hranhuk","seller":"tommyl33","symbol":"POB","quantity":"4.93707872","price":"0.19100000","timestamp":1633474971,"volume":"0.94298204","buyTxId":"e667808b0f71931c00f380aeb38b350e63546f93","sellTxId":"d673a6866d1b14a75661a5adaad28607d9bb92fb"}
{"index": {"_index":"pob","_id":"1647420"}}
	{"id":1647420,"type":"sell","buyer":"richardcrill","seller":"andy4475","symbol":"POB","quantity":"4.18958346","price":"0.19110000","timestamp":1633475895,"volume":"0.80062940","buyTxId":"MM-P-11047293-58032345-3-11-0","sellTxId":"27680ef6ad3ab6bc3a8fffae0c434a92d1365453"}
{"index": {"_index":"pob","_id":"1647436"}}
	{"id":1647436,"type":"sell","buyer":"richardcrill","seller":"cccf","symbol":"POB","quantity":"0.45500000","price":"0.19110000","timestamp":1633476162,"volume":"0.08695050","buyTxId":"MM-P-11047293-58032345-3-11-0","sellTxId":"856071b96a17269bc93531638d3e1a82cc1eebda"}
{"index": {"_index":"pob","_id":"1647524"}}
	{"id":1647524,"type":"buy","buyer":"joshh71390","seller":"danewilliams","symbol":"POB","quantity":"0.58745466","price":"0.20000000","timestamp":1633477653,"volume":"0.11749093","buyTxId":"9579ef74a485d1cec10a1eb1e70d9b7f9e6ad97f","sellTxId":"da6355906ac9556773910f084210c7e5e729de3a"}
{"index": {"_index":"pob","_id":"1647551"}}
	{"id":1647551,"type":"sell","buyer":"joshh71390","seller":"kevm","symbol":"POB","quantity":"0.01188195","price":"0.20000000","timestamp":1633478145,"volume":"0.00237639","buyTxId":"9579ef74a485d1cec10a1eb1e70d9b7f9e6ad97f","sellTxId":"14eb8dfddded1bafa08e359b8751b1a0f366f0a8"}
{"index": {"_index":"pob","_id":"1647559"}}
	{"id":1647559,"type":"sell","buyer":"joshh71390","seller":"cliffagreen","symbol":"POB","quantity":"0.11367319","price":"0.20000000","timestamp":1633478343,"volume":"0.02273464","buyTxId":"9579ef74a485d1cec10a1eb1e70d9b7f9e6ad97f","sellTxId":"8af8999a7dab0bda4c1d521bc23ea96dff554453"}
{"index": {"_index":"pob","_id":"1647564"}}
	{"id":1647564,"type":"sell","buyer":"joshh71390","seller":"threesteps","symbol":"POB","quantity":"1.37116428","price":"0.20000000","timestamp":1633478415,"volume":"0.27423286","buyTxId":"9579ef74a485d1cec10a1eb1e70d9b7f9e6ad97f","sellTxId":"563d3393ab1f5918470b9f0cf33ab37adcc816a3"}
{"index": {"_index":"pob","_id":"1647672"}}
	{"id":1647672,"type":"sell","buyer":"joshh71390","seller":"finguru","symbol":"POB","quantity":"2.91582592","price":"0.20000000","timestamp":1633478772,"volume":"0.58316518","buyTxId":"9579ef74a485d1cec10a1eb1e70d9b7f9e6ad97f","sellTxId":"6f498669f986c00635c2c14713f0399d5188f9d4"}
{"index": {"_index":"pob","_id":"1648214"}}
	{"id":1648214,"type":"sell","buyer":"richardcrill","seller":"vempromundo","symbol":"POB","quantity":"168.03987494","price":"0.19110000","timestamp":1633480113,"volume":"32.11242010","buyTxId":"MM-P-11047293-58032345-3-11-0","sellTxId":"0b70a9b75f59edc244cc0fbb9fc38ad07c7bddb2"}
{"index": {"_index":"pob","_id":"1648215"}}
	{"id":1648215,"type":"sell","buyer":"hranhuk","seller":"vempromundo","symbol":"POB","quantity":"25.06292128","price":"0.19100000","timestamp":1633480113,"volume":"4.78701796","buyTxId":"e667808b0f71931c00f380aeb38b350e63546f93","sellTxId":"0b70a9b75f59edc244cc0fbb9fc38ad07c7bddb2"}
{"index": {"_index":"pob","_id":"1648216"}}
	{"id":1648216,"type":"sell","buyer":"bluesniper","seller":"vempromundo","symbol":"POB","quantity":"15.40208770","price":"0.19051100","timestamp":1633480113,"volume":"2.93426713","buyTxId":"MM-P-11041847-58026895-3-9-0","sellTxId":"0b70a9b75f59edc244cc0fbb9fc38ad07c7bddb2"}
{"index": {"_index":"pob","_id":"1648217"}}
	{"id":1648217,"type":"sell","buyer":"onealfa.pob","seller":"vempromundo","symbol":"POB","quantity":"19.49511608","price":"0.19050100","timestamp":1633480113,"volume":"3.71383911","buyTxId":"bbfa8070e39fde8d60e9632825c05e2eb5afc87f","sellTxId":"0b70a9b75f59edc244cc0fbb9fc38ad07c7bddb2"}
{"index": {"_index":"pob","_id":"1648252"}}
	{"id":1648252,"type":"sell","buyer":"onealfa.pob","seller":"vempromundo.pob","symbol":"POB","quantity":"424.50488392","price":"0.19050100","timestamp":1633480203,"volume":"80.86860489","buyTxId":"bbfa8070e39fde8d60e9632825c05e2eb5afc87f","sellTxId":"d06a49b76399ac897364e1b2a1a9d7f785ef018f"}
{"index": {"_index":"pob","_id":"1648253"}}
	{"id":1648253,"type":"sell","buyer":"muratkbesiroglu","seller":"vempromundo.pob","symbol":"POB","quantity":"468.49511608","price":"0.19050000","timestamp":1633480203,"volume":"89.24831961","buyTxId":"545fbccf9619a853a4175e8499f57965a7c3cc04","sellTxId":"d06a49b76399ac897364e1b2a1a9d7f785ef018f"}
{"index": {"_index":"pob","_id":"1648434"}}
	{"id":1648434,"type":"sell","buyer":"muratkbesiroglu","seller":"mykos","symbol":"POB","quantity":"2.33508573","price":"0.19050000","timestamp":1633480710,"volume":"0.44483383","buyTxId":"545fbccf9619a853a4175e8499f57965a7c3cc04","sellTxId":"1a7e8a5a45126c71ab3535f818a7715f80223f9f"}
{"index": {"_index":"pob","_id":"1648483"}}
	{"id":1648483,"type":"sell","buyer":"muratkbesiroglu","seller":"my451r","symbol":"POB","quantity":"8.90578297","price":"0.19050000","timestamp":1633480827,"volume":"1.69655166","buyTxId":"545fbccf9619a853a4175e8499f57965a7c3cc04","sellTxId":"ed643fcb38c5f37ab0ed254aa8438b0ab3b9b663"}
{"index": {"_index":"pob","_id":"1648505"}}
	{"id":1648505,"type":"sell","buyer":"muratkbesiroglu","seller":"vempromundo.pob","symbol":"POB","quantity":"450.00000000","price":"0.19050000","timestamp":1633480893,"volume":"85.72500000","buyTxId":"545fbccf9619a853a4175e8499f57965a7c3cc04","sellTxId":"69e30f38d5ed63081d260db8b9530b94400e9f28"}
{"index": {"_index":"pob","_id":"1648557"}}
	{"id":1648557,"type":"sell","buyer":"muratkbesiroglu","seller":"ralexandria","symbol":"POB","quantity":"58.65679546","price":"0.19050000","timestamp":1633481022,"volume":"11.17411954","buyTxId":"545fbccf9619a853a4175e8499f57965a7c3cc04","sellTxId":"aa7fef6772035b97281f198b9b7a0f7d27cfcd71"}
{"index": {"_index":"pob","_id":"1648616"}}
	{"id":1648616,"type":"sell","buyer":"muratkbesiroglu","seller":"melbourneswest","symbol":"POB","quantity":"2.46422009","price":"0.19050000","timestamp":1633481211,"volume":"0.46943393","buyTxId":"545fbccf9619a853a4175e8499f57965a7c3cc04","sellTxId":"19d8eb9ebfcfb24c998fac43e55c84253a3cb083"}
{"index": {"_index":"pob","_id":"1648739"}}
	{"id":1648739,"type":"sell","buyer":"muratkbesiroglu","seller":"thranax","symbol":"POB","quantity":"1.69130564","price":"0.19050000","timestamp":1633481688,"volume":"0.32219372","buyTxId":"545fbccf9619a853a4175e8499f57965a7c3cc04","sellTxId":"cfdc61153a3b9b89af167027e214f556e6f23378"}
{"index": {"_index":"pob","_id":"1648827"}}
	{"id":1648827,"type":"sell","buyer":"muratkbesiroglu","seller":"kattycrochet","symbol":"POB","quantity":"0.00446676","price":"0.19050000","timestamp":1633482030,"volume":"0.00085092","buyTxId":"545fbccf9619a853a4175e8499f57965a7c3cc04","sellTxId":"7736d32cbfdcb9336a21bd5fa339cc7991f99c52"}
{"index": {"_index":"pob","_id":"1648846"}}
	{"id":1648846,"type":"sell","buyer":"muratkbesiroglu","seller":"badnewsbeards","symbol":"POB","quantity":"9.56709300","price":"0.19050000","timestamp":1633482135,"volume":"1.82253122","buyTxId":"545fbccf9619a853a4175e8499f57965a7c3cc04","sellTxId":"e14d074f5dc895e7271b1a3534278e87f6e31e2c"}
{"index": {"_index":"pob","_id":"1648954"}}
	{"id":1648954,"type":"sell","buyer":"muratkbesiroglu","seller":"charcoalbuffet","symbol":"POB","quantity":"5.33595299","price":"0.19050000","timestamp":1633482477,"volume":"1.01649904","buyTxId":"545fbccf9619a853a4175e8499f57965a7c3cc04","sellTxId":"1c61f470cf57e2b0199103c79cad1a791a1e12ca"}
{"index": {"_index":"pob","_id":"1648961"}}
	{"id":1648961,"type":"sell","buyer":"muratkbesiroglu","seller":"benjaaa","symbol":"POB","quantity":"0.17188623","price":"0.19050000","timestamp":1633482516,"volume":"0.03274433","buyTxId":"545fbccf9619a853a4175e8499f57965a7c3cc04","sellTxId":"565e1a9feaf54bed102d5ee8ebd889b7c25c9612"}
{"index": {"_index":"pob","_id":"1648983"}}
	{"id":1648983,"type":"sell","buyer":"muratkbesiroglu","seller":"melbourneswest","symbol":"POB","quantity":"5.98173469","price":"0.19050000","timestamp":1633482552,"volume":"1.13952046","buyTxId":"545fbccf9619a853a4175e8499f57965a7c3cc04","sellTxId":"55103fd73f6512e6bf215b2fc2cb3e4f482c16bc"}
{"index": {"_index":"pob","_id":"1649122"}}
	{"id":1649122,"type":"sell","buyer":"muratkbesiroglu","seller":"eythorphoto","symbol":"POB","quantity":"0.55348017","price":"0.19050000","timestamp":1633483215,"volume":"0.10543797","buyTxId":"545fbccf9619a853a4175e8499f57965a7c3cc04","sellTxId":"8af1dc6204e725e0870a6df310b419f4779269f0"}
{"index": {"_index":"pob","_id":"1649153"}}
	{"id":1649153,"type":"sell","buyer":"muratkbesiroglu","seller":"zahidsun","symbol":"POB","quantity":"19.04557112","price":"0.19050000","timestamp":1633483428,"volume":"3.62818130","buyTxId":"545fbccf9619a853a4175e8499f57965a7c3cc04","sellTxId":"8a6a3a8e1b93f9bd288baeb3cb8514e376490369"}
{"index": {"_index":"pob","_id":"1649154"}}
	{"id":1649154,"type":"sell","buyer":"muratkbesiroglu","seller":"mr-gabriel","symbol":"POB","quantity":"3.24000000","price":"0.19050000","timestamp":1633483434,"volume":"0.61722000","buyTxId":"545fbccf9619a853a4175e8499f57965a7c3cc04","sellTxId":"d152a8ad77fc81961ef83f568467db2e37092ec2"}
{"index": {"_index":"pob","_id":"1649233"}}
	{"id":1649233,"type":"sell","buyer":"muratkbesiroglu","seller":"derangedvisions","symbol":"POB","quantity":"6.63942067","price":"0.19050000","timestamp":1633484079,"volume":"1.26480964","buyTxId":"545fbccf9619a853a4175e8499f57965a7c3cc04","sellTxId":"eca09ad5a306e8e3f61ef934b323ca1358ffb441"}
{"index": {"_index":"pob","_id":"1649276"}}
	{"id":1649276,"type":"sell","buyer":"muratkbesiroglu","seller":"sztorm","symbol":"POB","quantity":"4.49908236","price":"0.19050000","timestamp":1633484295,"volume":"0.85707519","buyTxId":"545fbccf9619a853a4175e8499f57965a7c3cc04","sellTxId":"2ce6f611f4f8d9bbd5454db278050bab98502ea6"}
{"index": {"_index":"pob","_id":"1649364"}}
	{"id":1649364,"type":"sell","buyer":"muratkbesiroglu","seller":"apoloo1","symbol":"POB","quantity":"0.18599612","price":"0.19050000","timestamp":1633485042,"volume":"0.03543226","buyTxId":"545fbccf9619a853a4175e8499f57965a7c3cc04","sellTxId":"803a8ae789848e60a37a08394ba4b3771d875fdb"}
{"index": {"_index":"pob","_id":"1649386"}}
	{"id":1649386,"type":"sell","buyer":"muratkbesiroglu","seller":"teesart","symbol":"POB","quantity":"21.17476081","price":"0.19050000","timestamp":1633485303,"volume":"4.03379193","buyTxId":"545fbccf9619a853a4175e8499f57965a7c3cc04","sellTxId":"8e2a445831f196fc96e000592bebf475493ae80a"}
{"index": {"_index":"pob","_id":"1649393"}}
	{"id":1649393,"type":"sell","buyer":"muratkbesiroglu","seller":"gamezine","symbol":"POB","quantity":"0.25218537","price":"0.19050000","timestamp":1633485357,"volume":"0.04804131","buyTxId":"545fbccf9619a853a4175e8499f57965a7c3cc04","sellTxId":"8eb7db8bc1f3b6986af3259ddb02712f9c02a243"}
{"index": {"_index":"pob","_id":"1649421"}}
	{"id":1649421,"type":"sell","buyer":"muratkbesiroglu","seller":"captainquack22","symbol":"POB","quantity":"1.62","price":"0.19050000","timestamp":1633485558,"volume":"0.30861000","buyTxId":"545fbccf9619a853a4175e8499f57965a7c3cc04","sellTxId":"3c25e4ec3afd16652c4925a37e1b5720198e2919"}
{"index": {"_index":"pob","_id":"1649426"}}
	{"id":1649426,"type":"sell","buyer":"muratkbesiroglu","seller":"luueetang","symbol":"POB","quantity":"0.16944067","price":"0.19050000","timestamp":1633485600,"volume":"0.03227845","buyTxId":"545fbccf9619a853a4175e8499f57965a7c3cc04","sellTxId":"f60a2628d177e6d246e58521dd42f4463c438eaa"}
{"index": {"_index":"pob","_id":"1649465"}}
	{"id":1649465,"type":"sell","buyer":"muratkbesiroglu","seller":"thranax","symbol":"POB","quantity":"0.21896968","price":"0.19050000","timestamp":1633485906,"volume":"0.04171372","buyTxId":"545fbccf9619a853a4175e8499f57965a7c3cc04","sellTxId":"7372cafc7e49cebc941233c9d19ade88e2bb7c6c"}
{"index": {"_index":"pob","_id":"1649474"}}
	{"id":1649474,"type":"sell","buyer":"muratkbesiroglu","seller":"yuza","symbol":"POB","quantity":"2.00564642","price":"0.19050000","timestamp":1633485927,"volume":"0.38207564","buyTxId":"545fbccf9619a853a4175e8499f57965a7c3cc04","sellTxId":"31d7d1ba8419c76efbaeb4eb90bb112b0b8b42fa"}
{"index": {"_index":"pob","_id":"1649488"}}
	{"id":1649488,"type":"sell","buyer":"muratkbesiroglu","seller":"haseeb-asif-khan","symbol":"POB","quantity":"4.13600000","price":"0.19050000","timestamp":1633485978,"volume":"0.78790800","buyTxId":"545fbccf9619a853a4175e8499f57965a7c3cc04","sellTxId":"ac288bfd6a3efe66b44fedbb7e01a927ab7b7170"}
{"index": {"_index":"pob","_id":"1649519"}}
	{"id":1649519,"type":"sell","buyer":"muratkbesiroglu","seller":"baiboua","symbol":"POB","quantity":"1.58692085","price":"0.19050000","timestamp":1633486119,"volume":"0.30230842","buyTxId":"545fbccf9619a853a4175e8499f57965a7c3cc04","sellTxId":"a59131a27352867fccc2dc8f68e9bc9f0836d5c6"}
{"index": {"_index":"pob","_id":"1649543"}}
	{"id":1649543,"type":"sell","buyer":"muratkbesiroglu","seller":"puza","symbol":"POB","quantity":"2.83469973","price":"0.19050000","timestamp":1633486272,"volume":"0.54001030","buyTxId":"545fbccf9619a853a4175e8499f57965a7c3cc04","sellTxId":"4c74ca640b88a97d1a22aa4cfceb65d0c800d713"}
{"index": {"_index":"pob","_id":"1649614"}}
	{"id":1649614,"type":"sell","buyer":"muratkbesiroglu","seller":"valor2s","symbol":"POB","quantity":"2.23548935","price":"0.19050000","timestamp":1633486623,"volume":"0.42586072","buyTxId":"545fbccf9619a853a4175e8499f57965a7c3cc04","sellTxId":"2e81efe412474ccf5fb7620c3b88767482edec84"}
{"index": {"_index":"pob","_id":"1649654"}}
	{"id":1649654,"type":"sell","buyer":"muratkbesiroglu","seller":"imtase","symbol":"POB","quantity":"5.25532951","price":"0.19050000","timestamp":1633486818,"volume":"1.00114027","buyTxId":"545fbccf9619a853a4175e8499f57965a7c3cc04","sellTxId":"49713b686d86152465423e72dbbf6aae5278edbb"}
{"index": {"_index":"pob","_id":"1649849"}}
	{"id":1649849,"type":"sell","buyer":"muratkbesiroglu","seller":"damla","symbol":"POB","quantity":"11.50789811","price":"0.19050000","timestamp":1633488225,"volume":"2.19225459","buyTxId":"545fbccf9619a853a4175e8499f57965a7c3cc04","sellTxId":"5282f0561c58e9769d0793405b3c9a7e0eed34c8"}
