{"index": {"_index":"pob","_id":"1067262"}}
	{"id":1067262,"type":"sell","buyer":"nazavzhdy","seller":"dkid14","symbol":"POB","quantity":"4.95871584","price":"1.26100000","timestamp":1621393047,"volume":"6.25294067","buyTxId":"0d6c88bb4cd88fad6bb17346442453331c0f383c","sellTxId":"1a82d64ffb1d7fe78ca5c233e0ea90a09c1082d4"}
{"index": {"_index":"pob","_id":"1067263"}}
	{"id":1067263,"type":"sell","buyer":"phusionphil","seller":"rosalestrust","symbol":"POB","quantity":"0.03931136","price":"1.25700000","timestamp":1621393065,"volume":"0.04941438","buyTxId":"ba5e91c40b78cb3fde7cb692060268c6ab29fb1b","sellTxId":"d3dc2de6212cac4bf5ec21cc6bdb8cef38b2da35"}
{"index": {"_index":"pob","_id":"1067264"}}
	{"id":1067264,"type":"sell","buyer":"phusionphil","seller":"mawit07","symbol":"POB","quantity":"0.46068864","price":"1.25700000","timestamp":1621393065,"volume":"0.57908562","buyTxId":"ba5e91c40b78cb3fde7cb692060268c6ab29fb1b","sellTxId":"67069a82137959aae69baca48d8724175bbcef00"}
{"index": {"_index":"pob","_id":"1067265"}}
	{"id":1067265,"type":"sell","buyer":"phusionphil","seller":"mawit07","symbol":"POB","quantity":"1.00000000","price":"1.23800000","timestamp":1621393065,"volume":"1.23800000","buyTxId":"095276b6715a4290ade5366b60a028e870f3c8d2","sellTxId":"67069a82137959aae69baca48d8724175bbcef00"}
{"index": {"_index":"pob","_id":"1067269"}}
	{"id":1067269,"type":"buy","buyer":"mmmmkkkk311","seller":"mawit07","symbol":"POB","quantity":"6.26538100","price":"1.23000000","timestamp":1621393332,"volume":"7.70641863","buyTxId":"523f22fd714bf6bd0bb1755133bf96ded1e5c3fd","sellTxId":"67069a82137959aae69baca48d8724175bbcef00"}
{"index": {"_index":"pob","_id":"1067270"}}
	{"id":1067270,"type":"buy","buyer":"mmmmkkkk311","seller":"dkid14","symbol":"POB","quantity":"9.10264692","price":"1.26100000","timestamp":1621393332,"volume":"11.47843777","buyTxId":"523f22fd714bf6bd0bb1755133bf96ded1e5c3fd","sellTxId":"1a82d64ffb1d7fe78ca5c233e0ea90a09c1082d4"}
{"index": {"_index":"pob","_id":"1067290"}}
	{"id":1067290,"type":"buy","buyer":"mmmmkkkk311","seller":"melbourneswest","symbol":"POB","quantity":"2.00000000","price":"1.40000000","timestamp":1621394085,"volume":"2.80000000","buyTxId":"6efa6f5f2f71507b995cbab9da94d2e943019a9a","sellTxId":"4ccd93182a765531e585861c472939364a2aa03c"}
{"index": {"_index":"pob","_id":"1067291"}}
	{"id":1067291,"type":"buy","buyer":"mmmmkkkk311","seller":"freebornsociety","symbol":"POB","quantity":"8.00000000","price":"1.50019000","timestamp":1621394085,"volume":"12.00152000","buyTxId":"6efa6f5f2f71507b995cbab9da94d2e943019a9a","sellTxId":"MM-P-7078799-54013730-3-1-1"}
{"index": {"_index":"pob","_id":"1067292"}}
	{"id":1067292,"type":"buy","buyer":"mmmmkkkk311","seller":"coininstant","symbol":"POB","quantity":"8.60000000","price":"1.50020000","timestamp":1621394085,"volume":"12.90172000","buyTxId":"6efa6f5f2f71507b995cbab9da94d2e943019a9a","sellTxId":"624f2d622802dfd0d238bc3a577b4743fcce7aed"}
{"index": {"_index":"pob","_id":"1067293"}}
	{"id":1067293,"type":"buy","buyer":"mmmmkkkk311","seller":"mmmmkkkk311","symbol":"POB","quantity":"15.00000000","price":"1.50024000","timestamp":1621394085,"volume":"22.50360000","buyTxId":"6efa6f5f2f71507b995cbab9da94d2e943019a9a","sellTxId":"MM-P-7078823-54013759-3-2-1"}
{"index": {"_index":"pob","_id":"1067294"}}
	{"id":1067294,"type":"buy","buyer":"mmmmkkkk311","seller":"coininstant","symbol":"POB","quantity":"1.60381267","price":"1.50026000","timestamp":1621394085,"volume":"2.40613600","buyTxId":"6efa6f5f2f71507b995cbab9da94d2e943019a9a","sellTxId":"5b0ad3dc90fa3546ea8343502bf02bc444d68b78"}
{"index": {"_index":"pob","_id":"1067309"}}
	{"id":1067309,"type":"buy","buyer":"georgeknowsall","seller":"lallo","symbol":"POB","quantity":"0.28000000","price":"1.78900000","timestamp":1621394796,"volume":"0.50092000","buyTxId":"0bc93e5985c7614a0d29ed4b200d25f961ebe793","sellTxId":"896a036031d01ea1037f00dff0676df69bca3a4b"}
{"index": {"_index":"pob","_id":"1067372"}}
	{"id":1067372,"type":"sell","buyer":"freebornsociety","seller":"scottshots","symbol":"POB","quantity":"5.00000000","price":"1.22957000","timestamp":1621397511,"volume":"6.14785000","buyTxId":"MM-P-7080885-54016026-3-1-0","sellTxId":"cd2822d6bd81bfcd299a4915720a66a8b0404833"}
{"index": {"_index":"pob","_id":"1067413"}}
	{"id":1067413,"type":"sell","buyer":"freebornsociety","seller":"jersteemit","symbol":"POB","quantity":"1.59832803","price":"1.24000000","timestamp":1621398621,"volume":"1.98192676","buyTxId":"MM-P-7080979-54016126-3-1-0","sellTxId":"b69448bfe4b7228f7e554c989cb23d47eddd7add"}
{"index": {"_index":"pob","_id":"1067511"}}
	{"id":1067511,"type":"sell","buyer":"erhan92","seller":"logicforce","symbol":"POB","quantity":"0.09643000","price":"1.24001000","timestamp":1621402500,"volume":"0.11957416","buyTxId":"6cdea93cbfe049ba81f08a625a1f802c8dae15a1","sellTxId":"7d09aa1777e83929815a1cbbe2f866ed8a7ca821"}
{"index": {"_index":"pob","_id":"1067514"}}
	{"id":1067514,"type":"buy","buyer":"robwillmann","seller":"logicforce","symbol":"POB","quantity":"0.64194399","price":"1.24001000","timestamp":1621402728,"volume":"0.79601697","buyTxId":"7e84d850cd1d96ab5e79b6773973fbc32ebe01c4","sellTxId":"7d09aa1777e83929815a1cbbe2f866ed8a7ca821"}
{"index": {"_index":"pob","_id":"1067515"}}
	{"id":1067515,"type":"buy","buyer":"robwillmann","seller":"he-index","symbol":"POB","quantity":"0.16600000","price":"1.24001000","timestamp":1621402728,"volume":"0.20584166","buyTxId":"7e84d850cd1d96ab5e79b6773973fbc32ebe01c4","sellTxId":"fd6f52512e8d0e25db8df39dfe567f8489ae9863"}
{"index": {"_index":"pob","_id":"1067521"}}
	{"id":1067521,"type":"sell","buyer":"freebornsociety","seller":"filotasriza3","symbol":"POB","quantity":"4","price":"1.25000000","timestamp":1621403595,"volume":"5.00000000","buyTxId":"MM-P-7082647-54018025-3-1-0","sellTxId":"f1d5028db278023336fa2981a073202e2ab1ecfa"}
{"index": {"_index":"pob","_id":"1067545"}}
	{"id":1067545,"type":"sell","buyer":"freebornsociety","seller":"brofi-market","symbol":"POB","quantity":"4.00000000","price":"1.25000000","timestamp":1621404438,"volume":"5.00000000","buyTxId":"MM-P-7082647-54018025-3-1-0","sellTxId":"136cc26bd99ec1f8d99f60727a21c9968f2df4d2"}
{"index": {"_index":"pob","_id":"1067559"}}
	{"id":1067559,"type":"buy","buyer":"freebornsociety","seller":"brofi-market","symbol":"POB","quantity":"2.33760763","price":"1.25000000","timestamp":1621404570,"volume":"2.92200954","buyTxId":"MM-P-7083009-54018423-3-1-0","sellTxId":"136cc26bd99ec1f8d99f60727a21c9968f2df4d2"}
{"index": {"_index":"pob","_id":"1067566"}}
	{"id":1067566,"type":"sell","buyer":"solovey6o2","seller":"adamada","symbol":"POB","quantity":"6.89935277","price":"1.24004001","timestamp":1621404906,"volume":"8.55547348","buyTxId":"e80565083a2ccb9d0d7fecad6298486eb0edb32a","sellTxId":"5401ea23e21caa27362014cae5f1cecf24263960"}
{"index": {"_index":"pob","_id":"1067580"}}
	{"id":1067580,"type":"buy","buyer":"onealfa.leo","seller":"solovey6o2","symbol":"POB","quantity":"70.78739670","price":"1.24999999","timestamp":1621405047,"volume":"88.48424517","buyTxId":"fc3fbcbb18e3f6369192f72f79f3e5bd8cc825a9","sellTxId":"bb8c76045fb19ff121b510ff1beb98441a2ead8f"}
{"index": {"_index":"pob","_id":"1067581"}}
	{"id":1067581,"type":"buy","buyer":"onealfa.leo","seller":"solovey6o2","symbol":"POB","quantity":"6.89935277","price":"1.24999999","timestamp":1621405047,"volume":"8.62419089","buyTxId":"fc3fbcbb18e3f6369192f72f79f3e5bd8cc825a9","sellTxId":"1ebb9faa211cd0fe6af5dcd3bb14a5c42f1589f6"}
{"index": {"_index":"pob","_id":"1067582"}}
	{"id":1067582,"type":"buy","buyer":"onealfa.leo","seller":"brofi-market","symbol":"POB","quantity":"6.65609546","price":"1.25000000","timestamp":1621405047,"volume":"8.32011933","buyTxId":"fc3fbcbb18e3f6369192f72f79f3e5bd8cc825a9","sellTxId":"136cc26bd99ec1f8d99f60727a21c9968f2df4d2"}
{"index": {"_index":"pob","_id":"1067583"}}
	{"id":1067583,"type":"buy","buyer":"onealfa.leo","seller":"mima2606","symbol":"POB","quantity":"10.00000000","price":"1.34000000","timestamp":1621405047,"volume":"13.40000000","buyTxId":"fc3fbcbb18e3f6369192f72f79f3e5bd8cc825a9","sellTxId":"dcf5d621386b81bd4e67525c2492dc14e8de004b"}
{"index": {"_index":"pob","_id":"1067584"}}
	{"id":1067584,"type":"buy","buyer":"onealfa.leo","seller":"waraira777","symbol":"POB","quantity":"1.50180214","price":"1.34000000","timestamp":1621405047,"volume":"2.01241487","buyTxId":"fc3fbcbb18e3f6369192f72f79f3e5bd8cc825a9","sellTxId":"78f1dbf8d215738bf7ec31e4018c776573ab9982"}
{"index": {"_index":"pob","_id":"1067585"}}
	{"id":1067585,"type":"buy","buyer":"onealfa.leo","seller":"brofi-market","symbol":"POB","quantity":"12.80524607","price":"1.34000000","timestamp":1621405047,"volume":"17.15902974","buyTxId":"fc3fbcbb18e3f6369192f72f79f3e5bd8cc825a9","sellTxId":"9265b4d5658df9a8a9f964f5c36b04870b6859c3"}
{"index": {"_index":"pob","_id":"1067590"}}
	{"id":1067590,"type":"sell","buyer":"solovey6o2","seller":"ftfund","symbol":"POB","quantity":"2.81763642","price":"1.24005301","timestamp":1621405206,"volume":"3.49401852","buyTxId":"f61319d868489f1f263738c237da85fc1947c188","sellTxId":"579d2659ade9185d430dfa0b20c5bb77924449eb"}
{"index": {"_index":"pob","_id":"1067620"}}
	{"id":1067620,"type":"sell","buyer":"mmmmkkkk311","seller":"clixmoney","symbol":"POB","quantity":"0.48302322","price":"1.24007302","timestamp":1621405587,"volume":"0.59898406","buyTxId":"MM-P-7083306-54018752-3-2-0","sellTxId":"6b5f774adcb730dc060eeee97d9abff64f539d85"}
{"index": {"_index":"pob","_id":"1067626"}}
	{"id":1067626,"type":"sell","buyer":"solovey6o2","seller":"zokka82","symbol":"POB","quantity":"0.01095672","price":"1.24007303","timestamp":1621405671,"volume":"0.01358713","buyTxId":"9aefe7dc87aea4c0df4a50f9844db2824d4ffb17","sellTxId":"548e6fa5acec78107287e8ba930857ae39c365c9"}
{"index": {"_index":"pob","_id":"1067675"}}
	{"id":1067675,"type":"buy","buyer":"offgridlife","seller":"brofi-market","symbol":"POB","quantity":"0.01000000","price":"1.34000000","timestamp":1621407090,"volume":"0.01340000","buyTxId":"b98a9e3f23e09874901e6ee1262daa44cad1b122","sellTxId":"9265b4d5658df9a8a9f964f5c36b04870b6859c3"}
{"index": {"_index":"pob","_id":"1067676"}}
	{"id":1067676,"type":"buy","buyer":"offgridlife","seller":"brofi-market","symbol":"POB","quantity":"0.01000000","price":"1.34000000","timestamp":1621407099,"volume":"0.01340000","buyTxId":"69c65a20cf41fe4df847fe87ee0716cc16c243ea","sellTxId":"9265b4d5658df9a8a9f964f5c36b04870b6859c3"}
{"index": {"_index":"pob","_id":"1067677"}}
	{"id":1067677,"type":"buy","buyer":"offgridlife","seller":"brofi-market","symbol":"POB","quantity":"0.01000000","price":"1.34000000","timestamp":1621407111,"volume":"0.01340000","buyTxId":"25a7c11d46aa54a2d27ee638f1d63dbb7a0de95b","sellTxId":"9265b4d5658df9a8a9f964f5c36b04870b6859c3"}
{"index": {"_index":"pob","_id":"1067680"}}
	{"id":1067680,"type":"buy","buyer":"offgridlife","seller":"brofi-market","symbol":"POB","quantity":"0.01000000","price":"1.34000000","timestamp":1621407120,"volume":"0.01340000","buyTxId":"759c9dacf21b85b806e05b1b34ac7adead9dfbcd","sellTxId":"9265b4d5658df9a8a9f964f5c36b04870b6859c3"}
{"index": {"_index":"pob","_id":"1067683"}}
	{"id":1067683,"type":"buy","buyer":"offgridlife","seller":"brofi-market","symbol":"POB","quantity":"0.14845702","price":"1.34000000","timestamp":1621407168,"volume":"0.19893241","buyTxId":"5f9d4963b7657eebe742ff4845430917798def58","sellTxId":"9265b4d5658df9a8a9f964f5c36b04870b6859c3"}
{"index": {"_index":"pob","_id":"1067685"}}
	{"id":1067685,"type":"buy","buyer":"offgridlife","seller":"freebornsociety","symbol":"POB","quantity":"0.10000000","price":"1.68999000","timestamp":1621407210,"volume":"0.16899900","buyTxId":"51f69aac6f48507ada052dfcd848294fa548ff82","sellTxId":"MM-P-7083188-54018623-3-1-0"}
{"index": {"_index":"pob","_id":"1067688"}}
	{"id":1067688,"type":"buy","buyer":"offgridlife","seller":"freebornsociety","symbol":"POB","quantity":"0.10000000","price":"1.68999000","timestamp":1621407255,"volume":"0.16899900","buyTxId":"1f1975a6168df038e32924b6902557fa4c9f5797","sellTxId":"MM-P-7083188-54018623-3-1-0"}
{"index": {"_index":"pob","_id":"1067689"}}
	{"id":1067689,"type":"buy","buyer":"offgridlife","seller":"freebornsociety","symbol":"POB","quantity":"0.10000000","price":"1.68999000","timestamp":1621407267,"volume":"0.16899900","buyTxId":"5bb25b81e1df325fda9c62bf7df4784491ca9c02","sellTxId":"MM-P-7083188-54018623-3-1-0"}
{"index": {"_index":"pob","_id":"1067690"}}
	{"id":1067690,"type":"buy","buyer":"offgridlife","seller":"freebornsociety","symbol":"POB","quantity":"0.10000000","price":"1.68999000","timestamp":1621407279,"volume":"0.16899900","buyTxId":"cb1bfb3f43cdfa91da087d9829938ac09859d9d7","sellTxId":"MM-P-7083188-54018623-3-1-0"}
{"index": {"_index":"pob","_id":"1067699"}}
	{"id":1067699,"type":"sell","buyer":"freebornsociety","seller":"nonsowrites","symbol":"POB","quantity":"7.69146074","price":"1.30014315","timestamp":1621407900,"volume":"9.99999999","buyTxId":"MM-P-7083998-54019522-3-1-0","sellTxId":"70662adcc355ed7613c79cfd78b6ca80dd840dd9"}
{"index": {"_index":"pob","_id":"1067706"}}
	{"id":1067706,"type":"sell","buyer":"freebornsociety","seller":"ahmetay","symbol":"POB","quantity":"0.58676849","price":"1.30015316","timestamp":1621408203,"volume":"0.76288891","buyTxId":"MM-P-7084094-54019622-3-1-0","sellTxId":"bb7d378a094dddf92182827a33908085e59ca10a"}
{"index": {"_index":"pob","_id":"1067710"}}
	{"id":1067710,"type":"buy","buyer":"freebornsociety","seller":"ahmetay","symbol":"POB","quantity":"0.01698197","price":"1.30015316","timestamp":1621408470,"volume":"0.02207916","buyTxId":"MM-P-7084185-54019722-3-1-0","sellTxId":"bb7d378a094dddf92182827a33908085e59ca10a"}
{"index": {"_index":"pob","_id":"1067781"}}
	{"id":1067781,"type":"sell","buyer":"solovey6o2","seller":"dhedge-drips","symbol":"POB","quantity":"1.39218247","price":"1.32028326","timestamp":1621410513,"volume":"1.83807521","buyTxId":"158e567ebef1bbbb6987c058dfc7ae15bce12956","sellTxId":"adca7798ee5d5ff3ec9a0c6756d1d3fd74beeb0b"}
{"index": {"_index":"pob","_id":"1067799"}}
	{"id":1067799,"type":"sell","buyer":"solovey6o2","seller":"amr008","symbol":"POB","quantity":"5.00000000","price":"1.34032330","timestamp":1621411080,"volume":"6.70161650","buyTxId":"e59f581ce28eba866df018ebf2064975ba422eec","sellTxId":"dbf4ec86c35f5ab57ade6ab4e2ca954fdb2c97b4"}
{"index": {"_index":"pob","_id":"1067882"}}
	{"id":1067882,"type":"sell","buyer":"solovey6o2","seller":"achim03","symbol":"POB","quantity":"12.85000000","price":"1.42048346","timestamp":1621413462,"volume":"18.25321246","buyTxId":"e52cafaebc1640ad3cf5ec7568564eade336b67b","sellTxId":"812769b1235778dc8a51d95cb4a7743347a3a0b4"}
{"index": {"_index":"pob","_id":"1067905"}}
	{"id":1067905,"type":"buy","buyer":"freebornsociety","seller":"solovey6o2","symbol":"POB","quantity":"6.89406273","price":"1.44999999","timestamp":1621414173,"volume":"9.99639089","buyTxId":"MM-P-7085917-54021617-3-1-0","sellTxId":"7b1683cfc2f3e047fd38b2a84e0e07379e58c721"}
{"index": {"_index":"pob","_id":"1067908"}}
	{"id":1067908,"type":"buy","buyer":"freebornsociety","seller":"solovey6o2","symbol":"POB","quantity":"2.36885496","price":"1.44999999","timestamp":1621414473,"volume":"3.43483967","buyTxId":"MM-P-7085999-54021717-3-1-0","sellTxId":"7b1683cfc2f3e047fd38b2a84e0e07379e58c721"}
{"index": {"_index":"pob","_id":"1067926"}}
	{"id":1067926,"type":"sell","buyer":"solovey6o2","seller":"x9ed1732b","symbol":"POB","quantity":"0.074","price":"1.44056352","timestamp":1621414641,"volume":"0.10660170","buyTxId":"be824164980d2ca2cf8b7d59e85bc22d28696eb8","sellTxId":"563f25b3e5378ea032fb2089cdf240acca85557e"}
{"index": {"_index":"pob","_id":"1067954"}}
	{"id":1067954,"type":"sell","buyer":"ctime","seller":"ralph75","symbol":"POB","quantity":"0.09925586","price":"1.44062354","timestamp":1621415487,"volume":"0.14299033","buyTxId":"MM-P-7086312-54022045-3-23-0","sellTxId":"b7385319c4423147a17da727c0f53a0821b5cc93"}
{"index": {"_index":"pob","_id":"1067959"}}
	{"id":1067959,"type":"sell","buyer":"solovey6o2","seller":"savagetobi","symbol":"POB","quantity":"17.841024","price":"1.44062355","timestamp":1621415547,"volume":"25.70219933","buyTxId":"431806630ecfed3159995c39689240aa0f339660","sellTxId":"f4cac48714c4e9dd1949c406490a3767523766d3"}
{"index": {"_index":"pob","_id":"1067960"}}
	{"id":1067960,"type":"sell","buyer":"solovey6o2","seller":"clixmoney","symbol":"POB","quantity":"12.39749638","price":"1.44062355","timestamp":1621415706,"volume":"17.86012525","buyTxId":"431806630ecfed3159995c39689240aa0f339660","sellTxId":"fba2adda5438942e437d3c9a7ff15bce69066604"}
{"index": {"_index":"pob","_id":"1067986"}}
	{"id":1067986,"type":"buy","buyer":"onealfa.leo","seller":"solovey6o2","symbol":"POB","quantity":"12.80785791","price":"1.44999999","timestamp":1621416057,"volume":"18.57139384","buyTxId":"f20bb77189efe42a7caa53f64228672cf9692cc3","sellTxId":"7b1683cfc2f3e047fd38b2a84e0e07379e58c721"}
{"index": {"_index":"pob","_id":"1067987"}}
	{"id":1067987,"type":"buy","buyer":"onealfa.leo","seller":"solovey6o2","symbol":"POB","quantity":"17.91502400","price":"1.44999999","timestamp":1621416057,"volume":"25.97678462","buyTxId":"f20bb77189efe42a7caa53f64228672cf9692cc3","sellTxId":"cecf7b884107b35a6b25e30e6c57ba167e55f6d6"}
{"index": {"_index":"pob","_id":"1067988"}}
	{"id":1067988,"type":"buy","buyer":"onealfa.leo","seller":"solovey6o2","symbol":"POB","quantity":"12.39749639","price":"1.44999999","timestamp":1621416057,"volume":"17.97636964","buyTxId":"f20bb77189efe42a7caa53f64228672cf9692cc3","sellTxId":"5d4f627178a56a03df3d97fdfc57a993e9c45d3c"}
{"index": {"_index":"pob","_id":"1067989"}}
	{"id":1067989,"type":"buy","buyer":"onealfa.leo","seller":"surrealfia","symbol":"POB","quantity":"12.05203579","price":"1.45000000","timestamp":1621416057,"volume":"17.47545190","buyTxId":"f20bb77189efe42a7caa53f64228672cf9692cc3","sellTxId":"c166799ce2281af52af8f18b0cd6b31d5a3b48c7"}
{"index": {"_index":"pob","_id":"1068016"}}
	{"id":1068016,"type":"sell","buyer":"solovey6o2","seller":"matheusggr","symbol":"POB","quantity":"2.18194312","price":"1.44070359","timestamp":1621416747,"volume":"3.14353329","buyTxId":"2f99d1797379b8e6fe38f43e515dc2d7740034e4","sellTxId":"d70cecac9c33e5c8c7904fb4c0cde0026e25dd28"}
{"index": {"_index":"pob","_id":"1068022"}}
	{"id":1068022,"type":"sell","buyer":"solovey6o2","seller":"scooter77","symbol":"POB","quantity":"20.00000000","price":"1.44072360","timestamp":1621416996,"volume":"28.81447200","buyTxId":"246314c189eef6ab50eaf92b64f008d9d4aefa2d","sellTxId":"30eafc41932fd983af208948e844854eb2bead31"}
{"index": {"_index":"pob","_id":"1068025"}}
	{"id":1068025,"type":"sell","buyer":"solovey6o2","seller":"scooter77","symbol":"POB","quantity":"20.00000000","price":"1.44072360","timestamp":1621417125,"volume":"28.81447200","buyTxId":"246314c189eef6ab50eaf92b64f008d9d4aefa2d","sellTxId":"de5a5567c656f7948f4819034ff4a7781a895d79"}
{"index": {"_index":"pob","_id":"1068037"}}
	{"id":1068037,"type":"sell","buyer":"solovey6o2","seller":"cwow2","symbol":"POB","quantity":"0.12475763","price":"1.44074361","timestamp":1621417452,"volume":"0.17974376","buyTxId":"ad874f99bd88ec0b06da7a9f93b15508053f2505","sellTxId":"b8e7e84b69df4ad6eae5da7711335e678faa7501"}
{"index": {"_index":"pob","_id":"1068123"}}
	{"id":1068123,"type":"sell","buyer":"solovey6o2","seller":"valor2s","symbol":"POB","quantity":"3.34285885","price":"1.44086367","timestamp":1621419294,"volume":"4.81660387","buyTxId":"31d2d84a18c6ead91e9859a5343c9f7003ac4819","sellTxId":"1ba1fb2bbb97cc89639836923cfd587dd062fe6c"}
{"index": {"_index":"pob","_id":"1068137"}}
	{"id":1068137,"type":"buy","buyer":"onealfa.leo","seller":"solovey6o2","symbol":"POB","quantity":"45.64955960","price":"1.44999998","timestamp":1621419858,"volume":"66.19186051","buyTxId":"c142dd1e1bdb67f191f42a694e9c2fc9fed51192","sellTxId":"4e220a0dea79920a65b7b6f66848f2e37ddfe521"}
{"index": {"_index":"pob","_id":"1068138"}}
	{"id":1068138,"type":"buy","buyer":"onealfa.leo","seller":"yonnathang","symbol":"POB","quantity":"8.82200000","price":"1.44999999","timestamp":1621419858,"volume":"12.79189991","buyTxId":"c142dd1e1bdb67f191f42a694e9c2fc9fed51192","sellTxId":"6413579c08c85c12e526a07c0e19626009edd096"}
{"index": {"_index":"pob","_id":"1068139"}}
	{"id":1068139,"type":"buy","buyer":"onealfa.leo","seller":"surrealfia","symbol":"POB","quantity":"0.01119971","price":"1.45000000","timestamp":1621419858,"volume":"0.01623958","buyTxId":"c142dd1e1bdb67f191f42a694e9c2fc9fed51192","sellTxId":"c166799ce2281af52af8f18b0cd6b31d5a3b48c7"}
{"index": {"_index":"pob","_id":"1068174"}}
	{"id":1068174,"type":"sell","buyer":"solovey6o2","seller":"babytarazkp","symbol":"POB","quantity":"2.66834615","price":"1.44104376","timestamp":1621421895,"volume":"3.84520357","buyTxId":"6d1a9112f8efae4e5e1ae24911ede3c6a4f14cf5","sellTxId":"cce3d6166fe5b18cbb7c14ba542a8f439d3a6349"}
{"index": {"_index":"pob","_id":"1068217"}}
	{"id":1068217,"type":"sell","buyer":"solovey6o2","seller":"ftfund","symbol":"POB","quantity":"1.39033929","price":"1.44120384","timestamp":1621424286,"volume":"2.00376232","buyTxId":"4e8ea30e45b67383fabb0e0edba3076d225040ea","sellTxId":"f96ee4eb15a5b8afe17dc9c975c097e086ce6b52"}
{"index": {"_index":"pob","_id":"1068252"}}
	{"id":1068252,"type":"buy","buyer":"freebornsociety","seller":"surrealfia","symbol":"POB","quantity":"0.53294691","price":"1.45000000","timestamp":1621425273,"volume":"0.77277302","buyTxId":"MM-P-7089267-54025312-3-1-0","sellTxId":"c166799ce2281af52af8f18b0cd6b31d5a3b48c7"}
{"index": {"_index":"pob","_id":"1068263"}}
	{"id":1068263,"type":"sell","buyer":"solovey6o2","seller":"al-gaming","symbol":"POB","quantity":"4.91300000","price":"1.44130389","timestamp":1621425705,"volume":"7.08112601","buyTxId":"65c6f6acd93ad76f34ae38d4e148d1538ef2518f","sellTxId":"3202d049cd2b8e7b6637b8c6b1af464a9584ae68"}
{"index": {"_index":"pob","_id":"1068265"}}
	{"id":1068265,"type":"sell","buyer":"solovey6o2","seller":"andy4475","symbol":"POB","quantity":"2.00480193","price":"1.44130389","timestamp":1621425762,"volume":"2.88952882","buyTxId":"65c6f6acd93ad76f34ae38d4e148d1538ef2518f","sellTxId":"90b2ac05dddb9d1c8e504491b1671a2729744f5f"}
{"index": {"_index":"pob","_id":"1068268"}}
	{"id":1068268,"type":"sell","buyer":"solovey6o2","seller":"clicmaster","symbol":"POB","quantity":"64.45916353","price":"1.44130389","timestamp":1621425849,"volume":"92.90524314","buyTxId":"65c6f6acd93ad76f34ae38d4e148d1538ef2518f","sellTxId":"ec4216a1b6a94595288373088d8dad97700c7181"}
{"index": {"_index":"pob","_id":"1068307"}}
	{"id":1068307,"type":"buy","buyer":"freebornsociety","seller":"solovey6o2","symbol":"POB","quantity":"0.21646840","price":"1.44998999","timestamp":1621426473,"volume":"0.31387701","buyTxId":"MM-P-7089666-54025712-3-1-0","sellTxId":"4950677ee9fbe5fefa7084162944360162a553bb"}
{"index": {"_index":"pob","_id":"1068308"}}
	{"id":1068308,"type":"sell","buyer":"ctime","seller":"dagger212","symbol":"POB","quantity":"2.03316256","price":"1.44136391","timestamp":1621426593,"volume":"2.93052714","buyTxId":"MM-P-7089694-54025740-3-23-0","sellTxId":"cc9d5a7b77d6aa3ee266e7b9b45747ff7e02e384"}
{"index": {"_index":"pob","_id":"1068314"}}
	{"id":1068314,"type":"buy","buyer":"freebornsociety","seller":"solovey6o2","symbol":"POB","quantity":"6.88990947","price":"1.44998999","timestamp":1621426773,"volume":"9.99029976","buyTxId":"MM-P-7089766-54025812-3-1-0","sellTxId":"4950677ee9fbe5fefa7084162944360162a553bb"}
{"index": {"_index":"pob","_id":"1068426"}}
	{"id":1068426,"type":"sell","buyer":"solovey6o2","seller":"captaincryptic","symbol":"POB","quantity":"22.74003753","price":"1.44148398","timestamp":1621428561,"volume":"32.77939980","buyTxId":"03c591a19a7c068d471dff68a45f151e638c5488","sellTxId":"d04bcd2df7e3d8b83da028367238eb6abd05d842"}
{"index": {"_index":"pob","_id":"1068476"}}
	{"id":1068476,"type":"sell","buyer":"ctime","seller":"thomashnblum","symbol":"POB","quantity":"14.60581588","price":"1.44152398","timestamp":1621429020,"volume":"21.05463384","buyTxId":"MM-P-7090493-54026539-3-23-0","sellTxId":"50e92657caa601b64e93de8604faf4b0c23c072c"}
{"index": {"_index":"pob","_id":"1068519"}}
	{"id":1068519,"type":"sell","buyer":"ctime","seller":"bilpcoinbpc","symbol":"POB","quantity":"15.00000000","price":"1.44156398","timestamp":1621429593,"volume":"21.62345970","buyTxId":"MM-P-7090693-54026739-3-23-0","sellTxId":"0aa4c89509bdc40915d563c29012ca3ea521a8df"}
{"index": {"_index":"pob","_id":"1068532"}}
	{"id":1068532,"type":"sell","buyer":"ctime","seller":"tlundy47","symbol":"POB","quantity":"0.00010111","price":"1.44158398","timestamp":1621429917,"volume":"0.00014576","buyTxId":"MM-P-7090793-54026839-3-23-0","sellTxId":"0d3fb12565952a32b5b5aa22dd54612f68f0d918"}
{"index": {"_index":"pob","_id":"1068540"}}
	{"id":1068540,"type":"buy","buyer":"offgridlife","seller":"solovey6o2","symbol":"POB","quantity":"0.10000000","price":"1.44998999","timestamp":1621429983,"volume":"0.14499900","buyTxId":"0f32e0843ab057ce5ff7cb6be168bb18dc4f8eec","sellTxId":"ed80cf99d93e40bbb2e7e94d2a68d4939284f906"}
{"index": {"_index":"pob","_id":"1068543"}}
	{"id":1068543,"type":"buy","buyer":"offgridlife","seller":"solovey6o2","symbol":"POB","quantity":"0.10000000","price":"1.44998999","timestamp":1621429992,"volume":"0.14499900","buyTxId":"9411492a9f778a2059efc55ed4c0ad5a999c673a","sellTxId":"ed80cf99d93e40bbb2e7e94d2a68d4939284f906"}
{"index": {"_index":"pob","_id":"1068545"}}
	{"id":1068545,"type":"buy","buyer":"offgridlife","seller":"solovey6o2","symbol":"POB","quantity":"0.10000000","price":"1.44998999","timestamp":1621430004,"volume":"0.14499900","buyTxId":"7c7255d4a8fc1a9170ec3c00d027d9cb0fafc2ff","sellTxId":"ed80cf99d93e40bbb2e7e94d2a68d4939284f906"}
{"index": {"_index":"pob","_id":"1068548"}}
	{"id":1068548,"type":"buy","buyer":"offgridlife","seller":"solovey6o2","symbol":"POB","quantity":"0.10000000","price":"1.44998999","timestamp":1621430016,"volume":"0.14499900","buyTxId":"e85e1f6f7d8136aae4d0df8710f1423f4b471b11","sellTxId":"ed80cf99d93e40bbb2e7e94d2a68d4939284f906"}
{"index": {"_index":"pob","_id":"1068604"}}
	{"id":1068604,"type":"sell","buyer":"ctime","seller":"anadolu","symbol":"POB","quantity":"24.27851233","price":"1.44160398","timestamp":1621430415,"volume":"35.00000000","buyTxId":"MM-P-7090892-54026938-3-23-0","sellTxId":"b61938705924a106e8906aa355b724ece0916045"}
{"index": {"_index":"pob","_id":"1068605"}}
	{"id":1068605,"type":"sell","buyer":"mmmmkkkk311","seller":"anadolu","symbol":"POB","quantity":"22.89132756","price":"1.44159398","timestamp":1621430415,"volume":"33.00000000","buyTxId":"MM-P-7090892-54026938-3-2-0","sellTxId":"b61938705924a106e8906aa355b724ece0916045"}
{"index": {"_index":"pob","_id":"1068606"}}
	{"id":1068606,"type":"sell","buyer":"onealfa.leo","seller":"anadolu","symbol":"POB","quantity":"60.83016011","price":"1.35000100","timestamp":1621430415,"volume":"82.12077698","buyTxId":"b2d9e77e6f4396d71779622c7b5f7a4b8117b99a","sellTxId":"b61938705924a106e8906aa355b724ece0916045"}
{"index": {"_index":"pob","_id":"1068646"}}
	{"id":1068646,"type":"sell","buyer":"solovey6o2","seller":"brutalmonkey","symbol":"POB","quantity":"0.13000000","price":"1.35100001","timestamp":1621430994,"volume":"0.17563000","buyTxId":"ab69970c0bc3e1e8fd0f74a196e6e9b8469c3b15","sellTxId":"6b0d4a2b8bde28980a4072d9645483807c6f4c81"}
{"index": {"_index":"pob","_id":"1068718"}}
	{"id":1068718,"type":"sell","buyer":"solovey6o2","seller":"liaminit1","symbol":"POB","quantity":"0.80295418","price":"1.35106004","timestamp":1621431777,"volume":"1.08483931","buyTxId":"2df703b1adaf27aae5f7317f750bdffc208ec4b2","sellTxId":"5cab2b6c1a255b418f51bc4af88cb2a0f45b2dc0"}
{"index": {"_index":"pob","_id":"1068751"}}
	{"id":1068751,"type":"buy","buyer":"onealfa.leo","seller":"solovey6o2","symbol":"POB","quantity":"90.66931055","price":"1.43999999","timestamp":1621432650,"volume":"130.56380629","buyTxId":"c4b7fdffafa191c27d8963c8e4e09ffa8238fce9","sellTxId":"2d4bee03e02806b12567fe8a44475c3bab5bfd26"}
{"index": {"_index":"pob","_id":"1068752"}}
	{"id":1068752,"type":"buy","buyer":"onealfa.leo","seller":"bilpcoinbpc","symbol":"POB","quantity":"5.90000000","price":"1.44000000","timestamp":1621432650,"volume":"8.49600000","buyTxId":"c4b7fdffafa191c27d8963c8e4e09ffa8238fce9","sellTxId":"9ad4313afb3fede77cddb4112d31b652fc6c9045"}
{"index": {"_index":"pob","_id":"1068753"}}
	{"id":1068753,"type":"buy","buyer":"onealfa.leo","seller":"bilpcoinbpc","symbol":"POB","quantity":"0.50515000","price":"1.44200000","timestamp":1621432650,"volume":"0.72842630","buyTxId":"c4b7fdffafa191c27d8963c8e4e09ffa8238fce9","sellTxId":"e988fee262d39bbd5ef9024ccb46123e9901f834"}
{"index": {"_index":"pob","_id":"1068754"}}
	{"id":1068754,"type":"buy","buyer":"onealfa.leo","seller":"mmmmkkkk311","symbol":"POB","quantity":"15.00000000","price":"1.44992000","timestamp":1621432650,"volume":"21.74880000","buyTxId":"c4b7fdffafa191c27d8963c8e4e09ffa8238fce9","sellTxId":"MM-P-7091691-54027738-3-2-1"}
{"index": {"_index":"pob","_id":"1068755"}}
	{"id":1068755,"type":"buy","buyer":"onealfa.leo","seller":"aiovo","symbol":"POB","quantity":"4.54356899","price":"1.44999000","timestamp":1621432650,"volume":"6.58812960","buyTxId":"c4b7fdffafa191c27d8963c8e4e09ffa8238fce9","sellTxId":"376a446046cd958cd248077959f833231cfb830a"}
{"index": {"_index":"pob","_id":"1068756"}}
	{"id":1068756,"type":"buy","buyer":"onealfa.leo","seller":"pvmihalache","symbol":"POB","quantity":"26.12075794","price":"1.44999000","timestamp":1621432650,"volume":"37.87483781","buyTxId":"c4b7fdffafa191c27d8963c8e4e09ffa8238fce9","sellTxId":"eac164a3f0902f0cdca2ba8fdbcb03d5fe024f70"}
{"index": {"_index":"pob","_id":"1068766"}}
	{"id":1068766,"type":"sell","buyer":"solovey6o2","seller":"adamada","symbol":"POB","quantity":"4.35955890","price":"1.35114008","timestamp":1621432923,"volume":"5.89037476","buyTxId":"5c981d7d8c5a046a5a68f30a2092d74c33c26c57","sellTxId":"b0de498bfd3ba9c3e52f1c78891a63d6ab97ceec"}
{"index": {"_index":"pob","_id":"1068810"}}
	{"id":1068810,"type":"sell","buyer":"solovey6o2","seller":"nonsowrites","symbol":"POB","quantity":"6.66289252","price":"1.35120011","timestamp":1621433889,"volume":"9.00290111","buyTxId":"8da491545e15967ef18d8a8e7b32f181c8328cea","sellTxId":"1d5b080a64dfeacb7786ec0b9f00d5788c6543e3"}
{"index": {"_index":"pob","_id":"1068815"}}
	{"id":1068815,"type":"buy","buyer":"offgridlife","seller":"solovey6o2","symbol":"POB","quantity":"0.10000000","price":"1.44997999","timestamp":1621433946,"volume":"0.14499800","buyTxId":"0ff3ce36edb338b72cda1025aa3a9fb02ca3e189","sellTxId":"4c7646f7fef1a94de42a4cd355d3b6711ce96d23"}
{"index": {"_index":"pob","_id":"1068819"}}
	{"id":1068819,"type":"buy","buyer":"offgridlife","seller":"solovey6o2","symbol":"POB","quantity":"0.10000000","price":"1.44997999","timestamp":1621433994,"volume":"0.14499800","buyTxId":"4f02dd3f8a36043515f8e39e36c31dc536e230f3","sellTxId":"4c7646f7fef1a94de42a4cd355d3b6711ce96d23"}
{"index": {"_index":"pob","_id":"1068823"}}
	{"id":1068823,"type":"buy","buyer":"offgridlife","seller":"solovey6o2","symbol":"POB","quantity":"0.00100000","price":"1.44997999","timestamp":1621434060,"volume":"0.00144998","buyTxId":"a346a1d098507c0dd35e7346d6e6a98b1991ef8d","sellTxId":"4c7646f7fef1a94de42a4cd355d3b6711ce96d23"}
{"index": {"_index":"pob","_id":"1068858"}}
	{"id":1068858,"type":"sell","buyer":"ctime","seller":"chireerocks","symbol":"POB","quantity":"0.47190770","price":"1.35128014","timestamp":1621434969,"volume":"0.63767950","buyTxId":"MM-P-7092488-54028536-3-23-0","sellTxId":"954fd6c725092a6ed9a3f3adb58036cbc84f0923"}
{"index": {"_index":"pob","_id":"1068875"}}
	{"id":1068875,"type":"buy","buyer":"ahmetay","seller":"solovey6o2","symbol":"POB","quantity":"0.01740000","price":"1.44997999","timestamp":1621435530,"volume":"0.02522965","buyTxId":"94e1723b5f0d730a297a33ce3c6679d97fd5b7bd","sellTxId":"4c7646f7fef1a94de42a4cd355d3b6711ce96d23"}
{"index": {"_index":"pob","_id":"1068877"}}
	{"id":1068877,"type":"buy","buyer":"offgridlife","seller":"solovey6o2","symbol":"POB","quantity":"5.07411308","price":"1.44997999","timestamp":1621435563,"volume":"7.35736243","buyTxId":"bd492108aff3f7c7dc94cb7c243ce0f4186021d0","sellTxId":"4c7646f7fef1a94de42a4cd355d3b6711ce96d23"}
{"index": {"_index":"pob","_id":"1068878"}}
	{"id":1068878,"type":"buy","buyer":"offgridlife","seller":"solovey6o2","symbol":"POB","quantity":"6.66289252","price":"1.44997999","timestamp":1621435563,"volume":"9.66106083","buyTxId":"bd492108aff3f7c7dc94cb7c243ce0f4186021d0","sellTxId":"f1095b0ee3f71201b9fc0645da3cb34348ee2547"}
{"index": {"_index":"pob","_id":"1068879"}}
	{"id":1068879,"type":"buy","buyer":"offgridlife","seller":"playbyhive","symbol":"POB","quantity":"3.26299440","price":"1.44998000","timestamp":1621435563,"volume":"4.73127662","buyTxId":"bd492108aff3f7c7dc94cb7c243ce0f4186021d0","sellTxId":"099c4cbbeb7676606de95c340561f70b9ee70424"}
{"index": {"_index":"pob","_id":"1068897"}}
	{"id":1068897,"type":"buy","buyer":"mmmmkkkk311","seller":"playbyhive","symbol":"POB","quantity":"3.15173985","price":"1.44998000","timestamp":1621436106,"volume":"4.56995975","buyTxId":"daa198d075ab6e7d92739870ef8cd149dc513591","sellTxId":"099c4cbbeb7676606de95c340561f70b9ee70424"}
{"index": {"_index":"pob","_id":"1068898"}}
	{"id":1068898,"type":"buy","buyer":"mmmmkkkk311","seller":"pvmihalache","symbol":"POB","quantity":"0.74424206","price":"1.44999000","timestamp":1621436106,"volume":"1.07914354","buyTxId":"daa198d075ab6e7d92739870ef8cd149dc513591","sellTxId":"eac164a3f0902f0cdca2ba8fdbcb03d5fe024f70"}
{"index": {"_index":"pob","_id":"1068899"}}
	{"id":1068899,"type":"buy","buyer":"mmmmkkkk311","seller":"surrealfia","symbol":"POB","quantity":"0.04001579","price":"1.45000000","timestamp":1621436106,"volume":"0.05802290","buyTxId":"daa198d075ab6e7d92739870ef8cd149dc513591","sellTxId":"c166799ce2281af52af8f18b0cd6b31d5a3b48c7"}
{"index": {"_index":"pob","_id":"1068900"}}
	{"id":1068900,"type":"buy","buyer":"mmmmkkkk311","seller":"nazavzhdy","symbol":"POB","quantity":"4.95871584","price":"1.47995000","timestamp":1621436106,"volume":"7.33865151","buyTxId":"daa198d075ab6e7d92739870ef8cd149dc513591","sellTxId":"891598d7725873bb0cb203f503bf84a87abed1ce"}
{"index": {"_index":"pob","_id":"1068901"}}
	{"id":1068901,"type":"buy","buyer":"mmmmkkkk311","seller":"slobberchops","symbol":"POB","quantity":"11.99125769","price":"1.48000000","timestamp":1621436106,"volume":"17.74706138","buyTxId":"daa198d075ab6e7d92739870ef8cd149dc513591","sellTxId":"159e0a28724ba18a710ad5ab16990971b1d0ad29"}
{"index": {"_index":"pob","_id":"1068902"}}
	{"id":1068902,"type":"buy","buyer":"mmmmkkkk311","seller":"dhedge-drips","symbol":"POB","quantity":"1.39218247","price":"1.49015315","timestamp":1621436106,"volume":"2.07456509","buyTxId":"daa198d075ab6e7d92739870ef8cd149dc513591","sellTxId":"8261f789dbf477dcc977de84e3be1177a511f31e"}
{"index": {"_index":"pob","_id":"1068903"}}
	{"id":1068903,"type":"buy","buyer":"mmmmkkkk311","seller":"danitamtam","symbol":"POB","quantity":"9.90000000","price":"1.50000000","timestamp":1621436106,"volume":"14.85000000","buyTxId":"daa198d075ab6e7d92739870ef8cd149dc513591","sellTxId":"6cadba920a22bd753605dd2307afe07d769c4bd3"}
{"index": {"_index":"pob","_id":"1068910"}}
	{"id":1068910,"type":"buy","buyer":"mmmmkkkk311","seller":"skylinebuds","symbol":"POB","quantity":"19.00000000","price":"1.60000000","timestamp":1621436346,"volume":"30.40000000","buyTxId":"38c282235023f2d8c794f90513a988b6b1fd9a00","sellTxId":"f1c3a386d24aa5f1e623073585d727f2be184deb"}
{"index": {"_index":"pob","_id":"1068911"}}
	{"id":1068911,"type":"buy","buyer":"mmmmkkkk311","seller":"faireye","symbol":"POB","quantity":"84.97950468","price":"1.60000000","timestamp":1621436346,"volume":"135.96720749","buyTxId":"38c282235023f2d8c794f90513a988b6b1fd9a00","sellTxId":"3153a90ff59802639e41a2d303ba3c93872faa06"}
{"index": {"_index":"pob","_id":"1069216"}}
	{"id":1069216,"type":"buy","buyer":"mmmmkkkk311","seller":"freebornsociety","symbol":"POB","quantity":"8.00000000","price":"1.62996000","timestamp":1621436877,"volume":"13.03968000","buyTxId":"1b1ee6a4fdb4de878d69c633c1a1136d43a42e55","sellTxId":"MM-P-7092959-54029008-3-1-0"}
{"index": {"_index":"pob","_id":"1069217"}}
	{"id":1069217,"type":"buy","buyer":"mmmmkkkk311","seller":"mmmmkkkk311","symbol":"POB","quantity":"15.00000000","price":"1.63996000","timestamp":1621436877,"volume":"24.59940000","buyTxId":"1b1ee6a4fdb4de878d69c633c1a1136d43a42e55","sellTxId":"MM-P-7092887-54028936-3-2-0"}
{"index": {"_index":"pob","_id":"1069218"}}
	{"id":1069218,"type":"buy","buyer":"mmmmkkkk311","seller":"nazavzhdy","symbol":"POB","quantity":"5.00000000","price":"1.64000000","timestamp":1621436877,"volume":"8.20000000","buyTxId":"1b1ee6a4fdb4de878d69c633c1a1136d43a42e55","sellTxId":"161d122ff90ee69578c7343997caf8ef03cf4a7a"}
{"index": {"_index":"pob","_id":"1069219"}}
	{"id":1069219,"type":"buy","buyer":"mmmmkkkk311","seller":"thisismylife","symbol":"POB","quantity":"2.55010600","price":"1.65000000","timestamp":1621436877,"volume":"4.20767490","buyTxId":"1b1ee6a4fdb4de878d69c633c1a1136d43a42e55","sellTxId":"82c8de5625479f378d03e14307eafc0ef1a2beea"}
{"index": {"_index":"pob","_id":"1069220"}}
	{"id":1069220,"type":"buy","buyer":"mmmmkkkk311","seller":"scooter77","symbol":"POB","quantity":"20.00000000","price":"1.65000000","timestamp":1621436877,"volume":"33.00000000","buyTxId":"1b1ee6a4fdb4de878d69c633c1a1136d43a42e55","sellTxId":"8383daa5caef2c3b98175e0ac0333ccb719e450d"}
{"index": {"_index":"pob","_id":"1069221"}}
	{"id":1069221,"type":"buy","buyer":"mmmmkkkk311","seller":"trumpman","symbol":"POB","quantity":"46.70150658","price":"1.66000000","timestamp":1621436877,"volume":"77.52450092","buyTxId":"1b1ee6a4fdb4de878d69c633c1a1136d43a42e55","sellTxId":"2bc9d95987dc4ccfaf38c87a3e5a8b8ad5213867"}
{"index": {"_index":"pob","_id":"1069222"}}
	{"id":1069222,"type":"buy","buyer":"mmmmkkkk311","seller":"scooter77","symbol":"POB","quantity":"20.00000000","price":"1.68000000","timestamp":1621436877,"volume":"33.60000000","buyTxId":"1b1ee6a4fdb4de878d69c633c1a1136d43a42e55","sellTxId":"b4d849c266dd92670ae3b2418318876f467398d7"}
{"index": {"_index":"pob","_id":"1069223"}}
	{"id":1069223,"type":"buy","buyer":"mmmmkkkk311","seller":"scooter77","symbol":"POB","quantity":"20.00000000","price":"1.69996000","timestamp":1621436877,"volume":"33.99920000","buyTxId":"1b1ee6a4fdb4de878d69c633c1a1136d43a42e55","sellTxId":"82a9a2850b346b15ba597e946e0717b528dc9f18"}
{"index": {"_index":"pob","_id":"1069224"}}
	{"id":1069224,"type":"buy","buyer":"mmmmkkkk311","seller":"funnel","symbol":"POB","quantity":"7.74838742","price":"1.70000000","timestamp":1621436877,"volume":"13.17225861","buyTxId":"1b1ee6a4fdb4de878d69c633c1a1136d43a42e55","sellTxId":"b5914cc739a2dce9b521c1d8a3fe9ae1c20bbe35"}
{"index": {"_index":"pob","_id":"1069288"}}
	{"id":1069288,"type":"sell","buyer":"freebornsociety","seller":"camerarules","symbol":"POB","quantity":"2.23310081","price":"1.36123015","timestamp":1621437156,"volume":"3.03976415","buyTxId":"MM-P-7093158-54029208-3-1-0","sellTxId":"b3578aa403ede7441209eb514c606f623479d908"}
{"index": {"_index":"pob","_id":"1069289"}}
	{"id":1069289,"type":"sell","buyer":"solovey6o2","seller":"camerarules","symbol":"POB","quantity":"2.74405567","price":"1.35125016","timestamp":1621437156,"volume":"3.70790566","buyTxId":"d943b9f16c17b9c91f440fc272051b1356f1eaf4","sellTxId":"b3578aa403ede7441209eb514c606f623479d908"}
{"index": {"_index":"pob","_id":"1069318"}}
	{"id":1069318,"type":"sell","buyer":"solovey6o2","seller":"anggreklestari","symbol":"POB","quantity":"3.32534631","price":"1.39133024","timestamp":1621438356,"volume":"4.62665488","buyTxId":"cc03ec9614574481cf02421de25fbe07df2dc8bf","sellTxId":"b1c0cd7ce456ad7c23c351f384a15b7673985d09"}
{"index": {"_index":"pob","_id":"1069365"}}
	{"id":1069365,"type":"buy","buyer":"mmmmkkkk311","seller":"solovey6o2","symbol":"POB","quantity":"6.06940199","price":"1.65999996","timestamp":1621439346,"volume":"10.07520706","buyTxId":"187bac56610bd13db93a7ea12d82912fdf56dae3","sellTxId":"1edf8f3af707a78884b3cddae479f9c2a36727d1"}
{"index": {"_index":"pob","_id":"1069366"}}
	{"id":1069366,"type":"buy","buyer":"mmmmkkkk311","seller":"freebornsociety","symbol":"POB","quantity":"8.00000000","price":"1.65999997","timestamp":1621439346,"volume":"13.27999976","buyTxId":"187bac56610bd13db93a7ea12d82912fdf56dae3","sellTxId":"MM-P-7093839-54029907-3-1-1"}
{"index": {"_index":"pob","_id":"1069367"}}
	{"id":1069367,"type":"buy","buyer":"mmmmkkkk311","seller":"tokensonline","symbol":"POB","quantity":"9.00000000","price":"1.66999997","timestamp":1621439346,"volume":"15.02999973","buyTxId":"187bac56610bd13db93a7ea12d82912fdf56dae3","sellTxId":"499b1157e02d15dff35821603f4f4a0743d3b7c5"}
{"index": {"_index":"pob","_id":"1069368"}}
	{"id":1069368,"type":"buy","buyer":"mmmmkkkk311","seller":"funnel","symbol":"POB","quantity":"2.25161258","price":"1.70000000","timestamp":1621439346,"volume":"3.82774139","buyTxId":"187bac56610bd13db93a7ea12d82912fdf56dae3","sellTxId":"b5914cc739a2dce9b521c1d8a3fe9ae1c20bbe35"}
{"index": {"_index":"pob","_id":"1069369"}}
	{"id":1069369,"type":"buy","buyer":"mmmmkkkk311","seller":"algotraderx","symbol":"POB","quantity":"1.00000000","price":"1.70000000","timestamp":1621439346,"volume":"1.70000000","buyTxId":"187bac56610bd13db93a7ea12d82912fdf56dae3","sellTxId":"6673e20d0dcfb10469a07cf09c97ba1dfc01d2e9"}
{"index": {"_index":"pob","_id":"1069384"}}
	{"id":1069384,"type":"sell","buyer":"mmmmkkkk311","seller":"tonytrillions","symbol":"POB","quantity":"0.00000642","price":"1.70001000","timestamp":1621439541,"volume":"0.00001091","buyTxId":"187bac56610bd13db93a7ea12d82912fdf56dae3","sellTxId":"f4687e9e21d0567ede7d77c31fa8115d72a2fb9d"}
{"index": {"_index":"pob","_id":"1069403"}}
	{"id":1069403,"type":"sell","buyer":"mmmmkkkk311","seller":"flaxz","symbol":"POB","quantity":"0.513","price":"1.70001000","timestamp":1621439805,"volume":"0.87210513","buyTxId":"187bac56610bd13db93a7ea12d82912fdf56dae3","sellTxId":"160ecdddc082b320246fbbc73740b87aef388433"}
{"index": {"_index":"pob","_id":"1069409"}}
	{"id":1069409,"type":"sell","buyer":"mmmmkkkk311","seller":"gungunkrishu","symbol":"POB","quantity":"0.16597901","price":"1.70001000","timestamp":1621439850,"volume":"0.28216598","buyTxId":"187bac56610bd13db93a7ea12d82912fdf56dae3","sellTxId":"cd1c1f7a4b2b97a17c0b8e76554d65521d4c6077"}
{"index": {"_index":"pob","_id":"1069423"}}
	{"id":1069423,"type":"buy","buyer":"ctime","seller":"gungunkrishu","symbol":"POB","quantity":"6.03402099","price":"1.70001000","timestamp":1621440078,"volume":"10.25789602","buyTxId":"5dab5a0c2022f28c6d32ff7ea0049bcd3515c815","sellTxId":"cd1c1f7a4b2b97a17c0b8e76554d65521d4c6077"}
{"index": {"_index":"pob","_id":"1069424"}}
	{"id":1069424,"type":"buy","buyer":"ctime","seller":"gubbatv","symbol":"POB","quantity":"0.16000000","price":"1.70001000","timestamp":1621440078,"volume":"0.27200160","buyTxId":"5dab5a0c2022f28c6d32ff7ea0049bcd3515c815","sellTxId":"1ef4d912e1b6d78a5cef9a782ce1535a62ba74df"}
{"index": {"_index":"pob","_id":"1069425"}}
	{"id":1069425,"type":"buy","buyer":"ctime","seller":"freebornsociety","symbol":"POB","quantity":"8.00000000","price":"1.72999501","timestamp":1621440078,"volume":"13.83996008","buyTxId":"5dab5a0c2022f28c6d32ff7ea0049bcd3515c815","sellTxId":"MM-P-7094115-54030207-3-1-1"}
{"index": {"_index":"pob","_id":"1069426"}}
	{"id":1069426,"type":"buy","buyer":"ctime","seller":"liotes.voter","symbol":"POB","quantity":"37.69483625","price":"1.73999501","timestamp":1621440078,"volume":"65.58882698","buyTxId":"5dab5a0c2022f28c6d32ff7ea0049bcd3515c815","sellTxId":"77996ad23b2200b61299eeaa60f0f1c9f196c357"}
{"index": {"_index":"pob","_id":"1069427"}}
	{"id":1069427,"type":"buy","buyer":"ctime","seller":"phusionphil","symbol":"POB","quantity":"66.34311548","price":"1.76669500","timestamp":1621440078,"volume":"117.20805040","buyTxId":"5dab5a0c2022f28c6d32ff7ea0049bcd3515c815","sellTxId":"6ffca80e3abff6fdcd3df92df7b5d7d6800f6eef"}
{"index": {"_index":"pob","_id":"1069428"}}
	{"id":1069428,"type":"buy","buyer":"ctime","seller":"mmmmkkkk311","symbol":"POB","quantity":"15.00000000","price":"1.76997000","timestamp":1621440078,"volume":"26.54955000","buyTxId":"5dab5a0c2022f28c6d32ff7ea0049bcd3515c815","sellTxId":"MM-P-7094138-54030234-3-2-1"}
{"index": {"_index":"pob","_id":"1069429"}}
	{"id":1069429,"type":"buy","buyer":"ctime","seller":"profeyris7","symbol":"POB","quantity":"80.00000000","price":"1.77000000","timestamp":1621440078,"volume":"141.60000000","buyTxId":"5dab5a0c2022f28c6d32ff7ea0049bcd3515c815","sellTxId":"95ccc2c64254982d2f584243fdf626fc809ebddc"}
{"index": {"_index":"pob","_id":"1069430"}}
	{"id":1069430,"type":"buy","buyer":"ctime","seller":"lallo","symbol":"POB","quantity":"0.22000000","price":"1.78900000","timestamp":1621440078,"volume":"0.39358000","buyTxId":"5dab5a0c2022f28c6d32ff7ea0049bcd3515c815","sellTxId":"896a036031d01ea1037f00dff0676df69bca3a4b"}
{"index": {"_index":"pob","_id":"1069431"}}
	{"id":1069431,"type":"buy","buyer":"ctime","seller":"linkxdx","symbol":"POB","quantity":"3.54341375","price":"1.78970000","timestamp":1621440078,"volume":"6.34164759","buyTxId":"5dab5a0c2022f28c6d32ff7ea0049bcd3515c815","sellTxId":"512c0605862761eff0b063b30b69446e305e5194"}
{"index": {"_index":"pob","_id":"1069432"}}
	{"id":1069432,"type":"buy","buyer":"ctime","seller":"firealiean","symbol":"POB","quantity":"12.21370156","price":"1.79015000","timestamp":1621440078,"volume":"21.86435785","buyTxId":"5dab5a0c2022f28c6d32ff7ea0049bcd3515c815","sellTxId":"cc4c14651e080643f0dbe6548a7d2cf2cd3ceff6"}
{"index": {"_index":"pob","_id":"1069433"}}
	{"id":1069433,"type":"buy","buyer":"ctime","seller":"eirik","symbol":"POB","quantity":"0.55157202","price":"1.80000000","timestamp":1621440078,"volume":"0.99282964","buyTxId":"5dab5a0c2022f28c6d32ff7ea0049bcd3515c815","sellTxId":"a901ad2b7e622804b3baf1c948ed13d7e6aa07ac"}
{"index": {"_index":"pob","_id":"1069434"}}
	{"id":1069434,"type":"buy","buyer":"ctime","seller":"kenechukwu97","symbol":"POB","quantity":"5.45880000","price":"1.80000000","timestamp":1621440078,"volume":"9.82584000","buyTxId":"5dab5a0c2022f28c6d32ff7ea0049bcd3515c815","sellTxId":"41cc48170680fff5e0ee907271b1c819e45f28fd"}
{"index": {"_index":"pob","_id":"1069435"}}
	{"id":1069435,"type":"buy","buyer":"ctime","seller":"riccc96","symbol":"POB","quantity":"7.37757779","price":"1.80000000","timestamp":1621440078,"volume":"13.27964002","buyTxId":"5dab5a0c2022f28c6d32ff7ea0049bcd3515c815","sellTxId":"bb2e99e914f1cd75637b6ff1b40feebfffbea1db"}
{"index": {"_index":"pob","_id":"1069436"}}
	{"id":1069436,"type":"buy","buyer":"ctime","seller":"skylinebuds","symbol":"POB","quantity":"30.00000000","price":"1.80000000","timestamp":1621440078,"volume":"54.00000000","buyTxId":"5dab5a0c2022f28c6d32ff7ea0049bcd3515c815","sellTxId":"612051c12d6eef0e331b1f4840b026a71320f093"}
{"index": {"_index":"pob","_id":"1069437"}}
	{"id":1069437,"type":"buy","buyer":"ctime","seller":"nevies","symbol":"POB","quantity":"47.40296216","price":"1.80000000","timestamp":1621440078,"volume":"85.32533189","buyTxId":"5dab5a0c2022f28c6d32ff7ea0049bcd3515c815","sellTxId":"dd72612d04db60b365b6b35104531945da2d01cf"}
{"index": {"_index":"pob","_id":"1069528"}}
	{"id":1069528,"type":"sell","buyer":"solovey6o2","seller":"dwinblood","symbol":"POB","quantity":"45.91624191","price":"1.52155049","timestamp":1621442268,"volume":"69.86388038","buyTxId":"019dd31f115f33a7b87521e9d3ae3ccb93e93f2c","sellTxId":"42e9cec09f3d7398540173d06cc7e0457271d7d8"}
{"index": {"_index":"pob","_id":"1069559"}}
	{"id":1069559,"type":"sell","buyer":"solovey6o2","seller":"tlundy47","symbol":"POB","quantity":"0.00003255","price":"1.55161055","timestamp":1621443126,"volume":"0.00005050","buyTxId":"9f517f25df26ecdc6ca6af332e311b1f6c35b2d8","sellTxId":"e1854d205d1effbdba24827a56f51fa0c4199577"}
{"index": {"_index":"pob","_id":"1069573"}}
	{"id":1069573,"type":"sell","buyer":"solovey6o2","seller":"cflclosers","symbol":"POB","quantity":"37.97295866","price":"1.56183059","timestamp":1621443558,"volume":"59.30732843","buyTxId":"72237b80b4b8b64af50f887e3dacfa97ae851b33","sellTxId":"5da3d36799deab23831801a492f2554d4c2642d7"}
{"index": {"_index":"pob","_id":"1069581"}}
	{"id":1069581,"type":"buy","buyer":"amr008","seller":"freebornsociety","symbol":"POB","quantity":"0.10000000","price":"1.71799994","timestamp":1621443885,"volume":"0.17179999","buyTxId":"ba38b16cceeaefc926743b7828f1f0e1e1542f28","sellTxId":"MM-P-7095299-54031506-3-1-0"}
{"index": {"_index":"pob","_id":"1069621"}}
	{"id":1069621,"type":"sell","buyer":"freebornsociety","seller":"teeygold","symbol":"POB","quantity":"1.55439000","price":"1.57183058","timestamp":1621444551,"volume":"2.44323774","buyTxId":"MM-P-7095210-54031406-3-1-0","sellTxId":"f0dd9b659a4d7ff92b901137e66419e9be36b63d"}
{"index": {"_index":"pob","_id":"1069644"}}
	{"id":1069644,"type":"sell","buyer":"amr008","seller":"jerriz","symbol":"POB","quantity":"0.04334445","price":"1.57283058","timestamp":1621444950,"volume":"0.06817348","buyTxId":"26ab2ab995440c3d8bad45bf56107d121d5249f9","sellTxId":"d42be3e50970c4e3b4c2fd6d49c8b2cda75f8398"}
{"index": {"_index":"pob","_id":"1069652"}}
	{"id":1069652,"type":"sell","buyer":"freebornsociety","seller":"thelogicaldude","symbol":"POB","quantity":"4.80761881","price":"1.57183058","timestamp":1621445334,"volume":"7.55676226","buyTxId":"MM-P-7095210-54031406-3-1-0","sellTxId":"591fd1c89da5623fdd0bf7705c54e16460ed36b1"}
{"index": {"_index":"pob","_id":"1069653"}}
	{"id":1069653,"type":"sell","buyer":"richardcrill","seller":"thelogicaldude","symbol":"POB","quantity":"26.87912989","price":"1.56255058","timestamp":1621445334,"volume":"42.00000000","buyTxId":"MM-P-7095718-54031957-3-10-0","sellTxId":"591fd1c89da5623fdd0bf7705c54e16460ed36b1"}
{"index": {"_index":"pob","_id":"1069654"}}
	{"id":1069654,"type":"sell","buyer":"ctime","seller":"thelogicaldude","symbol":"POB","quantity":"22.40070851","price":"1.56245058","timestamp":1621445334,"volume":"35.00000000","buyTxId":"MM-P-7095695-54031934-3-23-0","sellTxId":"591fd1c89da5623fdd0bf7705c54e16460ed36b1"}
{"index": {"_index":"pob","_id":"1069655"}}
	{"id":1069655,"type":"sell","buyer":"mmmmkkkk311","seller":"thelogicaldude","symbol":"POB","quantity":"21.12080320","price":"1.56244058","timestamp":1621445334,"volume":"33.00000000","buyTxId":"MM-P-7095695-54031934-3-2-0","sellTxId":"591fd1c89da5623fdd0bf7705c54e16460ed36b1"}
{"index": {"_index":"pob","_id":"1069656"}}
	{"id":1069656,"type":"sell","buyer":"amr008","seller":"thelogicaldude","symbol":"POB","quantity":"1.00000000","price":"1.50000000","timestamp":1621445334,"volume":"1.50000000","buyTxId":"d33602063d958bf1a272bbedf18ebd39f97eff8b","sellTxId":"591fd1c89da5623fdd0bf7705c54e16460ed36b1"}
{"index": {"_index":"pob","_id":"1069657"}}
	{"id":1069657,"type":"sell","buyer":"onealfa.leo","seller":"thelogicaldude","symbol":"POB","quantity":"23.79173959","price":"1.35120012","timestamp":1621445334,"volume":"32.14740139","buyTxId":"894ceb29e99b7c7fc468da1c0ff3aad129308917","sellTxId":"591fd1c89da5623fdd0bf7705c54e16460ed36b1"}
{"index": {"_index":"pob","_id":"1069670"}}
	{"id":1069670,"type":"sell","buyer":"richardcrill","seller":"madmanmusic","symbol":"POB","quantity":"0.91454097","price":"1.35132012","timestamp":1621445967,"volume":"1.23583761","buyTxId":"MM-P-7095892-54032157-3-10-0","sellTxId":"253b19c454f2142fdb59534e37038e6ccfa8b2d3"}
{"index": {"_index":"pob","_id":"1069678"}}
	{"id":1069678,"type":"sell","buyer":"richardcrill","seller":"juanmiguelsalas","symbol":"POB","quantity":"4.00000000","price":"1.35144012","timestamp":1621446165,"volume":"5.40576048","buyTxId":"MM-P-7095985-54032257-3-10-0","sellTxId":"a36b654959ccbdb62be5cfa4fa8fc7eee18e71d5"}
{"index": {"_index":"pob","_id":"1069690"}}
	{"id":1069690,"type":"sell","buyer":"freebornsociety","seller":"juanmiguelsalas","symbol":"POB","quantity":"0.80000000","price":"1.36144012","timestamp":1621446465,"volume":"1.08915210","buyTxId":"MM-P-7096032-54032306-3-1-0","sellTxId":"aef8f9bad9a3358cc6f3ac20718a74ccb00d965e"}
{"index": {"_index":"pob","_id":"1069695"}}
	{"id":1069695,"type":"buy","buyer":"ctime","seller":"freebornsociety","symbol":"POB","quantity":"8.00000000","price":"1.61799984","timestamp":1621446891,"volume":"12.94399872","buyTxId":"0583b44b1565864d06bef157df91b11db2984cc7","sellTxId":"MM-P-7096211-54032506-3-1-0"}
{"index": {"_index":"pob","_id":"1069696"}}
	{"id":1069696,"type":"buy","buyer":"ctime","seller":"solovey6o2","symbol":"POB","quantity":"83.88923312","price":"1.62799984","timestamp":1621446891,"volume":"136.57165810","buyTxId":"0583b44b1565864d06bef157df91b11db2984cc7","sellTxId":"d5b9957125c9e64d2e907b3beab1cbbdb329065c"}
{"index": {"_index":"pob","_id":"1069702"}}
	{"id":1069702,"type":"sell","buyer":"ctime","seller":"ykretz","symbol":"POB","quantity":"1.35846883","price":"1.63815004","timestamp":1621447269,"volume":"2.22537577","buyTxId":"MM-P-7096321-54032634-3-23-0","sellTxId":"c4c6f998b0bc227acf8864beec3999cd435726ce"}
{"index": {"_index":"pob","_id":"1069727"}}
	{"id":1069727,"type":"sell","buyer":"solovey6o2","seller":"coininstant","symbol":"POB","quantity":"0.94719693","price":"1.65002002","timestamp":1621447917,"volume":"1.56289390","buyTxId":"b5a82144f6a5081ed06b2093af0f307b52b09119","sellTxId":"c5429a33dabbc02151c47382843675d06f590575"}
{"index": {"_index":"pob","_id":"1069766"}}
	{"id":1069766,"type":"buy","buyer":"ctime","seller":"freebornsociety","symbol":"POB","quantity":"9.00000000","price":"1.70000000","timestamp":1621449105,"volume":"15.30000000","buyTxId":"ffb559538abbb907386e6915245e0fddd72a1230","sellTxId":"MM-P-7096752-54033106-3-1-0"}
{"index": {"_index":"pob","_id":"1069767"}}
	{"id":1069767,"type":"buy","buyer":"ctime","seller":"sbi-tokens","symbol":"POB","quantity":"149.42150771","price":"1.71000000","timestamp":1621449105,"volume":"255.51077818","buyTxId":"ffb559538abbb907386e6915245e0fddd72a1230","sellTxId":"80b6f9a0a57493d0f4073cb0268363ba4e256780"}
{"index": {"_index":"pob","_id":"1069768"}}
	{"id":1069768,"type":"buy","buyer":"ctime","seller":"mmmmkkkk311","symbol":"POB","quantity":"15.00000000","price":"1.71897000","timestamp":1621449105,"volume":"25.78455000","buyTxId":"ffb559538abbb907386e6915245e0fddd72a1230","sellTxId":"MM-P-7096876-54033234-3-2-1"}
{"index": {"_index":"pob","_id":"1069769"}}
	{"id":1069769,"type":"buy","buyer":"ctime","seller":"marvinix","symbol":"POB","quantity":"44.95156649","price":"1.71900000","timestamp":1621449105,"volume":"77.27174280","buyTxId":"ffb559538abbb907386e6915245e0fddd72a1230","sellTxId":"43269f99cbd44f6fb49f267cdaed84b1adbd6cc1"}
{"index": {"_index":"pob","_id":"1069773"}}
	{"id":1069773,"type":"buy","buyer":"ctime","seller":"chrisparis","symbol":"POB","quantity":"1.73000000","price":"1.78000000","timestamp":1621449264,"volume":"3.07940000","buyTxId":"0666422c223e48411b68ae696474bcea4d6ee781","sellTxId":"8cc72b010d0e0e6cef9ef283efee519264b7426e"}
{"index": {"_index":"pob","_id":"1069774"}}
	{"id":1069774,"type":"buy","buyer":"ctime","seller":"idiosyncratic1","symbol":"POB","quantity":"6.16536709","price":"1.78800000","timestamp":1621449264,"volume":"11.02367636","buyTxId":"0666422c223e48411b68ae696474bcea4d6ee781","sellTxId":"f7a8516ebaddb199e515046f1d8002f9615bf455"}
{"index": {"_index":"pob","_id":"1069775"}}
	{"id":1069775,"type":"buy","buyer":"ctime","seller":"nevies","symbol":"POB","quantity":"2.59703784","price":"1.80000000","timestamp":1621449264,"volume":"4.67466811","buyTxId":"0666422c223e48411b68ae696474bcea4d6ee781","sellTxId":"dd72612d04db60b365b6b35104531945da2d01cf"}
{"index": {"_index":"pob","_id":"1069776"}}
	{"id":1069776,"type":"buy","buyer":"ctime","seller":"nevies","symbol":"POB","quantity":"50.00000000","price":"1.80000000","timestamp":1621449264,"volume":"90.00000000","buyTxId":"0666422c223e48411b68ae696474bcea4d6ee781","sellTxId":"2ccba74734f2c07d25d296ef9d930df521c3fe53"}
{"index": {"_index":"pob","_id":"1069777"}}
	{"id":1069777,"type":"buy","buyer":"ctime","seller":"nevies","symbol":"POB","quantity":"20.00000000","price":"1.80000000","timestamp":1621449264,"volume":"36.00000000","buyTxId":"0666422c223e48411b68ae696474bcea4d6ee781","sellTxId":"aa255984ac991dfc3fa522271ebb6f6b475bcae4"}
{"index": {"_index":"pob","_id":"1069789"}}
	{"id":1069789,"type":"sell","buyer":"ctime","seller":"ahmetay","symbol":"POB","quantity":"0.50759507","price":"1.80001000","timestamp":1621449522,"volume":"0.91367620","buyTxId":"0666422c223e48411b68ae696474bcea4d6ee781","sellTxId":"3c47535ababdd5a8101731439e08753ea879e6ff"}
{"index": {"_index":"pob","_id":"1069803"}}
	{"id":1069803,"type":"sell","buyer":"ctime","seller":"ahmetay","symbol":"POB","quantity":"0.15670099","price":"1.71913002","timestamp":1621449660,"volume":"0.26938938","buyTxId":"MM-P-7097056-54033434-3-23-0","sellTxId":"1945261c05c1f54b5ac127f65414daed2fb42026"}
{"index": {"_index":"pob","_id":"1069808"}}
	{"id":1069808,"type":"sell","buyer":"solovey6o2","seller":"priyanarc","symbol":"POB","quantity":"10.00000000","price":"1.71913003","timestamp":1621449810,"volume":"17.19130030","buyTxId":"4ee2a3d220b772b32f8d6e98f7f7330159559ff5","sellTxId":"c834f18189465932553b2bd406fe71d05e5b45bb"}
{"index": {"_index":"pob","_id":"1069812"}}
	{"id":1069812,"type":"sell","buyer":"solovey6o2","seller":"jsantana","symbol":"POB","quantity":"4.82023266","price":"1.71913003","timestamp":1621449849,"volume":"8.28660672","buyTxId":"4ee2a3d220b772b32f8d6e98f7f7330159559ff5","sellTxId":"8d0c9b2d987688e8a8eb243879ff93a866df3cb1"}
{"index": {"_index":"pob","_id":"1069818"}}
	{"id":1069818,"type":"sell","buyer":"solovey6o2","seller":"kevinnag58","symbol":"POB","quantity":"3.68591577","price":"1.71913003","timestamp":1621449948,"volume":"6.33656849","buyTxId":"4ee2a3d220b772b32f8d6e98f7f7330159559ff5","sellTxId":"9cd5b9e5ab24f51c767739fe30fd1dbcccff6661"}
{"index": {"_index":"pob","_id":"1069838"}}
	{"id":1069838,"type":"buy","buyer":"onealfa.leo","seller":"solovey6o2","symbol":"POB","quantity":"19.45334536","price":"1.80889998","timestamp":1621450299,"volume":"35.18915603","buyTxId":"287c4342edd82e4e729c0e46e337c4f11e584b6c","sellTxId":"2a019490368d04c2de028e1002ca468509db3876"}
{"index": {"_index":"pob","_id":"1069839"}}
	{"id":1069839,"type":"buy","buyer":"onealfa.leo","seller":"freebornsociety","symbol":"POB","quantity":"8.74058491","price":"1.80889999","timestamp":1621450299,"volume":"15.81084397","buyTxId":"287c4342edd82e4e729c0e46e337c4f11e584b6c","sellTxId":"MM-P-7097209-54033606-3-1-0"}
{"index": {"_index":"pob","_id":"1069863"}}
	{"id":1069863,"type":"sell","buyer":"bilpcoinbpc","seller":"acesontop","symbol":"POB","quantity":"1.00000000","price":"1.72000000","timestamp":1621450770,"volume":"1.72000000","buyTxId":"d9ca98e0335b70210f86af7b46a1deabc751e76f","sellTxId":"19f944e863a8a9b2f21f9fbbc8c41227af2dde90"}
{"index": {"_index":"pob","_id":"1069911"}}
	{"id":1069911,"type":"sell","buyer":"ctime","seller":"jonyoudyer","symbol":"POB","quantity":"15.00000000","price":"1.71925005","timestamp":1621451460,"volume":"25.78875075","buyTxId":"MM-P-7097586-54034033-3-23-0","sellTxId":"f9bed26200c87d67dcfc401c5909a3f4961009a1"}
{"index": {"_index":"pob","_id":"1069918"}}
	{"id":1069918,"type":"sell","buyer":"ctime","seller":"tonytrillions","symbol":"POB","quantity":"0.00000647","price":"1.71927005","timestamp":1621451952,"volume":"0.00001112","buyTxId":"MM-P-7097670-54034133-3-23-0","sellTxId":"b5a7d90dac315fd3738287ec20aef20a9c2d1a26"}
{"index": {"_index":"pob","_id":"1069920"}}
	{"id":1069920,"type":"sell","buyer":"ctime","seller":"liaminit1","symbol":"POB","quantity":"4.85627173","price":"1.71927005","timestamp":1621452009,"volume":"8.34924254","buyTxId":"MM-P-7097670-54034133-3-23-0","sellTxId":"009861fb1b2c483334eddcd095b28a2f647c109b"}
{"index": {"_index":"pob","_id":"1069938"}}
	{"id":1069938,"type":"sell","buyer":"ctime","seller":"bitcoinflood","symbol":"POB","quantity":"20.00000000","price":"1.71933005","timestamp":1621452747,"volume":"34.38660100","buyTxId":"MM-P-7097918-54034433-3-23-0","sellTxId":"ec6d59a2d6d8abadedfee8939d308a6363e66c06"}
{"index": {"_index":"pob","_id":"1069940"}}
	{"id":1069940,"type":"sell","buyer":"ctime","seller":"bitcoinflood","symbol":"POB","quantity":"0.35676629","price":"1.71933005","timestamp":1621452774,"volume":"0.61339900","buyTxId":"MM-P-7097918-54034433-3-23-0","sellTxId":"d2d4336cb9de23f446170623bed2fa28b8b984e5"}
{"index": {"_index":"pob","_id":"1069941"}}
	{"id":1069941,"type":"sell","buyer":"mmmmkkkk311","seller":"bitcoinflood","symbol":"POB","quantity":"18.64323371","price":"1.71932005","timestamp":1621452774,"volume":"32.05368551","buyTxId":"MM-P-7097918-54034433-3-2-0","sellTxId":"d2d4336cb9de23f446170623bed2fa28b8b984e5"}
{"index": {"_index":"pob","_id":"1069943"}}
	{"id":1069943,"type":"buy","buyer":"offgridlife","seller":"acesontop","symbol":"POB","quantity":"1.00000000","price":"1.72000000","timestamp":1621452840,"volume":"1.72000000","buyTxId":"b603c6701ba607889b41e0f844af70c0be657284","sellTxId":"19f944e863a8a9b2f21f9fbbc8c41227af2dde90"}
{"index": {"_index":"pob","_id":"1069949"}}
	{"id":1069949,"type":"sell","buyer":"mmmmkkkk311","seller":"freebornsociety","symbol":"POB","quantity":"0.55040042","price":"1.71932005","timestamp":1621453173,"volume":"0.94631448","buyTxId":"MM-P-7097918-54034433-3-2-0","sellTxId":"MM-P-7098058-54034604-3-1-0"}
{"index": {"_index":"pob","_id":"1069950"}}
	{"id":1069950,"type":"sell","buyer":"bilpcoinbpc","seller":"freebornsociety","symbol":"POB","quantity":"1.00000000","price":"1.71916000","timestamp":1621453173,"volume":"1.71916000","buyTxId":"e9ab818f844abe0264ea45f9474ce9303a81903a","sellTxId":"MM-P-7098058-54034604-3-1-0"}
{"index": {"_index":"pob","_id":"1069958"}}
	{"id":1069958,"type":"sell","buyer":"solovey6o2","seller":"revisesociology","symbol":"POB","quantity":"2.50000000","price":"1.66125014","timestamp":1621453794,"volume":"4.15312535","buyTxId":"62606861e92fc92db9d3294fe4dcc569fb479926","sellTxId":"80dbffcc0b10db4115f23bc5f4309a9aae1d7644"}
{"index": {"_index":"pob","_id":"1069959"}}
	{"id":1069959,"type":"sell","buyer":"solovey6o2","seller":"profeyris7","symbol":"POB","quantity":"10.70152228","price":"1.66125014","timestamp":1621453824,"volume":"17.77790539","buyTxId":"62606861e92fc92db9d3294fe4dcc569fb479926","sellTxId":"4caa77acbc6ece82e2723664f4861de830f8d670"}
{"index": {"_index":"pob","_id":"1069963"}}
	{"id":1069963,"type":"buy","buyer":"ctime","seller":"solovey6o2","symbol":"POB","quantity":"13.20152228","price":"1.70999999","timestamp":1621453989,"volume":"22.57460297","buyTxId":"8edc30748ce4669115c8f3c1f9ec23720731f30f","sellTxId":"5c932ee4bce226fd24873b47c52a97a7e2850657"}
{"index": {"_index":"pob","_id":"1069964"}}
	{"id":1069964,"type":"buy","buyer":"ctime","seller":"freebornsociety","symbol":"POB","quantity":"6.21959958","price":"1.71000000","timestamp":1621453989,"volume":"10.63551528","buyTxId":"8edc30748ce4669115c8f3c1f9ec23720731f30f","sellTxId":"MM-P-7098058-54034604-3-1-0"}
{"index": {"_index":"pob","_id":"1069965"}}
	{"id":1069965,"type":"buy","buyer":"ctime","seller":"acesontop","symbol":"POB","quantity":"1.39225108","price":"1.72000000","timestamp":1621453989,"volume":"2.39467186","buyTxId":"8edc30748ce4669115c8f3c1f9ec23720731f30f","sellTxId":"19f944e863a8a9b2f21f9fbbc8c41227af2dde90"}
{"index": {"_index":"pob","_id":"1069973"}}
	{"id":1069973,"type":"sell","buyer":"ctime","seller":"toofasteddie","symbol":"POB","quantity":"3.18662706","price":"1.72001000","timestamp":1621454031,"volume":"5.48103041","buyTxId":"8edc30748ce4669115c8f3c1f9ec23720731f30f","sellTxId":"458909ff728a11faff44c6f51e40c199b3c5409c"}
{"index": {"_index":"pob","_id":"1069974"}}
	{"id":1069974,"type":"buy","buyer":"solovey6o2","seller":"toofasteddie","symbol":"POB","quantity":"1.81337294","price":"1.66137016","timestamp":1621454034,"volume":"3.01268369","buyTxId":"24539a57a1de96d7e9bbd8851425c511ba1f9f10","sellTxId":"458909ff728a11faff44c6f51e40c199b3c5409c"}
{"index": {"_index":"pob","_id":"1069988"}}
	{"id":1069988,"type":"sell","buyer":"solovey6o2","seller":"khazrakh","symbol":"POB","quantity":"15.08834552","price":"1.66149017","timestamp":1621454289,"volume":"25.06913776","buyTxId":"8ea9fdf71ede4bab5b3d654a16b69f7d5d9e4271","sellTxId":"18d1b9f1e2d891a5abe72016843afe4ba1ce4aaf"}
{"index": {"_index":"pob","_id":"1069998"}}
	{"id":1069998,"type":"buy","buyer":"offgridlife","seller":"solovey6o2","symbol":"POB","quantity":"5.00000000","price":"1.74999999","timestamp":1621454487,"volume":"8.74999995","buyTxId":"4b4ed8fc61623b1b0bd05a8147e014bdb74dfece","sellTxId":"a3f533e6b2d17a264f698d0fc33d3302796a80e9"}
{"index": {"_index":"pob","_id":"1070000"}}
	{"id":1070000,"type":"sell","buyer":"solovey6o2","seller":"gubbatv","symbol":"POB","quantity":"9.01261680","price":"1.66151018","timestamp":1621454520,"volume":"14.97455456","buyTxId":"e190050b253340c67ac9ce6824adb9ca80432082","sellTxId":"f6451f2e94b92e4077e8237a2977ce4c775d16c3"}
{"index": {"_index":"pob","_id":"1070001"}}
	{"id":1070001,"type":"sell","buyer":"richardcrill","seller":"thranax","symbol":"POB","quantity":"25.27668674","price":"1.66161018","timestamp":1621454550,"volume":"42.00000000","buyTxId":"MM-P-7098461-54035054-3-10-0","sellTxId":"40e5df1d9b2f65e6d7914744ac939ee16fb2a034"}
{"index": {"_index":"pob","_id":"1070002"}}
	{"id":1070002,"type":"sell","buyer":"solovey6o2","seller":"thranax","symbol":"POB","quantity":"9.37409060","price":"1.66151018","timestamp":1621454550,"volume":"15.57514696","buyTxId":"e190050b253340c67ac9ce6824adb9ca80432082","sellTxId":"40e5df1d9b2f65e6d7914744ac939ee16fb2a034"}
{"index": {"_index":"pob","_id":"1070044"}}
	{"id":1070044,"type":"buy","buyer":"ctime","seller":"freebornsociety","symbol":"POB","quantity":"7.77000000","price":"1.70999996","timestamp":1621455585,"volume":"13.28669969","buyTxId":"f08a0c6b3bac44b75780a95b53cdd3860aaacc54","sellTxId":"MM-P-7098775-54035403-3-1-0"}
{"index": {"_index":"pob","_id":"1070045"}}
	{"id":1070045,"type":"buy","buyer":"ctime","seller":"solovey6o2","symbol":"POB","quantity":"30.28842586","price":"1.71999996","timestamp":1621455585,"volume":"52.09609127","buyTxId":"f08a0c6b3bac44b75780a95b53cdd3860aaacc54","sellTxId":"3ff1f04fea95819d2e9fb80c3a0a7ef13cc0e03f"}
{"index": {"_index":"pob","_id":"1070046"}}
	{"id":1070046,"type":"buy","buyer":"ctime","seller":"handtalk5","symbol":"POB","quantity":"143.81250000","price":"1.75000000","timestamp":1621455585,"volume":"251.67187500","buyTxId":"f08a0c6b3bac44b75780a95b53cdd3860aaacc54","sellTxId":"15cee88f0dfa66076a29edc056eda3ac225068a8"}
{"index": {"_index":"pob","_id":"1070085"}}
	{"id":1070085,"type":"sell","buyer":"ctime","seller":"thranax","symbol":"POB","quantity":"1.75802695","price":"1.75005002","timestamp":1621455972,"volume":"3.07663510","buyTxId":"MM-P-7098890-54035531-3-23-0","sellTxId":"7b2b962327aa0ddafda9b1fbf6e547376ec0880b"}
{"index": {"_index":"pob","_id":"1070094"}}
	{"id":1070094,"type":"sell","buyer":"solovey6o2","seller":"brutalmonkey","symbol":"POB","quantity":"0.12900000","price":"1.75005003","timestamp":1621456014,"volume":"0.22575645","buyTxId":"7d36ee1197d0882dcdfc7a31041ae78bd2e2fa36","sellTxId":"e206b71b1ac2695eccc9bc9459d691b232c2d0a6"}
{"index": {"_index":"pob","_id":"1070097"}}
	{"id":1070097,"type":"buy","buyer":"onealfa.leo","seller":"mmmmkkkk311","symbol":"POB","quantity":"15.00000000","price":"1.77995999","timestamp":1621456083,"volume":"26.69939985","buyTxId":"97ac790d304f606cb37dc592b399d87f59d5bcfa","sellTxId":"MM-P-7098711-54035331-3-2-1"}
{"index": {"_index":"pob","_id":"1070098"}}
	{"id":1070098,"type":"buy","buyer":"onealfa.leo","seller":"freebornsociety","symbol":"POB","quantity":"7.77000000","price":"1.79000000","timestamp":1621456083,"volume":"13.90830000","buyTxId":"97ac790d304f606cb37dc592b399d87f59d5bcfa","sellTxId":"MM-P-7098862-54035503-3-1-0"}
{"index": {"_index":"pob","_id":"1070099"}}
	{"id":1070099,"type":"buy","buyer":"onealfa.leo","seller":"nevies","symbol":"POB","quantity":"35.00000000","price":"1.80000000","timestamp":1621456083,"volume":"63.00000000","buyTxId":"97ac790d304f606cb37dc592b399d87f59d5bcfa","sellTxId":"41fc0bdff4f82850bc00bb3897abe5be69dccf79"}
{"index": {"_index":"pob","_id":"1070100"}}
	{"id":1070100,"type":"buy","buyer":"onealfa.leo","seller":"bilpcoinbpc","symbol":"POB","quantity":"7.05500000","price":"1.81890000","timestamp":1621456083,"volume":"12.83233950","buyTxId":"97ac790d304f606cb37dc592b399d87f59d5bcfa","sellTxId":"f7ae2f0d907f277d77aeefecfeca7cacec8ebf16"}
{"index": {"_index":"pob","_id":"1070101"}}
	{"id":1070101,"type":"buy","buyer":"onealfa.leo","seller":"phusionphil","symbol":"POB","quantity":"0.80000000","price":"1.81900000","timestamp":1621456083,"volume":"1.45520000","buyTxId":"97ac790d304f606cb37dc592b399d87f59d5bcfa","sellTxId":"fa333abde6ce72a53e064d2c9358b748b5a57b2e"}
{"index": {"_index":"pob","_id":"1070102"}}
	{"id":1070102,"type":"buy","buyer":"onealfa.leo","seller":"phusionphil","symbol":"POB","quantity":"0.90000000","price":"1.83800000","timestamp":1621456083,"volume":"1.65420000","buyTxId":"97ac790d304f606cb37dc592b399d87f59d5bcfa","sellTxId":"dd4ea612c538af3ecd834efebff63bff217c499f"}
{"index": {"_index":"pob","_id":"1070103"}}
	{"id":1070103,"type":"buy","buyer":"onealfa.leo","seller":"no-advice","symbol":"POB","quantity":"0.05654543","price":"1.85000000","timestamp":1621456083,"volume":"0.10460905","buyTxId":"97ac790d304f606cb37dc592b399d87f59d5bcfa","sellTxId":"279af5f446e1b857df3485446e348e2c8097e6f3"}
{"index": {"_index":"pob","_id":"1070104"}}
	{"id":1070104,"type":"buy","buyer":"onealfa.leo","seller":"barski","symbol":"POB","quantity":"1.03966152","price":"1.85000000","timestamp":1621456083,"volume":"1.92337381","buyTxId":"97ac790d304f606cb37dc592b399d87f59d5bcfa","sellTxId":"b1c44acd1395c3bafc81976dbd08a61c4bbf6588"}
{"index": {"_index":"pob","_id":"1070105"}}
	{"id":1070105,"type":"buy","buyer":"onealfa.leo","seller":"phusionphil","symbol":"POB","quantity":"1.00000000","price":"1.85700000","timestamp":1621456083,"volume":"1.85700000","buyTxId":"97ac790d304f606cb37dc592b399d87f59d5bcfa","sellTxId":"b81e6ebbf5c7bb424fcf1dce3ce3abab146fd616"}
{"index": {"_index":"pob","_id":"1070106"}}
	{"id":1070106,"type":"buy","buyer":"onealfa.leo","seller":"phusionphil","symbol":"POB","quantity":"1.25000000","price":"1.87600000","timestamp":1621456083,"volume":"2.34500000","buyTxId":"97ac790d304f606cb37dc592b399d87f59d5bcfa","sellTxId":"f434cb4c423418f9dc6e3ad454350b01cbdaa37a"}
{"index": {"_index":"pob","_id":"1070107"}}
	{"id":1070107,"type":"buy","buyer":"onealfa.leo","seller":"cookaiss","symbol":"POB","quantity":"2.15280391","price":"1.88000000","timestamp":1621456083,"volume":"4.04727135","buyTxId":"97ac790d304f606cb37dc592b399d87f59d5bcfa","sellTxId":"e270dbd0edbb4e871a78aaa1c795ffa4950808a4"}
{"index": {"_index":"pob","_id":"1070108"}}
	{"id":1070108,"type":"buy","buyer":"onealfa.leo","seller":"phusionphil","symbol":"POB","quantity":"1.50000000","price":"1.89500000","timestamp":1621456083,"volume":"2.84250000","buyTxId":"97ac790d304f606cb37dc592b399d87f59d5bcfa","sellTxId":"1fa72fb2ba3f8bc543b4a835b9970263a03e3a3d"}
{"index": {"_index":"pob","_id":"1070109"}}
	{"id":1070109,"type":"buy","buyer":"onealfa.leo","seller":"rentmoney","symbol":"POB","quantity":"3.33217876","price":"1.89990000","timestamp":1621456083,"volume":"6.33080644","buyTxId":"97ac790d304f606cb37dc592b399d87f59d5bcfa","sellTxId":"31401e88d490196f567691f8635cb896f9a83f90"}
{"index": {"_index":"pob","_id":"1070125"}}
	{"id":1070125,"type":"sell","buyer":"solovey6o2","seller":"rupinder","symbol":"POB","quantity":"4.00000000","price":"1.75007004","timestamp":1621456443,"volume":"7.00028016","buyTxId":"dd28a03d7bcf428018d35a61c983fc69be1c2178","sellTxId":"b9265abcd453a92e3fb33b5147057e9b37759c78"}
{"index": {"_index":"pob","_id":"1070134"}}
	{"id":1070134,"type":"sell","buyer":"bilpcoinbpc","seller":"automaton","symbol":"POB","quantity":"1.00000000","price":"1.75200000","timestamp":1621456860,"volume":"1.75200000","buyTxId":"98d347c68494c94c3a0d233b59f9fd7c59c0bfd1","sellTxId":"93f6ee8695eee2eded38a6d5c9f638233b2bd957"}
{"index": {"_index":"pob","_id":"1070135"}}
	{"id":1070135,"type":"sell","buyer":"ctime","seller":"automaton","symbol":"POB","quantity":"5.41850637","price":"1.75102001","timestamp":1621456860,"volume":"9.48791308","buyTxId":"MM-P-7099154-54035831-3-23-0","sellTxId":"93f6ee8695eee2eded38a6d5c9f638233b2bd957"}
{"index": {"_index":"pob","_id":"1070136"}}
	{"id":1070136,"type":"sell","buyer":"ctime","seller":"romirspc.tribe","symbol":"POB","quantity":"6.55","price":"1.75102001","timestamp":1621456893,"volume":"11.46918107","buyTxId":"MM-P-7099154-54035831-3-23-0","sellTxId":"e9bf1bed6ae63d120f66107db7f8909a4fdeb73e"}
{"index": {"_index":"pob","_id":"1070175"}}
	{"id":1070175,"type":"sell","buyer":"bilpcoinbpc","seller":"hallmann","symbol":"POB","quantity":"1.00000000","price":"1.76100000","timestamp":1621458219,"volume":"1.76100000","buyTxId":"bab7c7d1def93a93b9599ea75966c0260d299a91","sellTxId":"e01020b637f8ba9e892416a08fa79b54a05bc976"}
{"index": {"_index":"pob","_id":"1070176"}}
	{"id":1070176,"type":"sell","buyer":"bilpcoinbpc","seller":"hallmann","symbol":"POB","quantity":"0.19070841","price":"1.76100000","timestamp":1621458219,"volume":"0.33583751","buyTxId":"46c60f1fd012d9d87f40be527cd7d807c3a9f42e","sellTxId":"e01020b637f8ba9e892416a08fa79b54a05bc976"}
{"index": {"_index":"pob","_id":"1070179"}}
	{"id":1070179,"type":"sell","buyer":"solovey6o2","seller":"stickupboys","symbol":"POB","quantity":"7.43658781","price":"1.76102002","timestamp":1621458420,"volume":"13.09598001","buyTxId":"15170b0a294c46988d4831ea1ebfbf40339c97c4","sellTxId":"68472594a8de66432a92d7f62d6d8d903df39ff0"}
{"index": {"_index":"pob","_id":"1070189"}}
	{"id":1070189,"type":"sell","buyer":"bilpcoinbpc","seller":"freebornsociety","symbol":"POB","quantity":"2.00000000","price":"1.76200000","timestamp":1621458873,"volume":"3.52400000","buyTxId":"6892dbd2ec6fddcf4d9ed354555455e0e80e117b","sellTxId":"MM-P-7099746-54036503-3-1-0"}
{"index": {"_index":"pob","_id":"1070190"}}
	{"id":1070190,"type":"sell","buyer":"solovey6o2","seller":"freebornsociety","symbol":"POB","quantity":"4.25000000","price":"1.76104003","timestamp":1621458873,"volume":"7.48442013","buyTxId":"091975e8e2b17b37d533cde743f6f3932bdd08b3","sellTxId":"MM-P-7099746-54036503-3-1-0"}
{"index": {"_index":"pob","_id":"1070215"}}
	{"id":1070215,"type":"sell","buyer":"ctime","seller":"urun","symbol":"POB","quantity":"19.87394186","price":"1.76110005","timestamp":1621459593,"volume":"35.00000000","buyTxId":"MM-P-7099947-54036730-3-23-0","sellTxId":"f84ded2f9d4d2867633008b1a40326cdd0265236"}
{"index": {"_index":"pob","_id":"1070216"}}
	{"id":1070216,"type":"sell","buyer":"mmmmkkkk311","seller":"urun","symbol":"POB","quantity":"18.73839444","price":"1.76109005","timestamp":1621459593,"volume":"33.00000000","buyTxId":"MM-P-7099947-54036730-3-2-0","sellTxId":"f84ded2f9d4d2867633008b1a40326cdd0265236"}
{"index": {"_index":"pob","_id":"1070217"}}
	{"id":1070217,"type":"sell","buyer":"bilpcoinbpc","seller":"urun","symbol":"POB","quantity":"1.80929159","price":"1.76100000","timestamp":1621459593,"volume":"3.18616249","buyTxId":"46c60f1fd012d9d87f40be527cd7d807c3a9f42e","sellTxId":"f84ded2f9d4d2867633008b1a40326cdd0265236"}
{"index": {"_index":"pob","_id":"1070218"}}
	{"id":1070218,"type":"sell","buyer":"bilpcoinbpc","seller":"urun","symbol":"POB","quantity":"3.00000000","price":"1.76100000","timestamp":1621459593,"volume":"5.28300000","buyTxId":"0cd0e5e473b5dad124432e6949ff1ca6f682a16d","sellTxId":"f84ded2f9d4d2867633008b1a40326cdd0265236"}
{"index": {"_index":"pob","_id":"1070219"}}
	{"id":1070219,"type":"sell","buyer":"bilpcoinbpc","seller":"urun","symbol":"POB","quantity":"1.98133858","price":"1.76010000","timestamp":1621459593,"volume":"3.48735403","buyTxId":"2e072d9a71eccfaca0f8aab2ee7617ab55693162","sellTxId":"f84ded2f9d4d2867633008b1a40326cdd0265236"}
{"index": {"_index":"pob","_id":"1070234"}}
	{"id":1070234,"type":"sell","buyer":"bilpcoinbpc","seller":"thelogicaldude","symbol":"POB","quantity":"0.01866142","price":"1.76010000","timestamp":1621459839,"volume":"0.03284597","buyTxId":"2e072d9a71eccfaca0f8aab2ee7617ab55693162","sellTxId":"783d9b3a3a39207859034ec899bca86978bce3dd"}
{"index": {"_index":"pob","_id":"1070235"}}
	{"id":1070235,"type":"sell","buyer":"solovey6o2","seller":"thelogicaldude","symbol":"POB","quantity":"66.41560004","price":"1.71030001","timestamp":1621459839,"volume":"113.59060141","buyTxId":"d397f7d5257da3d8f502e41e8d05dcce10b583e9","sellTxId":"783d9b3a3a39207859034ec899bca86978bce3dd"}
{"index": {"_index":"pob","_id":"1070236"}}
	{"id":1070236,"type":"sell","buyer":"bilpcoinbpc","seller":"thelogicaldude","symbol":"POB","quantity":"5.00000000","price":"1.71030000","timestamp":1621459839,"volume":"8.55150000","buyTxId":"4918472f70bcf67125f3b7053cc139dde7ba79cb","sellTxId":"783d9b3a3a39207859034ec899bca86978bce3dd"}
{"index": {"_index":"pob","_id":"1070237"}}
	{"id":1070237,"type":"sell","buyer":"richardcrill","seller":"thelogicaldude","symbol":"POB","quantity":"25.25145899","price":"1.66327023","timestamp":1621459839,"volume":"42.00000000","buyTxId":"MM-P-7099968-54036753-3-10-0","sellTxId":"783d9b3a3a39207859034ec899bca86978bce3dd"}
{"index": {"_index":"pob","_id":"1070238"}}
	{"id":1070238,"type":"sell","buyer":"sbi-tokens","seller":"thelogicaldude","symbol":"POB","quantity":"61.45591678","price":"1.66000000","timestamp":1621459839,"volume":"102.01682185","buyTxId":"62d63c141ee388a91ea62cf4db8200da9126768a","sellTxId":"783d9b3a3a39207859034ec899bca86978bce3dd"}
{"index": {"_index":"pob","_id":"1070252"}}
	{"id":1070252,"type":"sell","buyer":"sbi-tokens","seller":"rezoanulvibes","symbol":"POB","quantity":"3.96224885","price":"1.66000000","timestamp":1621460007,"volume":"6.57733309","buyTxId":"62d63c141ee388a91ea62cf4db8200da9126768a","sellTxId":"12fb40b9759bd26947e8bf6b45fed5d2f8425abe"}
{"index": {"_index":"pob","_id":"1070326"}}
	{"id":1070326,"type":"buy","buyer":"frot","seller":"solovey6o2","symbol":"POB","quantity":"82.23118784","price":"1.70999990","timestamp":1621461717,"volume":"140.61532298","buyTxId":"f0471a891a5d5d03720ad5ed0264bc24dd64267a","sellTxId":"a741d476a0e3da356663c50e093b15c66c6a77dd"}
{"index": {"_index":"pob","_id":"1070327"}}
	{"id":1070327,"type":"buy","buyer":"frot","seller":"freebornsociety","symbol":"POB","quantity":"6.25000000","price":"1.70999991","timestamp":1621461717,"volume":"10.68749944","buyTxId":"f0471a891a5d5d03720ad5ed0264bc24dd64267a","sellTxId":"MM-P-7100516-54037402-3-1-0"}
{"index": {"_index":"pob","_id":"1070372"}}
	{"id":1070372,"type":"sell","buyer":"frot","seller":"nevies","symbol":"POB","quantity":"1.51881216","price":"1.72000000","timestamp":1621462518,"volume":"2.61235692","buyTxId":"f0471a891a5d5d03720ad5ed0264bc24dd64267a","sellTxId":"b772a36f680a880e2cad38eb85fd00c3d3abfdeb"}
{"index": {"_index":"pob","_id":"1070410"}}
	{"id":1070410,"type":"buy","buyer":"ezrider","seller":"nevies","symbol":"POB","quantity":"28.48118784","price":"1.72000000","timestamp":1621463679,"volume":"48.98764308","buyTxId":"277b0d6a4c18690e0ff182c219374f187dd7d97f","sellTxId":"b772a36f680a880e2cad38eb85fd00c3d3abfdeb"}
{"index": {"_index":"pob","_id":"1070411"}}
	{"id":1070411,"type":"buy","buyer":"ezrider","seller":"freebornsociety","symbol":"POB","quantity":"6.25000000","price":"1.73000000","timestamp":1621463679,"volume":"10.81250000","buyTxId":"277b0d6a4c18690e0ff182c219374f187dd7d97f","sellTxId":"MM-P-7101202-54038102-3-1-0"}
{"index": {"_index":"pob","_id":"1070412"}}
	{"id":1070412,"type":"buy","buyer":"ezrider","seller":"nevies","symbol":"POB","quantity":"50.00000000","price":"1.76000000","timestamp":1621463679,"volume":"88.00000000","buyTxId":"277b0d6a4c18690e0ff182c219374f187dd7d97f","sellTxId":"b619da7dd9acc927242cca3dd9a17b920e84113a"}
{"index": {"_index":"pob","_id":"1070413"}}
	{"id":1070413,"type":"buy","buyer":"ezrider","seller":"nevies","symbol":"POB","quantity":"49.26881216","price":"1.76000000","timestamp":1621463679,"volume":"86.71310940","buyTxId":"277b0d6a4c18690e0ff182c219374f187dd7d97f","sellTxId":"8860ee18bad3e7aee6a8a3910701e820f22ff5cb"}
{"index": {"_index":"pob","_id":"1070427"}}
	{"id":1070427,"type":"sell","buyer":"solovey6o2","seller":"pixelfan","symbol":"POB","quantity":"0.42324256","price":"1.66076015","timestamp":1621464267,"volume":"0.70290438","buyTxId":"3537d0f5b66607db2beedc627c703f729529f891","sellTxId":"f446dbb6c95bed2b0fb2a1118ef8c3f3c1b393b3"}
{"index": {"_index":"pob","_id":"1070446"}}
	{"id":1070446,"type":"sell","buyer":"ctime","seller":"brutalmonkey","symbol":"POB","quantity":"0.56000000","price":"1.66090017","timestamp":1621464699,"volume":"0.93010410","buyTxId":"MM-P-7101496-54038430-3-23-0","sellTxId":"e42af7e3ac27a66f8ebe8a374068c6b07c15891e"}
{"index": {"_index":"pob","_id":"1070491"}}
	{"id":1070491,"type":"sell","buyer":"ctime","seller":"brutalmonkey","symbol":"POB","quantity":"0.13800000","price":"1.66120024","timestamp":1621466187,"volume":"0.22924563","buyTxId":"MM-P-7101938-54038929-3-23-0","sellTxId":"5bb5dd13185736046dd88e8eece1d62ad8ffcbed"}
{"index": {"_index":"pob","_id":"1070500"}}
	{"id":1070500,"type":"sell","buyer":"ctime","seller":"brutalmonkey","symbol":"POB","quantity":"0.12500000","price":"1.66122025","timestamp":1621466481,"volume":"0.20765253","buyTxId":"MM-P-7102022-54039028-3-23-0","sellTxId":"32e49c56af770c8111024855c966dbbd21abc968"}
{"index": {"_index":"pob","_id":"1070524"}}
	{"id":1070524,"type":"sell","buyer":"solovey6o2","seller":"anggayuzan","symbol":"POB","quantity":"5","price":"1.66148031","timestamp":1621467441,"volume":"8.30740155","buyTxId":"a8b7d6e2c578669d1b3629a72ebf51801986a4a8","sellTxId":"86672092dc5205c3af5d98cac8593741ab55c4c2"}
{"index": {"_index":"pob","_id":"1070532"}}
	{"id":1070532,"type":"sell","buyer":"ctime","seller":"canna-curate","symbol":"POB","quantity":"10.00000000","price":"1.66150031","timestamp":1621467690,"volume":"16.61500310","buyTxId":"MM-P-7102382-54039427-3-23-0","sellTxId":"a77c94e507e198791e605ab010fded3da18a7691"}
{"index": {"_index":"pob","_id":"1070546"}}
	{"id":1070546,"type":"buy","buyer":"ezrider","seller":"solovey6o2","symbol":"POB","quantity":"5.42324257","price":"1.73668497","timestamp":1621468047,"volume":"9.41846386","buyTxId":"c25a280a3f5ed6cf2b60b4ce55ad093468b0be73","sellTxId":"0fb53cce56b5ff748524f5c39d13399fade0cb4b"}
{"index": {"_index":"pob","_id":"1070547"}}
	{"id":1070547,"type":"buy","buyer":"ezrider","seller":"freebornsociety","symbol":"POB","quantity":"6.25000000","price":"1.73668498","timestamp":1621468047,"volume":"10.85428113","buyTxId":"c25a280a3f5ed6cf2b60b4ce55ad093468b0be73","sellTxId":"MM-P-7102443-54039499-3-1-0"}
{"index": {"_index":"pob","_id":"1070548"}}
	{"id":1070548,"type":"buy","buyer":"ezrider","seller":"nevies","symbol":"POB","quantity":"0.73118784","price":"1.76000000","timestamp":1621468047,"volume":"1.28689060","buyTxId":"c25a280a3f5ed6cf2b60b4ce55ad093468b0be73","sellTxId":"8860ee18bad3e7aee6a8a3910701e820f22ff5cb"}
{"index": {"_index":"pob","_id":"1070549"}}
	{"id":1070549,"type":"buy","buyer":"ezrider","seller":"mmmmkkkk311","symbol":"POB","quantity":"15.00000000","price":"1.76668500","timestamp":1621468047,"volume":"26.50027500","buyTxId":"c25a280a3f5ed6cf2b60b4ce55ad093468b0be73","sellTxId":"MM-P-7101138-54038030-3-2-1"}
{"index": {"_index":"pob","_id":"1070550"}}
	{"id":1070550,"type":"buy","buyer":"ezrider","seller":"phusionphil","symbol":"POB","quantity":"27.59556959","price":"1.76669500","timestamp":1621468047,"volume":"48.75295482","buyTxId":"c25a280a3f5ed6cf2b60b4ce55ad093468b0be73","sellTxId":"a757c629caa43f17a0d77fa70c3b00d9807b1aca"}
{"index": {"_index":"pob","_id":"1070557"}}
	{"id":1070557,"type":"sell","buyer":"solovey6o2","seller":"ftfund","symbol":"POB","quantity":"6.54647592","price":"1.66162034","timestamp":1621468206,"volume":"10.87775754","buyTxId":"7d6a128f37dd35df18b679a9fa6db2e9f8ca29cc","sellTxId":"97469d250c95a62d1c4b2d7d8264127346278f7d"}
{"index": {"_index":"pob","_id":"1070613"}}
	{"id":1070613,"type":"sell","buyer":"solovey6o2","seller":"jlordc","symbol":"POB","quantity":"5.65937068","price":"1.66204043","timestamp":1621469943,"volume":"9.40610288","buyTxId":"d9a3f20039aae1a61fbfacdede6a7f74b169dc73","sellTxId":"40511562387b90711d67e809e9045276bfbcf574"}
{"index": {"_index":"pob","_id":"1070630"}}
	{"id":1070630,"type":"sell","buyer":"richardcrill","seller":"romirspc.tribe","symbol":"POB","quantity":"5.77","price":"1.66228046","timestamp":1621470459,"volume":"9.59135825","buyTxId":"MM-P-7103248-54040349-3-10-0","sellTxId":"e5a16216ba0ae353d4015251e9354d24b5868937"}
{"index": {"_index":"pob","_id":"1070658"}}
	{"id":1070658,"type":"sell","buyer":"ctime","seller":"andy4475","symbol":"POB","quantity":"4.34515617","price":"1.66230046","timestamp":1621470699,"volume":"7.22295510","buyTxId":"MM-P-7103324-54040426-3-23-0","sellTxId":"0d6822cd5f7bd4be16f71c70a59f8e5e2943da56"}
{"index": {"_index":"pob","_id":"1070725"}}
	{"id":1070725,"type":"sell","buyer":"solovey6o2","seller":"contrabourdon","symbol":"POB","quantity":"0.03945728","price":"1.66233049","timestamp":1621471335,"volume":"0.06559104","buyTxId":"e3b6f536a4e42b4ab9e1688bd038e9f6a91e9a3d","sellTxId":"da03b89f637cc404f58fbdb4e67c1cb28245e38f"}
{"index": {"_index":"pob","_id":"1070743"}}
	{"id":1070743,"type":"sell","buyer":"solovey6o2","seller":"kevinnag58","symbol":"POB","quantity":"27.63056607","price":"1.66235050","timestamp":1621471686,"volume":"45.93168532","buyTxId":"04776aa329b6bdd16a90f6c809dd4a034992edda","sellTxId":"d286b5c590bfaf883b37ae72cde9f28fb5959da6"}
{"index": {"_index":"pob","_id":"1070753"}}
	{"id":1070753,"type":"sell","buyer":"solovey6o2","seller":"ecoinstant","symbol":"POB","quantity":"39.42300000","price":"1.67002002","timestamp":1621471980,"volume":"65.83719925","buyTxId":"fbeecf3212c5591e207c19cbd409dac2ef427f46","sellTxId":"40cfab6fdeed17a0ef50bee4841506268e721b32"}
{"index": {"_index":"pob","_id":"1070822"}}
	{"id":1070822,"type":"sell","buyer":"ctime","seller":"stayten","symbol":"POB","quantity":"0.96497856","price":"1.67010002","timestamp":1621473135,"volume":"1.61161071","buyTxId":"MM-P-7104081-54041225-3-23-0","sellTxId":"1a473cef401456c304dc60773d98c062e52aad14"}
{"index": {"_index":"pob","_id":"1070876"}}
	{"id":1070876,"type":"buy","buyer":"georgeknowsall","seller":"freebornsociety","symbol":"POB","quantity":"0.50000000","price":"1.75668000","timestamp":1621474155,"volume":"0.87834000","buyTxId":"06363ab75f850d8fe973721e175684f1e7511981","sellTxId":"MM-P-7102531-54039599-3-1-0"}
{"index": {"_index":"pob","_id":"1070901"}}
	{"id":1070901,"type":"sell","buyer":"frot","seller":"fwxiii","symbol":"POB","quantity":"0.40788504","price":"1.67000000","timestamp":1621474758,"volume":"0.68116802","buyTxId":"70c79d56d5304ad26606cb6df038b469d40b8a3e","sellTxId":"f994f49e8310e5db493dc669dfc9f934f2f56ea1"}
{"index": {"_index":"pob","_id":"1070950"}}
	{"id":1070950,"type":"sell","buyer":"frot","seller":"ahmetay","symbol":"POB","quantity":"0.61099425","price":"1.67000000","timestamp":1621475886,"volume":"1.02036040","buyTxId":"70c79d56d5304ad26606cb6df038b469d40b8a3e","sellTxId":"d90a2f3130cc553de2b3d542dde3e81339b96981"}
{"index": {"_index":"pob","_id":"1070961"}}
	{"id":1070961,"type":"sell","buyer":"frot","seller":"tlundy47","symbol":"POB","quantity":"0.00038430","price":"1.67000000","timestamp":1621475973,"volume":"0.00064178","buyTxId":"70c79d56d5304ad26606cb6df038b469d40b8a3e","sellTxId":"bc68eabc8a6aa0ed6392539949837942cdf16deb"}
{"index": {"_index":"pob","_id":"1070965"}}
	{"id":1070965,"type":"buy","buyer":"razackpulo.sport","seller":"freebornsociety","symbol":"POB","quantity":"0.61222968","price":"1.75668000","timestamp":1621476234,"volume":"1.07549163","buyTxId":"ac6b73a15468d826e3c548f6ad26d93517567638","sellTxId":"MM-P-7102531-54039599-3-1-0"}
{"index": {"_index":"pob","_id":"1070966"}}
	{"id":1070966,"type":"buy","buyer":"razackpulo.sport","seller":"solovey6o2","symbol":"POB","quantity":"79.29886994","price":"1.76666999","timestamp":1621476234,"volume":"140.09493376","buyTxId":"ac6b73a15468d826e3c548f6ad26d93517567638","sellTxId":"26f52e2f5359d056e33dfd05ee8ec9f120dde5ab"}
{"index": {"_index":"pob","_id":"1070967"}}
	{"id":1070967,"type":"buy","buyer":"razackpulo.sport","seller":"mmmmkkkk311","symbol":"POB","quantity":"15.00000000","price":"1.76667000","timestamp":1621476234,"volume":"26.50005000","buyTxId":"ac6b73a15468d826e3c548f6ad26d93517567638","sellTxId":"MM-P-7103800-54040925-3-2-1"}
{"index": {"_index":"pob","_id":"1070968"}}
	{"id":1070968,"type":"buy","buyer":"razackpulo.sport","seller":"ironshield","symbol":"POB","quantity":"5.08890038","price":"1.76668000","timestamp":1621476234,"volume":"8.99045852","buyTxId":"ac6b73a15468d826e3c548f6ad26d93517567638","sellTxId":"b8b795dfc9ce8af955b251cf1daae0de8911fc12"}
{"index": {"_index":"pob","_id":"1070969"}}
	{"id":1070969,"type":"buy","buyer":"razackpulo.sport","seller":"ironshield","symbol":"POB","quantity":"12.70878392","price":"1.76668000","timestamp":1621476309,"volume":"22.45235438","buyTxId":"fa8054a4a5066d2cbb2e4177d20e015a07565972","sellTxId":"b8b795dfc9ce8af955b251cf1daae0de8911fc12"}
{"index": {"_index":"pob","_id":"1071003"}}
	{"id":1071003,"type":"sell","buyer":"razackpulo.sport","seller":"coininstant","symbol":"POB","quantity":"3.29121608","price":"1.76669000","timestamp":1621476606,"volume":"5.81455854","buyTxId":"fa8054a4a5066d2cbb2e4177d20e015a07565972","sellTxId":"ba734694871ee44f2aeced26d9f402fa053fb7d5"}
{"index": {"_index":"pob","_id":"1071005"}}
	{"id":1071005,"type":"sell","buyer":"solovey6o2","seller":"coffeelovers","symbol":"POB","quantity":"5.80288614","price":"1.67004003","timestamp":1621476771,"volume":"9.69105214","buyTxId":"7e4074ac353e618d719fb69821ff1108e614ddd6","sellTxId":"d3303cb3349be9b416edd911060374f132f275e0"}
{"index": {"_index":"pob","_id":"1071107"}}
	{"id":1071107,"type":"sell","buyer":"ctime","seller":"dagger212","symbol":"POB","quantity":"3.12606004","price":"1.67013007","timestamp":1621478187,"volume":"5.22092687","buyTxId":"MM-P-7105664-54042923-3-23-0","sellTxId":"77708895c94c6fa0261b6296689bf18d1bc7917d"}
{"index": {"_index":"pob","_id":"1071152"}}
	{"id":1071152,"type":"sell","buyer":"ctime","seller":"mawit07","symbol":"POB","quantity":"13.94630982","price":"1.67019010","timestamp":1621479120,"volume":"23.29298859","buyTxId":"MM-P-7105933-54043223-3-23-0","sellTxId":"5083648574391382c9c75d00456c8396cffa49f8"}
{"index": {"_index":"pob","_id":"1071153"}}
	{"id":1071153,"type":"sell","buyer":"mmmmkkkk311","seller":"mawit07","symbol":"POB","quantity":"0.28828898","price":"1.67018010","timestamp":1621479120,"volume":"0.48149452","buyTxId":"MM-P-7105933-54043223-3-2-0","sellTxId":"5083648574391382c9c75d00456c8396cffa49f8"}
{"index": {"_index":"pob","_id":"1071154"}}
	{"id":1071154,"type":"sell","buyer":"solovey6o2","seller":"justinparke","symbol":"POB","quantity":"1.55338117","price":"1.67019011","timestamp":1621479129,"volume":"2.59444187","buyTxId":"eea517263485f7db96d05857d0d15e826751a495","sellTxId":"2ea712cf1091f90acb35721ecfa39651f84ef472"}
