{"index": {"_index":"pob","_id":"1548374"}}
	{"id":1548374,"type":"sell","buyer":"shepz1","seller":"fireguardian","symbol":"POB","quantity":"250","price":"0.30000000","timestamp":1632020286,"volume":"75.00000000","buyTxId":"1ff0cdfe7b8f32762177f1bf64dea74eb2d0e519","sellTxId":"7e3c6360fe35eb82fd704c265771aade3d8f554c"}
{"index": {"_index":"pob","_id":"1548431"}}
	{"id":1548431,"type":"sell","buyer":"solovey6o2","seller":"bashadow","symbol":"POB","quantity":"5.68614545","price":"0.30000001","timestamp":1632021375,"volume":"1.70584369","buyTxId":"213d630e3ad79128bbadeead1e71366bf3fe9c89","sellTxId":"9361931bab92914fdb9d563499db6f6320fce50e"}
{"index": {"_index":"pob","_id":"1548450"}}
	{"id":1548450,"type":"sell","buyer":"solovey6o2","seller":"fireguardian","symbol":"POB","quantity":"300","price":"0.30000001","timestamp":1632021549,"volume":"90.00000300","buyTxId":"213d630e3ad79128bbadeead1e71366bf3fe9c89","sellTxId":"da6891aab01cbec3b6d916a0b29eb97a2be6fee0"}
{"index": {"_index":"pob","_id":"1548478"}}
	{"id":1548478,"type":"sell","buyer":"solovey6o2","seller":"luueetang","symbol":"POB","quantity":"0.37992194","price":"0.30000001","timestamp":1632022143,"volume":"0.11397659","buyTxId":"213d630e3ad79128bbadeead1e71366bf3fe9c89","sellTxId":"a8d6fe0a50fa778018121ce0f1aa31be6f5382c3"}
{"index": {"_index":"pob","_id":"1548516"}}
	{"id":1548516,"type":"sell","buyer":"solovey6o2","seller":"kraken99","symbol":"POB","quantity":"0.57050004","price":"0.30000001","timestamp":1632023262,"volume":"0.17115002","buyTxId":"213d630e3ad79128bbadeead1e71366bf3fe9c89","sellTxId":"fc6eaf859f2f4fada8d534505d1bc61dad322b39"}
{"index": {"_index":"pob","_id":"1548543"}}
	{"id":1548543,"type":"sell","buyer":"solovey6o2","seller":"joemark","symbol":"POB","quantity":"30.43707986","price":"0.30000001","timestamp":1632023961,"volume":"9.13112426","buyTxId":"213d630e3ad79128bbadeead1e71366bf3fe9c89","sellTxId":"7abe8f10c85791a951e076e06548fc4067f831d8"}
{"index": {"_index":"pob","_id":"1548546"}}
	{"id":1548546,"type":"sell","buyer":"solovey6o2","seller":"josephmark","symbol":"POB","quantity":"24.01905695","price":"0.30000001","timestamp":1632024033,"volume":"7.20571733","buyTxId":"213d630e3ad79128bbadeead1e71366bf3fe9c89","sellTxId":"aa6e587576803291bf034d979c3ef3cdd282138b"}
{"index": {"_index":"pob","_id":"1548594"}}
	{"id":1548594,"type":"sell","buyer":"solovey6o2","seller":"pthker2010","symbol":"POB","quantity":"88.00000000","price":"0.30000001","timestamp":1632024762,"volume":"26.40000088","buyTxId":"213d630e3ad79128bbadeead1e71366bf3fe9c89","sellTxId":"5d02e4a4fe680054a0897cdb0e67cb327b532b1d"}
{"index": {"_index":"pob","_id":"1548597"}}
	{"id":1548597,"type":"sell","buyer":"solovey6o2","seller":"pthker2010","symbol":"POB","quantity":"0.91140250","price":"0.30000001","timestamp":1632024822,"volume":"0.27342076","buyTxId":"213d630e3ad79128bbadeead1e71366bf3fe9c89","sellTxId":"db20f1daf5b8713d0cf3c001f7d67c5eaa920b25"}
{"index": {"_index":"pob","_id":"1548620"}}
	{"id":1548620,"type":"sell","buyer":"solovey6o2","seller":"ahmetay","symbol":"POB","quantity":"37.07580870","price":"0.30000001","timestamp":1632025461,"volume":"11.12274298","buyTxId":"213d630e3ad79128bbadeead1e71366bf3fe9c89","sellTxId":"707dadea9cee1595db4c88f462ae2c93bc957f7a"}
{"index": {"_index":"pob","_id":"1548629"}}
	{"id":1548629,"type":"sell","buyer":"solovey6o2","seller":"ahmetay","symbol":"POB","quantity":"35.13471744","price":"0.30000001","timestamp":1632025584,"volume":"10.54041558","buyTxId":"213d630e3ad79128bbadeead1e71366bf3fe9c89","sellTxId":"0ecb36dd49785268557f982e2d46c6ebb36edb89"}
{"index": {"_index":"pob","_id":"1548671"}}
	{"id":1548671,"type":"sell","buyer":"solovey6o2","seller":"ahmetay","symbol":"POB","quantity":"6.88536497","price":"0.30000001","timestamp":1632026799,"volume":"2.06560956","buyTxId":"213d630e3ad79128bbadeead1e71366bf3fe9c89","sellTxId":"143c5e346bcd3f51842552fcc57792e5557d766a"}
{"index": {"_index":"pob","_id":"1548685"}}
	{"id":1548685,"type":"sell","buyer":"solovey6o2","seller":"emma001","symbol":"POB","quantity":"24.11355984","price":"0.30000001","timestamp":1632027084,"volume":"7.23406819","buyTxId":"213d630e3ad79128bbadeead1e71366bf3fe9c89","sellTxId":"2736f844d6cb8f47892fa7ef2d5b97887ed3fc6f"}
{"index": {"_index":"pob","_id":"1548689"}}
	{"id":1548689,"type":"sell","buyer":"solovey6o2","seller":"a-peiron","symbol":"POB","quantity":"0.01504598","price":"0.30000001","timestamp":1632027216,"volume":"0.00451379","buyTxId":"213d630e3ad79128bbadeead1e71366bf3fe9c89","sellTxId":"90bb82b106c6bd0feac9264ceed814b6e9067e2d"}
{"index": {"_index":"pob","_id":"1548714"}}
	{"id":1548714,"type":"sell","buyer":"solovey6o2","seller":"taseli","symbol":"POB","quantity":"1.75425538","price":"0.30000001","timestamp":1632027891,"volume":"0.52627663","buyTxId":"213d630e3ad79128bbadeead1e71366bf3fe9c89","sellTxId":"fe6f96fe5d83e17df70ded90e7fa7985544d95d8"}
{"index": {"_index":"pob","_id":"1548735"}}
	{"id":1548735,"type":"sell","buyer":"solovey6o2","seller":"coffeelovers","symbol":"POB","quantity":"18.39062116","price":"0.30000001","timestamp":1632028290,"volume":"5.51718653","buyTxId":"213d630e3ad79128bbadeead1e71366bf3fe9c89","sellTxId":"33628221c3bc73970a3c61514d2aeeb276c253d3"}
{"index": {"_index":"pob","_id":"1548736"}}
	{"id":1548736,"type":"sell","buyer":"solovey6o2","seller":"pablodare","symbol":"POB","quantity":"0.70086306","price":"0.30000001","timestamp":1632028299,"volume":"0.21025893","buyTxId":"213d630e3ad79128bbadeead1e71366bf3fe9c89","sellTxId":"0d156593bcce8c83ecee512a688f56f4590f958b"}
{"index": {"_index":"pob","_id":"1548799"}}
	{"id":1548799,"type":"sell","buyer":"solovey6o2","seller":"jongolson","symbol":"POB","quantity":"3.28571759","price":"0.30000001","timestamp":1632029796,"volume":"0.98571531","buyTxId":"213d630e3ad79128bbadeead1e71366bf3fe9c89","sellTxId":"edf48d38bc2996db188ba755a333a53c6a0b6651"}
{"index": {"_index":"pob","_id":"1548802"}}
	{"id":1548802,"type":"sell","buyer":"solovey6o2","seller":"unblindphoenix","symbol":"POB","quantity":"0.82387990","price":"0.30000001","timestamp":1632029898,"volume":"0.24716398","buyTxId":"213d630e3ad79128bbadeead1e71366bf3fe9c89","sellTxId":"758b31390c60317099b37e6180f64aa2cbd4d52f"}
{"index": {"_index":"pob","_id":"1548817"}}
	{"id":1548817,"type":"sell","buyer":"solovey6o2","seller":"sugandhaseth","symbol":"POB","quantity":"22.00000000","price":"0.30000001","timestamp":1632030798,"volume":"6.60000022","buyTxId":"213d630e3ad79128bbadeead1e71366bf3fe9c89","sellTxId":"0f3bd8d943939e87c84d3d2501f6baa4048144e2"}
{"index": {"_index":"pob","_id":"1548873"}}
	{"id":1548873,"type":"sell","buyer":"solovey6o2","seller":"valor2s","symbol":"POB","quantity":"1.70064382","price":"0.30000001","timestamp":1632032076,"volume":"0.51019316","buyTxId":"213d630e3ad79128bbadeead1e71366bf3fe9c89","sellTxId":"c45bd9eb231a4f4fcd6f20686ed51ba78d2d8017"}
{"index": {"_index":"pob","_id":"1548955"}}
	{"id":1548955,"type":"sell","buyer":"solovey6o2","seller":"nuthman","symbol":"POB","quantity":"0.79028403","price":"0.30000001","timestamp":1632034074,"volume":"0.23708522","buyTxId":"213d630e3ad79128bbadeead1e71366bf3fe9c89","sellTxId":"d62feadb9df0521555965a6cf749d7763ba932a8"}
{"index": {"_index":"pob","_id":"1548979"}}
	{"id":1548979,"type":"sell","buyer":"solovey6o2","seller":"vanillavow","symbol":"POB","quantity":"75.68505081","price":"0.30000001","timestamp":1632034341,"volume":"22.70551600","buyTxId":"213d630e3ad79128bbadeead1e71366bf3fe9c89","sellTxId":"f98cb742b9300be97c7389620d1f855d79f04366"}
{"index": {"_index":"pob","_id":"1549017"}}
	{"id":1549017,"type":"sell","buyer":"solovey6o2","seller":"stickupboys","symbol":"POB","quantity":"9.99175489","price":"0.30000001","timestamp":1632035721,"volume":"2.99752657","buyTxId":"213d630e3ad79128bbadeead1e71366bf3fe9c89","sellTxId":"e2fd87b61753597b17f63356c21930d26905acde"}
{"index": {"_index":"pob","_id":"1549108"}}
	{"id":1549108,"type":"sell","buyer":"solovey6o2","seller":"clixy","symbol":"POB","quantity":"12.48954305","price":"0.30000001","timestamp":1632037908,"volume":"3.74686304","buyTxId":"213d630e3ad79128bbadeead1e71366bf3fe9c89","sellTxId":"fa5d489595f32e8c359639814844c78ab5cdaf03"}
{"index": {"_index":"pob","_id":"1549110"}}
	{"id":1549110,"type":"sell","buyer":"solovey6o2","seller":"clixy","symbol":"POB","quantity":"16.00006775","price":"0.30000001","timestamp":1632037986,"volume":"4.80002049","buyTxId":"213d630e3ad79128bbadeead1e71366bf3fe9c89","sellTxId":"6df3e760b4c7a6c2b9a70132fa542695e64ad104"}
{"index": {"_index":"pob","_id":"1549135"}}
	{"id":1549135,"type":"sell","buyer":"solovey6o2","seller":"psalm111","symbol":"POB","quantity":"61.61344453","price":"0.30000001","timestamp":1632038499,"volume":"18.48403397","buyTxId":"213d630e3ad79128bbadeead1e71366bf3fe9c89","sellTxId":"c46aec248095965907b6e9d55f97bb2111f0e2f2"}
{"index": {"_index":"pob","_id":"1549136"}}
	{"id":1549136,"type":"sell","buyer":"solovey6o2","seller":"psalm111","symbol":"POB","quantity":"5.38655547","price":"0.30000001","timestamp":1632038499,"volume":"1.61596669","buyTxId":"d5a03ad7e3dac54465712f82b20d01765a015479","sellTxId":"c46aec248095965907b6e9d55f97bb2111f0e2f2"}
{"index": {"_index":"pob","_id":"1549144"}}
	{"id":1549144,"type":"sell","buyer":"solovey6o2","seller":"alexvan","symbol":"POB","quantity":"8.90010258","price":"0.30000001","timestamp":1632038871,"volume":"2.67003086","buyTxId":"d5a03ad7e3dac54465712f82b20d01765a015479","sellTxId":"b18d31097d48c2adc293be2de144aaa551f6249e"}
{"index": {"_index":"pob","_id":"1549147"}}
	{"id":1549147,"type":"sell","buyer":"solovey6o2","seller":"iamhafix","symbol":"POB","quantity":"96.00000000","price":"0.30000001","timestamp":1632038937,"volume":"28.80000096","buyTxId":"d5a03ad7e3dac54465712f82b20d01765a015479","sellTxId":"4aa1e8901fc353c8fbee26b3ea2d45c49a0957d2"}
{"index": {"_index":"pob","_id":"1549212"}}
	{"id":1549212,"type":"sell","buyer":"solovey6o2","seller":"ahmetay","symbol":"POB","quantity":"2.15436399","price":"0.30000001","timestamp":1632040005,"volume":"0.64630922","buyTxId":"d5a03ad7e3dac54465712f82b20d01765a015479","sellTxId":"64f607305b1e8a734a4461422eee0db2d4cdc149"}
{"index": {"_index":"pob","_id":"1549217"}}
	{"id":1549217,"type":"sell","buyer":"solovey6o2","seller":"acesontop","symbol":"POB","quantity":"14.16347587","price":"0.30000001","timestamp":1632040068,"volume":"4.24904290","buyTxId":"d5a03ad7e3dac54465712f82b20d01765a015479","sellTxId":"58d2fcc3bec9d443799b831014457a380e272836"}
{"index": {"_index":"pob","_id":"1549218"}}
	{"id":1549218,"type":"sell","buyer":"solovey6o2","seller":"achim03","symbol":"POB","quantity":"5.11500000","price":"0.30000001","timestamp":1632040125,"volume":"1.53450005","buyTxId":"d5a03ad7e3dac54465712f82b20d01765a015479","sellTxId":"74b0b1588e1c5632039eb30108778f43224f3fe5"}
{"index": {"_index":"pob","_id":"1549228"}}
	{"id":1549228,"type":"sell","buyer":"solovey6o2","seller":"nonsowrites","symbol":"POB","quantity":"100.00000000","price":"0.30000001","timestamp":1632040407,"volume":"30.00000100","buyTxId":"d5a03ad7e3dac54465712f82b20d01765a015479","sellTxId":"836669620b0f51f81eed32f63cccebbc5220ebdd"}
{"index": {"_index":"pob","_id":"1549234"}}
	{"id":1549234,"type":"sell","buyer":"solovey6o2","seller":"aiovo","symbol":"POB","quantity":"1.64000000","price":"0.30000001","timestamp":1632040536,"volume":"0.49200002","buyTxId":"d5a03ad7e3dac54465712f82b20d01765a015479","sellTxId":"6785d66c1c95b14d0566a3725fd4f30a1e8d78e7"}
{"index": {"_index":"pob","_id":"1549246"}}
	{"id":1549246,"type":"sell","buyer":"solovey6o2","seller":"ctpsb","symbol":"POB","quantity":"5.15200000","price":"0.30000001","timestamp":1632040683,"volume":"1.54560005","buyTxId":"d5a03ad7e3dac54465712f82b20d01765a015479","sellTxId":"bbb41d345e79ddffafba75f60ebd83e762cf924d"}
{"index": {"_index":"pob","_id":"1549290"}}
	{"id":1549290,"type":"sell","buyer":"solovey6o2","seller":"razack-pulo","symbol":"POB","quantity":"6.20072412","price":"0.30000001","timestamp":1632041274,"volume":"1.86021730","buyTxId":"d5a03ad7e3dac54465712f82b20d01765a015479","sellTxId":"ae727f5b1a172f457c4cede9b3508f46c47dc267"}
{"index": {"_index":"pob","_id":"1549319"}}
	{"id":1549319,"type":"sell","buyer":"solovey6o2","seller":"itharagaian","symbol":"POB","quantity":"0.06000000","price":"0.30000001","timestamp":1632041895,"volume":"0.01800000","buyTxId":"d5a03ad7e3dac54465712f82b20d01765a015479","sellTxId":"bf7af79de7466f9b38f8361e922eef9363e1b59b"}
{"index": {"_index":"pob","_id":"1549404"}}
	{"id":1549404,"type":"sell","buyer":"solovey6o2","seller":"abbey877","symbol":"POB","quantity":"79.00000000","price":"0.30000001","timestamp":1632043881,"volume":"23.70000079","buyTxId":"d5a03ad7e3dac54465712f82b20d01765a015479","sellTxId":"b400759f3b14049e38339a8b77684008a961b53b"}
{"index": {"_index":"pob","_id":"1549408"}}
	{"id":1549408,"type":"sell","buyer":"solovey6o2","seller":"hookup.pop","symbol":"POB","quantity":"24.75299156","price":"0.30000001","timestamp":1632044004,"volume":"7.42589772","buyTxId":"d5a03ad7e3dac54465712f82b20d01765a015479","sellTxId":"5f6dbe17c5f1ba97e1e6fca9a01e466ede20f02b"}
{"index": {"_index":"pob","_id":"1549409"}}
	{"id":1549409,"type":"sell","buyer":"solovey6o2","seller":"hookup.pop","symbol":"POB","quantity":"3.24700844","price":"0.30000001","timestamp":1632044004,"volume":"0.97410256","buyTxId":"4560f9c9d11fd73fc6001953bd62cd153028345d","sellTxId":"5f6dbe17c5f1ba97e1e6fca9a01e466ede20f02b"}
{"index": {"_index":"pob","_id":"1549415"}}
	{"id":1549415,"type":"sell","buyer":"solovey6o2","seller":"hive-143869","symbol":"POB","quantity":"0.04000000","price":"0.30000001","timestamp":1632044118,"volume":"0.01200000","buyTxId":"4560f9c9d11fd73fc6001953bd62cd153028345d","sellTxId":"ee8f4d41f6a59970aae762bd8833600b824c38f8"}
{"index": {"_index":"pob","_id":"1549453"}}
	{"id":1549453,"type":"sell","buyer":"solovey6o2","seller":"zainalbakri","symbol":"POB","quantity":"4.49707427","price":"0.30000001","timestamp":1632044607,"volume":"1.34912233","buyTxId":"4560f9c9d11fd73fc6001953bd62cd153028345d","sellTxId":"176a9b844a1065cee81b4ab13cba6d78cf438326"}
{"index": {"_index":"pob","_id":"1549481"}}
	{"id":1549481,"type":"sell","buyer":"solovey6o2","seller":"zainalbakri","symbol":"POB","quantity":"2.27409459","price":"0.30000001","timestamp":1632045612,"volume":"0.68222840","buyTxId":"4560f9c9d11fd73fc6001953bd62cd153028345d","sellTxId":"3e927e2c8a3ed814447a9f3a7f15282eee7971bb"}
{"index": {"_index":"pob","_id":"1549482"}}
	{"id":1549482,"type":"sell","buyer":"solovey6o2","seller":"platypus-dundee","symbol":"POB","quantity":"3.13022291","price":"0.30000001","timestamp":1632045633,"volume":"0.93906690","buyTxId":"4560f9c9d11fd73fc6001953bd62cd153028345d","sellTxId":"a56eddf59b5a1e33f05dfeda30d576d9bba2e642"}
{"index": {"_index":"pob","_id":"1549557"}}
	{"id":1549557,"type":"sell","buyer":"solovey6o2","seller":"ahmetay","symbol":"POB","quantity":"1.18525758","price":"0.30000001","timestamp":1632047799,"volume":"0.35557729","buyTxId":"4560f9c9d11fd73fc6001953bd62cd153028345d","sellTxId":"ecfc657993674673b56d494683cb76a0ce4acc01"}
{"index": {"_index":"pob","_id":"1549636"}}
	{"id":1549636,"type":"sell","buyer":"solovey6o2","seller":"paulmoon410","symbol":"POB","quantity":"0.38213941","price":"0.30000001","timestamp":1632050952,"volume":"0.11464183","buyTxId":"4560f9c9d11fd73fc6001953bd62cd153028345d","sellTxId":"c48be67219a60bafa47304a4f9a82dc23cabfcb1"}
{"index": {"_index":"pob","_id":"1549728"}}
	{"id":1549728,"type":"sell","buyer":"gimme-your-coinz","seller":"holoz0r","symbol":"POB","quantity":"6.67601471","price":"0.30000008","timestamp":1632052698,"volume":"2.00280495","buyTxId":"5ab85b4b4ad1ec84fe195da48e68c893471bd9db","sellTxId":"d82558f8bb5b2a58f63e6bec51e5422bd84d4b30"}
{"index": {"_index":"pob","_id":"1549744"}}
	{"id":1549744,"type":"sell","buyer":"gimme-your-coinz","seller":"ru-trail","symbol":"POB","quantity":"0.70841648","price":"0.30000008","timestamp":1632052884,"volume":"0.21252500","buyTxId":"5ab85b4b4ad1ec84fe195da48e68c893471bd9db","sellTxId":"954604c675faf344ff3469531366343d34bef545"}
{"index": {"_index":"pob","_id":"1549747"}}
	{"id":1549747,"type":"sell","buyer":"gimme-your-coinz","seller":"ahmetay","symbol":"POB","quantity":"10.29215998","price":"0.30000008","timestamp":1632052974,"volume":"3.08764882","buyTxId":"5ab85b4b4ad1ec84fe195da48e68c893471bd9db","sellTxId":"1f6fc658940b80bc5b82f44c544fbc6960e1c318"}
{"index": {"_index":"pob","_id":"1549753"}}
	{"id":1549753,"type":"sell","buyer":"gimme-your-coinz","seller":"coffeelovers","symbol":"POB","quantity":"9.54318811","price":"0.30000008","timestamp":1632053118,"volume":"2.86295720","buyTxId":"5ab85b4b4ad1ec84fe195da48e68c893471bd9db","sellTxId":"74a5c7d3190164934616cad30a2117e045f61be7"}
{"index": {"_index":"pob","_id":"1549765"}}
	{"id":1549765,"type":"sell","buyer":"gimme-your-coinz","seller":"andy4475","symbol":"POB","quantity":"0.49578310","price":"0.30000008","timestamp":1632053361,"volume":"0.14873497","buyTxId":"5ab85b4b4ad1ec84fe195da48e68c893471bd9db","sellTxId":"8f15eebf0356811307233576c4aece1717c1719d"}
{"index": {"_index":"pob","_id":"1549811"}}
	{"id":1549811,"type":"sell","buyer":"gimme-your-coinz","seller":"mimismartypants","symbol":"POB","quantity":"1.58533000","price":"0.30000008","timestamp":1632054426,"volume":"0.47559913","buyTxId":"5ab85b4b4ad1ec84fe195da48e68c893471bd9db","sellTxId":"37301711552ddf353e12ecb9dee094756f606e2c"}
{"index": {"_index":"pob","_id":"1549813"}}
	{"id":1549813,"type":"sell","buyer":"gimme-your-coinz","seller":"mimismartypants","symbol":"POB","quantity":"1.41467000","price":"0.30000008","timestamp":1632054471,"volume":"0.42440111","buyTxId":"5ab85b4b4ad1ec84fe195da48e68c893471bd9db","sellTxId":"e22609ac5e8b0da271a8a42ae2ec2c5617c85e6b"}
{"index": {"_index":"pob","_id":"1549930"}}
	{"id":1549930,"type":"sell","buyer":"gimme-your-coinz","seller":"travelwritemoney","symbol":"POB","quantity":"0.04092897","price":"0.30000011","timestamp":1632056097,"volume":"0.01227870","buyTxId":"3862c3f4edd0fd9de22f562f83d9471915b235fe","sellTxId":"eaccf2f422e0070c76ffb9c1ba0b04899cb4fc13"}
{"index": {"_index":"pob","_id":"1549951"}}
	{"id":1549951,"type":"sell","buyer":"gimme-your-coinz","seller":"a-peiron","symbol":"POB","quantity":"0.03435026","price":"0.30000011","timestamp":1632056697,"volume":"0.01030508","buyTxId":"3862c3f4edd0fd9de22f562f83d9471915b235fe","sellTxId":"f3b887cd9a50e90211f6ef7dd224aa9900974d91"}
{"index": {"_index":"pob","_id":"1549981"}}
	{"id":1549981,"type":"sell","buyer":"gimme-your-coinz","seller":"der-prophet","symbol":"POB","quantity":"2.80431905","price":"0.30000011","timestamp":1632057411,"volume":"0.84129602","buyTxId":"3862c3f4edd0fd9de22f562f83d9471915b235fe","sellTxId":"0143a83a7666364776ce4a46333ab70c2fb3fc5f"}
{"index": {"_index":"pob","_id":"1550015"}}
	{"id":1550015,"type":"sell","buyer":"gimme-your-coinz","seller":"enforcer48","symbol":"POB","quantity":"0.88400000","price":"0.30000011","timestamp":1632058044,"volume":"0.26520010","buyTxId":"3862c3f4edd0fd9de22f562f83d9471915b235fe","sellTxId":"4c1d1b09b14b35f1bf7b6fad07ef08b92879df7f"}
{"index": {"_index":"pob","_id":"1550045"}}
	{"id":1550045,"type":"sell","buyer":"gimme-your-coinz","seller":"thatsweeneyguy","symbol":"POB","quantity":"15.58577866","price":"0.30000011","timestamp":1632058830,"volume":"4.67573531","buyTxId":"3862c3f4edd0fd9de22f562f83d9471915b235fe","sellTxId":"cf7cecd5491e9796b953500aa0dd301aeca1306a"}
{"index": {"_index":"pob","_id":"1550088"}}
	{"id":1550088,"type":"sell","buyer":"gimme-your-coinz","seller":"ironshield","symbol":"POB","quantity":"4.04511858","price":"0.30000011","timestamp":1632059610,"volume":"1.21353602","buyTxId":"3862c3f4edd0fd9de22f562f83d9471915b235fe","sellTxId":"7701ff628ff56878d0741423e93a699472ba9261"}
{"index": {"_index":"pob","_id":"1550102"}}
	{"id":1550102,"type":"sell","buyer":"gimme-your-coinz","seller":"bilpcoinbpc","symbol":"POB","quantity":"9.60550448","price":"0.30000011","timestamp":1632059868,"volume":"2.88165240","buyTxId":"3862c3f4edd0fd9de22f562f83d9471915b235fe","sellTxId":"1708e91a3337f581f756cfab6dff15f3e7707bef"}
{"index": {"_index":"pob","_id":"1550103"}}
	{"id":1550103,"type":"sell","buyer":"gimme-your-coinz","seller":"bilpcoinbpc","symbol":"POB","quantity":"0.39449552","price":"0.30000011","timestamp":1632059868,"volume":"0.11834870","buyTxId":"e1776e5dde0995f06ff8f2121646536abe5c345e","sellTxId":"1708e91a3337f581f756cfab6dff15f3e7707bef"}
{"index": {"_index":"pob","_id":"1550120"}}
	{"id":1550120,"type":"sell","buyer":"gimme-your-coinz","seller":"bilpcoinbpc","symbol":"POB","quantity":"20.00000000","price":"0.30000011","timestamp":1632060126,"volume":"6.00000220","buyTxId":"e1776e5dde0995f06ff8f2121646536abe5c345e","sellTxId":"051c93ee174660cf6525d350aa0dd6c279df61e1"}
{"index": {"_index":"pob","_id":"1550148"}}
	{"id":1550148,"type":"sell","buyer":"gimme-your-coinz","seller":"melbourneswest","symbol":"POB","quantity":"12.60550448","price":"0.30000011","timestamp":1632060918,"volume":"3.78165273","buyTxId":"e1776e5dde0995f06ff8f2121646536abe5c345e","sellTxId":"d056ec6d504a93ddf6a3c1ccc317435fb3edf53a"}
{"index": {"_index":"pob","_id":"1550151"}}
	{"id":1550151,"type":"sell","buyer":"gimme-your-coinz","seller":"candy49","symbol":"POB","quantity":"0.91705967","price":"0.30000004","timestamp":1632061107,"volume":"0.27511794","buyTxId":"32a856665cc4be8c40fb1de39d8877f407345184","sellTxId":"27bd38ac71d92f7568d944e6bbb40cef01ecf44e"}
{"index": {"_index":"pob","_id":"1550173"}}
	{"id":1550173,"type":"sell","buyer":"gimme-your-coinz","seller":"bilpcoinbpc","symbol":"POB","quantity":"10.00000000","price":"0.30000004","timestamp":1632061578,"volume":"3.00000040","buyTxId":"32a856665cc4be8c40fb1de39d8877f407345184","sellTxId":"92e408224d7dca743f1d9d70785f3e5887118ee8"}
{"index": {"_index":"pob","_id":"1550191"}}
	{"id":1550191,"type":"sell","buyer":"gimme-your-coinz","seller":"dibblers.dabs","symbol":"POB","quantity":"22.08294033","price":"0.30000004","timestamp":1632061779,"volume":"6.62488298","buyTxId":"32a856665cc4be8c40fb1de39d8877f407345184","sellTxId":"5bd8c9ffe8975c2f43b8058e88737313384a01f5"}
{"index": {"_index":"pob","_id":"1550192"}}
	{"id":1550192,"type":"sell","buyer":"solovey6o2","seller":"dibblers.dabs","symbol":"POB","quantity":"77.91705967","price":"0.30000003","timestamp":1632061779,"volume":"23.37512024","buyTxId":"5e50d6221bedf8592d8e9cf65a38f66a9ce210bf","sellTxId":"5bd8c9ffe8975c2f43b8058e88737313384a01f5"}
{"index": {"_index":"pob","_id":"1550199"}}
	{"id":1550199,"type":"sell","buyer":"gimme-your-coinz","seller":"bilpcoinbpc","symbol":"POB","quantity":"0.16628220","price":"0.30000004","timestamp":1632061833,"volume":"0.04988467","buyTxId":"e745437a581b38f7952f304a2749c70e7a33b673","sellTxId":"6d8d77fae2e884d35200914cda178beb4374a1b9"}
{"index": {"_index":"pob","_id":"1550201"}}
	{"id":1550201,"type":"sell","buyer":"solovey6o2","seller":"frederickac","symbol":"POB","quantity":"0.00027926","price":"0.30000005","timestamp":1632061872,"volume":"0.00008378","buyTxId":"7ef5aac4ea4a9f27b76a6cef62ffd3d579e0a656","sellTxId":"c367f3ad3ddf0263a08e61d95e2884ba06f54766"}
{"index": {"_index":"pob","_id":"1550224"}}
	{"id":1550224,"type":"buy","buyer":"solovey6o2","seller":"melbourneswest","symbol":"POB","quantity":"0.58856580","price":"0.30000011","timestamp":1632062151,"volume":"0.17656980","buyTxId":"1197a763803d2df00adfc56ecd9d9f497add6a77","sellTxId":"d056ec6d504a93ddf6a3c1ccc317435fb3edf53a"}
{"index": {"_index":"pob","_id":"1550244"}}
	{"id":1550244,"type":"sell","buyer":"gimme-your-coinz","seller":"gubbatv","symbol":"POB","quantity":"0.77531206","price":"0.30000012","timestamp":1632062466,"volume":"0.23259371","buyTxId":"8774bc30e9093e975618d58d9286a2f53afa7eb4","sellTxId":"a0e47c94688a449cf4d1e58049771f8c94e50efd"}
{"index": {"_index":"pob","_id":"1550268"}}
	{"id":1550268,"type":"sell","buyer":"gimme-your-coinz","seller":"kevmcc","symbol":"POB","quantity":"1.00000000","price":"0.30000012","timestamp":1632062838,"volume":"0.30000012","buyTxId":"8774bc30e9093e975618d58d9286a2f53afa7eb4","sellTxId":"4df67a751a3b487723d7e3fa11b662b2377c11ca"}
{"index": {"_index":"pob","_id":"1550288"}}
	{"id":1550288,"type":"sell","buyer":"gimme-your-coinz","seller":"bilpcoinbpc","symbol":"POB","quantity":"10.00000000","price":"0.30000012","timestamp":1632063093,"volume":"3.00000120","buyTxId":"8774bc30e9093e975618d58d9286a2f53afa7eb4","sellTxId":"21db904d672f376ee46757184dbad8ae2bc656e4"}
{"index": {"_index":"pob","_id":"1550289"}}
	{"id":1550289,"type":"sell","buyer":"gimme-your-coinz","seller":"chinorf","symbol":"POB","quantity":"1.23087826","price":"0.30000012","timestamp":1632063108,"volume":"0.36926363","buyTxId":"8774bc30e9093e975618d58d9286a2f53afa7eb4","sellTxId":"a7e5872efeb589ab7145446633a4470287f63b3d"}
{"index": {"_index":"pob","_id":"1550294"}}
	{"id":1550294,"type":"sell","buyer":"gimme-your-coinz","seller":"bilpcoinbpc","symbol":"POB","quantity":"19.99380968","price":"0.30000012","timestamp":1632063186,"volume":"5.99814530","buyTxId":"8774bc30e9093e975618d58d9286a2f53afa7eb4","sellTxId":"2a56e91b29a57fdfd9f797a1b92747ad0128a08d"}
{"index": {"_index":"pob","_id":"1550295"}}
	{"id":1550295,"type":"sell","buyer":"gimme-your-coinz","seller":"bilpcoinbpc","symbol":"POB","quantity":"2.00619032","price":"0.30000012","timestamp":1632063186,"volume":"0.60185734","buyTxId":"34e126faa24b34fb1d7529f006ae5e2eea35d352","sellTxId":"2a56e91b29a57fdfd9f797a1b92747ad0128a08d"}
{"index": {"_index":"pob","_id":"1550347"}}
	{"id":1550347,"type":"sell","buyer":"gimme-your-coinz","seller":"fanelisf19","symbol":"POB","quantity":"16.97657615","price":"0.30000012","timestamp":1632064080,"volume":"5.09297488","buyTxId":"34e126faa24b34fb1d7529f006ae5e2eea35d352","sellTxId":"1008bbdb6e1f708a885c45b4c9b3c34b5c56c33f"}
{"index": {"_index":"pob","_id":"1550351"}}
	{"id":1550351,"type":"sell","buyer":"gimme-your-coinz","seller":"steemmillionaire","symbol":"POB","quantity":"4.19942204","price":"0.30000012","timestamp":1632064191,"volume":"1.25982712","buyTxId":"34e126faa24b34fb1d7529f006ae5e2eea35d352","sellTxId":"c062e32f1a1f8d0931dba13a2d60fc697839cf33"}
{"index": {"_index":"pob","_id":"1550387"}}
	{"id":1550387,"type":"buy","buyer":"tipy","seller":"kemmyb","symbol":"POB","quantity":"0.00073000","price":"0.30200000","timestamp":1632064983,"volume":"0.00022046","buyTxId":"7ac2860b70be42baf1a0e19deee67176cae71d89","sellTxId":"cfe5df51b0b3eea10887496758f6756fa52747f8"}
{"index": {"_index":"pob","_id":"1550393"}}
	{"id":1550393,"type":"sell","buyer":"gimme-your-coinz","seller":"bilpcoinbpc","symbol":"POB","quantity":"9.81781149","price":"0.30000012","timestamp":1632065202,"volume":"2.94534462","buyTxId":"34e126faa24b34fb1d7529f006ae5e2eea35d352","sellTxId":"290fb890f66bf759853b54f37123b7ace9644e7b"}
{"index": {"_index":"pob","_id":"1550408"}}
	{"id":1550408,"type":"sell","buyer":"gimme-your-coinz","seller":"hranhuk","symbol":"POB","quantity":"33.00000000","price":"0.30000001","timestamp":1632065556,"volume":"9.90000033","buyTxId":"b571b7d45fa1488b9117c0af46f76443aa766b2e","sellTxId":"95da7422d6bce398b20c768a63c3bb249102f7db"}
{"index": {"_index":"pob","_id":"1550409"}}
	{"id":1550409,"type":"sell","buyer":"gimme-your-coinz","seller":"hranhuk","symbol":"POB","quantity":"33.00000000","price":"0.30000001","timestamp":1632065556,"volume":"9.90000033","buyTxId":"bf19c3951446fd7cc5d71735b8ce880992d16242","sellTxId":"95da7422d6bce398b20c768a63c3bb249102f7db"}
{"index": {"_index":"pob","_id":"1550410"}}
	{"id":1550410,"type":"sell","buyer":"shepz1","seller":"hranhuk","symbol":"POB","quantity":"145.90078192","price":"0.30000000","timestamp":1632065556,"volume":"43.77023458","buyTxId":"1ff0cdfe7b8f32762177f1bf64dea74eb2d0e519","sellTxId":"95da7422d6bce398b20c768a63c3bb249102f7db"}
{"index": {"_index":"pob","_id":"1550584"}}
	{"id":1550584,"type":"sell","buyer":"gimme-your-coinz","seller":"brofi-market","symbol":"POB","quantity":"8.70694768","price":"0.27501001","timestamp":1632067947,"volume":"2.39449777","buyTxId":"5af7b569941e515b2b6d319c3b7d7e183e835278","sellTxId":"24f96078a4d9463e86a0088e12be7f6343ac3d32"}
{"index": {"_index":"pob","_id":"1550616"}}
	{"id":1550616,"type":"sell","buyer":"gimme-your-coinz","seller":"maria75","symbol":"POB","quantity":"0.91646924","price":"0.27501001","timestamp":1632068106,"volume":"0.25203821","buyTxId":"5af7b569941e515b2b6d319c3b7d7e183e835278","sellTxId":"aabc8a36c2c01eaec56bfc2c51be37076c143f92"}
{"index": {"_index":"pob","_id":"1550687"}}
	{"id":1550687,"type":"sell","buyer":"gimme-your-coinz","seller":"readthisplease","symbol":"POB","quantity":"15.00000000","price":"0.27501001","timestamp":1632068727,"volume":"4.12515015","buyTxId":"5af7b569941e515b2b6d319c3b7d7e183e835278","sellTxId":"9451e6181acb5db2f6f5b8720eb24fc72d0c25ef"}
{"index": {"_index":"pob","_id":"1550714"}}
	{"id":1550714,"type":"buy","buyer":"interpretation","seller":"solovey6o2","symbol":"POB","quantity":"0.82055800","price":"0.29899999","timestamp":1632069018,"volume":"0.24534683","buyTxId":"411ca2bb2e5964310ee073795f988c89478351cd","sellTxId":"4a5c2d3310eb95e039ba279f5e9d3c5bec242b50"}
{"index": {"_index":"pob","_id":"1550718"}}
	{"id":1550718,"type":"buy","buyer":"uyobong","seller":"solovey6o2","symbol":"POB","quantity":"80.00000000","price":"0.29899999","timestamp":1632069117,"volume":"23.91999920","buyTxId":"86e9655e03ed61b0f611131ef1365d1425a9c59f","sellTxId":"4a5c2d3310eb95e039ba279f5e9d3c5bec242b50"}
{"index": {"_index":"pob","_id":"1550786"}}
	{"id":1550786,"type":"sell","buyer":"gimme-your-coinz","seller":"whitelightxpress","symbol":"POB","quantity":"2.48943790","price":"0.27501001","timestamp":1632069891,"volume":"0.68462034","buyTxId":"5af7b569941e515b2b6d319c3b7d7e183e835278","sellTxId":"a21d9423f81f6671996d46671c612216a6423006"}
{"index": {"_index":"pob","_id":"1550799"}}
	{"id":1550799,"type":"sell","buyer":"gimme-your-coinz","seller":"flaxz","symbol":"POB","quantity":"1.046","price":"0.27501001","timestamp":1632070143,"volume":"0.28766047","buyTxId":"5af7b569941e515b2b6d319c3b7d7e183e835278","sellTxId":"e6a612cb7592fa7f8075c70c39d2a8fb2d11d070"}
{"index": {"_index":"pob","_id":"1550800"}}
	{"id":1550800,"type":"sell","buyer":"gimme-your-coinz","seller":"halukshananah","symbol":"POB","quantity":"0.64910717","price":"0.27501001","timestamp":1632070155,"volume":"0.17851097","buyTxId":"5af7b569941e515b2b6d319c3b7d7e183e835278","sellTxId":"f32fd6d3fecb2e8497e3aa4e3d968b96731e5127"}
{"index": {"_index":"pob","_id":"1550828"}}
	{"id":1550828,"type":"sell","buyer":"gimme-your-coinz","seller":"hive-189742","symbol":"POB","quantity":"0.63095166","price":"0.27501001","timestamp":1632070422,"volume":"0.17351802","buyTxId":"5af7b569941e515b2b6d319c3b7d7e183e835278","sellTxId":"70ea164f8d35befb26ffa3775b7daa2282c724ac"}
{"index": {"_index":"pob","_id":"1550837"}}
	{"id":1550837,"type":"sell","buyer":"gimme-your-coinz","seller":"curatorcat.pal","symbol":"POB","quantity":"0.78431336","price":"0.27501001","timestamp":1632070650,"volume":"0.21569402","buyTxId":"5af7b569941e515b2b6d319c3b7d7e183e835278","sellTxId":"2e234e55decb2b2a9da74b2ac817d72b0dd72df2"}
{"index": {"_index":"pob","_id":"1550850"}}
	{"id":1550850,"type":"sell","buyer":"gimme-your-coinz","seller":"mimerr","symbol":"POB","quantity":"1.92592169","price":"0.27501001","timestamp":1632070851,"volume":"0.52964774","buyTxId":"5af7b569941e515b2b6d319c3b7d7e183e835278","sellTxId":"4bfd16be30d9934ff9d9f81314ee4a12de7dd34a"}
{"index": {"_index":"pob","_id":"1550880"}}
	{"id":1550880,"type":"sell","buyer":"gimme-your-coinz","seller":"soyunasantacruz","symbol":"POB","quantity":"7.78919095","price":"0.27501002","timestamp":1632071208,"volume":"2.14210556","buyTxId":"8f1200c20109c192cc685e9160aae795bf84e347","sellTxId":"fb602f08bf28284163b067ad3ec1d0b944795bf0"}
{"index": {"_index":"pob","_id":"1550981"}}
	{"id":1550981,"type":"sell","buyer":"gimme-your-coinz","seller":"razackpulo.sport","symbol":"POB","quantity":"6.03275709","price":"0.27501002","timestamp":1632072738,"volume":"1.65906865","buyTxId":"8f1200c20109c192cc685e9160aae795bf84e347","sellTxId":"87baec3318031fefd8cf28facb08862b3a5f6b6e"}
{"index": {"_index":"pob","_id":"1551003"}}
	{"id":1551003,"type":"sell","buyer":"gimme-your-coinz","seller":"cesarsj5","symbol":"POB","quantity":"1.50408009","price":"0.27501002","timestamp":1632073116,"volume":"0.41363710","buyTxId":"8f1200c20109c192cc685e9160aae795bf84e347","sellTxId":"1b7f926e192431927d4e09a67d07551512bccc66"}
{"index": {"_index":"pob","_id":"1551013"}}
	{"id":1551013,"type":"sell","buyer":"gimme-your-coinz","seller":"ministickupboy","symbol":"POB","quantity":"0.18072539","price":"0.27501002","timestamp":1632073182,"volume":"0.04970129","buyTxId":"8f1200c20109c192cc685e9160aae795bf84e347","sellTxId":"1527ee8c6353cc40fd199f3684f61de5b8950fab"}
{"index": {"_index":"pob","_id":"1551063"}}
	{"id":1551063,"type":"sell","buyer":"gimme-your-coinz","seller":"fredrikaa","symbol":"POB","quantity":"6.65667946","price":"0.27501002","timestamp":1632073788,"volume":"1.83065355","buyTxId":"8f1200c20109c192cc685e9160aae795bf84e347","sellTxId":"360d838e45f738494c4c5c768346fd319a95e889"}
{"index": {"_index":"pob","_id":"1551067"}}
	{"id":1551067,"type":"sell","buyer":"gimme-your-coinz","seller":"dibblers.dabs","symbol":"POB","quantity":"10.00000000","price":"0.27501002","timestamp":1632073815,"volume":"2.75010020","buyTxId":"8f1200c20109c192cc685e9160aae795bf84e347","sellTxId":"c76828a3b441c582c0bd151550453de4d6f27b03"}
{"index": {"_index":"pob","_id":"1551091"}}
	{"id":1551091,"type":"sell","buyer":"gimme-your-coinz","seller":"bitcoinflood","symbol":"POB","quantity":"32.84159593","price":"0.27501003","timestamp":1632074346,"volume":"9.03176828","buyTxId":"402e63f813c451d3801b47ecab6411b62cb65aa9","sellTxId":"b82fa4bd05d9a7a05c853dae422725995718c694"}
{"index": {"_index":"pob","_id":"1551234"}}
	{"id":1551234,"type":"sell","buyer":"gimme-your-coinz","seller":"dhedge-drips","symbol":"POB","quantity":"0.93288724","price":"0.27501004","timestamp":1632077217,"volume":"0.25655336","buyTxId":"b51b180152f3d37c46f3a2323d49b4c999a25549","sellTxId":"1f08181cd90fd6756b36e0474684ba438d916110"}
{"index": {"_index":"pob","_id":"1551245"}}
	{"id":1551245,"type":"sell","buyer":"gimme-your-coinz","seller":"apnigrich","symbol":"POB","quantity":"1.76730210","price":"0.27501004","timestamp":1632077334,"volume":"0.48602582","buyTxId":"b51b180152f3d37c46f3a2323d49b4c999a25549","sellTxId":"411c4a1ec2cb69baf6bfdac02c3565e8535051d4"}
{"index": {"_index":"pob","_id":"1551291"}}
	{"id":1551291,"type":"sell","buyer":"gimme-your-coinz","seller":"chireerocks","symbol":"POB","quantity":"5.02937650","price":"0.27501004","timestamp":1632077829,"volume":"1.38312903","buyTxId":"b51b180152f3d37c46f3a2323d49b4c999a25549","sellTxId":"ff739eb40dc4974026a1d518ff820a024012d428"}
{"index": {"_index":"pob","_id":"1551359"}}
	{"id":1551359,"type":"sell","buyer":"gimme-your-coinz","seller":"josediccus","symbol":"POB","quantity":"25.27043416","price":"0.27501004","timestamp":1632078474,"volume":"6.94962311","buyTxId":"b51b180152f3d37c46f3a2323d49b4c999a25549","sellTxId":"aa5849ef9898ea9964243ac05bd38f48ba6b87df"}
{"index": {"_index":"pob","_id":"1551360"}}
	{"id":1551360,"type":"sell","buyer":"gimme-your-coinz","seller":"josediccus","symbol":"POB","quantity":"11.00737753","price":"0.27501004","timestamp":1632078474,"volume":"3.02713933","buyTxId":"637274f38bcbcdb3cf03bb67f7e7c5d28031ff0e","sellTxId":"aa5849ef9898ea9964243ac05bd38f48ba6b87df"}
{"index": {"_index":"pob","_id":"1551611"}}
	{"id":1551611,"type":"sell","buyer":"gimme-your-coinz","seller":"derangedvisions","symbol":"POB","quantity":"11.06989021","price":"0.27501004","timestamp":1632083313,"volume":"3.04433095","buyTxId":"637274f38bcbcdb3cf03bb67f7e7c5d28031ff0e","sellTxId":"cff25990ca3c35238c2ea9bf672c2ce98346584a"}
{"index": {"_index":"pob","_id":"1551614"}}
	{"id":1551614,"type":"sell","buyer":"gimme-your-coinz","seller":"alyssasanders","symbol":"POB","quantity":"0.03421307","price":"0.27501004","timestamp":1632083400,"volume":"0.00940894","buyTxId":"637274f38bcbcdb3cf03bb67f7e7c5d28031ff0e","sellTxId":"b8fb7682afbcdb6bf7f27ef06cc21a090178f37f"}
{"index": {"_index":"pob","_id":"1551615"}}
	{"id":1551615,"type":"sell","buyer":"gimme-your-coinz","seller":"derangedvisions","symbol":"POB","quantity":"6.99378591","price":"0.27501004","timestamp":1632083406,"volume":"1.92336134","buyTxId":"637274f38bcbcdb3cf03bb67f7e7c5d28031ff0e","sellTxId":"b1d99d67e055033a0abc93f0dd48518271c1e6bc"}
{"index": {"_index":"pob","_id":"1551668"}}
	{"id":1551668,"type":"sell","buyer":"gimme-your-coinz","seller":"ylich","symbol":"POB","quantity":"3.89473328","price":"0.27501004","timestamp":1632084486,"volume":"1.07109076","buyTxId":"637274f38bcbcdb3cf03bb67f7e7c5d28031ff0e","sellTxId":"3d16644f14bdac88ebf8d599042c7fe56e88a250"}
{"index": {"_index":"pob","_id":"1551679"}}
	{"id":1551679,"type":"sell","buyer":"gimme-your-coinz","seller":"ylich","symbol":"POB","quantity":"4.10526672","price":"0.27501001","timestamp":1632084546,"volume":"1.12898944","buyTxId":"bfa428807c5c887b3d43cad592c21bad578d5454","sellTxId":"5eef8a33696e2da58788e713975610c8559a01c6"}
{"index": {"_index":"pob","_id":"1551694"}}
	{"id":1551694,"type":"sell","buyer":"gimme-your-coinz","seller":"whatsup","symbol":"POB","quantity":"3.71128779","price":"0.27501001","timestamp":1632084666,"volume":"1.02064129","buyTxId":"bfa428807c5c887b3d43cad592c21bad578d5454","sellTxId":"d292299d8414970c028ac47b82ed92c45700285e"}
{"index": {"_index":"pob","_id":"1551733"}}
	{"id":1551733,"type":"sell","buyer":"gimme-your-coinz","seller":"celi130","symbol":"POB","quantity":"15.75000000","price":"0.27501001","timestamp":1632085227,"volume":"4.33140766","buyTxId":"bfa428807c5c887b3d43cad592c21bad578d5454","sellTxId":"47929a68d1e42ea31bbdbfd73d3405c66719341f"}
{"index": {"_index":"pob","_id":"1551740"}}
	{"id":1551740,"type":"sell","buyer":"gimme-your-coinz","seller":"geom","symbol":"POB","quantity":"0.50046429","price":"0.27501001","timestamp":1632085395,"volume":"0.13763269","buyTxId":"bfa428807c5c887b3d43cad592c21bad578d5454","sellTxId":"1b424ed07eb2f9f030cb686455fbeb111228e4a4"}
{"index": {"_index":"pob","_id":"1551815"}}
	{"id":1551815,"type":"sell","buyer":"gimme-your-coinz","seller":"mad-runner","symbol":"POB","quantity":"0.51678892","price":"0.27501001","timestamp":1632086187,"volume":"0.14212213","buyTxId":"bfa428807c5c887b3d43cad592c21bad578d5454","sellTxId":"d3b60652cdb5ad7a005f0842b9d93e1e63a41f27"}
{"index": {"_index":"pob","_id":"1551843"}}
	{"id":1551843,"type":"sell","buyer":"gimme-your-coinz","seller":"ahmetay","symbol":"POB","quantity":"8.41619228","price":"0.27501001","timestamp":1632086571,"volume":"2.31453712","buyTxId":"bfa428807c5c887b3d43cad592c21bad578d5454","sellTxId":"a9dc30491138af09a2f20d4d72d951e99535f6aa"}
{"index": {"_index":"pob","_id":"1551844"}}
	{"id":1551844,"type":"sell","buyer":"gimme-your-coinz","seller":"ahmetay","symbol":"POB","quantity":"10.65496879","price":"0.27501001","timestamp":1632086571,"volume":"2.93022307","buyTxId":"4254f6100a217bbfe97ede40dddaab32c6b8610c","sellTxId":"a9dc30491138af09a2f20d4d72d951e99535f6aa"}
{"index": {"_index":"pob","_id":"1551917"}}
	{"id":1551917,"type":"sell","buyer":"gimme-your-coinz","seller":"fireguardian","symbol":"POB","quantity":"4.87","price":"0.27501001","timestamp":1632088842,"volume":"1.33929875","buyTxId":"4254f6100a217bbfe97ede40dddaab32c6b8610c","sellTxId":"bb51ba3271875952a2b828218ef012dd3b23b0e8"}
{"index": {"_index":"pob","_id":"1551920"}}
	{"id":1551920,"type":"sell","buyer":"gimme-your-coinz","seller":"he-index","symbol":"POB","quantity":"0.05100000","price":"0.27501001","timestamp":1632088866,"volume":"0.01402551","buyTxId":"4254f6100a217bbfe97ede40dddaab32c6b8610c","sellTxId":"75309fb864767f1b9f13c31239ba42b8611f2a82"}
{"index": {"_index":"pob","_id":"1551936"}}
	{"id":1551936,"type":"sell","buyer":"gimme-your-coinz","seller":"princessbusayo","symbol":"POB","quantity":"17.42403121","price":"0.27501001","timestamp":1632089055,"volume":"4.79178300","buyTxId":"4254f6100a217bbfe97ede40dddaab32c6b8610c","sellTxId":"40516956371c922c63a1fc33db67bce2f736ba75"}
{"index": {"_index":"pob","_id":"1551937"}}
	{"id":1551937,"type":"buy","buyer":"gimme-your-coinz","seller":"princessbusayo","symbol":"POB","quantity":"17.38803954","price":"0.27501001","timestamp":1632089067,"volume":"4.78188493","buyTxId":"ba4380acd39a5f510edc0f47867e2a9bf0974f30","sellTxId":"40516956371c922c63a1fc33db67bce2f736ba75"}
{"index": {"_index":"pob","_id":"1551964"}}
	{"id":1551964,"type":"sell","buyer":"gimme-your-coinz","seller":"andy4475","symbol":"POB","quantity":"0.32447206","price":"0.27501001","timestamp":1632089514,"volume":"0.08923306","buyTxId":"ba4380acd39a5f510edc0f47867e2a9bf0974f30","sellTxId":"0c90e0ca44fcc4faaaf8372b22b7d81004dc0ceb"}
{"index": {"_index":"pob","_id":"1552009"}}
	{"id":1552009,"type":"buy","buyer":"shralve","seller":"specialfeelings","symbol":"POB","quantity":"2.68437205","price":"0.27900000","timestamp":1632090039,"volume":"0.74893980","buyTxId":"6623f73615491647fb1b1d879cdd64847e4f8f8c","sellTxId":"c30317deb08aaaca28636c9f229c49d55dcc6455"}
{"index": {"_index":"pob","_id":"1552010"}}
	{"id":1552010,"type":"buy","buyer":"shralve","seller":"amigareaction","symbol":"POB","quantity":"0.21164136","price":"0.27900000","timestamp":1632090039,"volume":"0.05904794","buyTxId":"6623f73615491647fb1b1d879cdd64847e4f8f8c","sellTxId":"f1d4e3e3be0af8dfbb1f3035c5d62e7ea3e7a5e5"}
{"index": {"_index":"pob","_id":"1552011"}}
	{"id":1552011,"type":"buy","buyer":"shralve","seller":"kemmyb","symbol":"POB","quantity":"15.00000000","price":"0.28000000","timestamp":1632090039,"volume":"4.20000000","buyTxId":"6623f73615491647fb1b1d879cdd64847e4f8f8c","sellTxId":"bfb7e76f5158d263bf7dee892710af7418477d44"}
{"index": {"_index":"pob","_id":"1552012"}}
	{"id":1552012,"type":"buy","buyer":"shralve","seller":"sarmaticus","symbol":"POB","quantity":"11.00000000","price":"0.28000000","timestamp":1632090039,"volume":"3.08000000","buyTxId":"6623f73615491647fb1b1d879cdd64847e4f8f8c","sellTxId":"0903496bfbf35f3655a5266870f4b4bc4a202ccd"}
{"index": {"_index":"pob","_id":"1552013"}}
	{"id":1552013,"type":"buy","buyer":"shralve","seller":"solovey6o2","symbol":"POB","quantity":"271.10398659","price":"0.29899999","timestamp":1632090039,"volume":"81.06008928","buyTxId":"6623f73615491647fb1b1d879cdd64847e4f8f8c","sellTxId":"4a5c2d3310eb95e039ba279f5e9d3c5bec242b50"}
{"index": {"_index":"pob","_id":"1552057"}}
	{"id":1552057,"type":"sell","buyer":"gimme-your-coinz","seller":"freevoluntarist","symbol":"POB","quantity":"0.20000000","price":"0.27501001","timestamp":1632090945,"volume":"0.05500200","buyTxId":"ba4380acd39a5f510edc0f47867e2a9bf0974f30","sellTxId":"22936a0918784ea271dce0d7e72fce320b9ff5b9"}
{"index": {"_index":"pob","_id":"1552076"}}
	{"id":1552076,"type":"sell","buyer":"gimme-your-coinz","seller":"pixelfan","symbol":"POB","quantity":"1.83945926","price":"0.27501001","timestamp":1632091320,"volume":"0.50586971","buyTxId":"ba4380acd39a5f510edc0f47867e2a9bf0974f30","sellTxId":"c3b481ebac7fe64b42ddab07e6cf1152de4e2fd9"}
{"index": {"_index":"pob","_id":"1552098"}}
	{"id":1552098,"type":"buy","buyer":"ugochill","seller":"liotes.voter","symbol":"POB","quantity":"0.08000000","price":"0.29899501","timestamp":1632091731,"volume":"0.02391960","buyTxId":"596cec567403e1a7f8499c1da03ad6419d507166","sellTxId":"3bd7611508a57f08efb015078d729391b1689414"}
{"index": {"_index":"pob","_id":"1552115"}}
	{"id":1552115,"type":"sell","buyer":"gimme-your-coinz","seller":"scooter77","symbol":"POB","quantity":"13.24802914","price":"0.27501001","timestamp":1632092076,"volume":"3.64334063","buyTxId":"ba4380acd39a5f510edc0f47867e2a9bf0974f30","sellTxId":"da31b2a90a69af33e2b7fe62648905c9ce1b5d8f"}
{"index": {"_index":"pob","_id":"1552116"}}
	{"id":1552116,"type":"sell","buyer":"coininstant","seller":"scooter77","symbol":"POB","quantity":"1.75197086","price":"0.27501000","timestamp":1632092076,"volume":"0.48180951","buyTxId":"3b155ff32c77d4d89c95f653d006471ac6651b91","sellTxId":"da31b2a90a69af33e2b7fe62648905c9ce1b5d8f"}
{"index": {"_index":"pob","_id":"1552122"}}
	{"id":1552122,"type":"sell","buyer":"gimme-your-coinz","seller":"jesseekene20","symbol":"POB","quantity":"5.6","price":"0.27501001","timestamp":1632092229,"volume":"1.54005606","buyTxId":"79748be05c5f8bc5f79613a29a4f07de1bc9169e","sellTxId":"adcbe3b548c8757aeef91681fee5a25888a44b21"}
{"index": {"_index":"pob","_id":"1552218"}}
	{"id":1552218,"type":"sell","buyer":"gimme-your-coinz","seller":"andy4475","symbol":"POB","quantity":"0.66906751","price":"0.27501001","timestamp":1632094155,"volume":"0.18400026","buyTxId":"79748be05c5f8bc5f79613a29a4f07de1bc9169e","sellTxId":"a5ae622fb3b4222e35574b1c82d95710a7020c71"}
{"index": {"_index":"pob","_id":"1552264"}}
	{"id":1552264,"type":"sell","buyer":"gimme-your-coinz","seller":"cliffagreen","symbol":"POB","quantity":"0.02474932","price":"0.27501001","timestamp":1632094926,"volume":"0.00680631","buyTxId":"79748be05c5f8bc5f79613a29a4f07de1bc9169e","sellTxId":"f6d752355c5053209c2f8008b42311d64cf52144"}
{"index": {"_index":"pob","_id":"1552265"}}
	{"id":1552265,"type":"sell","buyer":"gimme-your-coinz","seller":"galenkp","symbol":"POB","quantity":"26.70618317","price":"0.27501001","timestamp":1632094938,"volume":"7.34446770","buyTxId":"79748be05c5f8bc5f79613a29a4f07de1bc9169e","sellTxId":"a3dbd832792edad08ea89025e93e48758609c7f9"}
{"index": {"_index":"pob","_id":"1552266"}}
	{"id":1552266,"type":"sell","buyer":"gimme-your-coinz","seller":"galenkp","symbol":"POB","quantity":"33.00000000","price":"0.27501001","timestamp":1632094938,"volume":"9.07533033","buyTxId":"388bb7b7abead02b3f3ba20fcbbc62ea08e3ddfa","sellTxId":"a3dbd832792edad08ea89025e93e48758609c7f9"}
{"index": {"_index":"pob","_id":"1552267"}}
	{"id":1552267,"type":"buy","buyer":"gimme-your-coinz","seller":"galenkp","symbol":"POB","quantity":"8.64339263","price":"0.27501001","timestamp":1632094950,"volume":"2.37701949","buyTxId":"2a6e1b5c298cbb7fe892708e30fee8e2d7dc9f7a","sellTxId":"a3dbd832792edad08ea89025e93e48758609c7f9"}
{"index": {"_index":"pob","_id":"1552281"}}
	{"id":1552281,"type":"sell","buyer":"gimme-your-coinz","seller":"hivecoffee","symbol":"POB","quantity":"24.00000000","price":"0.27501001","timestamp":1632095208,"volume":"6.60024024","buyTxId":"2a6e1b5c298cbb7fe892708e30fee8e2d7dc9f7a","sellTxId":"5c42313ee010db30d2712a09337177f0a64e9df4"}
{"index": {"_index":"pob","_id":"1552292"}}
	{"id":1552292,"type":"sell","buyer":"gimme-your-coinz","seller":"hivecoffee","symbol":"POB","quantity":"33.00000000","price":"0.27501002","timestamp":1632095403,"volume":"9.07533066","buyTxId":"38f829c57d1892895726dc5cc681d02995b0f494","sellTxId":"113bce0c2854a7b6feea21813aa44531d0616a65"}
{"index": {"_index":"pob","_id":"1552317"}}
	{"id":1552317,"type":"sell","buyer":"gimme-your-coinz","seller":"darkflame","symbol":"POB","quantity":"7.00000000","price":"0.27501001","timestamp":1632095850,"volume":"1.92507007","buyTxId":"329de8f41995eb1261cee7fac93c19f47955d763","sellTxId":"b3eb0bbb4aa6a8b2950a1cd451aab4be6819ce35"}
{"index": {"_index":"pob","_id":"1552349"}}
	{"id":1552349,"type":"sell","buyer":"gimme-your-coinz","seller":"aiovo","symbol":"POB","quantity":"1.60000000","price":"0.27501001","timestamp":1632096510,"volume":"0.44001602","buyTxId":"329de8f41995eb1261cee7fac93c19f47955d763","sellTxId":"25d02772f4bcc82d957e060550bb4d0337582743"}
{"index": {"_index":"pob","_id":"1552514"}}
	{"id":1552514,"type":"sell","buyer":"gimme-your-coinz","seller":"nathanpieters","symbol":"POB","quantity":"0.31986173","price":"0.27501001","timestamp":1632099510,"volume":"0.08796518","buyTxId":"329de8f41995eb1261cee7fac93c19f47955d763","sellTxId":"79e5dc647e4b5758a6bcb6bc84581c2ed765c197"}
{"index": {"_index":"pob","_id":"1552539"}}
	{"id":1552539,"type":"sell","buyer":"gimme-your-coinz","seller":"jesustiano","symbol":"POB","quantity":"1.33483059","price":"0.27501001","timestamp":1632100383,"volume":"0.36709177","buyTxId":"329de8f41995eb1261cee7fac93c19f47955d763","sellTxId":"a666a1ab48476a543ddc46b53f65f3331293825b"}
{"index": {"_index":"pob","_id":"1552567"}}
	{"id":1552567,"type":"buy","buyer":"shralve","seller":"hivecoffee","symbol":"POB","quantity":"7.00000000","price":"0.27501002","timestamp":1632101205,"volume":"1.92507014","buyTxId":"4c6f7559735ee2d91227669b03478077074c213f","sellTxId":"113bce0c2854a7b6feea21813aa44531d0616a65"}
{"index": {"_index":"pob","_id":"1552568"}}
	{"id":1552568,"type":"buy","buyer":"shralve","seller":"alfarero","symbol":"POB","quantity":"17.00000000","price":"0.29500000","timestamp":1632101205,"volume":"5.01500000","buyTxId":"4c6f7559735ee2d91227669b03478077074c213f","sellTxId":"a760c6d6c34b3440cacb9e6c25b9af134dc7a313"}
{"index": {"_index":"pob","_id":"1552569"}}
	{"id":1552569,"type":"buy","buyer":"shralve","seller":"liotes.voter","symbol":"POB","quantity":"4.40012780","price":"0.29899501","timestamp":1632101205,"volume":"1.31561626","buyTxId":"4c6f7559735ee2d91227669b03478077074c213f","sellTxId":"3bd7611508a57f08efb015078d729391b1689414"}
{"index": {"_index":"pob","_id":"1552570"}}
	{"id":1552570,"type":"buy","buyer":"shralve","seller":"master-lamps","symbol":"POB","quantity":"0.03731278","price":"0.29899998","timestamp":1632101205,"volume":"0.01115652","buyTxId":"4c6f7559735ee2d91227669b03478077074c213f","sellTxId":"8bb93cfaad25f42be38f6d074aea01d2573342e9"}
{"index": {"_index":"pob","_id":"1552571"}}
	{"id":1552571,"type":"buy","buyer":"shralve","seller":"brofi-market","symbol":"POB","quantity":"8.70694768","price":"0.29899999","timestamp":1632101205,"volume":"2.60337727","buyTxId":"4c6f7559735ee2d91227669b03478077074c213f","sellTxId":"c05cd667524f4e3cdc6df467840f0ebd285ac226"}
{"index": {"_index":"pob","_id":"1552572"}}
	{"id":1552572,"type":"buy","buyer":"shralve","seller":"dhedge-drips","symbol":"POB","quantity":"0.93288724","price":"0.29899999","timestamp":1632101205,"volume":"0.27893328","buyTxId":"4c6f7559735ee2d91227669b03478077074c213f","sellTxId":"595e48f2e74a3ae211b96fb28b6b5b99a38772c8"}
{"index": {"_index":"pob","_id":"1552573"}}
	{"id":1552573,"type":"buy","buyer":"shralve","seller":"solovey6o2","symbol":"POB","quantity":"181.92272450","price":"0.29899999","timestamp":1632101205,"volume":"54.39489281","buyTxId":"4c6f7559735ee2d91227669b03478077074c213f","sellTxId":"24738b940f7b02015370dc05f50d8bc3711a0e67"}
{"index": {"_index":"pob","_id":"1552642"}}
	{"id":1552642,"type":"buy","buyer":"lalupita","seller":"solovey6o2","symbol":"POB","quantity":"12.00000000","price":"0.29899999","timestamp":1632103527,"volume":"3.58799988","buyTxId":"f80cceba64804dc886a2178b7bd7a708f3c895f7","sellTxId":"24738b940f7b02015370dc05f50d8bc3711a0e67"}
{"index": {"_index":"pob","_id":"1552686"}}
	{"id":1552686,"type":"sell","buyer":"gimme-your-coinz","seller":"cryptowingnut","symbol":"POB","quantity":"12.52331456","price":"0.27501003","timestamp":1632104367,"volume":"3.44403711","buyTxId":"f1341c29c0155b9df4f5f95dbd1fae4131081b99","sellTxId":"31f8473f421b54511b007332fd684d09a647aa2e"}
{"index": {"_index":"pob","_id":"1552733"}}
	{"id":1552733,"type":"sell","buyer":"gimme-your-coinz","seller":"hiro-hive","symbol":"POB","quantity":"15.09681988","price":"0.27501003","timestamp":1632105702,"volume":"4.15177689","buyTxId":"f1341c29c0155b9df4f5f95dbd1fae4131081b99","sellTxId":"566f887d0fe9e4f111672f094f58feed258c6d30"}
{"index": {"_index":"pob","_id":"1552770"}}
	{"id":1552770,"type":"buy","buyer":"frot","seller":"solovey6o2","symbol":"POB","quantity":"5.00000000","price":"0.29899999","timestamp":1632106329,"volume":"1.49499995","buyTxId":"41221cca7635b0064af9433800f3cfd032e3f4a1","sellTxId":"24738b940f7b02015370dc05f50d8bc3711a0e67"}
