{"index": {"_index":"pob","_id":"1849841"}}
	{"id":1849841,"type":"buy","buyer":"holovision","seller":"coffeelovers","symbol":"POB","quantity":"0.78007215","price":"0.14800000","timestamp":1635738618,"volume":"0.11545068","buyTxId":"fc6b1566e66c0faad93579a52c24725245d1f5ae","sellTxId":"92ab73cc7ebda53d5443d66a3a749063b07d722c"}
{"index": {"_index":"pob","_id":"1849842"}}
	{"id":1849842,"type":"buy","buyer":"holovision","seller":"ganjafarmer","symbol":"POB","quantity":"0.71992785","price":"0.15000000","timestamp":1635738618,"volume":"0.10798918","buyTxId":"fc6b1566e66c0faad93579a52c24725245d1f5ae","sellTxId":"69fab6207080fd6320fcf3c2efb8d12753a5fb25"}
{"index": {"_index":"pob","_id":"1849857"}}
	{"id":1849857,"type":"sell","buyer":"richardcrill","seller":"aloscha","symbol":"POB","quantity":"0.01244939","price":"0.12520001","timestamp":1635738795,"volume":"0.00155866","buyTxId":"MM-P-11797302-58783030-3-10-0","sellTxId":"4eb18fb02c77d5917d8351f55bdc07d604dc698b"}
{"index": {"_index":"pob","_id":"1850219"}}
	{"id":1850219,"type":"sell","buyer":"richardcrill","seller":"mawit07","symbol":"POB","quantity":"4.55751046","price":"0.12520001","timestamp":1635743538,"volume":"0.57060036","buyTxId":"MM-P-11797302-58783030-3-10-0","sellTxId":"4ea82556341b1862086dd82956c8f158f8b3b638"}
{"index": {"_index":"pob","_id":"1850380"}}
	{"id":1850380,"type":"sell","buyer":"richardcrill","seller":"bobthebuilder2","symbol":"POB","quantity":"7.37981624","price":"0.12520001","timestamp":1635746367,"volume":"0.92395307","buyTxId":"MM-P-11801480-58787209-3-10-0","sellTxId":"e92ef433abe7cbb3d231b33475b0c1b3c035f3ae"}
{"index": {"_index":"pob","_id":"1850572"}}
	{"id":1850572,"type":"sell","buyer":"yintercept","seller":"gillianpearce","symbol":"POB","quantity":"10.00000000","price":"0.12550000","timestamp":1635748296,"volume":"1.25500000","buyTxId":"10a7d3fc7307537d696bb9a60211f269812ca1b5","sellTxId":"f48531d724a03abed3e33996d4f640576791f63c"}
{"index": {"_index":"pob","_id":"1850580"}}
	{"id":1850580,"type":"sell","buyer":"richardcrill","seller":"jongolson","symbol":"POB","quantity":"2.63871709","price":"0.12560000","timestamp":1635748440,"volume":"0.33142287","buyTxId":"MM-P-11802144-58787873-3-10-0","sellTxId":"2cbe660b57a9914ffe091a3349e10d6bca363a7f"}
{"index": {"_index":"pob","_id":"1850778"}}
	{"id":1850778,"type":"sell","buyer":"richardcrill","seller":"stickupboys","symbol":"POB","quantity":"6.89003925","price":"0.12560000","timestamp":1635750003,"volume":"0.86538893","buyTxId":"MM-P-11802144-58787873-3-10-0","sellTxId":"5368ccc9411b5fdc3047304b6629fcd82a9a1775"}
{"index": {"_index":"pob","_id":"1850830"}}
	{"id":1850830,"type":"sell","buyer":"richardcrill","seller":"trumpman","symbol":"POB","quantity":"36.73550188","price":"0.12560000","timestamp":1635750576,"volume":"4.61397904","buyTxId":"MM-P-11802144-58787873-3-10-0","sellTxId":"827f0d92df7979857237d5dddc9d0c8a211ca805"}
{"index": {"_index":"pob","_id":"1850838"}}
	{"id":1850838,"type":"sell","buyer":"richardcrill","seller":"itharagaian","symbol":"POB","quantity":"3.88000000","price":"0.12560000","timestamp":1635750627,"volume":"0.48732800","buyTxId":"MM-P-11802144-58787873-3-10-0","sellTxId":"12539dea29383f4184f268504ec867ed20bbfe17"}
{"index": {"_index":"pob","_id":"1850909"}}
	{"id":1850909,"type":"sell","buyer":"richardcrill","seller":"uwelang","symbol":"POB","quantity":"212.59459528","price":"0.12560000","timestamp":1635751251,"volume":"26.70188116","buyTxId":"MM-P-11802144-58787873-3-10-0","sellTxId":"d10e3447fdd80fa33d3d04721128f7e4df6884f6"}
{"index": {"_index":"pob","_id":"1850985"}}
	{"id":1850985,"type":"buy","buyer":"richardcrill","seller":"uwelang","symbol":"POB","quantity":"1.29202036","price":"0.12560000","timestamp":1635751986,"volume":"0.16227776","buyTxId":"MM-P-11803281-58789010-3-10-0","sellTxId":"d10e3447fdd80fa33d3d04721128f7e4df6884f6"}
{"index": {"_index":"pob","_id":"1851031"}}
	{"id":1851031,"type":"sell","buyer":"richardcrill","seller":"ugochill","symbol":"POB","quantity":"0.00180921","price":"0.12560000","timestamp":1635752601,"volume":"0.00022724","buyTxId":"MM-P-11803281-58789010-3-10-0","sellTxId":"c034d3ae00f049f10e237fc2f54eeae4a6619e74"}
{"index": {"_index":"pob","_id":"1851056"}}
	{"id":1851056,"type":"sell","buyer":"richardcrill","seller":"hive-143869","symbol":"POB","quantity":"1.46100000","price":"0.12560000","timestamp":1635752799,"volume":"0.18350160","buyTxId":"MM-P-11803281-58789010-3-10-0","sellTxId":"7866dde526fbe597db919b1cecff50c928fe03a5"}
{"index": {"_index":"pob","_id":"1851058"}}
	{"id":1851058,"type":"sell","buyer":"richardcrill","seller":"drutter","symbol":"POB","quantity":"1.08829388","price":"0.12560000","timestamp":1635752817,"volume":"0.13668971","buyTxId":"MM-P-11803281-58789010-3-10-0","sellTxId":"1bcd17cd06bfd8e6b0876c20080cdf445787ce73"}
{"index": {"_index":"pob","_id":"1851219"}}
	{"id":1851219,"type":"sell","buyer":"holovision","seller":"cookaiss","symbol":"POB","quantity":"0.10000000","price":"0.13000000","timestamp":1635754425,"volume":"0.01300000","buyTxId":"3ed32acd2f4b47a1c3c094163f8a2015ece8d673","sellTxId":"6f82906817dbd53ea0a9ba60437c80096f76725a"}
{"index": {"_index":"pob","_id":"1851289"}}
	{"id":1851289,"type":"sell","buyer":"holovision","seller":"robibasa","symbol":"POB","quantity":"11.72617519","price":"0.13000000","timestamp":1635755157,"volume":"1.52440277","buyTxId":"3ed32acd2f4b47a1c3c094163f8a2015ece8d673","sellTxId":"c44d6c8b98fe07317e0407cf698f6730bad8c5eb"}
{"index": {"_index":"pob","_id":"1851327"}}
	{"id":1851327,"type":"sell","buyer":"holovision","seller":"zirochka","symbol":"POB","quantity":"3.39165285","price":"0.13000000","timestamp":1635755490,"volume":"0.44091487","buyTxId":"3ed32acd2f4b47a1c3c094163f8a2015ece8d673","sellTxId":"3ef867ce28104f504b157070f2be9875fe1b89d1"}
{"index": {"_index":"pob","_id":"1851399"}}
	{"id":1851399,"type":"sell","buyer":"holovision","seller":"gillianpearce","symbol":"POB","quantity":"10.00000000","price":"0.13000000","timestamp":1635756525,"volume":"1.30000000","buyTxId":"3ed32acd2f4b47a1c3c094163f8a2015ece8d673","sellTxId":"0f8728e3c87fc9f93d4b29a29a52580893667557"}
{"index": {"_index":"pob","_id":"1851642"}}
	{"id":1851642,"type":"sell","buyer":"holovision","seller":"insight.pob","symbol":"POB","quantity":"9.78217196","price":"0.13000000","timestamp":1635759636,"volume":"1.27168235","buyTxId":"3ed32acd2f4b47a1c3c094163f8a2015ece8d673","sellTxId":"f6ba8fec02b7ab26992c03f28c5a5ea152c0f167"}
{"index": {"_index":"pob","_id":"1851647"}}
	{"id":1851647,"type":"sell","buyer":"richardcrill","seller":"insight.pob","symbol":"POB","quantity":"28.57673568","price":"0.12560000","timestamp":1635759702,"volume":"3.58923800","buyTxId":"MM-P-11805168-58790897-3-10-0","sellTxId":"5ddadf1394a9699f65be3e47c8d2ae32b70481d8"}
{"index": {"_index":"pob","_id":"1851671"}}
	{"id":1851671,"type":"sell","buyer":"richardcrill","seller":"wilfredocav","symbol":"POB","quantity":"11.44","price":"0.12560000","timestamp":1635759996,"volume":"1.43686400","buyTxId":"MM-P-11805168-58790897-3-10-0","sellTxId":"f2953ad0bb1e50bbd134055d76bfcf0eb98717ee"}
{"index": {"_index":"pob","_id":"1851782"}}
	{"id":1851782,"type":"buy","buyer":"leifasaur","seller":"insight.pob","symbol":"POB","quantity":"6.50000000","price":"0.13000000","timestamp":1635761904,"volume":"0.84500000","buyTxId":"b3ae6ed77f2b4767c18c25b1d40172b4042ddf89","sellTxId":"6dbcb7fd952eb2e321ff00d7e4e2a706ec7bccd9"}
{"index": {"_index":"pob","_id":"1851867"}}
	{"id":1851867,"type":"sell","buyer":"richardcrill","seller":"nonsowrites","symbol":"POB","quantity":"23.40144578","price":"0.12560000","timestamp":1635762780,"volume":"2.93922159","buyTxId":"MM-P-11806461-58792192-3-10-0","sellTxId":"d1d693bca776c308139fe91b3b429549fce244c2"}
{"index": {"_index":"pob","_id":"1851963"}}
	{"id":1851963,"type":"sell","buyer":"richardcrill","seller":"daily-airdrop","symbol":"POB","quantity":"5.29030380","price":"0.12560000","timestamp":1635763428,"volume":"0.66446216","buyTxId":"MM-P-11806461-58792192-3-10-0","sellTxId":"1b7e3095a39b68ed28014d76d1635e4488dc389f"}
{"index": {"_index":"pob","_id":"1852003"}}
	{"id":1852003,"type":"sell","buyer":"richardcrill","seller":"priyanarc","symbol":"POB","quantity":"15.00000000","price":"0.12560000","timestamp":1635764037,"volume":"1.88400000","buyTxId":"MM-P-11806461-58792192-3-10-0","sellTxId":"3c8e8dd8beb9aad498d795dadbf58a81e36aa329"}
{"index": {"_index":"pob","_id":"1852025"}}
	{"id":1852025,"type":"sell","buyer":"richardcrill","seller":"offgridlife","symbol":"POB","quantity":"40.00000000","price":"0.12560000","timestamp":1635764283,"volume":"5.02400000","buyTxId":"MM-P-11806461-58792192-3-10-0","sellTxId":"35dea4b037d422ad7a4e710f8e3160b7e595c57c"}
{"index": {"_index":"pob","_id":"1852063"}}
	{"id":1852063,"type":"sell","buyer":"richardcrill","seller":"slobberchops","symbol":"POB","quantity":"20.98471050","price":"0.12560000","timestamp":1635764751,"volume":"2.63567964","buyTxId":"MM-P-11806461-58792192-3-10-0","sellTxId":"52825a08137dd875d94fe3378a3cc9f94e43c80d"}
{"index": {"_index":"pob","_id":"1852234"}}
	{"id":1852234,"type":"buy","buyer":"deepresearch","seller":"insight.pob","symbol":"POB","quantity":"3.28200000","price":"0.13000000","timestamp":1635766638,"volume":"0.42666000","buyTxId":"67e6aafd283b607e32732e8635c46f47b087d474","sellTxId":"6dbcb7fd952eb2e321ff00d7e4e2a706ec7bccd9"}
{"index": {"_index":"pob","_id":"1852235"}}
	{"id":1852235,"type":"buy","buyer":"deepresearch","seller":"barski","symbol":"POB","quantity":"13.64779645","price":"0.14799490","timestamp":1635766638,"volume":"2.01980427","buyTxId":"67e6aafd283b607e32732e8635c46f47b087d474","sellTxId":"8c09e191c43a1e174dce466550e513d5896d03ee"}
{"index": {"_index":"pob","_id":"1852236"}}
	{"id":1852236,"type":"buy","buyer":"deepresearch","seller":"praditya","symbol":"POB","quantity":"23.59000000","price":"0.14800000","timestamp":1635766638,"volume":"3.49132000","buyTxId":"67e6aafd283b607e32732e8635c46f47b087d474","sellTxId":"f0a7031d53e42911d511fd86802423bdca15999d"}
{"index": {"_index":"pob","_id":"1852237"}}
	{"id":1852237,"type":"buy","buyer":"deepresearch","seller":"ctpsb","symbol":"POB","quantity":"4.62000000","price":"0.14800000","timestamp":1635766638,"volume":"0.68376000","buyTxId":"67e6aafd283b607e32732e8635c46f47b087d474","sellTxId":"9ec6f8739d0d68e82c4a46292a835e4706ea1bbf"}
{"index": {"_index":"pob","_id":"1852238"}}
	{"id":1852238,"type":"buy","buyer":"deepresearch","seller":"rentmoney","symbol":"POB","quantity":"4.86020355","price":"0.14900000","timestamp":1635766638,"volume":"0.72417033","buyTxId":"67e6aafd283b607e32732e8635c46f47b087d474","sellTxId":"c361b0e3058fb5a0265606b593086a2f73221618"}
{"index": {"_index":"pob","_id":"1852243"}}
	{"id":1852243,"type":"buy","buyer":"deepresearch","seller":"rentmoney","symbol":"POB","quantity":"35.00000000","price":"0.14900000","timestamp":1635766692,"volume":"5.21500000","buyTxId":"b35a72e9460aee3ce52c721c68595a69ff528e4b","sellTxId":"c361b0e3058fb5a0265606b593086a2f73221618"}
{"index": {"_index":"pob","_id":"1852289"}}
	{"id":1852289,"type":"sell","buyer":"richardcrill","seller":"pablodare","symbol":"POB","quantity":"1.16663509","price":"0.12560000","timestamp":1635766992,"volume":"0.14652937","buyTxId":"MM-P-11806461-58792192-3-10-0","sellTxId":"ae61828b1b946ef2dd62db48ce41779fdc75102d"}
{"index": {"_index":"pob","_id":"1852358"}}
	{"id":1852358,"type":"sell","buyer":"richardcrill","seller":"cryptopoints","symbol":"POB","quantity":"7.48000000","price":"0.12580000","timestamp":1635767826,"volume":"0.94098400","buyTxId":"MM-P-11808459-58794191-3-10-0","sellTxId":"87d84c05de541c54490a3b1ce2a20726828f82aa"}
{"index": {"_index":"pob","_id":"1852488"}}
	{"id":1852488,"type":"sell","buyer":"richardcrill","seller":"captaincryptic","symbol":"POB","quantity":"8.61103948","price":"0.12580000","timestamp":1635769359,"volume":"1.08326877","buyTxId":"MM-P-11808459-58794191-3-10-0","sellTxId":"6ac77f0ced63a07b2088ec107697a386231c6e9d"}
{"index": {"_index":"pob","_id":"1852634"}}
	{"id":1852634,"type":"sell","buyer":"richardcrill","seller":"andy4475","symbol":"POB","quantity":"1.04244691","price":"0.12580000","timestamp":1635770859,"volume":"0.13113982","buyTxId":"MM-P-11808459-58794191-3-10-0","sellTxId":"44eba456abff0686edde341aeb3f257a9151288e"}
{"index": {"_index":"pob","_id":"1852749"}}
	{"id":1852749,"type":"buy","buyer":"tampilyne","seller":"elisheva","symbol":"POB","quantity":"0.01247600","price":"0.14399490","timestamp":1635772173,"volume":"0.00179648","buyTxId":"c6e2f5655c2efc3ae6fe891d9a549eeebe8be759","sellTxId":"fdc8e000463784f1d494ab1df12188f84affcebe"}
{"index": {"_index":"pob","_id":"1852756"}}
	{"id":1852756,"type":"buy","buyer":"tampilyne","seller":"knowledge23.pob","symbol":"POB","quantity":"7.18000000","price":"0.14400000","timestamp":1635772260,"volume":"1.03392000","buyTxId":"51b03de77bfaa75cd174cd3d5806f93de2c5fe15","sellTxId":"13160c88a9a677be97b0fbd15029e1a27b21f7d7"}
{"index": {"_index":"pob","_id":"1852764"}}
	{"id":1852764,"type":"sell","buyer":"richardcrill","seller":"tampilyne","symbol":"POB","quantity":"17.65556361","price":"0.12580000","timestamp":1635772371,"volume":"2.22106990","buyTxId":"MM-P-11808459-58794191-3-10-0","sellTxId":"b48e6730505fb8bd3bc6dd7088796323d0dbb36a"}
{"index": {"_index":"pob","_id":"1852937"}}
	{"id":1852937,"type":"sell","buyer":"richardcrill","seller":"pjansen.bcp","symbol":"POB","quantity":"0.03665000","price":"0.12580000","timestamp":1635774609,"volume":"0.00461057","buyTxId":"MM-P-11808459-58794191-3-10-0","sellTxId":"e47e9a73657acc1b0658cca2cd4ef4a6e64c3e13"}
{"index": {"_index":"pob","_id":"1853011"}}
	{"id":1853011,"type":"buy","buyer":"egistar","seller":"iyiade","symbol":"POB","quantity":"7.68000000","price":"0.14500000","timestamp":1635775620,"volume":"1.11360000","buyTxId":"751ed8865450637debc8af9196f07da258149fab","sellTxId":"66423161ba4c74f075372d03bcf27770fde110d2"}
{"index": {"_index":"pob","_id":"1853012"}}
	{"id":1853012,"type":"buy","buyer":"egistar","seller":"rentmoney","symbol":"POB","quantity":"3.93557046","price":"0.14900000","timestamp":1635775620,"volume":"0.58640000","buyTxId":"751ed8865450637debc8af9196f07da258149fab","sellTxId":"c361b0e3058fb5a0265606b593086a2f73221618"}
{"index": {"_index":"pob","_id":"1853162"}}
	{"id":1853162,"type":"buy","buyer":"yintercept","seller":"darth-azrael","symbol":"POB","quantity":"1.00000000","price":"0.14700000","timestamp":1635777033,"volume":"0.14700000","buyTxId":"cc8ce2a8e4c72eba91cc8eb3f09f7bdc6e977a0c","sellTxId":"07abbc360c5a138f35bcb0d78fecd53c56a1e594"}
{"index": {"_index":"pob","_id":"1853163"}}
	{"id":1853163,"type":"buy","buyer":"yintercept","seller":"rentmoney","symbol":"POB","quantity":"7.95954244","price":"0.14900000","timestamp":1635777033,"volume":"1.18597182","buyTxId":"cc8ce2a8e4c72eba91cc8eb3f09f7bdc6e977a0c","sellTxId":"c361b0e3058fb5a0265606b593086a2f73221618"}
{"index": {"_index":"pob","_id":"1853164"}}
	{"id":1853164,"type":"buy","buyer":"yintercept","seller":"shaharyarbaig","symbol":"POB","quantity":"1.97162091","price":"0.14900000","timestamp":1635777033,"volume":"0.29377152","buyTxId":"cc8ce2a8e4c72eba91cc8eb3f09f7bdc6e977a0c","sellTxId":"84ddba867d78e03ca044cf588272733050030d0a"}
{"index": {"_index":"pob","_id":"1853165"}}
	{"id":1853165,"type":"buy","buyer":"yintercept","seller":"ganjafarmer","symbol":"POB","quantity":"6.70939782","price":"0.15000000","timestamp":1635777033,"volume":"1.00640967","buyTxId":"cc8ce2a8e4c72eba91cc8eb3f09f7bdc6e977a0c","sellTxId":"69fab6207080fd6320fcf3c2efb8d12753a5fb25"}
{"index": {"_index":"pob","_id":"1853232"}}
	{"id":1853232,"type":"sell","buyer":"holovision","seller":"candy49","symbol":"POB","quantity":"0.87043800","price":"0.13000000","timestamp":1635777588,"volume":"0.11315694","buyTxId":"842922f36dffac6b922057500cdb4a5113a5b5c2","sellTxId":"47316f119e41623ee195885f1de5db1bd48c4224"}
{"index": {"_index":"pob","_id":"1853367"}}
	{"id":1853367,"type":"buy","buyer":"yintercept","seller":"kemmyb","symbol":"POB","quantity":"9.12424048","price":"0.15500000","timestamp":1635778602,"volume":"1.41425727","buyTxId":"840cd1e7a605fb9b60517977d7764bbe79565558","sellTxId":"58e0fb11e9f667d0baa453e32b264573433c2f31"}
{"index": {"_index":"pob","_id":"1853368"}}
	{"id":1853368,"type":"buy","buyer":"yintercept","seller":"amigareaction","symbol":"POB","quantity":"0.15000000","price":"0.15500000","timestamp":1635778602,"volume":"0.02325000","buyTxId":"840cd1e7a605fb9b60517977d7764bbe79565558","sellTxId":"c60ec14f698ba98d8e38212d1d85f59b941c20ec"}
{"index": {"_index":"pob","_id":"1853369"}}
	{"id":1853369,"type":"buy","buyer":"yintercept","seller":"ganjafarmer","symbol":"POB","quantity":"15.26885188","price":"0.15500000","timestamp":1635778602,"volume":"2.36667204","buyTxId":"840cd1e7a605fb9b60517977d7764bbe79565558","sellTxId":"cf8ec8ae6936537eecfc80ae0fa7b7ad8cc634dc"}
{"index": {"_index":"pob","_id":"1853448"}}
	{"id":1853448,"type":"sell","buyer":"holovision","seller":"tfranzini","symbol":"POB","quantity":"19.1","price":"0.13000000","timestamp":1635779055,"volume":"2.48300000","buyTxId":"842922f36dffac6b922057500cdb4a5113a5b5c2","sellTxId":"4fd8b46913f1af5e54a85e7c8ec10a3b099b09ac"}
{"index": {"_index":"pob","_id":"1853729"}}
	{"id":1853729,"type":"sell","buyer":"gimme-your-coinz","seller":"tokenizedsociety","symbol":"POB","quantity":"7.48554","price":"0.13010002","timestamp":1635780561,"volume":"0.97386890","buyTxId":"a52885287d3d0a41a947d8a06ca4d37046eaa0dd","sellTxId":"b62c1bb404600ee402f23defd2f98d54bd9f1812"}
{"index": {"_index":"pob","_id":"1853770"}}
	{"id":1853770,"type":"sell","buyer":"gimme-your-coinz","seller":"patrickulrich","symbol":"POB","quantity":"9.14756521","price":"0.13020003","timestamp":1635780870,"volume":"1.19101326","buyTxId":"70a04488196868c00d32c2319020c1b313a99157","sellTxId":"b0068365263b2c2fc43762f8e98aefacd9c68048"}
{"index": {"_index":"pob","_id":"1853777"}}
	{"id":1853777,"type":"sell","buyer":"gimme-your-coinz","seller":"hive.pizza","symbol":"POB","quantity":"3.08624982","price":"0.13020003","timestamp":1635780948,"volume":"0.40182982","buyTxId":"70a04488196868c00d32c2319020c1b313a99157","sellTxId":"4c6c379f3c8b0e5f8f999c2bba4719ec148b4a2a"}
{"index": {"_index":"pob","_id":"1853910"}}
	{"id":1853910,"type":"sell","buyer":"gimme-your-coinz","seller":"revisesociology","symbol":"POB","quantity":"11.00000000","price":"0.13060007","timestamp":1635782007,"volume":"1.43660077","buyTxId":"a54447cb3cef81aab9909fa82203566d8ee9ea3f","sellTxId":"949930c61aaebf92925688329819228937c054b1"}
{"index": {"_index":"pob","_id":"1854021"}}
	{"id":1854021,"type":"buy","buyer":"pixelfan","seller":"marilove22","symbol":"POB","quantity":"6.36000000","price":"0.14880000","timestamp":1635782793,"volume":"0.94636800","buyTxId":"f249eecfb8b777b0ff6d7c33790374ff798ee508","sellTxId":"4702e2ffa62fcf558f65ec7f2ac69217ee9c9c97"}
{"index": {"_index":"pob","_id":"1854022"}}
	{"id":1854022,"type":"buy","buyer":"pixelfan","seller":"pobtrader","symbol":"POB","quantity":"6.99558000","price":"0.14990000","timestamp":1635782793,"volume":"1.04863744","buyTxId":"f249eecfb8b777b0ff6d7c33790374ff798ee508","sellTxId":"3b17ecba1c919aa1d17ad38e8d96b407a49fa38f"}
{"index": {"_index":"pob","_id":"1854023"}}
	{"id":1854023,"type":"buy","buyer":"pixelfan","seller":"iyiade","symbol":"POB","quantity":"21.64442000","price":"0.15000000","timestamp":1635782793,"volume":"3.24666300","buyTxId":"f249eecfb8b777b0ff6d7c33790374ff798ee508","sellTxId":"3651caaf163dbe7cd2f78333460a34510e391e3f"}
{"index": {"_index":"pob","_id":"1854189"}}
	{"id":1854189,"type":"sell","buyer":"gimme-your-coinz","seller":"offgridlife","symbol":"POB","quantity":"17.00000000","price":"0.13110012","timestamp":1635783732,"volume":"2.22870204","buyTxId":"7671770144f5d0c6fdcda817c005a29a5f7c1ce0","sellTxId":"e7c6d9371f47cb4c80582533dca45fb17f1af300"}
{"index": {"_index":"pob","_id":"1854249"}}
	{"id":1854249,"type":"buy","buyer":"richardcrill","seller":"iyiade","symbol":"POB","quantity":"16.24058000","price":"0.15000000","timestamp":1635783990,"volume":"2.43608700","buyTxId":"4077d687cfc13fdfc742878bc60b1b06d5409b64","sellTxId":"3651caaf163dbe7cd2f78333460a34510e391e3f"}
{"index": {"_index":"pob","_id":"1854332"}}
	{"id":1854332,"type":"sell","buyer":"richardcrill","seller":"precious008","symbol":"POB","quantity":"0.00942000","price":"0.15000000","timestamp":1635784422,"volume":"0.00141300","buyTxId":"4077d687cfc13fdfc742878bc60b1b06d5409b64","sellTxId":"af43b92271aa7ef052ed4f9179cc42ca5bb1c869"}
{"index": {"_index":"pob","_id":"1854389"}}
	{"id":1854389,"type":"sell","buyer":"gimme-your-coinz","seller":"gillianpearce","symbol":"POB","quantity":"10.00000000","price":"0.13130014","timestamp":1635784704,"volume":"1.31300140","buyTxId":"ecf0b8d17f84429e585afd23ce9137ca848affbf","sellTxId":"e9474fd3e2ad580097818764b58b4c7ab594f89c"}
{"index": {"_index":"pob","_id":"1854597"}}
	{"id":1854597,"type":"buy","buyer":"richardcrill","seller":"incredibility","symbol":"POB","quantity":"8.21000000","price":"0.14999900","timestamp":1635785649,"volume":"1.23149179","buyTxId":"eae2fc27c6aee432aa43b9342fc78d4d886abbf0","sellTxId":"5ec7ee0beeab5238e54aeac02e773ff0a3ef305a"}
{"index": {"_index":"pob","_id":"1854598"}}
	{"id":1854598,"type":"buy","buyer":"richardcrill","seller":"precious008","symbol":"POB","quantity":"5.79000000","price":"0.15000000","timestamp":1635785649,"volume":"0.86850000","buyTxId":"eae2fc27c6aee432aa43b9342fc78d4d886abbf0","sellTxId":"af43b92271aa7ef052ed4f9179cc42ca5bb1c869"}
{"index": {"_index":"pob","_id":"1854851"}}
	{"id":1854851,"type":"sell","buyer":"gimme-your-coinz","seller":"kevm","symbol":"POB","quantity":"0.03198194","price":"0.13210022","timestamp":1635787122,"volume":"0.00422482","buyTxId":"8c5bab62d8e44b685d08acf11a63d54a888e6220","sellTxId":"8d8903056dd76117e9abf6539ec6f626324de47e"}
{"index": {"_index":"pob","_id":"1855065"}}
	{"id":1855065,"type":"sell","buyer":"gimme-your-coinz","seller":"tipy","symbol":"POB","quantity":"0.00342274","price":"0.13260027","timestamp":1635788760,"volume":"0.00045386","buyTxId":"e968fa283b27bca69de1139b8c30e436a77957e0","sellTxId":"416dce6788632531cd3083183ac9e169e5e94ca6"}
{"index": {"_index":"pob","_id":"1855084"}}
	{"id":1855084,"type":"sell","buyer":"gimme-your-coinz","seller":"dauerbrenner05","symbol":"POB","quantity":"1.82051964","price":"0.13270028","timestamp":1635788910,"volume":"0.24158347","buyTxId":"4a01e80c0062b641525e270c5bd14ede7ae9b42c","sellTxId":"3e211f45e56f3e0d5c266ca105ff72c73656f10c"}
{"index": {"_index":"pob","_id":"1855873"}}
	{"id":1855873,"type":"sell","buyer":"gimme-your-coinz","seller":"ahmetay","symbol":"POB","quantity":"9.34115639","price":"0.13450046","timestamp":1635794496,"volume":"1.25638983","buyTxId":"ddc41f52adf6fd0a3a0c4be33a801c1ed9bdba49","sellTxId":"7203af2d9eeaeebbf9e06c18c6894530ff953925"}
{"index": {"_index":"pob","_id":"1856245"}}
	{"id":1856245,"type":"sell","buyer":"gimme-your-coinz","seller":"brofi-market","symbol":"POB","quantity":"0.59575283","price":"0.13550056","timestamp":1635797481,"volume":"0.08072484","buyTxId":"4f0f3640dc34c9782fc422eca83ba2cf9561c36d","sellTxId":"c39935cbe5e5506726b29ecb68bd250ac90d80ba"}
{"index": {"_index":"pob","_id":"1856322"}}
	{"id":1856322,"type":"buy","buyer":"hossain525","seller":"specialfeelings","symbol":"POB","quantity":"0.73652862","price":"0.13900000","timestamp":1635798306,"volume":"0.10237748","buyTxId":"849b19b67dd9080cf87e63465a8dfaba5e2779b6","sellTxId":"c1be2464e4a4fd09fa5af1242f332fd92e91f13a"}
{"index": {"_index":"pob","_id":"1856323"}}
	{"id":1856323,"type":"sell","buyer":"gimme-your-coinz","seller":"twicejoy","symbol":"POB","quantity":"0.15123596","price":"0.13900001","timestamp":1635798330,"volume":"0.02102180","buyTxId":"92656b88b031b327cd93f10d25179aa3f6a4fbf2","sellTxId":"5b858ea54b1ba4f0c490163c842a266a8a332b1d"}
{"index": {"_index":"pob","_id":"1856351"}}
	{"id":1856351,"type":"buy","buyer":"hossain525","seller":"brofi-market","symbol":"POB","quantity":"0.59575283","price":"0.14000000","timestamp":1635798582,"volume":"0.08340540","buyTxId":"85673f3066e92c2c184d50d6cd1c704e6ffe6064","sellTxId":"83af02c864eb1c72c82f4348da5489f142167b0b"}
{"index": {"_index":"pob","_id":"1856360"}}
	{"id":1856360,"type":"sell","buyer":"hossain525","seller":"nascimentoab","symbol":"POB","quantity":"1.34404220","price":"0.14000000","timestamp":1635798684,"volume":"0.18816591","buyTxId":"85673f3066e92c2c184d50d6cd1c704e6ffe6064","sellTxId":"c42e7f91cc9d63b96238c02d450a6b4606ac030d"}
{"index": {"_index":"pob","_id":"1856496"}}
	{"id":1856496,"type":"sell","buyer":"hossain525","seller":"beemd","symbol":"POB","quantity":"45.45979197","price":"0.14000000","timestamp":1635799962,"volume":"6.36437088","buyTxId":"85673f3066e92c2c184d50d6cd1c704e6ffe6064","sellTxId":"1885f13191da1d868f8ca89058cec273c7e5da63"}
{"index": {"_index":"pob","_id":"1856595"}}
	{"id":1856595,"type":"sell","buyer":"hossain525","seller":"andy4475","symbol":"POB","quantity":"1.60041300","price":"0.14000000","timestamp":1635800835,"volume":"0.22405782","buyTxId":"85673f3066e92c2c184d50d6cd1c704e6ffe6064","sellTxId":"6ea25f308d613990401bf40399fa2e1eedcc258b"}
{"index": {"_index":"pob","_id":"1856596"}}
	{"id":1856596,"type":"sell","buyer":"richardcrill","seller":"andy4475","symbol":"POB","quantity":"0.80737668","price":"0.13920002","timestamp":1635800835,"volume":"0.11238685","buyTxId":"MM-P-11819423-58805166-3-10-0","sellTxId":"6ea25f308d613990401bf40399fa2e1eedcc258b"}
{"index": {"_index":"pob","_id":"1856625"}}
	{"id":1856625,"type":"sell","buyer":"he-index","seller":"jakiro12","symbol":"POB","quantity":"0.22100000","price":"0.14000000","timestamp":1635801249,"volume":"0.03094000","buyTxId":"200a994ff53b7cefd0f19b44ee5e1049f6d74935","sellTxId":"bfeb44264f5c4b284a49c2437469fdb4a2552b6a"}
{"index": {"_index":"pob","_id":"1856691"}}
	{"id":1856691,"type":"sell","buyer":"richardcrill","seller":"bobthebuilder2","symbol":"POB","quantity":"2.57903052","price":"0.13920002","timestamp":1635802221,"volume":"0.35900110","buyTxId":"MM-P-11819423-58805166-3-10-0","sellTxId":"4a9ae54f16c290282a2ebe4956d3c51f56393b33"}
{"index": {"_index":"pob","_id":"1856694"}}
	{"id":1856694,"type":"sell","buyer":"richardcrill","seller":"acesontop","symbol":"POB","quantity":"24.64361273","price":"0.13920002","timestamp":1635802266,"volume":"3.43039138","buyTxId":"MM-P-11819423-58805166-3-10-0","sellTxId":"f0f5739c8224324b2f601faf3c0067472508038e"}
{"index": {"_index":"pob","_id":"1856742"}}
	{"id":1856742,"type":"sell","buyer":"richardcrill","seller":"egonz","symbol":"POB","quantity":"38.72647955","price":"0.13920002","timestamp":1635802887,"volume":"5.39072673","buyTxId":"MM-P-11819423-58805166-3-10-0","sellTxId":"d84967b224f616aca6b573f4a81eefb6b13caa7f"}
{"index": {"_index":"pob","_id":"1856983"}}
	{"id":1856983,"type":"sell","buyer":"richardcrill","seller":"apoloo1","symbol":"POB","quantity":"0.97905897","price":"0.13935000","timestamp":1635804591,"volume":"0.13643187","buyTxId":"MM-P-11820320-58806065-3-10-0","sellTxId":"362d438b45db1d4d8020803a4b8847a8f5ef13df"}
{"index": {"_index":"pob","_id":"1857021"}}
	{"id":1857021,"type":"sell","buyer":"richardcrill","seller":"he-index","symbol":"POB","quantity":"0.06100000","price":"0.13935000","timestamp":1635804966,"volume":"0.00850035","buyTxId":"MM-P-11820320-58806065-3-10-0","sellTxId":"3864005f497e0d55d4789357dc361ae802c083f1"}
{"index": {"_index":"pob","_id":"1857047"}}
	{"id":1857047,"type":"sell","buyer":"richardcrill","seller":"matheusggr","symbol":"POB","quantity":"15.00000000","price":"0.13935000","timestamp":1635805113,"volume":"2.09025000","buyTxId":"MM-P-11820320-58806065-3-10-0","sellTxId":"54f735bd08d72a0e122ee9902a3ed917d7cac7d2"}
{"index": {"_index":"pob","_id":"1857065"}}
	{"id":1857065,"type":"sell","buyer":"richardcrill","seller":"marfonso","symbol":"POB","quantity":"0.23039481","price":"0.13935000","timestamp":1635805284,"volume":"0.03210552","buyTxId":"MM-P-11820320-58806065-3-10-0","sellTxId":"1f35503a156fa2f02ce35af9a3b83225fd7a082e"}
{"index": {"_index":"pob","_id":"1857080"}}
	{"id":1857080,"type":"sell","buyer":"richardcrill","seller":"thisisawesome","symbol":"POB","quantity":"1.1716","price":"0.13935000","timestamp":1635805365,"volume":"0.16326246","buyTxId":"MM-P-11820320-58806065-3-10-0","sellTxId":"45771f5976185c5307f479139483db188dcc5c33"}
{"index": {"_index":"pob","_id":"1857149"}}
	{"id":1857149,"type":"sell","buyer":"gimme-your-coinz","seller":"magnacarta","symbol":"POB","quantity":"25.1459802","price":"0.13945002","timestamp":1635805833,"volume":"3.50660744","buyTxId":"97ee610e3c267cd5b1acb421f9d7730e42e246cf","sellTxId":"ee121f625c2093ae9644aeaa861bbc07dc57941b"}
{"index": {"_index":"pob","_id":"1857208"}}
	{"id":1857208,"type":"sell","buyer":"gimme-your-coinz","seller":"alfarero","symbol":"POB","quantity":"0.16323800","price":"0.13965004","timestamp":1635806469,"volume":"0.02279619","buyTxId":"26600f895ebbb8068ccd0dee035208840936f3a8","sellTxId":"90ed124272f9c48b5860ab1143132380e09c589c"}
{"index": {"_index":"pob","_id":"1857277"}}
	{"id":1857277,"type":"sell","buyer":"gimme-your-coinz","seller":"josueprime","symbol":"POB","quantity":"0.23458779","price":"0.13985006","timestamp":1635807096,"volume":"0.03280712","buyTxId":"3814033ffd28b488dec083d8da282a9c5a474aa0","sellTxId":"d3ff885f667ecef33b7edb1f7c34f3e477899ebe"}
{"index": {"_index":"pob","_id":"1857312"}}
	{"id":1857312,"type":"buy","buyer":"richardcrill","seller":"jakiro12","symbol":"POB","quantity":"14.76499763","price":"0.14000000","timestamp":1635807486,"volume":"2.06709967","buyTxId":"MM-P-11821714-58807460-3-10-0","sellTxId":"bfeb44264f5c4b284a49c2437469fdb4a2552b6a"}
{"index": {"_index":"pob","_id":"1857351"}}
	{"id":1857351,"type":"sell","buyer":"gimme-your-coinz","seller":"reddragonfly","symbol":"POB","quantity":"0.00300000","price":"0.14015009","timestamp":1635807837,"volume":"0.00042045","buyTxId":"e8c4ade988ad9ee3e84465de251575db0fc32b3e","sellTxId":"803aab30debc81451186cdba5fda55f85ccda290"}
{"index": {"_index":"pob","_id":"1857368"}}
	{"id":1857368,"type":"sell","buyer":"gimme-your-coinz","seller":"trumpman","symbol":"POB","quantity":"27.32227476","price":"0.14025010","timestamp":1635808287,"volume":"3.83195177","buyTxId":"2a4fb923047268bf248ddef76f084fdb599bd0d8","sellTxId":"ab2ed68e634b275a20c2430ccd52886cc4d1c6c0"}
{"index": {"_index":"pob","_id":"1857411"}}
	{"id":1857411,"type":"sell","buyer":"gimme-your-coinz","seller":"tarazkp","symbol":"POB","quantity":"66.00000000","price":"0.14045012","timestamp":1635808725,"volume":"9.26970792","buyTxId":"03d26a06bd4ff423d64840a160f3a600edcdea5d","sellTxId":"9e52051577a6b32d9bf4420f7698369deceaf040"}
{"index": {"_index":"pob","_id":"1857412"}}
	{"id":1857412,"type":"sell","buyer":"gimme-your-coinz","seller":"tarazkp","symbol":"POB","quantity":"66.00000000","price":"0.14045012","timestamp":1635808725,"volume":"9.26970792","buyTxId":"89b4a8b2b21ac77723571b57f74fb70e4b95e267","sellTxId":"9e52051577a6b32d9bf4420f7698369deceaf040"}
{"index": {"_index":"pob","_id":"1857417"}}
	{"id":1857417,"type":"buy","buyer":"gimme-your-coinz","seller":"tarazkp","symbol":"POB","quantity":"37.84656852","price":"0.14045012","timestamp":1635808743,"volume":"5.31555509","buyTxId":"171454b240b0d519293dcad0c92e3eee267806ef","sellTxId":"9e52051577a6b32d9bf4420f7698369deceaf040"}
{"index": {"_index":"pob","_id":"1857514"}}
	{"id":1857514,"type":"sell","buyer":"gimme-your-coinz","seller":"justinparke","symbol":"POB","quantity":"6.07217646","price":"0.14075015","timestamp":1635809784,"volume":"0.85465975","buyTxId":"ba639f90c6717372e2215c51539dd1b15fa02ae9","sellTxId":"e509c4db342bc7d6c095f0ca7039c846e713148b"}
{"index": {"_index":"pob","_id":"1857519"}}
	{"id":1857519,"type":"sell","buyer":"gimme-your-coinz","seller":"trentonlundy1","symbol":"POB","quantity":"0.00288474","price":"0.14075015","timestamp":1635809844,"volume":"0.00040603","buyTxId":"ba639f90c6717372e2215c51539dd1b15fa02ae9","sellTxId":"b24e499d10b7f653ba241cc3bdaade689e4c793e"}
{"index": {"_index":"pob","_id":"1857602"}}
	{"id":1857602,"type":"sell","buyer":"richardcrill","seller":"enforcer48","symbol":"POB","quantity":"1.51000000","price":"0.14125019","timestamp":1635811089,"volume":"0.21328779","buyTxId":"MM-P-11822910-58808656-3-10-0","sellTxId":"7441360f59f0bb49a1b2aeeb85830bc4df515bbb"}
{"index": {"_index":"pob","_id":"1857603"}}
	{"id":1857603,"type":"sell","buyer":"gimme-your-coinz","seller":"justinparke","symbol":"POB","quantity":"1.25776344","price":"0.14125020","timestamp":1635811134,"volume":"0.17765934","buyTxId":"eda0740e31215bf8283e32cc7ddc0e0a1f1418b9","sellTxId":"c745a6d147d0cfaccd9863ff5ae275c1c5b5f110"}
{"index": {"_index":"pob","_id":"1857633"}}
	{"id":1857633,"type":"sell","buyer":"gimme-your-coinz","seller":"pixelfan","symbol":"POB","quantity":"3.51073974","price":"0.14135021","timestamp":1635811467,"volume":"0.49624380","buyTxId":"93115fe6d47928bd0b9f414f6b375e64bcc41176","sellTxId":"4751a0d8b5578bc167c1101815c73bde43835f2e"}
{"index": {"_index":"pob","_id":"1857661"}}
	{"id":1857661,"type":"sell","buyer":"richardcrill","seller":"bitcoinflood","symbol":"POB","quantity":"12.20923969","price":"0.14145021","timestamp":1635811701,"volume":"1.72699952","buyTxId":"MM-P-11823110-58808856-3-10-0","sellTxId":"a98c8ec21b658e078605207b7c88b6a9ff9e940c"}
{"index": {"_index":"pob","_id":"1857707"}}
	{"id":1857707,"type":"sell","buyer":"gimme-your-coinz","seller":"brofi-market","symbol":"POB","quantity":"14.46372500","price":"0.14145022","timestamp":1635811923,"volume":"2.04589708","buyTxId":"1f697be863fd0715cd09ff477ae71d0a729fec78","sellTxId":"1f7a75d9ba57c040da0c9e5b8e207701bfecf7cd"}
{"index": {"_index":"pob","_id":"1857769"}}
	{"id":1857769,"type":"sell","buyer":"gimme-your-coinz","seller":"finguru","symbol":"POB","quantity":"26.78219024","price":"0.14165024","timestamp":1635812367,"volume":"3.79370368","buyTxId":"4a50df614e1b425353763fc98e1879cf21eef0a1","sellTxId":"4e9dcf3d2ab9ba9acad846d8f49d6cc1a2c11c7b"}
{"index": {"_index":"pob","_id":"1857788"}}
	{"id":1857788,"type":"sell","buyer":"gimme-your-coinz","seller":"sugandhaseth","symbol":"POB","quantity":"39.21780976","price":"0.14165024","timestamp":1635812565,"volume":"5.55521216","buyTxId":"4a50df614e1b425353763fc98e1879cf21eef0a1","sellTxId":"ac7ece542159f937044761b1609477eaedef7d4c"}
{"index": {"_index":"pob","_id":"1857796"}}
	{"id":1857796,"type":"buy","buyer":"gimme-your-coinz","seller":"sugandhaseth","symbol":"POB","quantity":"66.00000000","price":"0.14165024","timestamp":1635812583,"volume":"9.34891584","buyTxId":"47161cf4def77040dfbfce793006729031792e89","sellTxId":"ac7ece542159f937044761b1609477eaedef7d4c"}
{"index": {"_index":"pob","_id":"1857798"}}
	{"id":1857798,"type":"buy","buyer":"gimme-your-coinz","seller":"sugandhaseth","symbol":"POB","quantity":"4.78219024","price":"0.14165024","timestamp":1635812595,"volume":"0.67739840","buyTxId":"4b46a8268ac5bc7d6f312f75d26abc08c668e9a8","sellTxId":"ac7ece542159f937044761b1609477eaedef7d4c"}
{"index": {"_index":"pob","_id":"1857874"}}
	{"id":1857874,"type":"sell","buyer":"gimme-your-coinz","seller":"curatorcat","symbol":"POB","quantity":"0.00300000","price":"0.14185026","timestamp":1635813234,"volume":"0.00042555","buyTxId":"c6d7aba8e7d8a14ec01f39277a4a675fbe548004","sellTxId":"434da33280863b2e6e2f4a93d2a431a4f2b0f894"}
{"index": {"_index":"pob","_id":"1857914"}}
	{"id":1857914,"type":"sell","buyer":"gimme-your-coinz","seller":"trentonlundy1","symbol":"POB","quantity":"0.00147864","price":"0.14185026","timestamp":1635813402,"volume":"0.00020975","buyTxId":"c6d7aba8e7d8a14ec01f39277a4a675fbe548004","sellTxId":"fbeb2585eea71c2703e6ecd23d9bb5472738a887"}
{"index": {"_index":"pob","_id":"1857961"}}
	{"id":1857961,"type":"sell","buyer":"gimme-your-coinz","seller":"jersteemit","symbol":"POB","quantity":"66.00000000","price":"0.14195027","timestamp":1635813645,"volume":"9.36871782","buyTxId":"ed2be8718b4c027239876eccdf44c1a942e00201","sellTxId":"0fae533442e03ba355e5f0d78af6aa8af9e44724"}
{"index": {"_index":"pob","_id":"1857991"}}
	{"id":1857991,"type":"sell","buyer":"gimme-your-coinz","seller":"jersteemit","symbol":"POB","quantity":"66.00000000","price":"0.14195027","timestamp":1635813741,"volume":"9.36871782","buyTxId":"3c0dcd22a5cb24437f1e68d6614e92583637f51d","sellTxId":"7632ea20972e06201b3569c6df0744d7c8a1a880"}
{"index": {"_index":"pob","_id":"1857992"}}
	{"id":1857992,"type":"sell","buyer":"richardcrill","seller":"jersteemit","symbol":"POB","quantity":"94.99344071","price":"0.14195026","timestamp":1635813741,"volume":"13.48434361","buyTxId":"MM-P-11823707-58809453-3-10-0","sellTxId":"7632ea20972e06201b3569c6df0744d7c8a1a880"}
{"index": {"_index":"pob","_id":"1858453"}}
	{"id":1858453,"type":"sell","buyer":"gimme-your-coinz","seller":"chireerocks","symbol":"POB","quantity":"3.17178648","price":"0.14035012","timestamp":1635817236,"volume":"0.44516061","buyTxId":"22e1a1582a597e7f030388490165f93ada0b7cdf","sellTxId":"d484dd48bf23497d1b370fbc8cf82584e515df6b"}
{"index": {"_index":"pob","_id":"1858898"}}
	{"id":1858898,"type":"sell","buyer":"richardcrill","seller":"andy4475","symbol":"POB","quantity":"0.79313594","price":"0.14175025","timestamp":1635821550,"volume":"0.11242722","buyTxId":"MM-P-11826300-58812048-3-10-0","sellTxId":"44768f68e232afb0f86802456fa3cd90c7c2ed3f"}
{"index": {"_index":"pob","_id":"1858964"}}
	{"id":1858964,"type":"sell","buyer":"richardcrill","seller":"coffeelovers","symbol":"POB","quantity":"5.37251762","price":"0.14175025","timestamp":1635822123,"volume":"0.76155572","buyTxId":"MM-P-11826300-58812048-3-10-0","sellTxId":"01fd34ba2a3b51a6cbce96435c5346d95dae9fd0"}
{"index": {"_index":"pob","_id":"1858971"}}
	{"id":1858971,"type":"sell","buyer":"richardcrill","seller":"elianaicgomes","symbol":"POB","quantity":"2.07421282","price":"0.14175025","timestamp":1635822213,"volume":"0.29402019","buyTxId":"MM-P-11826300-58812048-3-10-0","sellTxId":"9d406366d1c4cbfbaea784441305b0f84f9e2aed"}
{"index": {"_index":"pob","_id":"1858981"}}
	{"id":1858981,"type":"sell","buyer":"richardcrill","seller":"cloudblade","symbol":"POB","quantity":"6.71477135","price":"0.14175025","timestamp":1635822441,"volume":"0.95182052","buyTxId":"MM-P-11826300-58812048-3-10-0","sellTxId":"365f3986ddc17a182f11c8c0d8bb2014914f9835"}
{"index": {"_index":"pob","_id":"1859123"}}
	{"id":1859123,"type":"sell","buyer":"richardcrill","seller":"ahmetay","symbol":"POB","quantity":"50.00000000","price":"0.14175025","timestamp":1635823425,"volume":"7.08751250","buyTxId":"MM-P-11826300-58812048-3-10-0","sellTxId":"00f9027fc498603888cb1f6b4ac71221813141bb"}
{"index": {"_index":"pob","_id":"1859127"}}
	{"id":1859127,"type":"sell","buyer":"richardcrill","seller":"offgridlife","symbol":"POB","quantity":"19.00000000","price":"0.14175025","timestamp":1635823491,"volume":"2.69325475","buyTxId":"MM-P-11826300-58812048-3-10-0","sellTxId":"3ec502676bdd8a39469bd6b2f382d9ecc272f21f"}
{"index": {"_index":"pob","_id":"1859132"}}
	{"id":1859132,"type":"buy","buyer":"holovision","seller":"skylinebuds","symbol":"POB","quantity":"0.46069979","price":"0.14500000","timestamp":1635823542,"volume":"0.06680147","buyTxId":"753fd9479fcbdd8ff5becf93be912ef541b95045","sellTxId":"e0002e9a6f3fa43a0c8107359a28c9186ae300ad"}
{"index": {"_index":"pob","_id":"1859138"}}
	{"id":1859138,"type":"sell","buyer":"richardcrill","seller":"jongolson","symbol":"POB","quantity":"1.95418960","price":"0.14175025","timestamp":1635823581,"volume":"0.27700686","buyTxId":"MM-P-11826300-58812048-3-10-0","sellTxId":"861e2c431d69b051ea95d016701cdc297a1bb764"}
{"index": {"_index":"pob","_id":"1859160"}}
	{"id":1859160,"type":"buy","buyer":"holovision","seller":"skylinebuds","symbol":"POB","quantity":"13.53930021","price":"0.14500000","timestamp":1635823680,"volume":"1.96319853","buyTxId":"71d53ad773f87ec4514d21fc1613c948f7a5c0fb","sellTxId":"e0002e9a6f3fa43a0c8107359a28c9186ae300ad"}
{"index": {"_index":"pob","_id":"1859161"}}
	{"id":1859161,"type":"buy","buyer":"holovision","seller":"brofi-market","symbol":"POB","quantity":"14.46372500","price":"0.14500000","timestamp":1635823680,"volume":"2.09724013","buyTxId":"71d53ad773f87ec4514d21fc1613c948f7a5c0fb","sellTxId":"af66fed35f52bf92db75998ab795cd5b1afea004"}
{"index": {"_index":"pob","_id":"1859166"}}
	{"id":1859166,"type":"buy","buyer":"coininstant","seller":"stayoutoftherz","symbol":"POB","quantity":"12.60000000","price":"0.14900000","timestamp":1635823725,"volume":"1.87740000","buyTxId":"56d4a2f1e788a8d0e7635abb315c4e0fd01118e9","sellTxId":"9d6fc97a472f97931e50dd0f2afa9889c625a544"}
{"index": {"_index":"pob","_id":"1859167"}}
	{"id":1859167,"type":"buy","buyer":"coininstant","seller":"hossain525","symbol":"POB","quantity":"5.40594758","price":"0.14900000","timestamp":1635823725,"volume":"0.80548619","buyTxId":"56d4a2f1e788a8d0e7635abb315c4e0fd01118e9","sellTxId":"de860d8e8f3ff72fc3b542eb531a24d88d8766c5"}
{"index": {"_index":"pob","_id":"1859251"}}
	{"id":1859251,"type":"sell","buyer":"holovision","seller":"ahmetay","symbol":"POB","quantity":"3.84697400","price":"0.14501000","timestamp":1635824784,"volume":"0.55784970","buyTxId":"71d53ad773f87ec4514d21fc1613c948f7a5c0fb","sellTxId":"6b3ab88afe939523f97be7c57f07f79e2277238a"}
{"index": {"_index":"pob","_id":"1859273"}}
	{"id":1859273,"type":"sell","buyer":"holovision","seller":"ahmetay","symbol":"POB","quantity":"0.00000079","price":"0.14501000","timestamp":1635824898,"volume":"0.00000011","buyTxId":"71d53ad773f87ec4514d21fc1613c948f7a5c0fb","sellTxId":"79aa568756d316fe6fe1d571929bc4516642fdba"}
{"index": {"_index":"pob","_id":"1859274"}}
	{"id":1859274,"type":"sell","buyer":"richardcrill","seller":"ahmetay","symbol":"POB","quantity":"21.68235374","price":"0.14175025","timestamp":1635824898,"volume":"3.07347906","buyTxId":"MM-P-11826300-58812048-3-10-0","sellTxId":"79aa568756d316fe6fe1d571929bc4516642fdba"}
{"index": {"_index":"pob","_id":"1859279"}}
	{"id":1859279,"type":"sell","buyer":"richardcrill","seller":"ahmetay","symbol":"POB","quantity":"125.21264100","price":"0.14175025","timestamp":1635824934,"volume":"17.74892316","buyTxId":"MM-P-11826300-58812048-3-10-0","sellTxId":"cc739247fc865e694da0b0be767b96911b1527a9"}
{"index": {"_index":"pob","_id":"1859283"}}
	{"id":1859283,"type":"sell","buyer":"richardcrill","seller":"ahmetay","symbol":"POB","quantity":"0.00000015","price":"0.14175025","timestamp":1635824967,"volume":"0.00000002","buyTxId":"MM-P-11826300-58812048-3-10-0","sellTxId":"734be799e16790d9a4494a17659be5d264eb2b3e"}
{"index": {"_index":"pob","_id":"1859284"}}
	{"id":1859284,"type":"sell","buyer":"gimme-your-coinz","seller":"ahmetay","symbol":"POB","quantity":"20.94038484","price":"0.14165025","timestamp":1635824967,"volume":"2.96621075","buyTxId":"9442f52f9ec2e328d9a7847b4564bf39fdd32aff","sellTxId":"734be799e16790d9a4494a17659be5d264eb2b3e"}
