{"index": {"_index":"pob","_id":"3924705"}}
	{"id":3924705,"type":"sell","buyer":"thegoliath","seller":"theia7","symbol":"POB","quantity":"0.90708004","price":"0.01530000","timestamp":1658027871,"volume":"0.01387832","buyTxId":"a3c58df7ce888db86ad31bec7014d4a91fab5972","sellTxId":"0d9afc085a9e05903e817ac82b76b739c5adfacf"}
{"index": {"_index":"pob","_id":"3924720"}}
	{"id":3924720,"type":"buy","buyer":"pjansen","seller":"richardcrill","symbol":"POB","quantity":"85.97468354","price":"0.01580000","timestamp":1658028186,"volume":"1.3584","buyTxId":"6da1e5727df973512b75aabf3abf784cb0f3cf59-0","sellTxId":"MM-P-19197435-66190835-3-12-0"}
{"index": {"_index":"pob","_id":"3924749"}}
	{"id":3924749,"type":"sell","buyer":"thegoliath","seller":"phoenixwren","symbol":"POB","quantity":"42.34870887","price":"0.01530000","timestamp":1658028603,"volume":"0.64793525","buyTxId":"a3c58df7ce888db86ad31bec7014d4a91fab5972","sellTxId":"5b8a31e1860dd258fed6dc418e67a2bfaf2a7e21"}
{"index": {"_index":"pob","_id":"3924785"}}
	{"id":3924785,"type":"buy","buyer":"pjansen","seller":"richardcrill","symbol":"POB","quantity":"58.59493670","price":"0.01580000","timestamp":1658028942,"volume":"0.9258","buyTxId":"925cc044a5446a4b7bc6bda7671cb73029852fc2-0","sellTxId":"MM-P-19197435-66190835-3-12-0"}
{"index": {"_index":"pob","_id":"3924845"}}
	{"id":3924845,"type":"sell","buyer":"thegoliath","seller":"jeremiah25","symbol":"POB","quantity":"2.33700000","price":"0.01530000","timestamp":1658030157,"volume":"0.03575610","buyTxId":"a3c58df7ce888db86ad31bec7014d4a91fab5972","sellTxId":"e76581e45bdff8a0ab1c47125459e4677862ee54"}
{"index": {"_index":"pob","_id":"3924868"}}
	{"id":3924868,"type":"buy","buyer":"pjansen","seller":"richardcrill","symbol":"POB","quantity":"56.47468354","price":"0.01580000","timestamp":1658030379,"volume":"0.8923","buyTxId":"e97d7052188fbffc7903e788d303e527d8e28a69-0","sellTxId":"MM-P-19197435-66190835-3-12-0"}
{"index": {"_index":"pob","_id":"3924983"}}
	{"id":3924983,"type":"sell","buyer":"thegoliath","seller":"funshee","symbol":"POB","quantity":"76.00000000","price":"0.01530000","timestamp":1658032842,"volume":"1.16280000","buyTxId":"a3c58df7ce888db86ad31bec7014d4a91fab5972","sellTxId":"ff1bb0354b3d47160ba02c7cc143f2a95743aa1b"}
{"index": {"_index":"pob","_id":"3925146"}}
	{"id":3925146,"type":"sell","buyer":"thegoliath","seller":"schiba","symbol":"POB","quantity":"0.49210420","price":"0.01530000","timestamp":1658036277,"volume":"0.00752919","buyTxId":"a3c58df7ce888db86ad31bec7014d4a91fab5972","sellTxId":"29f6effa40e6d41eaa277a91ab5a3af7d50172d8"}
{"index": {"_index":"pob","_id":"3925161"}}
	{"id":3925161,"type":"sell","buyer":"thegoliath","seller":"how-to-hive","symbol":"POB","quantity":"13.32674460","price":"0.01530000","timestamp":1658036571,"volume":"0.20389919","buyTxId":"a3c58df7ce888db86ad31bec7014d4a91fab5972","sellTxId":"d2abda0c5c1bc0b604f3a0f1d2004937ab13a25c"}
{"index": {"_index":"pob","_id":"3925162"}}
	{"id":3925162,"type":"sell","buyer":"thegoliath","seller":"steem82868","symbol":"POB","quantity":"0.15450298","price":"0.01530000","timestamp":1658036598,"volume":"0.00236390","buyTxId":"a3c58df7ce888db86ad31bec7014d4a91fab5972","sellTxId":"831ee8c7335b9cc8c5045be5e62b36d644aad5d2"}
{"index": {"_index":"pob","_id":"3925293"}}
	{"id":3925293,"type":"sell","buyer":"thegoliath","seller":"twicejoy","symbol":"POB","quantity":"68.53545121","price":"0.01530000","timestamp":1658038836,"volume":"1.04859240","buyTxId":"a3c58df7ce888db86ad31bec7014d4a91fab5972","sellTxId":"07c1734e9b2921b67409f630149d5aed9a3fa966"}
{"index": {"_index":"pob","_id":"3925639"}}
	{"id":3925639,"type":"sell","buyer":"thegoliath","seller":"themarkymark","symbol":"POB","quantity":"3.10475221","price":"0.01530000","timestamp":1658042778,"volume":"0.04750271","buyTxId":"a3c58df7ce888db86ad31bec7014d4a91fab5972","sellTxId":"6222b458aad1fcc6f03b88337df6394d7acff913"}
{"index": {"_index":"pob","_id":"3925661"}}
	{"id":3925661,"type":"sell","buyer":"thegoliath","seller":"steem82868","symbol":"POB","quantity":"3.22983882","price":"0.01530000","timestamp":1658043156,"volume":"0.04941653","buyTxId":"a3c58df7ce888db86ad31bec7014d4a91fab5972","sellTxId":"032a98066e9b9ce292c6cb6adda9bbbd11489017"}
{"index": {"_index":"pob","_id":"3925728"}}
	{"id":3925728,"type":"sell","buyer":"thegoliath","seller":"pjansen","symbol":"POB","quantity":"845.85991392","price":"0.01530000","timestamp":1658044428,"volume":"12.94165668","buyTxId":"a3c58df7ce888db86ad31bec7014d4a91fab5972","sellTxId":"0ac71491e841d5e90dc1ff583007a0b93bb52f8c-1"}
{"index": {"_index":"pob","_id":"3925730"}}
	{"id":3925730,"type":"sell","buyer":"thegoliath","seller":"pjansen","symbol":"POB","quantity":"212.63651172","price":"0.01530000","timestamp":1658044440,"volume":"3.25333863","buyTxId":"a3c58df7ce888db86ad31bec7014d4a91fab5972","sellTxId":"2b3ee2e99638eeec29e303ed50c9399cdac24fd3"}
{"index": {"_index":"pob","_id":"3925733"}}
	{"id":3925733,"type":"sell","buyer":"thegoliath","seller":"pjansen","symbol":"POB","quantity":"592.65423811","price":"0.01530000","timestamp":1658044458,"volume":"9.06760984","buyTxId":"a3c58df7ce888db86ad31bec7014d4a91fab5972","sellTxId":"f99600c30bae91b32fda54d9f910563a06e14454-1"}
{"index": {"_index":"pob","_id":"3925736"}}
	{"id":3925736,"type":"sell","buyer":"thegoliath","seller":"pjansen","symbol":"POB","quantity":"148.95285498","price":"0.01530000","timestamp":1658044470,"volume":"2.27897868","buyTxId":"a3c58df7ce888db86ad31bec7014d4a91fab5972","sellTxId":"4814e5ec0ec6777d0752e34594f2ee04289f76df"}
{"index": {"_index":"pob","_id":"3925762"}}
	{"id":3925762,"type":"sell","buyer":"thegoliath","seller":"onealfa","symbol":"POB","quantity":"24.3478","price":"0.01530000","timestamp":1658044932,"volume":"0.37252134","buyTxId":"a3c58df7ce888db86ad31bec7014d4a91fab5972","sellTxId":"9990367adae2b62013e44448adb452cdceabac73"}
{"index": {"_index":"pob","_id":"3925779"}}
	{"id":3925779,"type":"sell","buyer":"thegoliath","seller":"pjansen","symbol":"POB","quantity":"387.82255586","price":"0.01530000","timestamp":1658045199,"volume":"5.93368510","buyTxId":"a3c58df7ce888db86ad31bec7014d4a91fab5972","sellTxId":"4a8e718ad5e9d65868138d3013a72b17231b369c-1"}
{"index": {"_index":"pob","_id":"3925780"}}
	{"id":3925780,"type":"sell","buyer":"thegoliath","seller":"pjansen","symbol":"POB","quantity":"97.45824829","price":"0.01530000","timestamp":1658045211,"volume":"1.49111120","buyTxId":"a3c58df7ce888db86ad31bec7014d4a91fab5972","sellTxId":"2a41310dd3bf152a024154bad78013020032bef2"}
{"index": {"_index":"pob","_id":"3925943"}}
	{"id":3925943,"type":"sell","buyer":"thegoliath","seller":"pjansen","symbol":"POB","quantity":"215.90497762","price":"0.01530000","timestamp":1658045886,"volume":"3.30334616","buyTxId":"a3c58df7ce888db86ad31bec7014d4a91fab5972","sellTxId":"98f177d044b4cf70db74b38410fe4250c14a18e0-1"}
{"index": {"_index":"pob","_id":"3925944"}}
	{"id":3925944,"type":"sell","buyer":"thegoliath","seller":"pjansen","symbol":"POB","quantity":"54.24761926","price":"0.01530000","timestamp":1658045901,"volume":"0.82998857","buyTxId":"a3c58df7ce888db86ad31bec7014d4a91fab5972","sellTxId":"fef2b5c11a7fc928366825b98e0bca068a66cbd6"}
{"index": {"_index":"pob","_id":"3925980"}}
	{"id":3925980,"type":"sell","buyer":"thegoliath","seller":"pjansen","symbol":"POB","quantity":"0.52810477","price":"0.01530000","timestamp":1658046561,"volume":"0.00808000","buyTxId":"a3c58df7ce888db86ad31bec7014d4a91fab5972","sellTxId":"e587945792251bfcf659b99c25286c9937ef8f1c-1"}
{"index": {"_index":"pob","_id":"3925981"}}
	{"id":3925981,"type":"sell","buyer":"thegoliath","seller":"pjansen","symbol":"POB","quantity":"0.12614636","price":"0.01530000","timestamp":1658046573,"volume":"0.00193004","buyTxId":"a3c58df7ce888db86ad31bec7014d4a91fab5972","sellTxId":"4e50033ef989934742d17b81c5d630cb51d3a4e5"}
{"index": {"_index":"pob","_id":"3926000"}}
	{"id":3926000,"type":"sell","buyer":"thegoliath","seller":"florenceboens","symbol":"POB","quantity":"0.02713440","price":"0.01530000","timestamp":1658046762,"volume":"0.00041516","buyTxId":"a3c58df7ce888db86ad31bec7014d4a91fab5972","sellTxId":"ff7ede45fb716eb22222ecd8af518422d14e6606"}
{"index": {"_index":"pob","_id":"3926048"}}
	{"id":3926048,"type":"sell","buyer":"thegoliath","seller":"onealfa.leo","symbol":"POB","quantity":"0.56829306","price":"0.01530000","timestamp":1658047845,"volume":"0.00869488","buyTxId":"a3c58df7ce888db86ad31bec7014d4a91fab5972","sellTxId":"b13983bd01d591070d27006c10ccfd3a75b8e1aa"}
{"index": {"_index":"pob","_id":"3926050"}}
	{"id":3926050,"type":"sell","buyer":"thegoliath","seller":"jersteemit","symbol":"POB","quantity":"13.36998428","price":"0.01530000","timestamp":1658047863,"volume":"0.20456076","buyTxId":"a3c58df7ce888db86ad31bec7014d4a91fab5972","sellTxId":"e2ec2e8cb71c570f0050d7431c7b441f506870d6"}
{"index": {"_index":"pob","_id":"3926085"}}
	{"id":3926085,"type":"sell","buyer":"thegoliath","seller":"bionicpainter","symbol":"POB","quantity":"331.89672737","price":"0.01530000","timestamp":1658048343,"volume":"5.07801993","buyTxId":"a3c58df7ce888db86ad31bec7014d4a91fab5972","sellTxId":"7a619f859720a47ddac73c56efd4047c59401f3c"}
{"index": {"_index":"pob","_id":"3926254"}}
	{"id":3926254,"type":"sell","buyer":"thegoliath","seller":"kolus290","symbol":"POB","quantity":"6.18601412","price":"0.01530000","timestamp":1658051358,"volume":"0.09464602","buyTxId":"a3c58df7ce888db86ad31bec7014d4a91fab5972","sellTxId":"a399aee32994d873ade26fc6cf504431f3ea2276"}
{"index": {"_index":"pob","_id":"3926363"}}
	{"id":3926363,"type":"sell","buyer":"thegoliath","seller":"ugochill","symbol":"POB","quantity":"0.02303828","price":"0.01530000","timestamp":1658053251,"volume":"0.00035249","buyTxId":"a3c58df7ce888db86ad31bec7014d4a91fab5972","sellTxId":"f4ce1425fb03f0be779e741f25cbe0e5adfa4e3a"}
{"index": {"_index":"pob","_id":"3926389"}}
	{"id":3926389,"type":"sell","buyer":"thegoliath","seller":"dswap","symbol":"POB","quantity":"305.13","price":"0.01530000","timestamp":1658053677,"volume":"4.66848900","buyTxId":"a3c58df7ce888db86ad31bec7014d4a91fab5972","sellTxId":"37f058e9f9cc62a394cd3de2c84c38791fd73b5b"}
{"index": {"_index":"pob","_id":"3926390"}}
	{"id":3926390,"type":"buy","buyer":"chesatochi","seller":"richardcrill","symbol":"POB","quantity":"0.18589872","price":"0.01570000","timestamp":1658053689,"volume":"0.00291861","buyTxId":"39fe7d136f7754f2a12adf68374de0e9c054a37a","sellTxId":"MM-P-19208097-66201515-3-12-0"}
{"index": {"_index":"pob","_id":"3926400"}}
	{"id":3926400,"type":"sell","buyer":"thegoliath","seller":"dswap","symbol":"POB","quantity":"17.20471369","price":"0.01530000","timestamp":1658053800,"volume":"0.26323212","buyTxId":"a3c58df7ce888db86ad31bec7014d4a91fab5972","sellTxId":"e654a6c42579105f6f71f91ad0d5c6828a9b55d8"}
{"index": {"_index":"pob","_id":"3926490"}}
	{"id":3926490,"type":"sell","buyer":"thegoliath","seller":"tahirazaman","symbol":"POB","quantity":"20.50164205","price":"0.01530000","timestamp":1658055090,"volume":"0.31367512","buyTxId":"a3c58df7ce888db86ad31bec7014d4a91fab5972","sellTxId":"6e29975a6ecf042e95c87abac2402ad9af7ad683"}
{"index": {"_index":"pob","_id":"3926531"}}
	{"id":3926531,"type":"sell","buyer":"thegoliath","seller":"finguru","symbol":"POB","quantity":"13.75575638","price":"0.01530000","timestamp":1658055771,"volume":"0.21046307","buyTxId":"a3c58df7ce888db86ad31bec7014d4a91fab5972","sellTxId":"bec32f359a09b2b2f0abe205b9f213aac2cef5fb"}
{"index": {"_index":"pob","_id":"3927048"}}
	{"id":3927048,"type":"sell","buyer":"thegoliath","seller":"travelcontest","symbol":"POB","quantity":"0.67345286","price":"0.01530000","timestamp":1658063892,"volume":"0.01030383","buyTxId":"a3c58df7ce888db86ad31bec7014d4a91fab5972","sellTxId":"e03b3c39f539cbfb8ced46d97ae515921ca68531"}
{"index": {"_index":"pob","_id":"3927202"}}
	{"id":3927202,"type":"sell","buyer":"thegoliath","seller":"silviabeneforti","symbol":"POB","quantity":"100.00000000","price":"0.01530000","timestamp":1658065452,"volume":"1.53000000","buyTxId":"a3c58df7ce888db86ad31bec7014d4a91fab5972","sellTxId":"f5bcae30833e510bd9290f9c26825a5291828057"}
{"index": {"_index":"pob","_id":"3927276"}}
	{"id":3927276,"type":"sell","buyer":"thegoliath","seller":"photocuration","symbol":"POB","quantity":"4.20789523","price":"0.01530000","timestamp":1658066421,"volume":"0.06438080","buyTxId":"a3c58df7ce888db86ad31bec7014d4a91fab5972","sellTxId":"0c5440d0e24c49a62a71b6576cad1d5c8c1bf1be"}
{"index": {"_index":"pob","_id":"3927369"}}
	{"id":3927369,"type":"sell","buyer":"thegoliath","seller":"ugochill","symbol":"POB","quantity":"0.02296470","price":"0.01530000","timestamp":1658067147,"volume":"0.00035136","buyTxId":"a3c58df7ce888db86ad31bec7014d4a91fab5972","sellTxId":"02e0ca2d6ba93928cc0837460dc9fb1bef76d75a"}
{"index": {"_index":"pob","_id":"3927949"}}
	{"id":3927949,"type":"sell","buyer":"thegoliath","seller":"engilhramn","symbol":"POB","quantity":"0.62935022","price":"0.01530000","timestamp":1658073234,"volume":"0.00962906","buyTxId":"a3c58df7ce888db86ad31bec7014d4a91fab5972","sellTxId":"30a6437dceba1fa457e8fffb79c2262e7ddd88a6"}
{"index": {"_index":"pob","_id":"3928068"}}
	{"id":3928068,"type":"sell","buyer":"thegoliath","seller":"clixmoney","symbol":"POB","quantity":"23.98473059","price":"0.01530000","timestamp":1658074266,"volume":"0.36696638","buyTxId":"a3c58df7ce888db86ad31bec7014d4a91fab5972","sellTxId":"1cbecf4a00811e0b72f08709a0ef183133b31bb1"}
{"index": {"_index":"pob","_id":"3928119"}}
	{"id":3928119,"type":"sell","buyer":"thegoliath","seller":"anech512","symbol":"POB","quantity":"7.05862764","price":"0.01530000","timestamp":1658074767,"volume":"0.10799700","buyTxId":"a3c58df7ce888db86ad31bec7014d4a91fab5972","sellTxId":"7fd0eab325aa1083f545ab11a9c496feae3b9891"}
{"index": {"_index":"pob","_id":"3928143"}}
	{"id":3928143,"type":"sell","buyer":"thegoliath","seller":"splinter100dedos","symbol":"POB","quantity":"20.37466845","price":"0.01530000","timestamp":1658075100,"volume":"0.31173243","buyTxId":"a3c58df7ce888db86ad31bec7014d4a91fab5972","sellTxId":"9493d60a45f6cbf0e2deb9ab4c5416b672570df9"}
{"index": {"_index":"pob","_id":"3928411"}}
	{"id":3928411,"type":"sell","buyer":"thegoliath","seller":"zirochka","symbol":"POB","quantity":"6.30357552","price":"0.01530000","timestamp":1658077890,"volume":"0.09644471","buyTxId":"a3c58df7ce888db86ad31bec7014d4a91fab5972","sellTxId":"07442d5b58e20e70f1fa0cb347ab244524ef3335"}
{"index": {"_index":"pob","_id":"3928436"}}
	{"id":3928436,"type":"sell","buyer":"thegoliath","seller":"pob.curator","symbol":"POB","quantity":"32.68595701","price":"0.01530000","timestamp":1658078067,"volume":"0.50009514","buyTxId":"a3c58df7ce888db86ad31bec7014d4a91fab5972","sellTxId":"561fe67c7dbdd0a848b7b8d3924c09152a21c125"}
{"index": {"_index":"pob","_id":"3928447"}}
	{"id":3928447,"type":"sell","buyer":"thegoliath","seller":"helios.voter","symbol":"POB","quantity":"3.54500697","price":"0.01530000","timestamp":1658078181,"volume":"0.05423861","buyTxId":"a3c58df7ce888db86ad31bec7014d4a91fab5972","sellTxId":"5eaa330fdb880245cb7825b88c1ea99557dca756"}
{"index": {"_index":"pob","_id":"3928584"}}
	{"id":3928584,"type":"sell","buyer":"thegoliath","seller":"richardcrill","symbol":"POB","quantity":"450.00000000","price":"0.01530000","timestamp":1658079525,"volume":"6.88500000","buyTxId":"a3c58df7ce888db86ad31bec7014d4a91fab5972","sellTxId":"MM-P-19219150-66212600-3-12-0"}
{"index": {"_index":"pob","_id":"3928624"}}
	{"id":3928624,"type":"sell","buyer":"thegoliath","seller":"richardcrill","symbol":"POB","quantity":"291.34814732","price":"0.01530000","timestamp":1658079825,"volume":"4.45762665","buyTxId":"a3c58df7ce888db86ad31bec7014d4a91fab5972","sellTxId":"MM-P-19219247-66212700-3-12-0"}
{"index": {"_index":"pob","_id":"3928699"}}
	{"id":3928699,"type":"sell","buyer":"andy4475","seller":"elricmoonslayer","symbol":"POB","quantity":"3.82497706","price":"0.01300000","timestamp":1658080488,"volume":"0.04972470","buyTxId":"0929774511b7c0621bc1988d1c273ae0cecfdfba","sellTxId":"9f86efa8f730130175074363e9c70424096a1432"}
{"index": {"_index":"pob","_id":"3928720"}}
	{"id":3928720,"type":"buy","buyer":"pjansen","seller":"onlydoge","symbol":"POB","quantity":"247.00657894","price":"0.01520000","timestamp":1658080533,"volume":"3.7545","buyTxId":"18abcbb22b82caaf05a7dea648e379c68ac23856-0","sellTxId":"fcb2bcc6089a33b432665fd620504f4909ca3377"}
{"index": {"_index":"pob","_id":"3928828"}}
	{"id":3928828,"type":"buy","buyer":"pjansen","seller":"onlydoge","symbol":"POB","quantity":"2.58107921","price":"0.01520000","timestamp":1658081382,"volume":"0.03923240","buyTxId":"e437213d94a3ab58923a856a07ca3a999d9b7be7-0","sellTxId":"fcb2bcc6089a33b432665fd620504f4909ca3377"}
{"index": {"_index":"pob","_id":"3928829"}}
	{"id":3928829,"type":"buy","buyer":"pjansen","seller":"richardcrill","symbol":"POB","quantity":"44.56650980","price":"0.01530000","timestamp":1658081382,"volume":"0.68186760","buyTxId":"e437213d94a3ab58923a856a07ca3a999d9b7be7-0","sellTxId":"MM-P-19219247-66212700-3-12-0"}
{"index": {"_index":"pob","_id":"3928952"}}
	{"id":3928952,"type":"buy","buyer":"pjansen","seller":"osomar357","symbol":"POB","quantity":"0.32227396","price":"0.01320001","timestamp":1658082759,"volume":"0.00425402","buyTxId":"13fea7292757034dd284fb686d32d16d9dfb9255-0","sellTxId":"b37f68d9c00c1f8d9216aed0d732b5043c313c23"}
{"index": {"_index":"pob","_id":"3928953"}}
	{"id":3928953,"type":"buy","buyer":"pjansen","seller":"richardcrill","symbol":"POB","quantity":"0.37555424","price":"0.01530000","timestamp":1658082759,"volume":"0.00574598","buyTxId":"13fea7292757034dd284fb686d32d16d9dfb9255-0","sellTxId":"MM-P-19219247-66212700-3-12-0"}
{"index": {"_index":"pob","_id":"3929903"}}
	{"id":3929903,"type":"sell","buyer":"onlydoge","seller":"ugochill","symbol":"POB","quantity":"0.02227706","price":"0.01320000","timestamp":1658085987,"volume":"0.00029406","buyTxId":"47644a161da2d13d56cfd760649c9c95c61ad4a0","sellTxId":"7d2bb060ec089dc3964bc5fd65c60493a29fc0ce"}
{"index": {"_index":"pob","_id":"3929981"}}
	{"id":3929981,"type":"sell","buyer":"onlydoge","seller":"lisamgentile1961","symbol":"POB","quantity":"0.77933583","price":"0.01320000","timestamp":1658087277,"volume":"0.01028723","buyTxId":"47644a161da2d13d56cfd760649c9c95c61ad4a0","sellTxId":"ec42f93c59fcde1dcf3df8e8bf2186d8e0f3eb41"}
{"index": {"_index":"pob","_id":"3930088"}}
	{"id":3930088,"type":"sell","buyer":"onlydoge","seller":"cursephantom","symbol":"POB","quantity":"0.68792508","price":"0.01320000","timestamp":1658088783,"volume":"0.00908061","buyTxId":"47644a161da2d13d56cfd760649c9c95c61ad4a0","sellTxId":"475652142809ba2b2481de3ccf2388111cafe98f"}
{"index": {"_index":"pob","_id":"3930140"}}
	{"id":3930140,"type":"buy","buyer":"pjansen","seller":"richardcrill","symbol":"POB","quantity":"113.70978864","price":"0.01530000","timestamp":1658089515,"volume":"1.73975977","buyTxId":"cb808eff5292124297b2d9861673ae2c40c47a2a-0","sellTxId":"MM-P-19219247-66212700-3-12-0"}
{"index": {"_index":"pob","_id":"3930141"}}
	{"id":3930141,"type":"buy","buyer":"pjansen","seller":"sunset.curator","symbol":"POB","quantity":"1.68329990","price":"0.01540000","timestamp":1658089515,"volume":"0.02592282","buyTxId":"cb808eff5292124297b2d9861673ae2c40c47a2a-0","sellTxId":"b2802bf70c6929e98960954a68ade387f67b2e15"}
{"index": {"_index":"pob","_id":"3930142"}}
	{"id":3930142,"type":"buy","buyer":"pjansen","seller":"kdtkaren","symbol":"POB","quantity":"0.50574903","price":"0.01540000","timestamp":1658089515,"volume":"0.00778854","buyTxId":"cb808eff5292124297b2d9861673ae2c40c47a2a-0","sellTxId":"6bbc4568cd3ef02f5ea8815af095fd8b3029bdfe"}
{"index": {"_index":"pob","_id":"3930143"}}
	{"id":3930143,"type":"buy","buyer":"pjansen","seller":"uwelang","symbol":"POB","quantity":"258.15951381","price":"0.01540000","timestamp":1658089515,"volume":"3.97565651","buyTxId":"cb808eff5292124297b2d9861673ae2c40c47a2a-0","sellTxId":"5d1ab8536209528a436f456cc7137209ac652399"}
{"index": {"_index":"pob","_id":"3930144"}}
	{"id":3930144,"type":"buy","buyer":"pjansen","seller":"yintercept","symbol":"POB","quantity":"4.65974185","price":"0.01550000","timestamp":1658089515,"volume":"0.07222600","buyTxId":"cb808eff5292124297b2d9861673ae2c40c47a2a-0","sellTxId":"af1c80a88b48f676beed99f638ea2e7ceffc30fa"}
{"index": {"_index":"pob","_id":"3930145"}}
	{"id":3930145,"type":"buy","buyer":"pjansen","seller":"steemmillionaire","symbol":"POB","quantity":"10.52993155","price":"0.01560000","timestamp":1658089515,"volume":"0.16426693","buyTxId":"cb808eff5292124297b2d9861673ae2c40c47a2a-0","sellTxId":"d8c9fee30575f4b6fa67400b0c4ea26380448138"}
{"index": {"_index":"pob","_id":"3930146"}}
	{"id":3930146,"type":"buy","buyer":"pjansen","seller":"damla","symbol":"POB","quantity":"2.82035831","price":"0.01569999","timestamp":1658089515,"volume":"0.04427960","buyTxId":"cb808eff5292124297b2d9861673ae2c40c47a2a-0","sellTxId":"21ddb40cdd7b59ecbadc534edb12a2ef4487cfb4"}
{"index": {"_index":"pob","_id":"3930147"}}
	{"id":3930147,"type":"buy","buyer":"pjansen","seller":"damla","symbol":"POB","quantity":"0.73495474","price":"0.01580000","timestamp":1658089515,"volume":"0.01161228","buyTxId":"cb808eff5292124297b2d9861673ae2c40c47a2a-0","sellTxId":"a8f0eeea696c32699ce85670f79fe4225393ec42"}
{"index": {"_index":"pob","_id":"3930148"}}
	{"id":3930148,"type":"buy","buyer":"pjansen","seller":"damla","symbol":"POB","quantity":"1.05616378","price":"0.01590000","timestamp":1658089515,"volume":"0.01679300","buyTxId":"cb808eff5292124297b2d9861673ae2c40c47a2a-0","sellTxId":"e1f0f8ce535c52b1caf9fd980069227b27f11a30"}
{"index": {"_index":"pob","_id":"3930149"}}
	{"id":3930149,"type":"buy","buyer":"pjansen","seller":"stellify","symbol":"POB","quantity":"16.98412986","price":"0.01590000","timestamp":1658089515,"volume":"0.27004766","buyTxId":"cb808eff5292124297b2d9861673ae2c40c47a2a-0","sellTxId":"1f489a5d5a51a6e86145346e0c1fb5b3afb7c557"}
{"index": {"_index":"pob","_id":"3930150"}}
	{"id":3930150,"type":"buy","buyer":"pjansen","seller":"pob.curator","symbol":"POB","quantity":"40.24668062","price":"0.01600000","timestamp":1658089515,"volume":"0.64394689","buyTxId":"cb808eff5292124297b2d9861673ae2c40c47a2a-0","sellTxId":"d5f777f6c5de0b71ce324be96504747a0529d521"}
{"index": {"_index":"pob","_id":"3930252"}}
	{"id":3930252,"type":"buy","buyer":"pjansen","seller":"pob.curator","symbol":"POB","quantity":"0.00150475","price":"0.01600000","timestamp":1658090268,"volume":"0.00002408","buyTxId":"ef15dd2ac56a0d56b7d065b1336b10df031e89b6-0","sellTxId":"d5f777f6c5de0b71ce324be96504747a0529d521"}
{"index": {"_index":"pob","_id":"3930253"}}
	{"id":3930253,"type":"buy","buyer":"pjansen","seller":"yintercept","symbol":"POB","quantity":"0.00315835","price":"0.01620000","timestamp":1658090268,"volume":"0.00005117","buyTxId":"ef15dd2ac56a0d56b7d065b1336b10df031e89b6-0","sellTxId":"aaab9fd48c94ceb192ddc7a61ae44a8ebea7856b"}
{"index": {"_index":"pob","_id":"3930254"}}
	{"id":3930254,"type":"buy","buyer":"pjansen","seller":"richardcrill","symbol":"POB","quantity":"450.00000000","price":"0.01660000","timestamp":1658090268,"volume":"7.47000000","buyTxId":"ef15dd2ac56a0d56b7d065b1336b10df031e89b6-0","sellTxId":"MM-P-19222536-66215994-3-12-0"}
{"index": {"_index":"pob","_id":"3930255"}}
	{"id":3930255,"type":"buy","buyer":"pjansen","seller":"damla","symbol":"POB","quantity":"2.44859795","price":"0.01670000","timestamp":1658090268,"volume":"0.04089159","buyTxId":"ef15dd2ac56a0d56b7d065b1336b10df031e89b6-0","sellTxId":"99e5807b8e32476fa4b8704a82c73ee5646da373"}
{"index": {"_index":"pob","_id":"3930256"}}
	{"id":3930256,"type":"buy","buyer":"pjansen","seller":"joseph23","symbol":"POB","quantity":"102.58112880","price":"0.01670000","timestamp":1658090268,"volume":"1.71310485","buyTxId":"ef15dd2ac56a0d56b7d065b1336b10df031e89b6-0","sellTxId":"86fd1d9ef9c970e35d7016ef8ed75b5485807da4"}
{"index": {"_index":"pob","_id":"3930257"}}
	{"id":3930257,"type":"buy","buyer":"pjansen","seller":"pob.curator","symbol":"POB","quantity":"19.30702123","price":"0.01742000","timestamp":1658090268,"volume":"0.33632831","buyTxId":"ef15dd2ac56a0d56b7d065b1336b10df031e89b6-0","sellTxId":"f23a49438de2f7e7eb4c4a8b5191164ff60024d2"}
{"index": {"_index":"pob","_id":"3930328"}}
	{"id":3930328,"type":"buy","buyer":"pjansen","seller":"pob.curator","symbol":"POB","quantity":"12.69230769","price":"0.01742000","timestamp":1658090991,"volume":"0.2211","buyTxId":"1b6cf4264a4716b818567a901017f323a2915028-0","sellTxId":"f23a49438de2f7e7eb4c4a8b5191164ff60024d2"}
{"index": {"_index":"pob","_id":"3930399"}}
	{"id":3930399,"type":"sell","buyer":"onlydoge","seller":"sayago","symbol":"POB","quantity":"5.29317382","price":"0.01320000","timestamp":1658092119,"volume":"0.06986989","buyTxId":"47644a161da2d13d56cfd760649c9c95c61ad4a0","sellTxId":"c20ee22ba6722a3395612d8e758dea21e540bd18"}
{"index": {"_index":"pob","_id":"3930650"}}
	{"id":3930650,"type":"sell","buyer":"onlydoge","seller":"he-index","symbol":"POB","quantity":"0.04300000","price":"0.01320000","timestamp":1658095335,"volume":"0.00056760","buyTxId":"47644a161da2d13d56cfd760649c9c95c61ad4a0","sellTxId":"55ea7435f5366f453c37235084cf809b2ebfd8a1"}
{"index": {"_index":"pob","_id":"3930743"}}
	{"id":3930743,"type":"sell","buyer":"onlydoge","seller":"pixelfan","symbol":"POB","quantity":"25.00000000","price":"0.01320000","timestamp":1658097063,"volume":"0.33000000","buyTxId":"47644a161da2d13d56cfd760649c9c95c61ad4a0","sellTxId":"2b56ff44bae814e6187df9ad0009ca141e91191a"}
{"index": {"_index":"pob","_id":"3930774"}}
	{"id":3930774,"type":"sell","buyer":"onlydoge","seller":"stayoutoftherz","symbol":"POB","quantity":"9.00000000","price":"0.01320000","timestamp":1658097537,"volume":"0.11880000","buyTxId":"47644a161da2d13d56cfd760649c9c95c61ad4a0","sellTxId":"af06a9c7a4b0386643ca1b60b0b8f30c00dc21e6"}
{"index": {"_index":"pob","_id":"3930832"}}
	{"id":3930832,"type":"sell","buyer":"onlydoge","seller":"philsaatchi","symbol":"POB","quantity":"3.36524416","price":"0.01320000","timestamp":1658098407,"volume":"0.04442122","buyTxId":"47644a161da2d13d56cfd760649c9c95c61ad4a0","sellTxId":"7454cfe88833894601a42232785831e29ca22a41"}
{"index": {"_index":"pob","_id":"3930866"}}
	{"id":3930866,"type":"sell","buyer":"onlydoge","seller":"baibuaza","symbol":"POB","quantity":"42.16475649","price":"0.01320000","timestamp":1658099013,"volume":"0.55657479","buyTxId":"47644a161da2d13d56cfd760649c9c95c61ad4a0","sellTxId":"cadc0c27730b04d66accf342d721e6d70f5e383c"}
{"index": {"_index":"pob","_id":"3930891"}}
	{"id":3930891,"type":"sell","buyer":"onlydoge","seller":"jerrytsuseer","symbol":"POB","quantity":"0.50000000","price":"0.01320000","timestamp":1658099367,"volume":"0.00660000","buyTxId":"47644a161da2d13d56cfd760649c9c95c61ad4a0","sellTxId":"eda572c4d44edd945f1ea465ec678bfc1df1adc4"}
{"index": {"_index":"pob","_id":"3930942"}}
	{"id":3930942,"type":"buy","buyer":"pjansen","seller":"pob.curator","symbol":"POB","quantity":"0.00031077","price":"0.01742000","timestamp":1658100495,"volume":"0.00000541","buyTxId":"d203d2ccfc9273f44ae6b5c16bae0395e98ef2d7-0","sellTxId":"f23a49438de2f7e7eb4c4a8b5191164ff60024d2"}
{"index": {"_index":"pob","_id":"3930943"}}
	{"id":3930943,"type":"buy","buyer":"pjansen","seller":"richardcrill","symbol":"POB","quantity":"450.00000000","price":"0.01770000","timestamp":1658100495,"volume":"7.96500000","buyTxId":"d203d2ccfc9273f44ae6b5c16bae0395e98ef2d7-0","sellTxId":"MM-P-19225513-66218986-3-12-0"}
{"index": {"_index":"pob","_id":"3930944"}}
	{"id":3930944,"type":"buy","buyer":"pjansen","seller":"onlydoge","symbol":"POB","quantity":"44.21345796","price":"0.01780000","timestamp":1658100495,"volume":"0.78699955","buyTxId":"d203d2ccfc9273f44ae6b5c16bae0395e98ef2d7-0","sellTxId":"f5bd899f133d90a14ebbdfaadf567fc39f192bc0"}
{"index": {"_index":"pob","_id":"3930945"}}
	{"id":3930945,"type":"buy","buyer":"pjansen","seller":"helios.voter","symbol":"POB","quantity":"7.41250651","price":"0.01799999","timestamp":1658100495,"volume":"0.13342504","buyTxId":"d203d2ccfc9273f44ae6b5c16bae0395e98ef2d7-0","sellTxId":"2819233e67e16eda8b8d04983c491dfed03b1c5d"}
{"index": {"_index":"pob","_id":"3930946"}}
	{"id":3930946,"type":"buy","buyer":"pjansen","seller":"thecuriousfool","symbol":"POB","quantity":"27.72013534","price":"0.01800000","timestamp":1658100495,"volume":"0.49896244","buyTxId":"d203d2ccfc9273f44ae6b5c16bae0395e98ef2d7-0","sellTxId":"bfe93fd332c2a04bf85c029f2fef567f401b6a09"}
{"index": {"_index":"pob","_id":"3930947"}}
	{"id":3930947,"type":"buy","buyer":"pjansen","seller":"coininstant","symbol":"POB","quantity":"0.00040000","price":"0.01890000","timestamp":1658100495,"volume":"0.00000756","buyTxId":"d203d2ccfc9273f44ae6b5c16bae0395e98ef2d7-0","sellTxId":"9d3d351ec8dc470dc41f89bf37a882b7a072c2eb"}
{"index": {"_index":"pob","_id":"3931145"}}
	{"id":3931145,"type":"sell","buyer":"onlydoge","seller":"cryptosimplify","symbol":"POB","quantity":"37.15982950","price":"0.01320000","timestamp":1658103318,"volume":"0.49050975","buyTxId":"47644a161da2d13d56cfd760649c9c95c61ad4a0","sellTxId":"956dc6d5336305ddf0852078ce195c8a75029139"}
{"index": {"_index":"pob","_id":"3931649"}}
	{"id":3931649,"type":"sell","buyer":"onlydoge","seller":"underlock","symbol":"POB","quantity":"73.19820170","price":"0.01320000","timestamp":1658110563,"volume":"0.96621626","buyTxId":"47644a161da2d13d56cfd760649c9c95c61ad4a0","sellTxId":"f3af4a00e1e12e13fa38a8b8e671a1527772ea3a"}
{"index": {"_index":"pob","_id":"3931664"}}
	{"id":3931664,"type":"sell","buyer":"onlydoge","seller":"ugochill","symbol":"POB","quantity":"0.02269521","price":"0.01320000","timestamp":1658110671,"volume":"0.00029958","buyTxId":"47644a161da2d13d56cfd760649c9c95c61ad4a0","sellTxId":"3ab6c66caf7ff66de01b6be16d8b1fc0b69a1153"}
{"index": {"_index":"pob","_id":"3931706"}}
	{"id":3931706,"type":"buy","buyer":"ugochill","seller":"richardcrill","symbol":"POB","quantity":"10.00000000","price":"0.01830000","timestamp":1658111493,"volume":"0.18300000","buyTxId":"2d7f6036a3acd8f79c9cb884f804513324a00c7e","sellTxId":"MM-P-19229095-66222582-3-12-0"}
{"index": {"_index":"pob","_id":"3931778"}}
	{"id":3931778,"type":"sell","buyer":"onlydoge","seller":"tanzil2024","symbol":"POB","quantity":"5.55949597","price":"0.01320000","timestamp":1658112219,"volume":"0.07338535","buyTxId":"47644a161da2d13d56cfd760649c9c95c61ad4a0","sellTxId":"fa4e3bd1d13b10ab7a3aac8ec2d53eee9ef38381"}
