{"index": {"_index":"pob","_id":"3571097"}}
	{"id":3571097,"type":"sell","buyer":"untzuntzuntz","seller":"steem82868","symbol":"POB","quantity":"2.25231243","price":"0.02533100","timestamp":1653967239,"volume":"0.05705333","buyTxId":"23b10f4dbb7e7a9c3e169ecbb506a8d58bd336df","sellTxId":"d407a7660f3229da827b27071715284766d4de61"}
{"index": {"_index":"pob","_id":"3571147"}}
	{"id":3571147,"type":"sell","buyer":"untzuntzuntz","seller":"steem82868","symbol":"POB","quantity":"0.03022468","price":"0.02533100","timestamp":1653968001,"volume":"0.00076562","buyTxId":"23b10f4dbb7e7a9c3e169ecbb506a8d58bd336df","sellTxId":"43b5866ca0996077c9bd88c1da5da6f910387d49"}
{"index": {"_index":"pob","_id":"3571273"}}
	{"id":3571273,"type":"sell","buyer":"untzuntzuntz","seller":"jolihb","symbol":"POB","quantity":"8.63863291","price":"0.02533100","timestamp":1653969945,"volume":"0.21882521","buyTxId":"23b10f4dbb7e7a9c3e169ecbb506a8d58bd336df","sellTxId":"d0c702494d5f2569029ac532c4bf1b56052fcf77"}
{"index": {"_index":"pob","_id":"3571277"}}
	{"id":3571277,"type":"sell","buyer":"untzuntzuntz","seller":"teesart","symbol":"POB","quantity":"35.89516177","price":"0.02533100","timestamp":1653970023,"volume":"0.90926034","buyTxId":"23b10f4dbb7e7a9c3e169ecbb506a8d58bd336df","sellTxId":"d0b7e30ea61d5e2d06e811442af58f1b79df0fd3"}
{"index": {"_index":"pob","_id":"3571484"}}
	{"id":3571484,"type":"sell","buyer":"untzuntzuntz","seller":"beemd","symbol":"POB","quantity":"11.09227875","price":"0.02533100","timestamp":1653973623,"volume":"0.28097851","buyTxId":"23b10f4dbb7e7a9c3e169ecbb506a8d58bd336df","sellTxId":"645f44f7e28bfbac6e5065074a01efe295381f70"}
{"index": {"_index":"pob","_id":"3571501"}}
	{"id":3571501,"type":"sell","buyer":"untzuntzuntz","seller":"xplosive","symbol":"POB","quantity":"1.04305417","price":"0.02533100","timestamp":1653974205,"volume":"0.02642161","buyTxId":"23b10f4dbb7e7a9c3e169ecbb506a8d58bd336df","sellTxId":"a54d8fff5da1ec27c636ca8646637afddd15385e"}
{"index": {"_index":"pob","_id":"3571623"}}
	{"id":3571623,"type":"sell","buyer":"untzuntzuntz","seller":"automaton","symbol":"POB","quantity":"6.00000000","price":"0.02533100","timestamp":1653975978,"volume":"0.15198600","buyTxId":"23b10f4dbb7e7a9c3e169ecbb506a8d58bd336df","sellTxId":"8392d9e7daa35ca2f324000629009a76e5a7f9ae"}
{"index": {"_index":"pob","_id":"3571729"}}
	{"id":3571729,"type":"sell","buyer":"untzuntzuntz","seller":"hive-131968","symbol":"POB","quantity":"0.01196705","price":"0.02533100","timestamp":1653977532,"volume":"0.00030314","buyTxId":"23b10f4dbb7e7a9c3e169ecbb506a8d58bd336df","sellTxId":"7867edca56537c3af8c762017fe5b0d8b6ff09e3"}
{"index": {"_index":"pob","_id":"3571745"}}
	{"id":3571745,"type":"sell","buyer":"untzuntzuntz","seller":"trumpman","symbol":"POB","quantity":"25.03636824","price":"0.02533100","timestamp":1653977901,"volume":"0.63419624","buyTxId":"23b10f4dbb7e7a9c3e169ecbb506a8d58bd336df","sellTxId":"3bc18d5caaee2e9a240290add261c0f896c0503e"}
{"index": {"_index":"pob","_id":"3571746"}}
	{"id":3571746,"type":"sell","buyer":"opidia","seller":"trumpman","symbol":"POB","quantity":"251.97308406","price":"0.02533000","timestamp":1653977901,"volume":"6.38247822","buyTxId":"5e8fd193b98aa1c37aa651ab7af7d4b62df93320","sellTxId":"3bc18d5caaee2e9a240290add261c0f896c0503e"}
{"index": {"_index":"pob","_id":"3571756"}}
	{"id":3571756,"type":"sell","buyer":"opidia","seller":"captainquack22","symbol":"POB","quantity":"1.97","price":"0.02533000","timestamp":1653978099,"volume":"0.04990010","buyTxId":"5e8fd193b98aa1c37aa651ab7af7d4b62df93320","sellTxId":"9e76ce7b1e86173041b3f0a391a5718c84998b67"}
{"index": {"_index":"pob","_id":"3571861"}}
	{"id":3571861,"type":"sell","buyer":"opidia","seller":"ricestrela","symbol":"POB","quantity":"8.61781053","price":"0.02533000","timestamp":1653979347,"volume":"0.21828914","buyTxId":"5e8fd193b98aa1c37aa651ab7af7d4b62df93320","sellTxId":"16228ba6ea4db5bdd0d627af2f864ccd4b0780c7"}
{"index": {"_index":"pob","_id":"3571985"}}
	{"id":3571985,"type":"sell","buyer":"opidia","seller":"ugochill","symbol":"POB","quantity":"0.18266138","price":"0.02533000","timestamp":1653980595,"volume":"0.00462681","buyTxId":"5e8fd193b98aa1c37aa651ab7af7d4b62df93320","sellTxId":"de42bc3ba6f412a1bbc045c27ecd06ad53c2c588"}
{"index": {"_index":"pob","_id":"3572008"}}
	{"id":3572008,"type":"sell","buyer":"opidia","seller":"dauerbrenner05","symbol":"POB","quantity":"0.20883711","price":"0.02533000","timestamp":1653980700,"volume":"0.00528984","buyTxId":"5e8fd193b98aa1c37aa651ab7af7d4b62df93320","sellTxId":"ae599be3e9c2f133ead9742ce179deae7cede21a"}
{"index": {"_index":"pob","_id":"3572229"}}
	{"id":3572229,"type":"sell","buyer":"opidia","seller":"globetrottergcc","symbol":"POB","quantity":"40.88842313","price":"0.02533000","timestamp":1653983403,"volume":"1.03570376","buyTxId":"5e8fd193b98aa1c37aa651ab7af7d4b62df93320","sellTxId":"cd57b1c47afbeccc7df0436124975c307e2e2550"}
{"index": {"_index":"pob","_id":"3572376"}}
	{"id":3572376,"type":"sell","buyer":"opidia","seller":"mypathtofire","symbol":"POB","quantity":"3.08092543","price":"0.02533000","timestamp":1653985245,"volume":"0.07803984","buyTxId":"5e8fd193b98aa1c37aa651ab7af7d4b62df93320","sellTxId":"f1671cadd50c0b67b228271211a6fb4a21b76b76"}
{"index": {"_index":"pob","_id":"3572638"}}
	{"id":3572638,"type":"sell","buyer":"opidia","seller":"onealfa.leo","symbol":"POB","quantity":"2179.94662272","price":"0.02533000","timestamp":1653989010,"volume":"55.21804795","buyTxId":"5e8fd193b98aa1c37aa651ab7af7d4b62df93320","sellTxId":"a85ee738dbf683469df57fe66e6937bb34d054d8"}
{"index": {"_index":"pob","_id":"3572652"}}
	{"id":3572652,"type":"sell","buyer":"opidia","seller":"johnbenn","symbol":"POB","quantity":"1.83134000","price":"0.02533000","timestamp":1653989229,"volume":"0.04638784","buyTxId":"5e8fd193b98aa1c37aa651ab7af7d4b62df93320","sellTxId":"a73eaf2055bcc27acd9b194f4f2f287a991b9769"}
{"index": {"_index":"pob","_id":"3572692"}}
	{"id":3572692,"type":"sell","buyer":"opidia","seller":"shebe","symbol":"POB","quantity":"3.33527292","price":"0.02533000","timestamp":1653989829,"volume":"0.08448246","buyTxId":"5e8fd193b98aa1c37aa651ab7af7d4b62df93320","sellTxId":"c6d28dc7e67a6bc2eca1b8bffd1408087f2b1a3c"}
{"index": {"_index":"pob","_id":"3572821"}}
	{"id":3572821,"type":"sell","buyer":"opidia","seller":"beemd","symbol":"POB","quantity":"5.92216153","price":"0.02533000","timestamp":1653991560,"volume":"0.15000835","buyTxId":"5e8fd193b98aa1c37aa651ab7af7d4b62df93320","sellTxId":"1390e4e56a6171f2ac2b332a6171219eb64b34a7"}
{"index": {"_index":"pob","_id":"3572907"}}
	{"id":3572907,"type":"buy","buyer":"pjansen","seller":"jnn10","symbol":"POB","quantity":"0.00001617","price":"0.02535559","timestamp":1653992061,"volume":"0.00000041","buyTxId":"141152cce178eadf0c2a720c0c91b69eb37dd0b3","sellTxId":"8f88077e75095d1962c447bff3a93f9e253d977e"}
{"index": {"_index":"pob","_id":"3572908"}}
	{"id":3572908,"type":"buy","buyer":"pjansen","seller":"richardcrill","symbol":"POB","quantity":"172.41377896","price":"0.02900000","timestamp":1653992061,"volume":"4.99999959","buyTxId":"141152cce178eadf0c2a720c0c91b69eb37dd0b3","sellTxId":"MM-P-17862048-64852660-3-12-0"}
{"index": {"_index":"pob","_id":"3572949"}}
	{"id":3572949,"type":"sell","buyer":"opidia","seller":"phortun","symbol":"POB","quantity":"41.09316027","price":"0.02533000","timestamp":1653992874,"volume":"1.04088975","buyTxId":"5e8fd193b98aa1c37aa651ab7af7d4b62df93320","sellTxId":"74bf3d2afabee0bbfb47c0cb6b82d74e33e555d7"}
{"index": {"_index":"pob","_id":"3572967"}}
	{"id":3572967,"type":"sell","buyer":"opidia","seller":"steem82868","symbol":"POB","quantity":"0.14926414","price":"0.02533000","timestamp":1653993060,"volume":"0.00378086","buyTxId":"5e8fd193b98aa1c37aa651ab7af7d4b62df93320","sellTxId":"8c9e502dbbcd44d65107e160716c4fb56b365672"}
{"index": {"_index":"pob","_id":"3573015"}}
	{"id":3573015,"type":"buy","buyer":"oople","seller":"richardcrill","symbol":"POB","quantity":"10.00000000","price":"0.02890000","timestamp":1653993708,"volume":"0.28900000","buyTxId":"5efe1f6e1b7fe71138be8ea81119739be4366045","sellTxId":"MM-P-17862746-64853358-3-12-0"}
{"index": {"_index":"pob","_id":"3573243"}}
	{"id":3573243,"type":"sell","buyer":"opidia","seller":"sketchygamerguy","symbol":"POB","quantity":"9.52964527","price":"0.02533000","timestamp":1653997170,"volume":"0.24138591","buyTxId":"5e8fd193b98aa1c37aa651ab7af7d4b62df93320","sellTxId":"31078951b572b927d7c26e2733de2cd44fd9d849"}
{"index": {"_index":"pob","_id":"3573245"}}
	{"id":3573245,"type":"buy","buyer":"pjansen","seller":"richardcrill","symbol":"POB","quantity":"150.14634146","price":"0.02870000","timestamp":1653997197,"volume":"4.3092","buyTxId":"529b9f8beb19540a48f4da13b99abb12766cd3c7","sellTxId":"MM-P-17863545-64854158-3-12-0"}
{"index": {"_index":"pob","_id":"3573255"}}
	{"id":3573255,"type":"sell","buyer":"opidia","seller":"esmeesmith","symbol":"POB","quantity":"52.02672555","price":"0.02533000","timestamp":1653997335,"volume":"1.31783696","buyTxId":"5e8fd193b98aa1c37aa651ab7af7d4b62df93320","sellTxId":"2047ff7cdf2b525faabd18019fa0e856de9942d6"}
{"index": {"_index":"pob","_id":"3573346"}}
	{"id":3573346,"type":"sell","buyer":"opidia","seller":"lett","symbol":"POB","quantity":"2.39812119","price":"0.02533000","timestamp":1653998097,"volume":"0.06074441","buyTxId":"5e8fd193b98aa1c37aa651ab7af7d4b62df93320","sellTxId":"1ab5ede0357d5379187c28d395ea129bd3f113a1"}
{"index": {"_index":"pob","_id":"3573437"}}
	{"id":3573437,"type":"sell","buyer":"opidia","seller":"esther-emmanuel","symbol":"POB","quantity":"60.00000000","price":"0.02533000","timestamp":1653999162,"volume":"1.51980000","buyTxId":"5e8fd193b98aa1c37aa651ab7af7d4b62df93320","sellTxId":"6ea23b82944cec3445adc7e15d41d4359f6aadd5"}
{"index": {"_index":"pob","_id":"3573514"}}
	{"id":3573514,"type":"buy","buyer":"pjansen","seller":"richardcrill","symbol":"POB","quantity":"125.60000000","price":"0.02850000","timestamp":1654000104,"volume":"3.5796","buyTxId":"625dddb83a53fb497718d0d5e51359b74e07c162","sellTxId":"MM-P-17864743-64855357-3-12-0"}
{"index": {"_index":"pob","_id":"3573527"}}
	{"id":3573527,"type":"sell","buyer":"opidia","seller":"xplosive","symbol":"POB","quantity":"46.91643154","price":"0.02533000","timestamp":1654000203,"volume":"1.18839321","buyTxId":"5e8fd193b98aa1c37aa651ab7af7d4b62df93320","sellTxId":"b88fa52ee297d5d4a6b2c1d2f47a9f9b2880b5e4"}
{"index": {"_index":"pob","_id":"3573649"}}
	{"id":3573649,"type":"sell","buyer":"andy4475","seller":"saachi.list","symbol":"POB","quantity":"7.03738245","price":"0.02600000","timestamp":1654002156,"volume":"0.18297194","buyTxId":"65945b3d3c733fdd6544727d8553daaffb28e884","sellTxId":"b8ad005143f1be2804982f2bc553b8692b8733c0"}
{"index": {"_index":"pob","_id":"3573737"}}
	{"id":3573737,"type":"sell","buyer":"andy4475","seller":"r1s2g3","symbol":"POB","quantity":"16.45187285","price":"0.02600000","timestamp":1654003497,"volume":"0.42774869","buyTxId":"65945b3d3c733fdd6544727d8553daaffb28e884","sellTxId":"fa88666c5ffbadd55168a09f85591736a1142a53"}
{"index": {"_index":"pob","_id":"3573748"}}
	{"id":3573748,"type":"sell","buyer":"andy4475","seller":"steem82868","symbol":"POB","quantity":"0.05226963","price":"0.02600000","timestamp":1654003707,"volume":"0.00135901","buyTxId":"65945b3d3c733fdd6544727d8553daaffb28e884","sellTxId":"c0fbca88a85b9c0e9d641dc288c2a03ea8723545"}
{"index": {"_index":"pob","_id":"3573878"}}
	{"id":3573878,"type":"sell","buyer":"andy4475","seller":"jlufer","symbol":"POB","quantity":"68.59803625","price":"0.02600000","timestamp":1654004610,"volume":"1.78354894","buyTxId":"65945b3d3c733fdd6544727d8553daaffb28e884","sellTxId":"c7483ef5525683ebd8729106d3735a8868b858c6"}
{"index": {"_index":"pob","_id":"3573965"}}
	{"id":3573965,"type":"sell","buyer":"andy4475","seller":"beemd","symbol":"POB","quantity":"7.86043882","price":"0.02600000","timestamp":1654005666,"volume":"0.20437141","buyTxId":"65945b3d3c733fdd6544727d8553daaffb28e884","sellTxId":"5e45a61556e73de59c4c47d98387ae3ad359b99f"}
{"index": {"_index":"pob","_id":"3573971"}}
	{"id":3573971,"type":"buy","buyer":"pjansen","seller":"beemd","symbol":"POB","quantity":"3.51467895","price":"0.02819000","timestamp":1654005804,"volume":"0.09907880","buyTxId":"039594ec7f624fa2f59015015b4218eff6b277aa","sellTxId":"8c09f200868d127c8c0045476e64455009fa6244"}
{"index": {"_index":"pob","_id":"3573972"}}
	{"id":3573972,"type":"buy","buyer":"pjansen","seller":"richardcrill","symbol":"POB","quantity":"51.98366982","price":"0.02820000","timestamp":1654005804,"volume":"1.46593949","buyTxId":"039594ec7f624fa2f59015015b4218eff6b277aa","sellTxId":"MM-P-17866341-64856957-3-12-0"}
{"index": {"_index":"pob","_id":"3573973"}}
	{"id":3573973,"type":"buy","buyer":"pjansen","seller":"zirochka","symbol":"POB","quantity":"3.83333693","price":"0.02830000","timestamp":1654005804,"volume":"0.10848344","buyTxId":"039594ec7f624fa2f59015015b4218eff6b277aa","sellTxId":"065a31a91f19b16db2d8cbca2455e569da335a51"}
{"index": {"_index":"pob","_id":"3573974"}}
	{"id":3573974,"type":"buy","buyer":"pjansen","seller":"onlydoge","symbol":"POB","quantity":"117.13022077","price":"0.02840000","timestamp":1654005804,"volume":"3.32649827","buyTxId":"039594ec7f624fa2f59015015b4218eff6b277aa","sellTxId":"ebddec51174cbe60d7c929a09449ef66d26e86ae"}
{"index": {"_index":"pob","_id":"3573979"}}
	{"id":3573979,"type":"buy","buyer":"pjansen","seller":"onlydoge","symbol":"POB","quantity":"176.05633802","price":"0.02840000","timestamp":1654005840,"volume":"5.0000","buyTxId":"3410bde5b52a00bd6c19813c58abb2f3de4f5a10","sellTxId":"ebddec51174cbe60d7c929a09449ef66d26e86ae"}
{"index": {"_index":"pob","_id":"3573980"}}
	{"id":3573980,"type":"buy","buyer":"pjansen","seller":"onlydoge","symbol":"POB","quantity":"39.03924120","price":"0.02840000","timestamp":1654005873,"volume":"1.10871445","buyTxId":"caaa9eb9f3446cea8c81343a24ad848cb71d543e","sellTxId":"ebddec51174cbe60d7c929a09449ef66d26e86ae"}
{"index": {"_index":"pob","_id":"3573981"}}
	{"id":3573981,"type":"buy","buyer":"pjansen","seller":"yeckingo1","symbol":"POB","quantity":"0.00295000","price":"0.02900000","timestamp":1654005873,"volume":"0.00008555","buyTxId":"caaa9eb9f3446cea8c81343a24ad848cb71d543e","sellTxId":"07a25d3e9b70d88668ee864d234bcd06f84305b9"}
{"index": {"_index":"pob","_id":"3573988"}}
	{"id":3573988,"type":"sell","buyer":"maarnio","seller":"zainalbakri","symbol":"POB","quantity":"6.84632946","price":"0.02534000","timestamp":1654005957,"volume":"0.17348599","buyTxId":"b5251921b9f7fd69f68a57df6cbe08f98188cfc6","sellTxId":"4b3e28d93b769705533fbfb3037b0f2f20006369"}
{"index": {"_index":"pob","_id":"3574294"}}
	{"id":3574294,"type":"sell","buyer":"onlydoge","seller":"ukyron3","symbol":"POB","quantity":"30.74036648","price":"0.02540000","timestamp":1654009038,"volume":"0.78080531","buyTxId":"f414e451c6765d6dcdc2a0e3c1fc4f986b876bd2","sellTxId":"d445d0a31e813378133b40084db681fbad09eb23"}
{"index": {"_index":"pob","_id":"3574394"}}
	{"id":3574394,"type":"sell","buyer":"onlydoge","seller":"kevmcc","symbol":"POB","quantity":"0.94049330","price":"0.02540000","timestamp":1654009839,"volume":"0.02388853","buyTxId":"f414e451c6765d6dcdc2a0e3c1fc4f986b876bd2","sellTxId":"88af1bdbfdacc2303c452072fc848aa3cac77510"}
{"index": {"_index":"pob","_id":"3574435"}}
	{"id":3574435,"type":"sell","buyer":"onlydoge","seller":"theia7","symbol":"POB","quantity":"0.00978966","price":"0.02540000","timestamp":1654010130,"volume":"0.00024866","buyTxId":"f414e451c6765d6dcdc2a0e3c1fc4f986b876bd2","sellTxId":"ea0bb1d88e4cc51d5d234e16bc591bb1683f5921"}
{"index": {"_index":"pob","_id":"3574576"}}
	{"id":3574576,"type":"sell","buyer":"onlydoge","seller":"miketr","symbol":"POB","quantity":"6.10049761","price":"0.02540000","timestamp":1654011708,"volume":"0.15495264","buyTxId":"f414e451c6765d6dcdc2a0e3c1fc4f986b876bd2","sellTxId":"16c63b4c9cf476c7f1759f9bbc407d584db2c00d"}
{"index": {"_index":"pob","_id":"3574658"}}
	{"id":3574658,"type":"sell","buyer":"onlydoge","seller":"gubbatv","symbol":"POB","quantity":"25.99902289","price":"0.02540000","timestamp":1654012239,"volume":"0.66037518","buyTxId":"f414e451c6765d6dcdc2a0e3c1fc4f986b876bd2","sellTxId":"4a6f3e1d2a4b6014637f47367fa0b8df5389e0ff"}
{"index": {"_index":"pob","_id":"3575392"}}
	{"id":3575392,"type":"sell","buyer":"onlydoge","seller":"jesustiano","symbol":"POB","quantity":"50.51751638","price":"0.02540000","timestamp":1654017984,"volume":"1.28314492","buyTxId":"f414e451c6765d6dcdc2a0e3c1fc4f986b876bd2","sellTxId":"ae2ce81a00cbf54ed5a5bf3b8ef4317bdbdb22ed"}
{"index": {"_index":"pob","_id":"3575811"}}
	{"id":3575811,"type":"sell","buyer":"yintercept","seller":"rsntpl","symbol":"POB","quantity":"1.38635450","price":"0.02550000","timestamp":1654019961,"volume":"0.03535204","buyTxId":"a70be2177112db345627a57fccd9b8514db6cba6","sellTxId":"033f48c62c9fbf0db542b862649a6295172dc971"}
{"index": {"_index":"pob","_id":"3575812"}}
	{"id":3575812,"type":"sell","buyer":"onlydoge","seller":"rsntpl","symbol":"POB","quantity":"35.57657375","price":"0.02540000","timestamp":1654019961,"volume":"0.90364497","buyTxId":"f414e451c6765d6dcdc2a0e3c1fc4f986b876bd2","sellTxId":"033f48c62c9fbf0db542b862649a6295172dc971"}
{"index": {"_index":"pob","_id":"3576011"}}
	{"id":3576011,"type":"sell","buyer":"onlydoge","seller":"beemd","symbol":"POB","quantity":"28.68873954","price":"0.02540000","timestamp":1654021164,"volume":"0.72869398","buyTxId":"f414e451c6765d6dcdc2a0e3c1fc4f986b876bd2","sellTxId":"188c2b793fe016e76a803732e8e08743d6447e6d"}
{"index": {"_index":"pob","_id":"3576012"}}
	{"id":3576012,"type":"sell","buyer":"onlydoge","seller":"andy4475","symbol":"POB","quantity":"36.37420685","price":"0.02540000","timestamp":1654021173,"volume":"0.92390485","buyTxId":"f414e451c6765d6dcdc2a0e3c1fc4f986b876bd2","sellTxId":"8a2c8e948e07c20309c80ff7f2859a064c21f928"}
{"index": {"_index":"pob","_id":"3576141"}}
	{"id":3576141,"type":"buy","buyer":"oople","seller":"ben.haase","symbol":"POB","quantity":"0.18936475","price":"0.02899990","timestamp":1654022247,"volume":"0.00549156","buyTxId":"f07c4e4c816f23097d972fc3c26384e2ac10ee0e","sellTxId":"5c1083eeeae6af03e3d08b35aa565fc84f7c0891"}
{"index": {"_index":"pob","_id":"3576142"}}
	{"id":3576142,"type":"buy","buyer":"oople","seller":"yintercept","symbol":"POB","quantity":"1.38635450","price":"0.02899990","timestamp":1654022247,"volume":"0.04020414","buyTxId":"f07c4e4c816f23097d972fc3c26384e2ac10ee0e","sellTxId":"934f217c5460416b86292c7e526f3a06dea4eabc"}
{"index": {"_index":"pob","_id":"3576145"}}
	{"id":3576145,"type":"buy","buyer":"oople","seller":"yeckingo1","symbol":"POB","quantity":"8.19830778","price":"0.02900000","timestamp":1654022265,"volume":"0.23775093","buyTxId":"47b41eff99c060857cb5c274178bfd548a15421b","sellTxId":"07a25d3e9b70d88668ee864d234bcd06f84305b9"}
{"index": {"_index":"pob","_id":"3576146"}}
	{"id":3576146,"type":"buy","buyer":"oople","seller":"yintercept","symbol":"POB","quantity":"3.11569847","price":"0.02900000","timestamp":1654022265,"volume":"0.09035525","buyTxId":"47b41eff99c060857cb5c274178bfd548a15421b","sellTxId":"d255155d0ea3c4542cc66acbd8470b314c5a56a2"}
{"index": {"_index":"pob","_id":"3576248"}}
	{"id":3576248,"type":"buy","buyer":"chesatochi","seller":"liotes.voter","symbol":"POB","quantity":"0.00006047","price":"0.02959990","timestamp":1654023543,"volume":"0.00000179","buyTxId":"cccb7f9620cb1051845a0a62a3a6ea61923fa16f","sellTxId":"c77470f77753e20c276964f9ebaab278631784f2"}
{"index": {"_index":"pob","_id":"3576323"}}
	{"id":3576323,"type":"sell","buyer":"irivers","seller":"curatorcat.pal","symbol":"POB","quantity":"0.54148191","price":"0.02550000","timestamp":1654024443,"volume":"0.01380779","buyTxId":"a2c704914f37cf197bf243484e3741d63a6e26d3","sellTxId":"5af66d53f878d3a2791f542ff618cf73f8ce12cd"}
{"index": {"_index":"pob","_id":"3576833"}}
	{"id":3576833,"type":"sell","buyer":"irivers","seller":"esthersanchez","symbol":"POB","quantity":"7.20898083","price":"0.02550000","timestamp":1654028613,"volume":"0.18382901","buyTxId":"a2c704914f37cf197bf243484e3741d63a6e26d3","sellTxId":"d2926edf4330e4d89bff5e83a7c59710661e0b21"}
{"index": {"_index":"pob","_id":"3576853"}}
	{"id":3576853,"type":"buy","buyer":"vagabondspirit","seller":"esthersanchez","symbol":"POB","quantity":"0.31646508","price":"0.02544110","timestamp":1654028976,"volume":"0.00805122","buyTxId":"f9dc4fcece2e961a885112de8b616de41e02f908","sellTxId":"d2926edf4330e4d89bff5e83a7c59710661e0b21"}
{"index": {"_index":"pob","_id":"3576876"}}
	{"id":3576876,"type":"buy","buyer":"pjansen","seller":"esthersanchez","symbol":"POB","quantity":"10.01221111","price":"0.02544110","timestamp":1654029198,"volume":"0.25472166","buyTxId":"c9e0dd51b594189ca062dab10cb6e96903ada7c2","sellTxId":"d2926edf4330e4d89bff5e83a7c59710661e0b21"}
{"index": {"_index":"pob","_id":"3576877"}}
	{"id":3576877,"type":"buy","buyer":"pjansen","seller":"liotes.voter","symbol":"POB","quantity":"0.00264663","price":"0.02959990","timestamp":1654029198,"volume":"0.00007834","buyTxId":"c9e0dd51b594189ca062dab10cb6e96903ada7c2","sellTxId":"c77470f77753e20c276964f9ebaab278631784f2"}
{"index": {"_index":"pob","_id":"3577023"}}
	{"id":3577023,"type":"sell","buyer":"onlydoge","seller":"todayslight","symbol":"POB","quantity":"23.47120321","price":"0.02540000","timestamp":1654030512,"volume":"0.59616856","buyTxId":"f414e451c6765d6dcdc2a0e3c1fc4f986b876bd2","sellTxId":"871e9841051dd71c6e7e97180dffbdba0980fe71"}
{"index": {"_index":"pob","_id":"3577128"}}
	{"id":3577128,"type":"sell","buyer":"onlydoge","seller":"quduus1","symbol":"POB","quantity":"5.12609984","price":"0.02540000","timestamp":1654031886,"volume":"0.13020294","buyTxId":"f414e451c6765d6dcdc2a0e3c1fc4f986b876bd2","sellTxId":"8babf7b472f2c1cf38e0b9e9969afdd78689f0d8"}
{"index": {"_index":"pob","_id":"3577156"}}
	{"id":3577156,"type":"sell","buyer":"onlydoge","seller":"lightcaptured","symbol":"POB","quantity":"52.21585065","price":"0.02540000","timestamp":1654032156,"volume":"1.32628261","buyTxId":"f414e451c6765d6dcdc2a0e3c1fc4f986b876bd2","sellTxId":"2bbd4a831914f256cb9fbf4e09b52fcbf1b41ef9"}
{"index": {"_index":"pob","_id":"3577236"}}
	{"id":3577236,"type":"sell","buyer":"onlydoge","seller":"andy4475","symbol":"POB","quantity":"11.43451972","price":"0.02540000","timestamp":1654033134,"volume":"0.29043680","buyTxId":"f414e451c6765d6dcdc2a0e3c1fc4f986b876bd2","sellTxId":"5f4929230c83fa6dce7c8b9ebd05056ba8bcf3f6"}
{"index": {"_index":"pob","_id":"3577346"}}
	{"id":3577346,"type":"sell","buyer":"onlydoge","seller":"he-index","symbol":"POB","quantity":"0.06800000","price":"0.02540000","timestamp":1654034466,"volume":"0.00172720","buyTxId":"f414e451c6765d6dcdc2a0e3c1fc4f986b876bd2","sellTxId":"6029149a449e4e52c1ebe8282cab0fbc0bb6b253"}
{"index": {"_index":"pob","_id":"3577566"}}
	{"id":3577566,"type":"sell","buyer":"onlydoge","seller":"dwinblood","symbol":"POB","quantity":"35.72611048","price":"0.02540000","timestamp":1654035180,"volume":"0.90744321","buyTxId":"f414e451c6765d6dcdc2a0e3c1fc4f986b876bd2","sellTxId":"d9531c94161bafc6cc8677b289d556b902ec7f50"}
{"index": {"_index":"pob","_id":"3577604"}}
	{"id":3577604,"type":"buy","buyer":"tjnew14","seller":"stayoutoftherz","symbol":"POB","quantity":"15.00000000","price":"0.02900000","timestamp":1654035528,"volume":"0.43500000","buyTxId":"e0c3e0eacb6744c021fc0a24f1a15829d28dc521","sellTxId":"993d4101ca13fb3e4fdda73b7acde8abf3cce864"}
{"index": {"_index":"pob","_id":"3577687"}}
	{"id":3577687,"type":"sell","buyer":"onlydoge","seller":"niallon11","symbol":"POB","quantity":"50.71170964","price":"0.02540000","timestamp":1654036683,"volume":"1.28807742","buyTxId":"f414e451c6765d6dcdc2a0e3c1fc4f986b876bd2","sellTxId":"b0b5871f5ff148a6e4f9a0c018fef26ea390d78d"}
{"index": {"_index":"pob","_id":"3577688"}}
	{"id":3577688,"type":"sell","buyer":"he-index","seller":"niallon11","symbol":"POB","quantity":"2.00800000","price":"0.02540000","timestamp":1654036683,"volume":"0.05100320","buyTxId":"929e5e3d5b9fa37f43830ecbd052d19a09f1dee8","sellTxId":"b0b5871f5ff148a6e4f9a0c018fef26ea390d78d"}
{"index": {"_index":"pob","_id":"3577689"}}
	{"id":3577689,"type":"sell","buyer":"he-index","seller":"niallon11","symbol":"POB","quantity":"5.07900000","price":"0.02540000","timestamp":1654036683,"volume":"0.12900660","buyTxId":"6ae2bd0c4b9857b652055681878357ddd5c98a2d","sellTxId":"b0b5871f5ff148a6e4f9a0c018fef26ea390d78d"}
{"index": {"_index":"pob","_id":"3577690"}}
	{"id":3577690,"type":"sell","buyer":"he-index","seller":"niallon11","symbol":"POB","quantity":"6.49600000","price":"0.02540000","timestamp":1654036683,"volume":"0.16499840","buyTxId":"e86070aeee4144f5eff8fb3bb9a7bd469d19c2e9","sellTxId":"b0b5871f5ff148a6e4f9a0c018fef26ea390d78d"}
{"index": {"_index":"pob","_id":"3577691"}}
	{"id":3577691,"type":"sell","buyer":"yintercept","seller":"niallon11","symbol":"POB","quantity":"7.47028976","price":"0.02540000","timestamp":1654036683,"volume":"0.18974536","buyTxId":"6f7fd1c3369173238a15f3b3eb40158c4ddb7786","sellTxId":"b0b5871f5ff148a6e4f9a0c018fef26ea390d78d"}
{"index": {"_index":"pob","_id":"3577692"}}
	{"id":3577692,"type":"sell","buyer":"maarnio","seller":"niallon11","symbol":"POB","quantity":"29.34786314","price":"0.02534000","timestamp":1654036683,"volume":"0.74367485","buyTxId":"b5251921b9f7fd69f68a57df6cbe08f98188cfc6","sellTxId":"b0b5871f5ff148a6e4f9a0c018fef26ea390d78d"}
{"index": {"_index":"pob","_id":"3577784"}}
	{"id":3577784,"type":"sell","buyer":"maarnio","seller":"centtrail","symbol":"POB","quantity":"10.32747661","price":"0.02534000","timestamp":1654037982,"volume":"0.26169826","buyTxId":"b5251921b9f7fd69f68a57df6cbe08f98188cfc6","sellTxId":"7009dbccc1208fa91ad98549478d1b7d6c4aaccd"}
{"index": {"_index":"pob","_id":"3578016"}}
	{"id":3578016,"type":"sell","buyer":"maarnio","seller":"andy4475","symbol":"POB","quantity":"29.31181018","price":"0.02534000","timestamp":1654039743,"volume":"0.74276127","buyTxId":"b5251921b9f7fd69f68a57df6cbe08f98188cfc6","sellTxId":"6a5b3d41103c5ee2a8a0e00c2f122d392ab76949"}
{"index": {"_index":"pob","_id":"3578021"}}
	{"id":3578021,"type":"sell","buyer":"maarnio","seller":"teesart","symbol":"POB","quantity":"65.94244288","price":"0.02534000","timestamp":1654039887,"volume":"1.67098150","buyTxId":"b5251921b9f7fd69f68a57df6cbe08f98188cfc6","sellTxId":"948a51eeba37afb033b355a70381d4f795b61bd3"}
{"index": {"_index":"pob","_id":"3578138"}}
	{"id":3578138,"type":"sell","buyer":"maarnio","seller":"andy4475","symbol":"POB","quantity":"25.01612065","price":"0.02534000","timestamp":1654041309,"volume":"0.63390850","buyTxId":"b5251921b9f7fd69f68a57df6cbe08f98188cfc6","sellTxId":"755845fd027bab9e58e928cd77d3578510dca5b0"}
{"index": {"_index":"pob","_id":"3578139"}}
	{"id":3578139,"type":"buy","buyer":"automaton","seller":"quicktrades","symbol":"POB","quantity":"1.80087075","price":"0.02959988","timestamp":1654041351,"volume":"0.05330556","buyTxId":"cec628805d9efc09ab1814e1bfda0de39d40beda","sellTxId":"918c239c561554154678a1990c97553075e551ac"}
{"index": {"_index":"pob","_id":"3578140"}}
	{"id":3578140,"type":"buy","buyer":"automaton","seller":"droida","symbol":"POB","quantity":"0.50988197","price":"0.02959989","timestamp":1654041351,"volume":"0.01509245","buyTxId":"cec628805d9efc09ab1814e1bfda0de39d40beda","sellTxId":"f39deb7e9e5452750e398c779736bbad651b1d68"}
{"index": {"_index":"pob","_id":"3578141"}}
	{"id":3578141,"type":"buy","buyer":"automaton","seller":"liotes.voter","symbol":"POB","quantity":"14.68924728","price":"0.02959990","timestamp":1654041351,"volume":"0.43480025","buyTxId":"cec628805d9efc09ab1814e1bfda0de39d40beda","sellTxId":"c77470f77753e20c276964f9ebaab278631784f2"}
{"index": {"_index":"pob","_id":"3578162"}}
	{"id":3578162,"type":"buy","buyer":"automaton","seller":"liotes.voter","symbol":"POB","quantity":"2.88191912","price":"0.02959990","timestamp":1654041555,"volume":"0.08530452","buyTxId":"06a7bfb3bc842bdd342c07097ffefd9cbbbd70ec","sellTxId":"c77470f77753e20c276964f9ebaab278631784f2"}
{"index": {"_index":"pob","_id":"3578163"}}
	{"id":3578163,"type":"buy","buyer":"automaton","seller":"yintercept","symbol":"POB","quantity":"17.11808088","price":"0.03030000","timestamp":1654041555,"volume":"0.51867785","buyTxId":"06a7bfb3bc842bdd342c07097ffefd9cbbbd70ec","sellTxId":"b608c6eb6c8677cc1e7d765fc16cfdb2f4857cf4"}
{"index": {"_index":"pob","_id":"3578166"}}
	{"id":3578166,"type":"sell","buyer":"maarnio","seller":"esecholito","symbol":"POB","quantity":"0.69100000","price":"0.02534000","timestamp":1654041585,"volume":"0.01750994","buyTxId":"b5251921b9f7fd69f68a57df6cbe08f98188cfc6","sellTxId":"ab0e9bf981669a24d94e06d3728b25c29aaffb2a"}
{"index": {"_index":"pob","_id":"3578201"}}
	{"id":3578201,"type":"buy","buyer":"automaton","seller":"yintercept","symbol":"POB","quantity":"10.13537414","price":"0.03030000","timestamp":1654041738,"volume":"0.30710184","buyTxId":"58d4e884b6b39566616f504649e9090cfd0e8296","sellTxId":"b608c6eb6c8677cc1e7d765fc16cfdb2f4857cf4"}
{"index": {"_index":"pob","_id":"3578202"}}
	{"id":3578202,"type":"buy","buyer":"automaton","seller":"onlydoge","symbol":"POB","quantity":"49.86462586","price":"0.03180000","timestamp":1654041738,"volume":"1.58569510","buyTxId":"58d4e884b6b39566616f504649e9090cfd0e8296","sellTxId":"862b0efb31b26a9cd84c30d33508c3d9eab37a40"}
{"index": {"_index":"pob","_id":"3578204"}}
	{"id":3578204,"type":"sell","buyer":"maarnio","seller":"noblebright","symbol":"POB","quantity":"0.00048001","price":"0.02534000","timestamp":1654041759,"volume":"0.00001216","buyTxId":"b5251921b9f7fd69f68a57df6cbe08f98188cfc6","sellTxId":"28b19cbd1c43334f379e9928b0405e0906d73014"}
{"index": {"_index":"pob","_id":"3578450"}}
	{"id":3578450,"type":"sell","buyer":"maarnio","seller":"ericburgoyne","symbol":"POB","quantity":"1.29938749","price":"0.02534000","timestamp":1654044165,"volume":"0.03292648","buyTxId":"b5251921b9f7fd69f68a57df6cbe08f98188cfc6","sellTxId":"50fc2a3023f409276e5b9b13d48975845718be26"}
{"index": {"_index":"pob","_id":"3578537"}}
	{"id":3578537,"type":"sell","buyer":"maarnio","seller":"jphamer1","symbol":"POB","quantity":"21.72855513","price":"0.02534000","timestamp":1654045065,"volume":"0.55060159","buyTxId":"b5251921b9f7fd69f68a57df6cbe08f98188cfc6","sellTxId":"c321ca7363b5a41556bcf4e56b8e9130090fa00f"}
{"index": {"_index":"pob","_id":"3578701"}}
	{"id":3578701,"type":"sell","buyer":"maarnio","seller":"underlock","symbol":"POB","quantity":"9.86791652","price":"0.02534000","timestamp":1654046640,"volume":"0.25005300","buyTxId":"b5251921b9f7fd69f68a57df6cbe08f98188cfc6","sellTxId":"0e4ddbee648819ce99c50f7b2a35ff6deed990bb"}
{"index": {"_index":"pob","_id":"3579030"}}
	{"id":3579030,"type":"sell","buyer":"maarnio","seller":"taskmaster4450","symbol":"POB","quantity":"21.62061793","price":"0.02534000","timestamp":1654050660,"volume":"0.54786646","buyTxId":"b5251921b9f7fd69f68a57df6cbe08f98188cfc6","sellTxId":"ce04abaebec2ae162c99e5ddef96dcc53ea82b4e"}
{"index": {"_index":"pob","_id":"3579031"}}
	{"id":3579031,"type":"sell","buyer":"he-index","seller":"taskmaster4450","symbol":"POB","quantity":"0.86800000","price":"0.02534000","timestamp":1654050660,"volume":"0.02199512","buyTxId":"0fb8c2058a607d81f1585a18e59113ff118ede10","sellTxId":"ce04abaebec2ae162c99e5ddef96dcc53ea82b4e"}
{"index": {"_index":"pob","_id":"3579032"}}
	{"id":3579032,"type":"sell","buyer":"opidia","seller":"taskmaster4450","symbol":"POB","quantity":"270.27462139","price":"0.02533000","timestamp":1654050660,"volume":"6.84605616","buyTxId":"5e8fd193b98aa1c37aa651ab7af7d4b62df93320","sellTxId":"ce04abaebec2ae162c99e5ddef96dcc53ea82b4e"}
