{"index": {"_index":"pob","_id":"2964012"}}
	{"id":2964012,"type":"sell","buyer":"sbi-tokens","seller":"kellyane","symbol":"POB","quantity":"30.25000000","price":"0.02200000","timestamp":1647141804,"volume":"0.66550000","buyTxId":"f71bba122ade37eaeac1bffd3008cf8c3b69e24d","sellTxId":"6653ba075fd463526e95bd711f3228ee167b9845"}
{"index": {"_index":"pob","_id":"2964060"}}
	{"id":2964060,"type":"sell","buyer":"sbi-tokens","seller":"curatorcat.leo","symbol":"POB","quantity":"2.63988122","price":"0.02200000","timestamp":1647142500,"volume":"0.05807739","buyTxId":"f71bba122ade37eaeac1bffd3008cf8c3b69e24d","sellTxId":"dba054e02ed6353b592bc6efe3e54d3a1543737f"}
{"index": {"_index":"pob","_id":"2964248"}}
	{"id":2964248,"type":"sell","buyer":"sbi-tokens","seller":"pablodare","symbol":"POB","quantity":"3.60544240","price":"0.02200000","timestamp":1647145143,"volume":"0.07931973","buyTxId":"f71bba122ade37eaeac1bffd3008cf8c3b69e24d","sellTxId":"19c5ea1059a9daa4bd5993217731b90a0fd3d8fb"}
{"index": {"_index":"pob","_id":"2964253"}}
	{"id":2964253,"type":"sell","buyer":"sbi-tokens","seller":"mairapanelo","symbol":"POB","quantity":"0.74817843","price":"0.02200000","timestamp":1647145170,"volume":"0.01645993","buyTxId":"f71bba122ade37eaeac1bffd3008cf8c3b69e24d","sellTxId":"b3312583d6e65644eb3be1ca009cfd2f5224e763"}
{"index": {"_index":"pob","_id":"2964256"}}
	{"id":2964256,"type":"sell","buyer":"sbi-tokens","seller":"rphspinheiro","symbol":"POB","quantity":"2.87205227","price":"0.02200000","timestamp":1647145227,"volume":"0.06318515","buyTxId":"f71bba122ade37eaeac1bffd3008cf8c3b69e24d","sellTxId":"9f1d98d41a3317abc31c4362159ef2823a2a22b0"}
{"index": {"_index":"pob","_id":"2964367"}}
	{"id":2964367,"type":"sell","buyer":"sbi-tokens","seller":"mawit07","symbol":"POB","quantity":"11.70824385","price":"0.02200000","timestamp":1647147465,"volume":"0.25758136","buyTxId":"f71bba122ade37eaeac1bffd3008cf8c3b69e24d","sellTxId":"b669d7c7f0b91f09dedbd9e0b2260e65883cb6e6"}
{"index": {"_index":"pob","_id":"2964404"}}
	{"id":2964404,"type":"sell","buyer":"sbi-tokens","seller":"jersteemit","symbol":"POB","quantity":"22.82140000","price":"0.02200000","timestamp":1647147894,"volume":"0.50207080","buyTxId":"f71bba122ade37eaeac1bffd3008cf8c3b69e24d","sellTxId":"99fe6731cab6f174cfa93b2844c63fcad724629f"}
{"index": {"_index":"pob","_id":"2964698"}}
	{"id":2964698,"type":"sell","buyer":"ben.haase","seller":"felipejoys","symbol":"POB","quantity":"0.06527051","price":"0.02200001","timestamp":1647152784,"volume":"0.00143595","buyTxId":"89b8a4a4235a94b9915b746332a2e34d6679c32b","sellTxId":"c65f29e6338221b87eb0cf7e2e78b1bd57c886a0"}
{"index": {"_index":"pob","_id":"2964699"}}
	{"id":2964699,"type":"sell","buyer":"sbi-tokens","seller":"felipejoys","symbol":"POB","quantity":"23.30284393","price":"0.02200000","timestamp":1647152784,"volume":"0.51266257","buyTxId":"f71bba122ade37eaeac1bffd3008cf8c3b69e24d","sellTxId":"c65f29e6338221b87eb0cf7e2e78b1bd57c886a0"}
{"index": {"_index":"pob","_id":"2964715"}}
	{"id":2964715,"type":"sell","buyer":"sbi-tokens","seller":"ben.haase","symbol":"POB","quantity":"0.06527051","price":"0.02200000","timestamp":1647152925,"volume":"0.00143595","buyTxId":"f71bba122ade37eaeac1bffd3008cf8c3b69e24d","sellTxId":"fac463d3ce3216b2842c66bb03e5200b4425bfcc"}
{"index": {"_index":"pob","_id":"2965153"}}
	{"id":2965153,"type":"sell","buyer":"sbi-tokens","seller":"clixmoney","symbol":"POB","quantity":"4.15895568","price":"0.02200000","timestamp":1647160890,"volume":"0.09149702","buyTxId":"f71bba122ade37eaeac1bffd3008cf8c3b69e24d","sellTxId":"68c95b7fa2ecc4e8a306834b3e0361ff1efd9505"}
{"index": {"_index":"pob","_id":"2965426"}}
	{"id":2965426,"type":"sell","buyer":"sbi-tokens","seller":"lightcaptured","symbol":"POB","quantity":"4.26194149","price":"0.02200000","timestamp":1647164685,"volume":"0.09376271","buyTxId":"f71bba122ade37eaeac1bffd3008cf8c3b69e24d","sellTxId":"d9bfa65875e21136ccb839a9b72d1635b8d9e040"}
{"index": {"_index":"pob","_id":"2965432"}}
	{"id":2965432,"type":"sell","buyer":"sbi-tokens","seller":"xabi","symbol":"POB","quantity":"25.97745100","price":"0.02200000","timestamp":1647164796,"volume":"0.57150392","buyTxId":"f71bba122ade37eaeac1bffd3008cf8c3b69e24d","sellTxId":"80b09c7b546e587dc4256e0cc651c5aabeba4f1d"}
{"index": {"_index":"pob","_id":"2965455"}}
	{"id":2965455,"type":"sell","buyer":"sbi-tokens","seller":"xabi","symbol":"POB","quantity":"0.00000063","price":"0.02200000","timestamp":1647164952,"volume":"0.00000001","buyTxId":"f71bba122ade37eaeac1bffd3008cf8c3b69e24d","sellTxId":"2fa5764b777fad0c66962ce84dd0493827745b23"}
{"index": {"_index":"pob","_id":"2965456"}}
	{"id":2965456,"type":"sell","buyer":"richardcrill","seller":"xabi","symbol":"POB","quantity":"8.27024393","price":"0.02112000","timestamp":1647164952,"volume":"0.17466755","buyTxId":"MM-P-15595267-62583298-3-13-0","sellTxId":"2fa5764b777fad0c66962ce84dd0493827745b23"}
{"index": {"_index":"pob","_id":"2965840"}}
	{"id":2965840,"type":"buy","buyer":"chesatochi","seller":"oks2crypto","symbol":"POB","quantity":"0.00001298","price":"0.02234206","timestamp":1647171765,"volume":"0.00000029","buyTxId":"5f21ce9927b57508f4c9832bfe71b921bd9b9053","sellTxId":"50c32b825da6e22fba4f00a7114832d893bf51a6"}
{"index": {"_index":"pob","_id":"2965841"}}
	{"id":2965841,"type":"buy","buyer":"chesatochi","seller":"master-lamps","symbol":"POB","quantity":"0.55036139","price":"0.02596850","timestamp":1647171765,"volume":"0.01429206","buyTxId":"5f21ce9927b57508f4c9832bfe71b921bd9b9053","sellTxId":"55216152e7bfe539eb037c90dbc13b136f0491da"}
{"index": {"_index":"pob","_id":"2965895"}}
	{"id":2965895,"type":"sell","buyer":"master-lamps","seller":"gadrian","symbol":"POB","quantity":"0.75434147","price":"0.02017001","timestamp":1647173133,"volume":"0.01521507","buyTxId":"2da0a4493d6e50aeaff52cd5e21d3133e49c300d","sellTxId":"bb4a0972cec133596e65ac590baa461ff9f913e5"}
{"index": {"_index":"pob","_id":"2965896"}}
	{"id":2965896,"type":"sell","buyer":"richardcrill","seller":"gadrian","symbol":"POB","quantity":"14.37629325","price":"0.02017000","timestamp":1647173133,"volume":"0.28996983","buyTxId":"MM-P-15595460-62583497-3-13-0","sellTxId":"bb4a0972cec133596e65ac590baa461ff9f913e5"}
{"index": {"_index":"pob","_id":"2966235"}}
	{"id":2966235,"type":"sell","buyer":"richardcrill","seller":"victor-alexander","symbol":"POB","quantity":"12.37662815","price":"0.02017000","timestamp":1647178152,"volume":"0.24963659","buyTxId":"MM-P-15595460-62583497-3-13-0","sellTxId":"02815e73ff067679ea7a61068dc5b363386f8318"}
{"index": {"_index":"pob","_id":"2966318"}}
	{"id":2966318,"type":"sell","buyer":"richardcrill","seller":"savagetobi","symbol":"POB","quantity":"46.73875942","price":"0.02017000","timestamp":1647179163,"volume":"0.94272078","buyTxId":"MM-P-15595460-62583497-3-13-0","sellTxId":"e69961883394b71a89a6468c6b9e320476547516"}
{"index": {"_index":"pob","_id":"2966471"}}
	{"id":2966471,"type":"sell","buyer":"richardcrill","seller":"phoenixwren","symbol":"POB","quantity":"2.85848816","price":"0.02018100","timestamp":1647181362,"volume":"0.05768715","buyTxId":"MM-P-15600321-62588376-3-13-0","sellTxId":"f0ae99bce671aeb151b5e8458f4d9b3b5095d878"}
{"index": {"_index":"pob","_id":"2966483"}}
	{"id":2966483,"type":"buy","buyer":"balina","seller":"kemmyb","symbol":"POB","quantity":"25.00000000","price":"0.02200000","timestamp":1647181479,"volume":"0.55000000","buyTxId":"3c7b4f345310cd841be64c8d9c9984d8f65ec276","sellTxId":"b7843e37e0c87ff899db929a5e41f6418c090e8d"}
{"index": {"_index":"pob","_id":"2966961"}}
	{"id":2966961,"type":"sell","buyer":"richardcrill","seller":"brofi-market","symbol":"POB","quantity":"11.63773124","price":"0.02020300","timestamp":1647188400,"volume":"0.23511708","buyTxId":"MM-P-15602304-62590367-3-13-0","sellTxId":"3187aa338b77095f864de679582e8e4091c4c5cc"}
{"index": {"_index":"pob","_id":"2967336"}}
	{"id":2967336,"type":"sell","buyer":"richardcrill","seller":"penderis","symbol":"POB","quantity":"83.00000000","price":"0.02022500","timestamp":1647192834,"volume":"1.67867500","buyTxId":"MM-P-15603999-62592063-3-13-0","sellTxId":"aee9fb7cdde1cef84094435d90bbffd19f230eb6"}
{"index": {"_index":"pob","_id":"2967575"}}
	{"id":2967575,"type":"sell","buyer":"richardcrill","seller":"oks2crypto","symbol":"POB","quantity":"0.08029811","price":"0.02023600","timestamp":1647195858,"volume":"0.00162491","buyTxId":"MM-P-15604994-62593059-3-13-0","sellTxId":"9152df98bb9257e7a92c8361bdd572dc4265519a"}
{"index": {"_index":"pob","_id":"2967736"}}
	{"id":2967736,"type":"sell","buyer":"richardcrill","seller":"lennyblogs00","symbol":"POB","quantity":"42.4588","price":"0.02024700","timestamp":1647197130,"volume":"0.85966332","buyTxId":"MM-P-15605992-62594058-3-13-0","sellTxId":"f31fd82db2207e7b6be2fa86bb3983e2e3dc2c36"}
{"index": {"_index":"pob","_id":"2967758"}}
	{"id":2967758,"type":"sell","buyer":"richardcrill","seller":"dhedge-drips","symbol":"POB","quantity":"1.24689977","price":"0.02024700","timestamp":1647197253,"volume":"0.02524598","buyTxId":"MM-P-15605992-62594058-3-13-0","sellTxId":"f8fcfe70cf96b8a772e17a99ee4c72af073011a6"}
{"index": {"_index":"pob","_id":"2967853"}}
	{"id":2967853,"type":"sell","buyer":"richardcrill","seller":"apoloo1","symbol":"POB","quantity":"5.48698224","price":"0.02024700","timestamp":1647198348,"volume":"0.11109493","buyTxId":"MM-P-15605992-62594058-3-13-0","sellTxId":"f047abdc87e7015b13e747431b641f0fae93a13b"}
{"index": {"_index":"pob","_id":"2967872"}}
	{"id":2967872,"type":"sell","buyer":"richardcrill","seller":"curatorcat.leo","symbol":"POB","quantity":"5.32956989","price":"0.02024700","timestamp":1647198663,"volume":"0.10790780","buyTxId":"MM-P-15605992-62594058-3-13-0","sellTxId":"6681ed576d677a9a0bc50d4fed882a8700719e12"}
{"index": {"_index":"pob","_id":"2968298"}}
	{"id":2968298,"type":"buy","buyer":"pjansen","seller":"balina","symbol":"POB","quantity":"220.00000000","price":"0.02480000","timestamp":1647204732,"volume":"5.45600000","buyTxId":"29276382063a6cf70f7caf277e0ea1c22e2863de","sellTxId":"MM-P-15606702-62594769-3-1-1"}
{"index": {"_index":"pob","_id":"2968497"}}
	{"id":2968497,"type":"sell","buyer":"richardcrill","seller":"tfranzini","symbol":"POB","quantity":"31.4","price":"0.02028000","timestamp":1647207222,"volume":"0.63679200","buyTxId":"MM-P-15608978-62597047-3-13-0","sellTxId":"70422c42a0f41eb22fa56bee1bfe6f98beddce7b"}
{"index": {"_index":"pob","_id":"2968658"}}
	{"id":2968658,"type":"sell","buyer":"opidia","seller":"he-index","symbol":"POB","quantity":"0.08400000","price":"0.02050000","timestamp":1647208935,"volume":"0.00172200","buyTxId":"675d5b687e57e1fcefba4af84ac854acc15e6962","sellTxId":"f3dd88705df3606f5dd314913f979d970ee19dbe"}
{"index": {"_index":"pob","_id":"2968762"}}
	{"id":2968762,"type":"sell","buyer":"opidia","seller":"dsc-r2cornell","symbol":"POB","quantity":"0.79236591","price":"0.02050000","timestamp":1647210423,"volume":"0.01624350","buyTxId":"675d5b687e57e1fcefba4af84ac854acc15e6962","sellTxId":"8c3766051cfe7468769c4ab7bdcae93edb0a2470"}
{"index": {"_index":"pob","_id":"2968932"}}
	{"id":2968932,"type":"sell","buyer":"richardcrill","seller":"taskmaster4450","symbol":"POB","quantity":"225.18451821","price":"0.02051000","timestamp":1647212967,"volume":"4.61853447","buyTxId":"MM-P-15610869-62598940-3-13-0","sellTxId":"c317a3625782a2dbb43ec019328a7d6cbfc97385"}
{"index": {"_index":"pob","_id":"2968957"}}
	{"id":2968957,"type":"buy","buyer":"andy4475","seller":"balina","symbol":"POB","quantity":"220.00000000","price":"0.02478900","timestamp":1647213378,"volume":"5.45358000","buyTxId":"890c4b647505d95cc9d0a97ba0c5121c290df86d","sellTxId":"MM-P-15610384-62598455-3-1-1"}
{"index": {"_index":"pob","_id":"2968958"}}
	{"id":2968958,"type":"buy","buyer":"andy4475","seller":"edipascal","symbol":"POB","quantity":"460.00000000","price":"0.02479000","timestamp":1647213378,"volume":"11.40340000","buyTxId":"890c4b647505d95cc9d0a97ba0c5121c290df86d","sellTxId":"57c27881abe9e99da6ba847cd416219174c07bdb"}
{"index": {"_index":"pob","_id":"2968964"}}
	{"id":2968964,"type":"buy","buyer":"andy4475","seller":"edipascal","symbol":"POB","quantity":"13.00000000","price":"0.02479000","timestamp":1647213453,"volume":"0.32227000","buyTxId":"6ccdbe794b0243b97a0eaa19fddc95666e7a9da7","sellTxId":"57c27881abe9e99da6ba847cd416219174c07bdb"}
{"index": {"_index":"pob","_id":"2969101"}}
	{"id":2969101,"type":"sell","buyer":"richardcrill","seller":"enforcer48","symbol":"POB","quantity":"15.75700000","price":"0.02052100","timestamp":1647214920,"volume":"0.32334940","buyTxId":"MM-P-15611862-62599936-3-13-0","sellTxId":"81c41cf7fa0c4b2e98226d8e65302d1078f295a6"}
{"index": {"_index":"pob","_id":"2969231"}}
	{"id":2969231,"type":"sell","buyer":"richardcrill","seller":"nineclaws","symbol":"POB","quantity":"0.07660503","price":"0.02052100","timestamp":1647216882,"volume":"0.00157201","buyTxId":"MM-P-15611862-62599936-3-13-0","sellTxId":"68a641cbc3416fa0bf62dc937da1e7bc4fded529"}
{"index": {"_index":"pob","_id":"2969416"}}
	{"id":2969416,"type":"sell","buyer":"richardcrill","seller":"ggbits","symbol":"POB","quantity":"1.08000000","price":"0.02053200","timestamp":1647219045,"volume":"0.02217456","buyTxId":"MM-P-15612858-62600935-3-13-0","sellTxId":"035bea0d3cd23e771cff75716ba2b55b8ed2f4f5"}
{"index": {"_index":"pob","_id":"2969456"}}
	{"id":2969456,"type":"sell","buyer":"richardcrill","seller":"melbourneswest","symbol":"POB","quantity":"22.934","price":"0.02053200","timestamp":1647219630,"volume":"0.47088089","buyTxId":"MM-P-15612858-62600935-3-13-0","sellTxId":"d32dd3f7d3babbd0b05ccf67dcfdcdce2c2d686d"}
{"index": {"_index":"pob","_id":"2969586"}}
	{"id":2969586,"type":"sell","buyer":"richardcrill","seller":"elricmoonslayer","symbol":"POB","quantity":"3.38192526","price":"0.02054300","timestamp":1647221508,"volume":"0.06947489","buyTxId":"MM-P-15613852-62601929-3-13-0","sellTxId":"9ea062468d28b039b7d48746a2f704fd70fe1313"}
{"index": {"_index":"pob","_id":"2969711"}}
	{"id":2969711,"type":"sell","buyer":"balina","seller":"operahoser","symbol":"POB","quantity":"0.03833297","price":"0.02054400","timestamp":1647223566,"volume":"0.00078751","buyTxId":"MM-P-15614761-62602838-3-1-0","sellTxId":"b3e32e5bba1b550e1c124dafe862922db8a15f89"}
{"index": {"_index":"pob","_id":"2969841"}}
	{"id":2969841,"type":"sell","buyer":"richardcrill","seller":"chireerocks","symbol":"POB","quantity":"4.20755901","price":"0.02055400","timestamp":1647225852,"volume":"0.08648217","buyTxId":"MM-P-15614847-62602924-3-13-0","sellTxId":"73d0bb34c41e5af45af59f27a9398d63595a6ec2"}
