{"index": {"_index":"pob","_id":"1743481"}}
	{"id":1743481,"type":"sell","buyer":"gimme-your-coinz","seller":"threesteps","symbol":"POB","quantity":"14.79386454","price":"0.19150002","timestamp":1634697858,"volume":"2.83302536","buyTxId":"506adff7c030ed9b36e3810fbfcf13f1ca99fcf4","sellTxId":"7e4fefc4542d54c366c208afedf790e7ae2b2364"}
{"index": {"_index":"pob","_id":"1743525"}}
	{"id":1743525,"type":"sell","buyer":"gimme-your-coinz","seller":"jlordc","symbol":"POB","quantity":"2.87805149","price":"0.19150002","timestamp":1634698458,"volume":"0.55114692","buyTxId":"506adff7c030ed9b36e3810fbfcf13f1ca99fcf4","sellTxId":"19707f3574fea162c4ceff2ee77b684df8db1f4e"}
{"index": {"_index":"pob","_id":"1743526"}}
	{"id":1743526,"type":"sell","buyer":"he-index","seller":"jlordc","symbol":"POB","quantity":"0.16200000","price":"0.19150002","timestamp":1634698458,"volume":"0.03102300","buyTxId":"60011055ba0befcb68f66087067c3877930dc2ea","sellTxId":"19707f3574fea162c4ceff2ee77b684df8db1f4e"}
{"index": {"_index":"pob","_id":"1743527"}}
	{"id":1743527,"type":"sell","buyer":"he-index","seller":"jlordc","symbol":"POB","quantity":"0.26600000","price":"0.19150002","timestamp":1634698458,"volume":"0.05093901","buyTxId":"ba8ecf68c7979a7c572ecd9e71a1bd4e7dbf7eb5","sellTxId":"19707f3574fea162c4ceff2ee77b684df8db1f4e"}
{"index": {"_index":"pob","_id":"1743528"}}
	{"id":1743528,"type":"sell","buyer":"he-index","seller":"jlordc","symbol":"POB","quantity":"0.23000000","price":"0.19150002","timestamp":1634698458,"volume":"0.04404500","buyTxId":"bc5602cd538dc5f32562fd3ee03370ba9df273ba","sellTxId":"19707f3574fea162c4ceff2ee77b684df8db1f4e"}
{"index": {"_index":"pob","_id":"1743529"}}
	{"id":1743529,"type":"sell","buyer":"he-index","seller":"jlordc","symbol":"POB","quantity":"31.90124130","price":"0.19150001","timestamp":1634698458,"volume":"6.10908803","buyTxId":"08c4f984e5c1a9930af1daf442745a3d35f804c0","sellTxId":"19707f3574fea162c4ceff2ee77b684df8db1f4e"}
{"index": {"_index":"pob","_id":"1743772"}}
	{"id":1743772,"type":"sell","buyer":"gimme-your-coinz","seller":"gubbatv","symbol":"POB","quantity":"0.66169259","price":"0.19150002","timestamp":1634701473,"volume":"0.12671414","buyTxId":"12077a75960b1e5dc67df9a70477a6519540cfbf","sellTxId":"ac0049e5566ebc2f76a347a0ea625eba50ee3915"}
{"index": {"_index":"pob","_id":"1743798"}}
	{"id":1743798,"type":"sell","buyer":"gimme-your-coinz","seller":"hookup.pop","symbol":"POB","quantity":"43.00000000","price":"0.19150002","timestamp":1634701761,"volume":"8.23450086","buyTxId":"12077a75960b1e5dc67df9a70477a6519540cfbf","sellTxId":"f8fdfee5393501588877685d42a12da9cf558731"}
{"index": {"_index":"pob","_id":"1743807"}}
	{"id":1743807,"type":"sell","buyer":"gimme-your-coinz","seller":"hookup.pop","symbol":"POB","quantity":"15.80000000","price":"0.19150003","timestamp":1634701863,"volume":"3.02570047","buyTxId":"5357815740b208cda201443f53f4d9291745cc6f","sellTxId":"c9565a1d6b5ab59b7154fff7ab849cd23a230907"}
{"index": {"_index":"pob","_id":"1743863"}}
	{"id":1743863,"type":"sell","buyer":"gimme-your-coinz","seller":"pobtrader","symbol":"POB","quantity":"11.20000000","price":"0.19150003","timestamp":1634702601,"volume":"2.14480034","buyTxId":"5357815740b208cda201443f53f4d9291745cc6f","sellTxId":"9ff50e041d37e3c70636b6b0875fd5541cfde44e"}
{"index": {"_index":"pob","_id":"1744063"}}
	{"id":1744063,"type":"sell","buyer":"gimme-your-coinz","seller":"cookaiss","symbol":"POB","quantity":"0.12000000","price":"0.19450004","timestamp":1634704500,"volume":"0.02334000","buyTxId":"27a7d3ad2aad8893145d164b2e976b77ea32cc67","sellTxId":"0a368573bda5144f1a7d63ad87ba55e691374636"}
{"index": {"_index":"pob","_id":"1744349"}}
	{"id":1744349,"type":"buy","buyer":"kachinhenry","seller":"joemark","symbol":"POB","quantity":"2.50000000","price":"0.20000000","timestamp":1634707029,"volume":"0.50000000","buyTxId":"b5d03aa0962e0960276826423a06e9f63eb15db7","sellTxId":"4055bf41c03d31d36bf3696ce62cd87964d9a784"}
{"index": {"_index":"pob","_id":"1744376"}}
	{"id":1744376,"type":"sell","buyer":"he-index","seller":"tarazkp","symbol":"POB","quantity":"1.39500000","price":"0.19750004","timestamp":1634707260,"volume":"0.27551256","buyTxId":"894fc75b8a5f7ff7517bb6980ad171bfda42d10b","sellTxId":"12a4e68f025258319db1907ecb7cde3adf6d5c68"}
{"index": {"_index":"pob","_id":"1744377"}}
	{"id":1744377,"type":"sell","buyer":"he-index","seller":"tarazkp","symbol":"POB","quantity":"0.44600000","price":"0.19750004","timestamp":1634707260,"volume":"0.08808502","buyTxId":"49aaba2defd29fc6713715e8af1080c8fba503cc","sellTxId":"12a4e68f025258319db1907ecb7cde3adf6d5c68"}
{"index": {"_index":"pob","_id":"1744378"}}
	{"id":1744378,"type":"sell","buyer":"he-index","seller":"tarazkp","symbol":"POB","quantity":"0.49100000","price":"0.19750004","timestamp":1634707260,"volume":"0.09697252","buyTxId":"7f559ce5841b84226e0c36e45cb3ef23fffb6ae2","sellTxId":"12a4e68f025258319db1907ecb7cde3adf6d5c68"}
{"index": {"_index":"pob","_id":"1744379"}}
	{"id":1744379,"type":"sell","buyer":"he-index","seller":"tarazkp","symbol":"POB","quantity":"1.38200000","price":"0.19750004","timestamp":1634707260,"volume":"0.27294506","buyTxId":"043aa74b661a1e9a0e2297dc0c10d73059e15738","sellTxId":"12a4e68f025258319db1907ecb7cde3adf6d5c68"}
{"index": {"_index":"pob","_id":"1744380"}}
	{"id":1744380,"type":"sell","buyer":"he-index","seller":"tarazkp","symbol":"POB","quantity":"0.20000000","price":"0.19750004","timestamp":1634707260,"volume":"0.03950001","buyTxId":"633e21cf332250e630e0a307fbb6ff9ec8c0be94","sellTxId":"12a4e68f025258319db1907ecb7cde3adf6d5c68"}
{"index": {"_index":"pob","_id":"1744398"}}
	{"id":1744398,"type":"sell","buyer":"gimme-your-coinz","seller":"gimmetricks1","symbol":"POB","quantity":"43.88000000","price":"0.19450004","timestamp":1634707404,"volume":"8.53466176","buyTxId":"27a7d3ad2aad8893145d164b2e976b77ea32cc67","sellTxId":"d09799b371e0da2204d174ff1ac7ed93d0d8f1a6"}
{"index": {"_index":"pob","_id":"1744399"}}
	{"id":1744399,"type":"sell","buyer":"gimme-your-coinz","seller":"gimmetricks1","symbol":"POB","quantity":"11.12000000","price":"0.19450004","timestamp":1634707404,"volume":"2.16284044","buyTxId":"132d37170b144b6f7973ff8524bfc132ed528aa8","sellTxId":"d09799b371e0da2204d174ff1ac7ed93d0d8f1a6"}
{"index": {"_index":"pob","_id":"1744417"}}
	{"id":1744417,"type":"sell","buyer":"gimme-your-coinz","seller":"dlmmqb","symbol":"POB","quantity":"0.6928517","price":"0.19450004","timestamp":1634707542,"volume":"0.13475968","buyTxId":"132d37170b144b6f7973ff8524bfc132ed528aa8","sellTxId":"c7e95425aac3abf4d7ba6ea4b10758981629ef56"}
{"index": {"_index":"pob","_id":"1744458"}}
	{"id":1744458,"type":"sell","buyer":"gimme-your-coinz","seller":"jacoalberts","symbol":"POB","quantity":"31.00000000","price":"0.19450004","timestamp":1634707989,"volume":"6.02950124","buyTxId":"132d37170b144b6f7973ff8524bfc132ed528aa8","sellTxId":"7b52585a0a07994c67d253097012123e87c06b7f"}
{"index": {"_index":"pob","_id":"1744473"}}
	{"id":1744473,"type":"sell","buyer":"gimme-your-coinz","seller":"clixy","symbol":"POB","quantity":"10.00000000","price":"0.19450005","timestamp":1634708169,"volume":"1.94500050","buyTxId":"a1ad9150a44ad2c95c10104b23f2e0721792e2f5","sellTxId":"628b90b119d8159dfa0819a3c24dda73d067bc43"}
{"index": {"_index":"pob","_id":"1744533"}}
	{"id":1744533,"type":"sell","buyer":"gimme-your-coinz","seller":"finguru","symbol":"POB","quantity":"8.00000000","price":"0.19450005","timestamp":1634708415,"volume":"1.55600040","buyTxId":"a1ad9150a44ad2c95c10104b23f2e0721792e2f5","sellTxId":"59950f48d23447aaba333a6803e935d5ca2ab382"}
{"index": {"_index":"pob","_id":"1744564"}}
	{"id":1744564,"type":"sell","buyer":"gimme-your-coinz","seller":"ugochill","symbol":"POB","quantity":"0.00460000","price":"0.19450005","timestamp":1634708649,"volume":"0.00089470","buyTxId":"a1ad9150a44ad2c95c10104b23f2e0721792e2f5","sellTxId":"49d40fab9cfdfb4e2437ea4fae926d99d5001dbd"}
{"index": {"_index":"pob","_id":"1744604"}}
	{"id":1744604,"type":"sell","buyer":"gimme-your-coinz","seller":"babytarazkp","symbol":"POB","quantity":"25.99540000","price":"0.19450005","timestamp":1634709153,"volume":"5.05610660","buyTxId":"a1ad9150a44ad2c95c10104b23f2e0721792e2f5","sellTxId":"d1bb4ed08a22b21746ff97e578ef65bc136c3cbb"}
{"index": {"_index":"pob","_id":"1744621"}}
	{"id":1744621,"type":"sell","buyer":"gimme-your-coinz","seller":"pablodare","symbol":"POB","quantity":"2.00919012","price":"0.19450004","timestamp":1634709573,"volume":"0.39078756","buyTxId":"fff0da48b3b9f519148fce87fb8de87da5d762da","sellTxId":"01f8fe4d537ee8e5cde60be3171ed02464c55147"}
{"index": {"_index":"pob","_id":"1744638"}}
	{"id":1744638,"type":"sell","buyer":"gimme-your-coinz","seller":"trumpman","symbol":"POB","quantity":"12.26515568","price":"0.19450004","timestamp":1634709735,"volume":"2.38557327","buyTxId":"fff0da48b3b9f519148fce87fb8de87da5d762da","sellTxId":"b45b6efde34be84b2e3d5fb13ecb040794955b2c"}
{"index": {"_index":"pob","_id":"1744692"}}
	{"id":1744692,"type":"sell","buyer":"gimme-your-coinz","seller":"nerdtopiade","symbol":"POB","quantity":"0.84138665","price":"0.19450004","timestamp":1634710050,"volume":"0.16364974","buyTxId":"fff0da48b3b9f519148fce87fb8de87da5d762da","sellTxId":"e8e3c04a9d46abb700e58fbb9ee6dada8bf963e7"}
{"index": {"_index":"pob","_id":"1744871"}}
	{"id":1744871,"type":"sell","buyer":"gimme-your-coinz","seller":"stickupboys","symbol":"POB","quantity":"14.94286711","price":"0.19450004","timestamp":1634710497,"volume":"2.90638825","buyTxId":"fff0da48b3b9f519148fce87fb8de87da5d762da","sellTxId":"59d38565ff13d0270958c04d0623c2dcbe10683d"}
{"index": {"_index":"pob","_id":"1744994"}}
	{"id":1744994,"type":"sell","buyer":"gimme-your-coinz","seller":"mummyrio","symbol":"POB","quantity":"1.00000000","price":"0.19450004","timestamp":1634711094,"volume":"0.19450004","buyTxId":"fff0da48b3b9f519148fce87fb8de87da5d762da","sellTxId":"71d6b20cc25608b395076944e6923cc589483cc6"}
{"index": {"_index":"pob","_id":"1745010"}}
	{"id":1745010,"type":"sell","buyer":"gimme-your-coinz","seller":"razack-pulo","symbol":"POB","quantity":"12.94140044","price":"0.19450004","timestamp":1634711205,"volume":"2.51710290","buyTxId":"fff0da48b3b9f519148fce87fb8de87da5d762da","sellTxId":"2bce09d61f98fdb4d9ed78704abd957e57113154"}
{"index": {"_index":"pob","_id":"1745011"}}
	{"id":1745011,"type":"sell","buyer":"he-index","seller":"razack-pulo","symbol":"POB","quantity":"0.29400000","price":"0.19450003","timestamp":1634711205,"volume":"0.05718301","buyTxId":"804fb66126afeb12a8a7a362d0d72a4b37ca8afe","sellTxId":"2bce09d61f98fdb4d9ed78704abd957e57113154"}
{"index": {"_index":"pob","_id":"1745012"}}
	{"id":1745012,"type":"sell","buyer":"he-index","seller":"razack-pulo","symbol":"POB","quantity":"0.33016344","price":"0.19450003","timestamp":1634711205,"volume":"0.06421680","buyTxId":"e780b41923301ea66782964906b0f5e49d4e63d8","sellTxId":"2bce09d61f98fdb4d9ed78704abd957e57113154"}
{"index": {"_index":"pob","_id":"1745141"}}
	{"id":1745141,"type":"sell","buyer":"he-index","seller":"risingstargame","symbol":"POB","quantity":"0.06383656","price":"0.19450003","timestamp":1634712144,"volume":"0.01241621","buyTxId":"e780b41923301ea66782964906b0f5e49d4e63d8","sellTxId":"4627aecc46ac2bb5b728450c4ffdf2fb7d26fa53"}
{"index": {"_index":"pob","_id":"1745142"}}
	{"id":1745142,"type":"sell","buyer":"he-index","seller":"risingstargame","symbol":"POB","quantity":"0.65975870","price":"0.19150001","timestamp":1634712144,"volume":"0.12634380","buyTxId":"08c4f984e5c1a9930af1daf442745a3d35f804c0","sellTxId":"4627aecc46ac2bb5b728450c4ffdf2fb7d26fa53"}
{"index": {"_index":"pob","_id":"1745143"}}
	{"id":1745143,"type":"sell","buyer":"he-index","seller":"risingstargame","symbol":"POB","quantity":"0.17000000","price":"0.18850001","timestamp":1634712144,"volume":"0.03204500","buyTxId":"5d8231a1756f2f96b4ccb3369ea2c509436b3231","sellTxId":"4627aecc46ac2bb5b728450c4ffdf2fb7d26fa53"}
{"index": {"_index":"pob","_id":"1745144"}}
	{"id":1745144,"type":"sell","buyer":"pandaparker","seller":"risingstargame","symbol":"POB","quantity":"12.39286864","price":"0.18751000","timestamp":1634712144,"volume":"2.32378680","buyTxId":"ccb4ba4ef362f7992a78baefff7d9e9419d9558a","sellTxId":"4627aecc46ac2bb5b728450c4ffdf2fb7d26fa53"}
{"index": {"_index":"pob","_id":"1745254"}}
	{"id":1745254,"type":"sell","buyer":"pandaparker","seller":"judicious","symbol":"POB","quantity":"15.60713136","price":"0.18751000","timestamp":1634713263,"volume":"2.92649320","buyTxId":"ccb4ba4ef362f7992a78baefff7d9e9419d9558a","sellTxId":"0448884a0e934492dd74da2cbde3e6e546871794"}
{"index": {"_index":"pob","_id":"1745255"}}
	{"id":1745255,"type":"sell","buyer":"hamony","seller":"judicious","symbol":"POB","quantity":"148.67820707","price":"0.18748000","timestamp":1634713263,"volume":"27.87419026","buyTxId":"19b638946db1525f5e3ea27c792bd9441fcff891","sellTxId":"0448884a0e934492dd74da2cbde3e6e546871794"}
{"index": {"_index":"pob","_id":"1745256"}}
	{"id":1745256,"type":"sell","buyer":"lanub","seller":"judicious","symbol":"POB","quantity":"175.61466157","price":"0.18747000","timestamp":1634713263,"volume":"32.92248060","buyTxId":"04450c7bc09b42cd4b180907635984857d91ee6a","sellTxId":"0448884a0e934492dd74da2cbde3e6e546871794"}
{"index": {"_index":"pob","_id":"1745258"}}
	{"id":1745258,"type":"sell","buyer":"lanub","seller":"itharagaian","symbol":"POB","quantity":"1.03500000","price":"0.18747000","timestamp":1634713287,"volume":"0.19403145","buyTxId":"04450c7bc09b42cd4b180907635984857d91ee6a","sellTxId":"348c89da5d72d8ed02612e29ce01250900083731"}
{"index": {"_index":"pob","_id":"1745274"}}
	{"id":1745274,"type":"sell","buyer":"lanub","seller":"gillianpearce","symbol":"POB","quantity":"100.00000000","price":"0.18747000","timestamp":1634713365,"volume":"18.74700000","buyTxId":"04450c7bc09b42cd4b180907635984857d91ee6a","sellTxId":"6c45a81c7f974056816d5ddd0efd694d29353dbc"}
{"index": {"_index":"pob","_id":"1745453"}}
	{"id":1745453,"type":"sell","buyer":"gimme-your-coinz","seller":"ctpsb","symbol":"POB","quantity":"0.52900000","price":"0.19449001","timestamp":1634715210,"volume":"0.10288522","buyTxId":"37457517228b5f162b3a64c942d9ca6403c17fa6","sellTxId":"1d95b93b6ce60fd8b0d8b850a51e35e80b395a77"}
{"index": {"_index":"pob","_id":"1745468"}}
	{"id":1745468,"type":"sell","buyer":"gimme-your-coinz","seller":"hive-143869","symbol":"POB","quantity":"1.33000000","price":"0.19449001","timestamp":1634715378,"volume":"0.25867171","buyTxId":"37457517228b5f162b3a64c942d9ca6403c17fa6","sellTxId":"ad773308863693a93e7a72e69ee54509b23b3c71"}
{"index": {"_index":"pob","_id":"1745515"}}
	{"id":1745515,"type":"sell","buyer":"gimme-your-coinz","seller":"liotes.voter","symbol":"POB","quantity":"8.93000000","price":"0.19449001","timestamp":1634716005,"volume":"1.73679579","buyTxId":"37457517228b5f162b3a64c942d9ca6403c17fa6","sellTxId":"507b82e96eaf4d7c6efb76c4bdea129b42f395d4"}
{"index": {"_index":"pob","_id":"1745604"}}
	{"id":1745604,"type":"sell","buyer":"gimme-your-coinz","seller":"d-vine","symbol":"POB","quantity":"15.54644902","price":"0.19449001","timestamp":1634716896,"volume":"3.02362903","buyTxId":"37457517228b5f162b3a64c942d9ca6403c17fa6","sellTxId":"ef2097066735ac6186c76d4b6b98e56e15babb5e"}
{"index": {"_index":"pob","_id":"1745619"}}
	{"id":1745619,"type":"sell","buyer":"gimme-your-coinz","seller":"buildahouse","symbol":"POB","quantity":"0.00040000","price":"0.19449001","timestamp":1634717055,"volume":"0.00007780","buyTxId":"37457517228b5f162b3a64c942d9ca6403c17fa6","sellTxId":"b6114ec017916b5965288585428dc0e3dab333ac"}
{"index": {"_index":"pob","_id":"1745654"}}
	{"id":1745654,"type":"sell","buyer":"gimme-your-coinz","seller":"ahmetay","symbol":"POB","quantity":"17.66415098","price":"0.19449001","timestamp":1634717370,"volume":"3.43550090","buyTxId":"37457517228b5f162b3a64c942d9ca6403c17fa6","sellTxId":"82247314e678e4b1df08df907362ff6342de92b5"}
{"index": {"_index":"pob","_id":"1745655"}}
	{"id":1745655,"type":"sell","buyer":"gimme-your-coinz","seller":"ahmetay","symbol":"POB","quantity":"35.89395393","price":"0.19449001","timestamp":1634717370,"volume":"6.98101546","buyTxId":"e588ef33e54c01a68942d9f3338fac0374dceab2","sellTxId":"82247314e678e4b1df08df907362ff6342de92b5"}
{"index": {"_index":"pob","_id":"1745659"}}
	{"id":1745659,"type":"buy","buyer":"notaboutme","seller":"babytarazkp","symbol":"POB","quantity":"3.90559088","price":"0.19450005","timestamp":1634717409,"volume":"0.75963762","buyTxId":"3c0cbbe6670769c6918f401dafafc10372fe0bec","sellTxId":"d1bb4ed08a22b21746ff97e578ef65bc136c3cbb"}
{"index": {"_index":"pob","_id":"1745660"}}
	{"id":1745660,"type":"buy","buyer":"notaboutme","seller":"tarazkp","symbol":"POB","quantity":"21.48387764","price":"0.19750004","timestamp":1634717409,"volume":"4.24306669","buyTxId":"3c0cbbe6670769c6918f401dafafc10372fe0bec","sellTxId":"12a4e68f025258319db1907ecb7cde3adf6d5c68"}
{"index": {"_index":"pob","_id":"1745661"}}
	{"id":1745661,"type":"buy","buyer":"notaboutme","seller":"joemark","symbol":"POB","quantity":"2.90804069","price":"0.20000000","timestamp":1634717409,"volume":"0.58160814","buyTxId":"3c0cbbe6670769c6918f401dafafc10372fe0bec","sellTxId":"4055bf41c03d31d36bf3696ce62cd87964d9a784"}
{"index": {"_index":"pob","_id":"1745662"}}
	{"id":1745662,"type":"buy","buyer":"notaboutme","seller":"insight.pob","symbol":"POB","quantity":"30.00000000","price":"0.20200000","timestamp":1634717409,"volume":"6.06000000","buyTxId":"3c0cbbe6670769c6918f401dafafc10372fe0bec","sellTxId":"8efcf3002fbfd82a7197ef4f4ab83d51657705f9"}
{"index": {"_index":"pob","_id":"1745663"}}
	{"id":1745663,"type":"buy","buyer":"notaboutme","seller":"skylinebuds","symbol":"POB","quantity":"19.00000000","price":"0.20775900","timestamp":1634717409,"volume":"3.94742100","buyTxId":"3c0cbbe6670769c6918f401dafafc10372fe0bec","sellTxId":"c12f072469a0c7938f7980fb9fc0b883f443f125"}
{"index": {"_index":"pob","_id":"1745664"}}
	{"id":1745664,"type":"buy","buyer":"notaboutme","seller":"skylinebuds","symbol":"POB","quantity":"22.70249079","price":"0.20775900","timestamp":1634717409,"volume":"4.71664678","buyTxId":"3c0cbbe6670769c6918f401dafafc10372fe0bec","sellTxId":"165e9d6ce92dc8a7cf2bfc72072b80efb4dcf523"}
{"index": {"_index":"pob","_id":"1745720"}}
	{"id":1745720,"type":"sell","buyer":"gimme-your-coinz","seller":"gank","symbol":"POB","quantity":"8.10604607","price":"0.19449001","timestamp":1634717616,"volume":"1.57654498","buyTxId":"e588ef33e54c01a68942d9f3338fac0374dceab2","sellTxId":"61407f7ddc8ca6bbec17ea6852c654a0ce9c80cd"}
{"index": {"_index":"pob","_id":"1745721"}}
	{"id":1745721,"type":"sell","buyer":"barski","seller":"gank","symbol":"POB","quantity":"0.00100000","price":"0.19449000","timestamp":1634717616,"volume":"0.00019449","buyTxId":"dbc0946c9524aa3a9b338caa5bbbf61722e56557","sellTxId":"61407f7ddc8ca6bbec17ea6852c654a0ce9c80cd"}
{"index": {"_index":"pob","_id":"1745722"}}
	{"id":1745722,"type":"sell","buyer":"barski","seller":"gank","symbol":"POB","quantity":"14.77123747","price":"0.18748000","timestamp":1634717616,"volume":"2.76931160","buyTxId":"49290a4daaf62b58746016e8f070560fea97ef65","sellTxId":"61407f7ddc8ca6bbec17ea6852c654a0ce9c80cd"}
{"index": {"_index":"pob","_id":"1745729"}}
	{"id":1745729,"type":"sell","buyer":"gimme-your-coinz","seller":"brofi-market","symbol":"POB","quantity":"9.60713860","price":"0.18748001","timestamp":1634717649,"volume":"1.80114644","buyTxId":"a53f9a66f7360954fcc2cf7cb84f0026985c6ada","sellTxId":"014038e4b7b8a3b4fdf0242690552effe732779f"}
{"index": {"_index":"pob","_id":"1745804"}}
	{"id":1745804,"type":"sell","buyer":"gimme-your-coinz","seller":"ahmetay","symbol":"POB","quantity":"0.25094221","price":"0.18748001","timestamp":1634718261,"volume":"0.04704665","buyTxId":"a53f9a66f7360954fcc2cf7cb84f0026985c6ada","sellTxId":"df355f12b14e35ba5d5d5e35783e22ef047fbddf"}
{"index": {"_index":"pob","_id":"1746033"}}
	{"id":1746033,"type":"sell","buyer":"gimme-your-coinz","seller":"abh12345","symbol":"POB","quantity":"14.62442681","price":"0.18749001","timestamp":1634720880,"volume":"2.74193393","buyTxId":"73333113d9b4ae3576161daca055be87fb5e9757","sellTxId":"660a548e2c80790ebf526086aeb03466e6035dc6"}
{"index": {"_index":"pob","_id":"1746089"}}
	{"id":1746089,"type":"sell","buyer":"gimme-your-coinz","seller":"toofasteddie","symbol":"POB","quantity":"5.50000000","price":"0.18749001","timestamp":1634721675,"volume":"1.03119506","buyTxId":"73333113d9b4ae3576161daca055be87fb5e9757","sellTxId":"d6a3383dbe9c488acc5e43fea0ace181ac44e004"}
{"index": {"_index":"pob","_id":"1746120"}}
	{"id":1746120,"type":"sell","buyer":"gimme-your-coinz","seller":"trostnandia.pob","symbol":"POB","quantity":"23.87557319","price":"0.18749001","timestamp":1634722110,"volume":"4.47643145","buyTxId":"73333113d9b4ae3576161daca055be87fb5e9757","sellTxId":"31154ce6fd6b2d1479f54c344b31e8dde28fb5ff"}
{"index": {"_index":"pob","_id":"1746122"}}
	{"id":1746122,"type":"buy","buyer":"gimme-your-coinz","seller":"trostnandia.pob","symbol":"POB","quantity":"44.00000000","price":"0.18749001","timestamp":1634722125,"volume":"8.24956044","buyTxId":"d20b990854deb6c614f4e6bdcf9fb360cf958d04","sellTxId":"31154ce6fd6b2d1479f54c344b31e8dde28fb5ff"}
{"index": {"_index":"pob","_id":"1746123"}}
	{"id":1746123,"type":"buy","buyer":"gimme-your-coinz","seller":"trostnandia.pob","symbol":"POB","quantity":"44.00000000","price":"0.18749001","timestamp":1634722134,"volume":"8.24956044","buyTxId":"9c9cafd837b80b0d2800b48845e94d44a1d107fe","sellTxId":"31154ce6fd6b2d1479f54c344b31e8dde28fb5ff"}
{"index": {"_index":"pob","_id":"1746124"}}
	{"id":1746124,"type":"buy","buyer":"gimme-your-coinz","seller":"trostnandia.pob","symbol":"POB","quantity":"13.54894857","price":"0.18749001","timestamp":1634722143,"volume":"2.54029250","buyTxId":"7671c5017858e7491e7eeadf14c8cdfb9a74d7d8","sellTxId":"31154ce6fd6b2d1479f54c344b31e8dde28fb5ff"}
{"index": {"_index":"pob","_id":"1746147"}}
	{"id":1746147,"type":"buy","buyer":"gimme-your-coinz","seller":"skylinebuds","symbol":"POB","quantity":"1.29750921","price":"0.20775900","timestamp":1634722308,"volume":"0.26956922","buyTxId":"bab17e5f1ae695d5b89fdf76c8f00b8aee2089ed","sellTxId":"165e9d6ce92dc8a7cf2bfc72072b80efb4dcf523"}
{"index": {"_index":"pob","_id":"1746148"}}
	{"id":1746148,"type":"buy","buyer":"gimme-your-coinz","seller":"brofi-market","symbol":"POB","quantity":"9.60713860","price":"0.20775900","timestamp":1634722308,"volume":"1.99596951","buyTxId":"bab17e5f1ae695d5b89fdf76c8f00b8aee2089ed","sellTxId":"f7fd355ab2ea895540b9f014ce4e7775fa45a23a"}
{"index": {"_index":"pob","_id":"1746149"}}
	{"id":1746149,"type":"buy","buyer":"gimme-your-coinz","seller":"elemarg25","symbol":"POB","quantity":"13.54384391","price":"0.20775996","timestamp":1634722308,"volume":"2.81386847","buyTxId":"bab17e5f1ae695d5b89fdf76c8f00b8aee2089ed","sellTxId":"5df94bd63696035d1a8e786bdd36cc08312666fe"}
{"index": {"_index":"pob","_id":"1746150"}}
	{"id":1746150,"type":"buy","buyer":"gimme-your-coinz","seller":"nirvana3003","symbol":"POB","quantity":"5.84000000","price":"0.20775998","timestamp":1634722308,"volume":"1.21331828","buyTxId":"bab17e5f1ae695d5b89fdf76c8f00b8aee2089ed","sellTxId":"8493cfc26d8d9ad45494731207c6c2c2cd6ba661"}
{"index": {"_index":"pob","_id":"1746151"}}
	{"id":1746151,"type":"buy","buyer":"gimme-your-coinz","seller":"blind-spot","symbol":"POB","quantity":"11.89789257","price":"0.20776000","timestamp":1634722308,"volume":"2.47190616","buyTxId":"bab17e5f1ae695d5b89fdf76c8f00b8aee2089ed","sellTxId":"f705476f604290b146ab70f2b4f60a4052728eba"}
{"index": {"_index":"pob","_id":"1746152"}}
	{"id":1746152,"type":"buy","buyer":"gimme-your-coinz","seller":"darth-azrael","symbol":"POB","quantity":"1.00000000","price":"0.20777000","timestamp":1634722308,"volume":"0.20777000","buyTxId":"bab17e5f1ae695d5b89fdf76c8f00b8aee2089ed","sellTxId":"be7cca2338720c9d9c1190ef6a1b651888322bfd"}
{"index": {"_index":"pob","_id":"1746153"}}
	{"id":1746153,"type":"buy","buyer":"gimme-your-coinz","seller":"raqraq","symbol":"POB","quantity":"4.12512661","price":"0.20777000","timestamp":1634722308,"volume":"0.85707756","buyTxId":"bab17e5f1ae695d5b89fdf76c8f00b8aee2089ed","sellTxId":"cbf5bc77bc5d6ededc6f22a6b10b3978572d5002"}
{"index": {"_index":"pob","_id":"1746154"}}
	{"id":1746154,"type":"buy","buyer":"gimme-your-coinz","seller":"insight.pob","symbol":"POB","quantity":"57.00000000","price":"0.20800000","timestamp":1634722308,"volume":"11.85600000","buyTxId":"bab17e5f1ae695d5b89fdf76c8f00b8aee2089ed","sellTxId":"1f7e8c93d5060e88c72e0d74eebdb77e74a09285"}
{"index": {"_index":"pob","_id":"1746155"}}
	{"id":1746155,"type":"buy","buyer":"gimme-your-coinz","seller":"nonsowrites","symbol":"POB","quantity":"13.00000000","price":"0.20800000","timestamp":1634722308,"volume":"2.70400000","buyTxId":"bab17e5f1ae695d5b89fdf76c8f00b8aee2089ed","sellTxId":"dc8291a09db059eab847adee3f0819d4b26080b4"}
{"index": {"_index":"pob","_id":"1746162"}}
	{"id":1746162,"type":"sell","buyer":"barski","seller":"gimme-your-coinz","symbol":"POB","quantity":"0.01000000","price":"0.19990000","timestamp":1634722527,"volume":"0.00199900","buyTxId":"74c4f5a66cd82587d1f700eee7dda34610c46acc","sellTxId":"00589c190fe0672873aef91af8893e5ddeba12ba"}
{"index": {"_index":"pob","_id":"1746163"}}
	{"id":1746163,"type":"sell","buyer":"barski","seller":"gimme-your-coinz","symbol":"POB","quantity":"0.00100000","price":"0.19000000","timestamp":1634722527,"volume":"0.00019000","buyTxId":"762d170cc837e901da37a033a31c1006414cb235","sellTxId":"00589c190fe0672873aef91af8893e5ddeba12ba"}
{"index": {"_index":"pob","_id":"1746164"}}
	{"id":1746164,"type":"sell","buyer":"barski","seller":"gimme-your-coinz","symbol":"POB","quantity":"0.09900000","price":"0.18750000","timestamp":1634722527,"volume":"0.01856250","buyTxId":"9ffe41071c4dee21fa7bd095445776bc23dc5bbf","sellTxId":"00589c190fe0672873aef91af8893e5ddeba12ba"}
{"index": {"_index":"pob","_id":"1746344"}}
	{"id":1746344,"type":"sell","buyer":"gimme-your-coinz","seller":"scooter77","symbol":"POB","quantity":"9.43012637","price":"0.18750001","timestamp":1634724138,"volume":"1.76814879","buyTxId":"0d6abd3b90cc2c0ca07d1e700a46e41f0372ff2e","sellTxId":"fc4dad031c561a14fc8a38f5ca9941ecf1bfd94b"}
{"index": {"_index":"pob","_id":"1746620"}}
	{"id":1746620,"type":"sell","buyer":"gimme-your-coinz","seller":"andy4475","symbol":"POB","quantity":"0.26421933","price":"0.18750001","timestamp":1634726886,"volume":"0.04954113","buyTxId":"0d6abd3b90cc2c0ca07d1e700a46e41f0372ff2e","sellTxId":"92efa6ee08b8b48444c3c3af718f22a93e9fb0f8"}
{"index": {"_index":"pob","_id":"1746629"}}
	{"id":1746629,"type":"sell","buyer":"gimme-your-coinz","seller":"dlmmqb","symbol":"POB","quantity":"0.85353182","price":"0.18750001","timestamp":1634727012,"volume":"0.16003722","buyTxId":"0d6abd3b90cc2c0ca07d1e700a46e41f0372ff2e","sellTxId":"9364bb9187c13c2e1b498fca397d25897384769e"}
{"index": {"_index":"pob","_id":"1746842"}}
	{"id":1746842,"type":"buy","buyer":"tonytrillions","seller":"take-my-coinz","symbol":"POB","quantity":"0.39594895","price":"0.20999995","timestamp":1634729226,"volume":"0.08314926","buyTxId":"97505dcbf242eac2e21dd0b4fd7619cb101318a6","sellTxId":"f38db73d501d9a4d1d8331857e0436bbe0ea730f"}
{"index": {"_index":"pob","_id":"1746874"}}
	{"id":1746874,"type":"sell","buyer":"gimme-your-coinz","seller":"rachaeldwatson","symbol":"POB","quantity":"0.864","price":"0.18750001","timestamp":1634729658,"volume":"0.16200001","buyTxId":"0d6abd3b90cc2c0ca07d1e700a46e41f0372ff2e","sellTxId":"2eddecc1ac6f23b5befa822580f7bed0ec9262f3"}
{"index": {"_index":"pob","_id":"1746875"}}
	{"id":1746875,"type":"buy","buyer":"tonytrillions","seller":"take-my-coinz","symbol":"POB","quantity":"5.17383604","price":"0.20999995","timestamp":1634729661,"volume":"1.08650531","buyTxId":"7d4f46e613a34c503c6650f534b49095e69c907d","sellTxId":"f38db73d501d9a4d1d8331857e0436bbe0ea730f"}
{"index": {"_index":"pob","_id":"1746894"}}
	{"id":1746894,"type":"sell","buyer":"gimme-your-coinz","seller":"mima2606","symbol":"POB","quantity":"18.43576466","price":"0.18750001","timestamp":1634729883,"volume":"3.45670606","buyTxId":"0d6abd3b90cc2c0ca07d1e700a46e41f0372ff2e","sellTxId":"a43bcc43307ab9cfaa4f98a50b9935f43675f90c"}
{"index": {"_index":"pob","_id":"1746897"}}
	{"id":1746897,"type":"sell","buyer":"gimme-your-coinz","seller":"diebitch","symbol":"POB","quantity":"14.15235782","price":"0.18750001","timestamp":1634729901,"volume":"2.65356723","buyTxId":"0d6abd3b90cc2c0ca07d1e700a46e41f0372ff2e","sellTxId":"8f954899d6c3a8e229490776c37de4b99c5d615f"}
{"index": {"_index":"pob","_id":"1746898"}}
	{"id":1746898,"type":"buy","buyer":"gimme-your-coinz","seller":"diebitch","symbol":"POB","quantity":"27.63637390","price":"0.18750001","timestamp":1634729913,"volume":"5.18182038","buyTxId":"6a980aebeef61933cb262f43865eb7c201c9999d","sellTxId":"8f954899d6c3a8e229490776c37de4b99c5d615f"}
{"index": {"_index":"pob","_id":"1746903"}}
	{"id":1746903,"type":"sell","buyer":"gimme-your-coinz","seller":"ugochill","symbol":"POB","quantity":"0.00510000","price":"0.18750001","timestamp":1634729958,"volume":"0.00095625","buyTxId":"6a980aebeef61933cb262f43865eb7c201c9999d","sellTxId":"5d5157566c2359a449a79f21b29159d73e9b979c"}
{"index": {"_index":"pob","_id":"1746966"}}
	{"id":1746966,"type":"sell","buyer":"gimme-your-coinz","seller":"mawit07","symbol":"POB","quantity":"3.06933818","price":"0.18750001","timestamp":1634730657,"volume":"0.57550094","buyTxId":"6a980aebeef61933cb262f43865eb7c201c9999d","sellTxId":"51f7abe4e20703c4f28a25d0365f8520c63c0266"}
{"index": {"_index":"pob","_id":"1747178"}}
	{"id":1747178,"type":"sell","buyer":"gimme-your-coinz","seller":"invest4free","symbol":"POB","quantity":"6.70000000","price":"0.18750001","timestamp":1634732250,"volume":"1.25625007","buyTxId":"6a980aebeef61933cb262f43865eb7c201c9999d","sellTxId":"5b2a5c4050f32eb13980c17af96c49b78ff74e94"}
{"index": {"_index":"pob","_id":"1747179"}}
	{"id":1747179,"type":"sell","buyer":"gimme-your-coinz","seller":"coffeelovers","symbol":"POB","quantity":"5.95008119","price":"0.18750001","timestamp":1634732262,"volume":"1.11564028","buyTxId":"6a980aebeef61933cb262f43865eb7c201c9999d","sellTxId":"1f5cf799a3db44299f719ea78d11c931c65f626b"}
{"index": {"_index":"pob","_id":"1747434"}}
	{"id":1747434,"type":"sell","buyer":"barski","seller":"dhedge-drips","symbol":"POB","quantity":"0.00100000","price":"0.19990000","timestamp":1634733999,"volume":"0.00019990","buyTxId":"bcd14bfbafd811b70211cae61eeac28178ddc666","sellTxId":"6a9d2e4b9b3c6d04f738c36270c3d9f663bd931c"}
{"index": {"_index":"pob","_id":"1747456"}}
	{"id":1747456,"type":"sell","buyer":"gimme-your-coinz","seller":"matheusggr","symbol":"POB","quantity":"10.76925173","price":"0.18752001","timestamp":1634734239,"volume":"2.01945019","buyTxId":"319f71cd66147eb30641228b545296fc92a55a6f","sellTxId":"711938280db4ca472ffbbe7eb4cedbc17460173c"}
{"index": {"_index":"pob","_id":"1747458"}}
	{"id":1747458,"type":"sell","buyer":"gimme-your-coinz","seller":"shebe","symbol":"POB","quantity":"1.14773608","price":"0.18752001","timestamp":1634734251,"volume":"0.21522348","buyTxId":"319f71cd66147eb30641228b545296fc92a55a6f","sellTxId":"609ef38e175ab0e687c1d4a50b8ccd8c8058fc45"}
{"index": {"_index":"pob","_id":"1747463"}}
	{"id":1747463,"type":"sell","buyer":"gimme-your-coinz","seller":"uwelang","symbol":"POB","quantity":"32.08301219","price":"0.18752001","timestamp":1634734266,"volume":"6.01620677","buyTxId":"319f71cd66147eb30641228b545296fc92a55a6f","sellTxId":"45c59d06148fcb243f5c1f5034730b837f74151d"}
{"index": {"_index":"pob","_id":"1747464"}}
	{"id":1747464,"type":"sell","buyer":"gimme-your-coinz","seller":"uwelang","symbol":"POB","quantity":"29.50989020","price":"0.18752001","timestamp":1634734266,"volume":"5.53369491","buyTxId":"1e7b8a92c25a28640dbd9b0af6e3afb947f5add5","sellTxId":"45c59d06148fcb243f5c1f5034730b837f74151d"}
{"index": {"_index":"pob","_id":"1747528"}}
	{"id":1747528,"type":"sell","buyer":"gimme-your-coinz","seller":"thelogicaldude","symbol":"POB","quantity":"14.49010980","price":"0.18752001","timestamp":1634735121,"volume":"2.71718553","buyTxId":"1e7b8a92c25a28640dbd9b0af6e3afb947f5add5","sellTxId":"f705e3d6aac64a12339cca165cf91d640882d228"}
{"index": {"_index":"pob","_id":"1747529"}}
	{"id":1747529,"type":"sell","buyer":"barski","seller":"thelogicaldude","symbol":"POB","quantity":"156.82422478","price":"0.18752000","timestamp":1634735121,"volume":"29.40767863","buyTxId":"a5619537622f337d23fe43d5f4a9230aeab6e3a0","sellTxId":"f705e3d6aac64a12339cca165cf91d640882d228"}
{"index": {"_index":"pob","_id":"1747557"}}
	{"id":1747557,"type":"buy","buyer":"dsc-r2cornell","seller":"dhedge-drips","symbol":"POB","quantity":"1.02833830","price":"0.19990000","timestamp":1634735409,"volume":"0.20556483","buyTxId":"1d120cb32a1316ac5aa7838dd2d5683d266cfbf0","sellTxId":"6a9d2e4b9b3c6d04f738c36270c3d9f663bd931c"}
{"index": {"_index":"pob","_id":"1747558"}}
	{"id":1747558,"type":"buy","buyer":"dsc-r2cornell","seller":"take-my-coinz","symbol":"POB","quantity":"22.00000000","price":"0.19999998","timestamp":1634735409,"volume":"4.39999956","buyTxId":"1d120cb32a1316ac5aa7838dd2d5683d266cfbf0","sellTxId":"25f65132ebbb45547cdb2b3cfd981667c3f44ab4"}
{"index": {"_index":"pob","_id":"1747559"}}
	{"id":1747559,"type":"buy","buyer":"dsc-r2cornell","seller":"dhedge-drips","symbol":"POB","quantity":"1.02933830","price":"0.19999998","timestamp":1634735409,"volume":"0.20586764","buyTxId":"1d120cb32a1316ac5aa7838dd2d5683d266cfbf0","sellTxId":"98fd8a44dc8e6c3a35bb33f3766ea72ed90d705c"}
{"index": {"_index":"pob","_id":"1747560"}}
	{"id":1747560,"type":"buy","buyer":"dsc-r2cornell","seller":"jersteemit","symbol":"POB","quantity":"13.69898934","price":"0.20000000","timestamp":1634735409,"volume":"2.73979787","buyTxId":"1d120cb32a1316ac5aa7838dd2d5683d266cfbf0","sellTxId":"ae12d95cc96a725dda52a9c5555c46c5b63b4b75"}
{"index": {"_index":"pob","_id":"1747614"}}
	{"id":1747614,"type":"sell","buyer":"gimme-your-coinz","seller":"ugochill","symbol":"POB","quantity":"0.00340000","price":"0.19000001","timestamp":1634735826,"volume":"0.00064600","buyTxId":"e0a56cce6db8f456b723460d2e9a3606fcd87a58","sellTxId":"c6a203f5ccdfc62e83e19c315c3e9caf27861039"}
{"index": {"_index":"pob","_id":"1748005"}}
	{"id":1748005,"type":"sell","buyer":"gimme-your-coinz","seller":"andy4475","symbol":"POB","quantity":"0.88139102","price":"0.19000001","timestamp":1634739078,"volume":"0.16746430","buyTxId":"e0a56cce6db8f456b723460d2e9a3606fcd87a58","sellTxId":"0a501aaaeea72f80b66e12061ce5227cca9a4fd6"}
{"index": {"_index":"pob","_id":"1748110"}}
	{"id":1748110,"type":"sell","buyer":"barski","seller":"nazatpt","symbol":"POB","quantity":"0.00100000","price":"0.19990000","timestamp":1634739609,"volume":"0.00019990","buyTxId":"5906f176140a5958b9f0adb5a689507df896ad31","sellTxId":"af91a4d6a81c0ec2c0db8339f0d323e93149209c"}
{"index": {"_index":"pob","_id":"1748149"}}
	{"id":1748149,"type":"sell","buyer":"barski","seller":"forgottenuser","symbol":"POB","quantity":"0.00100000","price":"0.19901000","timestamp":1634739936,"volume":"0.00019901","buyTxId":"6d3639c9ef02045eaaf235a18c8464e20d63d0db","sellTxId":"79626919de9f4890fca5bbf03bcf8fb0b1d8b21f"}
{"index": {"_index":"pob","_id":"1748150"}}
	{"id":1748150,"type":"sell","buyer":"barski","seller":"forgottenuser","symbol":"POB","quantity":"66.79569833","price":"0.19002000","timestamp":1634739936,"volume":"12.69251860","buyTxId":"b8806e67c84737086bffc4dbdd2c0f7847073283","sellTxId":"79626919de9f4890fca5bbf03bcf8fb0b1d8b21f"}
{"index": {"_index":"pob","_id":"1748185"}}
	{"id":1748185,"type":"buy","buyer":"tonytrillions","seller":"nazatpt","symbol":"POB","quantity":"0.06253237","price":"0.19990000","timestamp":1634740179,"volume":"0.01250022","buyTxId":"088e973be5a86765dcadc68be0926f645821d86f","sellTxId":"af91a4d6a81c0ec2c0db8339f0d323e93149209c"}
{"index": {"_index":"pob","_id":"1748204"}}
	{"id":1748204,"type":"sell","buyer":"tonytrillions","seller":"liaminit1","symbol":"POB","quantity":"0.01393291","price":"0.19990000","timestamp":1634740326,"volume":"0.00278519","buyTxId":"088e973be5a86765dcadc68be0926f645821d86f","sellTxId":"05f24a0fcbc796efb471567c9ed225b511a5b402"}
{"index": {"_index":"pob","_id":"1748205"}}
	{"id":1748205,"type":"sell","buyer":"barski","seller":"liaminit1","symbol":"POB","quantity":"0.00100000","price":"0.19902000","timestamp":1634740326,"volume":"0.00019902","buyTxId":"164783508447291bf11173a61f10a68dd04b1614","sellTxId":"05f24a0fcbc796efb471567c9ed225b511a5b402"}
{"index": {"_index":"pob","_id":"1748206"}}
	{"id":1748206,"type":"sell","buyer":"barski","seller":"liaminit1","symbol":"POB","quantity":"1.61650442","price":"0.19003000","timestamp":1634740326,"volume":"0.30718433","buyTxId":"fdedf4027522975ee627e165491b9ad5db38616d","sellTxId":"05f24a0fcbc796efb471567c9ed225b511a5b402"}
{"index": {"_index":"pob","_id":"1748225"}}
	{"id":1748225,"type":"sell","buyer":"barski","seller":"chireerocks","symbol":"POB","quantity":"0.00100000","price":"0.19903000","timestamp":1634740629,"volume":"0.00019903","buyTxId":"32905789055de8eafdeb343487386faa853f4646","sellTxId":"ba3c3ff75a4915aa42281701069ff6bf88e4a86d"}
{"index": {"_index":"pob","_id":"1748240"}}
	{"id":1748240,"type":"sell","buyer":"gimme-your-coinz","seller":"charcoalbuffet","symbol":"POB","quantity":"8.00000000","price":"0.19004001","timestamp":1634740845,"volume":"1.52032008","buyTxId":"51ec859870f987c399f94275624e215ed7ca902b","sellTxId":"a42c7daf47cd24c12a45b95585e8ed1b6112612b"}
{"index": {"_index":"pob","_id":"1748264"}}
	{"id":1748264,"type":"sell","buyer":"gimme-your-coinz","seller":"chireerocks","symbol":"POB","quantity":"3.37413766","price":"0.19004001","timestamp":1634741274,"volume":"0.64122115","buyTxId":"51ec859870f987c399f94275624e215ed7ca902b","sellTxId":"0adc7672519dc8a30c66943ad77da78e2bf33b09"}
{"index": {"_index":"pob","_id":"1748270"}}
	{"id":1748270,"type":"sell","buyer":"gimme-your-coinz","seller":"cookaiss","symbol":"POB","quantity":"0.16000000","price":"0.19004001","timestamp":1634741343,"volume":"0.03040640","buyTxId":"51ec859870f987c399f94275624e215ed7ca902b","sellTxId":"e7ce9251eddadbe1df9e7f14466650942151d183"}
{"index": {"_index":"pob","_id":"1748314"}}
	{"id":1748314,"type":"buy","buyer":"tonytrillions","seller":"take-my-coinz","symbol":"POB","quantity":"0.00003292","price":"0.20989998","timestamp":1634741862,"volume":"0.00000691","buyTxId":"900a8fc5a09743e0f958740cfd430347f16a01fc","sellTxId":"80dffa4417dd151e4b4a07bb24d27f9dff7c3e75"}
{"index": {"_index":"pob","_id":"1748346"}}
	{"id":1748346,"type":"sell","buyer":"tonytrillions","seller":"kevmcc","symbol":"POB","quantity":"0.01825000","price":"0.20000000","timestamp":1634742177,"volume":"0.00365000","buyTxId":"b464eed5e620b9b3374060c0cda55622f3998d35","sellTxId":"6a9475d2cc64ba4255cf3ab1fb3ab1fe43b4ec0a"}
{"index": {"_index":"pob","_id":"1748359"}}
	{"id":1748359,"type":"sell","buyer":"barski","seller":"kevmcc","symbol":"POB","quantity":"0.00100000","price":"0.19904000","timestamp":1634742258,"volume":"0.00019904","buyTxId":"ba6b13cfd9f4e025157e696d57f8be71fdcc7bb5","sellTxId":"8d69dc7420ba64517831ac28f00098595be599f5"}
{"index": {"_index":"pob","_id":"1748389"}}
	{"id":1748389,"type":"sell","buyer":"gimme-your-coinz","seller":"pharaoh1","symbol":"POB","quantity":"0.88275922","price":"0.19005001","timestamp":1634742438,"volume":"0.16776840","buyTxId":"8aaeaa2f4bd8b4bed843fa320a1297d98cb98597","sellTxId":"1d02e8f5bdf690ece8966ce4f3242381e05dbe9b"}
{"index": {"_index":"pob","_id":"1748400"}}
	{"id":1748400,"type":"sell","buyer":"gimme-your-coinz","seller":"thebeardflex","symbol":"POB","quantity":"3.47909051","price":"0.19005001","timestamp":1634742507,"volume":"0.66120119","buyTxId":"8aaeaa2f4bd8b4bed843fa320a1297d98cb98597","sellTxId":"ac861aa191306f5308df038983ed0f454e3010cb"}
{"index": {"_index":"pob","_id":"1748423"}}
	{"id":1748423,"type":"sell","buyer":"gimme-your-coinz","seller":"nikkybabe","symbol":"POB","quantity":"23.42000000","price":"0.19005001","timestamp":1634742789,"volume":"4.45097123","buyTxId":"8aaeaa2f4bd8b4bed843fa320a1297d98cb98597","sellTxId":"9d341db90110d3b834020a53324d1c197fa783d9"}
{"index": {"_index":"pob","_id":"1748427"}}
	{"id":1748427,"type":"buy","buyer":"barski","seller":"kevmcc","symbol":"POB","quantity":"0.00100000","price":"0.19904000","timestamp":1634742837,"volume":"0.00019904","buyTxId":"4d82476173bab3fdeff7a76941ad98b089ade46a","sellTxId":"8d69dc7420ba64517831ac28f00098595be599f5"}
{"index": {"_index":"pob","_id":"1748466"}}
	{"id":1748466,"type":"buy","buyer":"uyobong","seller":"kevmcc","symbol":"POB","quantity":"0.99800000","price":"0.19904000","timestamp":1634743167,"volume":"0.19864192","buyTxId":"4cf424e24e0707c1cc508ad0dcc81997b18f7124","sellTxId":"8d69dc7420ba64517831ac28f00098595be599f5"}
{"index": {"_index":"pob","_id":"1748552"}}
	{"id":1748552,"type":"sell","buyer":"uyobong","seller":"automaton","symbol":"POB","quantity":"3.00000000","price":"0.19904000","timestamp":1634743989,"volume":"0.59712000","buyTxId":"4cf424e24e0707c1cc508ad0dcc81997b18f7124","sellTxId":"85a1e69b752f7b83a744293ff8dd9a616ed13644"}
{"index": {"_index":"pob","_id":"1748631"}}
	{"id":1748631,"type":"sell","buyer":"uyobong","seller":"princeofbeyhive","symbol":"POB","quantity":"53.00200000","price":"0.19904000","timestamp":1634744514,"volume":"10.54951808","buyTxId":"4cf424e24e0707c1cc508ad0dcc81997b18f7124","sellTxId":"4169e069b5b79092f33d35c4367ad0e80ace8127"}
{"index": {"_index":"pob","_id":"1748640"}}
	{"id":1748640,"type":"sell","buyer":"barski","seller":"princeofbeyhive","symbol":"POB","quantity":"0.00100000","price":"0.19895000","timestamp":1634744595,"volume":"0.00019895","buyTxId":"54f3e77e045d146cfaf42be49742c6baa1a2e010","sellTxId":"4ea650c009443e426917cfd1782c410b407dc2c4"}
{"index": {"_index":"pob","_id":"1748641"}}
	{"id":1748641,"type":"sell","buyer":"barski","seller":"princeofbeyhive","symbol":"POB","quantity":"0.00100000","price":"0.19795000","timestamp":1634744595,"volume":"0.00019795","buyTxId":"85f98ab6eb2923862a1ab320aa53546db89853fd","sellTxId":"4ea650c009443e426917cfd1782c410b407dc2c4"}
{"index": {"_index":"pob","_id":"1748642"}}
	{"id":1748642,"type":"sell","buyer":"barski","seller":"princeofbeyhive","symbol":"POB","quantity":"56.42526324","price":"0.19006000","timestamp":1634744595,"volume":"10.72418553","buyTxId":"5c84d0a27d48c91aa8581d812bb3dacc6e7435db","sellTxId":"4ea650c009443e426917cfd1782c410b407dc2c4"}
{"index": {"_index":"pob","_id":"1748817"}}
	{"id":1748817,"type":"sell","buyer":"gimme-your-coinz","seller":"josediccus","symbol":"POB","quantity":"25.76985956","price":"0.19006001","timestamp":1634746029,"volume":"4.89781977","buyTxId":"83f5eddeb794abb4362b5e68824bc3a3b4b8a0c6","sellTxId":"f8f8cdc0debd8b57a70d196340d9d51a4b6bb627"}
{"index": {"_index":"pob","_id":"1748820"}}
	{"id":1748820,"type":"sell","buyer":"gimme-your-coinz","seller":"kevm","symbol":"POB","quantity":"0.02526324","price":"0.19006001","timestamp":1634746050,"volume":"0.00480153","buyTxId":"83f5eddeb794abb4362b5e68824bc3a3b4b8a0c6","sellTxId":"f585b4594b2d7b66a97a12fd5f36ba282d9ec54c"}
{"index": {"_index":"pob","_id":"1748858"}}
	{"id":1748858,"type":"sell","buyer":"gimme-your-coinz","seller":"ugochill","symbol":"POB","quantity":"0.00490000","price":"0.19006001","timestamp":1634746317,"volume":"0.00093129","buyTxId":"83f5eddeb794abb4362b5e68824bc3a3b4b8a0c6","sellTxId":"5835facc3ae46753f5c5489543b028b3aa361e4e"}
{"index": {"_index":"pob","_id":"1749012"}}
	{"id":1749012,"type":"buy","buyer":"notaboutme","seller":"take-my-coinz","symbol":"POB","quantity":"22.00000000","price":"0.19999998","timestamp":1634747229,"volume":"4.39999956","buyTxId":"8aa514583fb49d898294602f71efd457e1fd1257","sellTxId":"77f65f50cafe81116f4dbbefd1d988c69684cc36"}
{"index": {"_index":"pob","_id":"1749013"}}
	{"id":1749013,"type":"buy","buyer":"notaboutme","seller":"numpypython","symbol":"POB","quantity":"1.48793046","price":"0.20000000","timestamp":1634747229,"volume":"0.29758609","buyTxId":"8aa514583fb49d898294602f71efd457e1fd1257","sellTxId":"9c9031798c8365938fe93d3617b9b3f024564f91"}
{"index": {"_index":"pob","_id":"1749099"}}
	{"id":1749099,"type":"buy","buyer":"tipy","seller":"take-my-coinz","symbol":"POB","quantity":"0.00056356","price":"0.20499998","timestamp":1634747622,"volume":"0.00011553","buyTxId":"6f6079823c9efe40fc2af6d14a557b9c7d6900d2","sellTxId":"bea382d8002e3f9fa05b378aff38c9ef38aacbf2"}
{"index": {"_index":"pob","_id":"1749183"}}
	{"id":1749183,"type":"sell","buyer":"notaboutme","seller":"andy4475","symbol":"POB","quantity":"5.70855609","price":"0.20010000","timestamp":1634748003,"volume":"1.14228207","buyTxId":"8aa514583fb49d898294602f71efd457e1fd1257","sellTxId":"164ed0133e409bd2207795fec509e1ac516350cb"}
{"index": {"_index":"pob","_id":"1749218"}}
	{"id":1749218,"type":"sell","buyer":"notaboutme","seller":"gadrian","symbol":"POB","quantity":"2.00000000","price":"0.20010000","timestamp":1634748180,"volume":"0.40020000","buyTxId":"8aa514583fb49d898294602f71efd457e1fd1257","sellTxId":"1baf91905884242bcc1406129a42bfcd85e1ca9d"}
{"index": {"_index":"pob","_id":"1749263"}}
	{"id":1749263,"type":"sell","buyer":"notaboutme","seller":"liotes.voter","symbol":"POB","quantity":"6.41400000","price":"0.20010000","timestamp":1634748420,"volume":"1.28344140","buyTxId":"8aa514583fb49d898294602f71efd457e1fd1257","sellTxId":"aab397eda9b31bf9ccb801cf5b47573e5a6cee2b"}
{"index": {"_index":"pob","_id":"1749580"}}
	{"id":1749580,"type":"sell","buyer":"notaboutme","seller":"gillianpearce","symbol":"POB","quantity":"30.00000000","price":"0.20010000","timestamp":1634750043,"volume":"6.00300000","buyTxId":"8aa514583fb49d898294602f71efd457e1fd1257","sellTxId":"65ab6e6e18e2c30457a619d255dde09b3e553b9f"}
{"index": {"_index":"pob","_id":"1749837"}}
	{"id":1749837,"type":"buy","buyer":"coininstant","seller":"take-my-coinz","symbol":"POB","quantity":"22.00000000","price":"0.20049998","timestamp":1634751981,"volume":"4.41099956","buyTxId":"874e1fe97245053effe0f9ae50f00a7d36d00d4f","sellTxId":"dfdb206adc5d7ec8c58f172558557c407df251ba"}
{"index": {"_index":"pob","_id":"1749838"}}
	{"id":1749838,"type":"buy","buyer":"coininstant","seller":"hernleon74","symbol":"POB","quantity":"1.79008355","price":"0.20050000","timestamp":1634751981,"volume":"0.35891175","buyTxId":"874e1fe97245053effe0f9ae50f00a7d36d00d4f","sellTxId":"1a620a9e908d5e55d2c6e8abfb4e27601e27b356"}
{"index": {"_index":"pob","_id":"1749978"}}
	{"id":1749978,"type":"sell","buyer":"coininstant","seller":"flaxz","symbol":"POB","quantity":"0.2577","price":"0.20050000","timestamp":1634753385,"volume":"0.05166885","buyTxId":"874e1fe97245053effe0f9ae50f00a7d36d00d4f","sellTxId":"5573e84448f46021169adc6c290471f670041a00"}
{"index": {"_index":"pob","_id":"1750023"}}
	{"id":1750023,"type":"sell","buyer":"coininstant","seller":"szmulkberg","symbol":"POB","quantity":"4.00000000","price":"0.20050000","timestamp":1634753988,"volume":"0.80200000","buyTxId":"874e1fe97245053effe0f9ae50f00a7d36d00d4f","sellTxId":"f5e499ac92d4fa03943bf2779f768c1a7d27787e"}
{"index": {"_index":"pob","_id":"1750181"}}
	{"id":1750181,"type":"sell","buyer":"coininstant","seller":"savagetobi","symbol":"POB","quantity":"5.02951645","price":"0.20050000","timestamp":1634755146,"volume":"1.00841805","buyTxId":"874e1fe97245053effe0f9ae50f00a7d36d00d4f","sellTxId":"83775403f7eb923a69547378e960728c19765847"}
{"index": {"_index":"pob","_id":"1750182"}}
	{"id":1750182,"type":"sell","buyer":"notaboutme","seller":"savagetobi","symbol":"POB","quantity":"7.23691739","price":"0.20010000","timestamp":1634755146,"volume":"1.44810717","buyTxId":"8aa514583fb49d898294602f71efd457e1fd1257","sellTxId":"83775403f7eb923a69547378e960728c19765847"}
{"index": {"_index":"pob","_id":"1750237"}}
	{"id":1750237,"type":"sell","buyer":"notaboutme","seller":"offgridlife","symbol":"POB","quantity":"0.15259606","price":"0.20010000","timestamp":1634755611,"volume":"0.03053447","buyTxId":"8aa514583fb49d898294602f71efd457e1fd1257","sellTxId":"51b5113cdbae25b42455e715dd1124e0d6445899"}
{"index": {"_index":"pob","_id":"1750244"}}
	{"id":1750244,"type":"buy","buyer":"tonytrillions","seller":"take-my-coinz","symbol":"POB","quantity":"0.01235230","price":"0.19999998","timestamp":1634755689,"volume":"0.00247046","buyTxId":"575f1c83913068a768ab75e5c55423d725540401","sellTxId":"40f431b1ef698f90a22f5a056b105e4b6c5de47e"}
{"index": {"_index":"pob","_id":"1750332"}}
	{"id":1750332,"type":"buy","buyer":"tonytrillions","seller":"take-my-coinz","symbol":"POB","quantity":"0.00058605","price":"0.19999998","timestamp":1634756328,"volume":"0.00011721","buyTxId":"2fda2a153e37702591ad63cfc6d2442fab94a03d","sellTxId":"40f431b1ef698f90a22f5a056b105e4b6c5de47e"}
{"index": {"_index":"pob","_id":"1750349"}}
	{"id":1750349,"type":"buy","buyer":"tonytrillions","seller":"take-my-coinz","symbol":"POB","quantity":"0.00313250","price":"0.19999998","timestamp":1634756391,"volume":"0.00062650","buyTxId":"e4d22b61dc27115cbfd38321b4abcd44397534af","sellTxId":"40f431b1ef698f90a22f5a056b105e4b6c5de47e"}
{"index": {"_index":"pob","_id":"1750364"}}
	{"id":1750364,"type":"sell","buyer":"gimme-your-coinz","seller":"jongolson","symbol":"POB","quantity":"2.43728342","price":"0.19007001","timestamp":1634756670,"volume":"0.46325448","buyTxId":"64d4df0107785be584c8609f427d759de2e782d7","sellTxId":"abc994d5f9fa6afe08e1614d9e0664e8d2a447d3"}
{"index": {"_index":"pob","_id":"1750461"}}
	{"id":1750461,"type":"sell","buyer":"gimme-your-coinz","seller":"magnacarta","symbol":"POB","quantity":"4.15817305","price":"0.19007001","timestamp":1634757672,"volume":"0.79034399","buyTxId":"64d4df0107785be584c8609f427d759de2e782d7","sellTxId":"97e91a8b94cd15fadd3361eefbe4ec4fd11ee8c6"}
{"index": {"_index":"pob","_id":"1750550"}}
	{"id":1750550,"type":"sell","buyer":"gimme-your-coinz","seller":"gubbatv","symbol":"POB","quantity":"2.81975271","price":"0.19008001","timestamp":1634758455,"volume":"0.53597862","buyTxId":"092e8cd32bc43e5999429a7ad52a2e7e697aa634","sellTxId":"1e2543bf53a482ed01ad2c32ba2012a08d46e407"}
{"index": {"_index":"pob","_id":"1750655"}}
	{"id":1750655,"type":"sell","buyer":"barski","seller":"ironshield","symbol":"POB","quantity":"0.00100000","price":"0.19909000","timestamp":1634759694,"volume":"0.00019909","buyTxId":"58e29ed7460c15dee1ad4db18528a2bd12959653","sellTxId":"e29f3ae4358487acb5cc8ad40005e32970cc402f"}
{"index": {"_index":"pob","_id":"1750660"}}
	{"id":1750660,"type":"sell","buyer":"gimme-your-coinz","seller":"ironshield","symbol":"POB","quantity":"6.13502649","price":"0.19010001","timestamp":1634759757,"volume":"1.16626860","buyTxId":"b04cdb536b4ee9757a037bf926a44a2f5a612e02","sellTxId":"eba0f176aa2f89de4df5a62506fb10e9facd8d0b"}
{"index": {"_index":"pob","_id":"1750715"}}
	{"id":1750715,"type":"sell","buyer":"gimme-your-coinz","seller":"thranax","symbol":"POB","quantity":"5.10655567","price":"0.19010001","timestamp":1634760414,"volume":"0.97075628","buyTxId":"b04cdb536b4ee9757a037bf926a44a2f5a612e02","sellTxId":"94046c2755e588205cf839af73d766ad2bc10d30"}
{"index": {"_index":"pob","_id":"1750751"}}
	{"id":1750751,"type":"sell","buyer":"gimme-your-coinz","seller":"shebe","symbol":"POB","quantity":"1.96240102","price":"0.19020001","timestamp":1634760930,"volume":"0.37324869","buyTxId":"c920d74790483dfcdfdc5f299dc02dcd387cf713","sellTxId":"b55ea0fef78ff706809e0383300adfe77807f3bc"}
{"index": {"_index":"pob","_id":"1750795"}}
	{"id":1750795,"type":"sell","buyer":"gimme-your-coinz","seller":"skylinebuds-weed","symbol":"POB","quantity":"9.90000000","price":"0.19020001","timestamp":1634761554,"volume":"1.88298010","buyTxId":"c920d74790483dfcdfdc5f299dc02dcd387cf713","sellTxId":"3f082e9c1c24a742dd4161a934c9077a7117cdb7"}
{"index": {"_index":"pob","_id":"1750893"}}
	{"id":1750893,"type":"sell","buyer":"gimme-your-coinz","seller":"justinparke","symbol":"POB","quantity":"4.0774517","price":"0.19020001","timestamp":1634762076,"volume":"0.77553135","buyTxId":"c920d74790483dfcdfdc5f299dc02dcd387cf713","sellTxId":"640c471398c1db186171bc14ee0e79c94a5eb5ec"}
{"index": {"_index":"pob","_id":"1750988"}}
	{"id":1750988,"type":"sell","buyer":"gimme-your-coinz","seller":"ugochill","symbol":"POB","quantity":"0.00460000","price":"0.19020001","timestamp":1634762718,"volume":"0.00087492","buyTxId":"c920d74790483dfcdfdc5f299dc02dcd387cf713","sellTxId":"8e6af76278fc0265790c96318be09626a3edee59"}
{"index": {"_index":"pob","_id":"1751109"}}
	{"id":1751109,"type":"sell","buyer":"gimme-your-coinz","seller":"shepz1","symbol":"POB","quantity":"28.05554728","price":"0.19020001","timestamp":1634764173,"volume":"5.33616537","buyTxId":"c920d74790483dfcdfdc5f299dc02dcd387cf713","sellTxId":"9ff3465c5862700e186c1a5798fdddc87bc39101"}
{"index": {"_index":"pob","_id":"1751110"}}
	{"id":1751110,"type":"sell","buyer":"pandaparker","seller":"shepz1","symbol":"POB","quantity":"0.68788051","price":"0.19020000","timestamp":1634764173,"volume":"0.13083487","buyTxId":"8af47f867fa76df5c6135fdd564a7fb11f830a45","sellTxId":"9ff3465c5862700e186c1a5798fdddc87bc39101"}
{"index": {"_index":"pob","_id":"1751223"}}
	{"id":1751223,"type":"buy","buyer":"ahmetay","seller":"shepz1","symbol":"POB","quantity":"25.00000000","price":"0.19020000","timestamp":1634765151,"volume":"4.75500000","buyTxId":"bbb39e94820e04b4f01126a19c656194ab16a1c0","sellTxId":"9ff3465c5862700e186c1a5798fdddc87bc39101"}
{"index": {"_index":"pob","_id":"1751236"}}
	{"id":1751236,"type":"buy","buyer":"offgridlife","seller":"shepz1","symbol":"POB","quantity":"20.00000000","price":"0.19020000","timestamp":1634765229,"volume":"3.80400000","buyTxId":"bd99eed43303eb4c647959826b7df19bc615a644","sellTxId":"9ff3465c5862700e186c1a5798fdddc87bc39101"}
{"index": {"_index":"pob","_id":"1751244"}}
	{"id":1751244,"type":"sell","buyer":"gimme-your-coinz","seller":"specialfeelings","symbol":"POB","quantity":"0.60061906","price":"0.19010001","timestamp":1634765280,"volume":"0.11417769","buyTxId":"281e370d5f680b08164b890bde7f8c8723dc7bcd","sellTxId":"30afcf20d5f0a287929926c194084c39a54c1698"}
{"index": {"_index":"pob","_id":"1751250"}}
	{"id":1751250,"type":"buy","buyer":"offgridlife","seller":"shepz1","symbol":"POB","quantity":"30.00000000","price":"0.19020000","timestamp":1634765334,"volume":"5.70600000","buyTxId":"03a040d34c5574964a67b2e364f46a6688778e1d","sellTxId":"9ff3465c5862700e186c1a5798fdddc87bc39101"}
{"index": {"_index":"pob","_id":"1751289"}}
	{"id":1751289,"type":"buy","buyer":"offgridlife","seller":"shepz1","symbol":"POB","quantity":"15.00000000","price":"0.19020000","timestamp":1634765538,"volume":"2.85300000","buyTxId":"6cdf5c038265790da39bd6d94b344b2a7270bb0b","sellTxId":"9ff3465c5862700e186c1a5798fdddc87bc39101"}
{"index": {"_index":"pob","_id":"1751326"}}
	{"id":1751326,"type":"sell","buyer":"gimme-your-coinz","seller":"pjansen.bcp","symbol":"POB","quantity":"0.12350000","price":"0.19010001","timestamp":1634765925,"volume":"0.02347735","buyTxId":"281e370d5f680b08164b890bde7f8c8723dc7bcd","sellTxId":"735ddf8b5df0f054468db2e67f869622c2eb54ff"}
{"index": {"_index":"pob","_id":"1751362"}}
	{"id":1751362,"type":"sell","buyer":"gimme-your-coinz","seller":"liaminit1","symbol":"POB","quantity":"0.90703144","price":"0.19010001","timestamp":1634766138,"volume":"0.17242669","buyTxId":"281e370d5f680b08164b890bde7f8c8723dc7bcd","sellTxId":"02c4ceeea7087dac5c0ff7a6b04aa49c23f58f55"}
{"index": {"_index":"pob","_id":"1751400"}}
	{"id":1751400,"type":"sell","buyer":"gimme-your-coinz","seller":"yemre","symbol":"POB","quantity":"2.68714379","price":"0.19010001","timestamp":1634766495,"volume":"0.51082606","buyTxId":"281e370d5f680b08164b890bde7f8c8723dc7bcd","sellTxId":"ecfa2784059b3d23f54deb8d7a0277201bbc5daf"}
{"index": {"_index":"pob","_id":"1751437"}}
	{"id":1751437,"type":"sell","buyer":"gimme-your-coinz","seller":"bitcoinflood","symbol":"POB","quantity":"19.63898320","price":"0.19010001","timestamp":1634766924,"volume":"3.73337090","buyTxId":"281e370d5f680b08164b890bde7f8c8723dc7bcd","sellTxId":"fffdc222baed12cc5d29b8656e49268a7728948a"}
{"index": {"_index":"pob","_id":"1751450"}}
	{"id":1751450,"type":"sell","buyer":"gimme-your-coinz","seller":"jesustiano","symbol":"POB","quantity":"0.65746172","price":"0.19010001","timestamp":1634767092,"volume":"0.12498348","buyTxId":"281e370d5f680b08164b890bde7f8c8723dc7bcd","sellTxId":"99b382648c51766d59a9b268a3a31bc310e25071"}
{"index": {"_index":"pob","_id":"1751501"}}
	{"id":1751501,"type":"sell","buyer":"gimme-your-coinz","seller":"readthisplease","symbol":"POB","quantity":"19.38526079","price":"0.19010001","timestamp":1634767866,"volume":"3.68513827","buyTxId":"281e370d5f680b08164b890bde7f8c8723dc7bcd","sellTxId":"006135b698f20e9fdb35e55704aa770ad28ff865"}
{"index": {"_index":"pob","_id":"1751502"}}
	{"id":1751502,"type":"sell","buyer":"barski","seller":"readthisplease","symbol":"POB","quantity":"5.61473921","price":"0.19010000","timestamp":1634767866,"volume":"1.06736192","buyTxId":"86c08e5470ac2cf65398a2c745d7540b90bd8c66","sellTxId":"006135b698f20e9fdb35e55704aa770ad28ff865"}
{"index": {"_index":"pob","_id":"1751546"}}
	{"id":1751546,"type":"sell","buyer":"gimme-your-coinz","seller":"pixelfan","symbol":"POB","quantity":"2.26082544","price":"0.19010001","timestamp":1634768319,"volume":"0.42978294","buyTxId":"deeaec1b1fbe813ac6cef828ff4726bfd16fa4a8","sellTxId":"1d0b3ad7919bd1cf8dc0091e228f9145f815edaa"}
{"index": {"_index":"pob","_id":"1751763"}}
	{"id":1751763,"type":"sell","buyer":"gimme-your-coinz","seller":"he-index","symbol":"POB","quantity":"0.03400000","price":"0.19010001","timestamp":1634770566,"volume":"0.00646340","buyTxId":"deeaec1b1fbe813ac6cef828ff4726bfd16fa4a8","sellTxId":"ad7c19abbe2d253243f54366e38e9754788123cf"}
{"index": {"_index":"pob","_id":"1751817"}}
	{"id":1751817,"type":"sell","buyer":"gimme-your-coinz","seller":"trentonlundy1","symbol":"POB","quantity":"0.12420076","price":"0.19010001","timestamp":1634771127,"volume":"0.02361057","buyTxId":"deeaec1b1fbe813ac6cef828ff4726bfd16fa4a8","sellTxId":"fc51608d928453976325f81ced75d8c9d0ba27de"}
{"index": {"_index":"pob","_id":"1752023"}}
	{"id":1752023,"type":"sell","buyer":"gimme-your-coinz","seller":"andy4475","symbol":"POB","quantity":"1.25682777","price":"0.19010001","timestamp":1634774007,"volume":"0.23892297","buyTxId":"deeaec1b1fbe813ac6cef828ff4726bfd16fa4a8","sellTxId":"9cd73c2d737b1e75d2dad90a2a0398937081f377"}
{"index": {"_index":"pob","_id":"1752043"}}
	{"id":1752043,"type":"sell","buyer":"gimme-your-coinz","seller":"melbourneswest","symbol":"POB","quantity":"4.21605296","price":"0.19010001","timestamp":1634774214,"volume":"0.80147171","buyTxId":"deeaec1b1fbe813ac6cef828ff4726bfd16fa4a8","sellTxId":"5f532063262c4a7bd8841acd81b688186527f4c3"}
{"index": {"_index":"pob","_id":"1752088"}}
	{"id":1752088,"type":"sell","buyer":"gimme-your-coinz","seller":"liotes","symbol":"POB","quantity":"8.24000000","price":"0.19010001","timestamp":1634774847,"volume":"1.56642408","buyTxId":"deeaec1b1fbe813ac6cef828ff4726bfd16fa4a8","sellTxId":"90bfdc9a82aded56e398a1f1215deea942fe6524"}
{"index": {"_index":"pob","_id":"1752093"}}
	{"id":1752093,"type":"sell","buyer":"gimme-your-coinz","seller":"forexbrokr","symbol":"POB","quantity":"0.76076615","price":"0.19010001","timestamp":1634774958,"volume":"0.14462165","buyTxId":"deeaec1b1fbe813ac6cef828ff4726bfd16fa4a8","sellTxId":"426af61b2573fe43eb881598c4cca6136b5a63a2"}
{"index": {"_index":"pob","_id":"1752154"}}
	{"id":1752154,"type":"buy","buyer":"ddn688","seller":"shepz1","symbol":"POB","quantity":"7.51000000","price":"0.19020000","timestamp":1634775996,"volume":"1.42840200","buyTxId":"edf41abbd29b078f7b5077c97d3d0db60762a18f","sellTxId":"9ff3465c5862700e186c1a5798fdddc87bc39101"}
{"index": {"_index":"pob","_id":"1752193"}}
	{"id":1752193,"type":"sell","buyer":"gimme-your-coinz","seller":"enforcer48","symbol":"POB","quantity":"2.47900000","price":"0.19010001","timestamp":1634776641,"volume":"0.47125792","buyTxId":"deeaec1b1fbe813ac6cef828ff4726bfd16fa4a8","sellTxId":"0d79d578ef8ae3951759523f9f8f8c85536aa4b6"}
{"index": {"_index":"pob","_id":"1752388"}}
	{"id":1752388,"type":"sell","buyer":"gimme-your-coinz","seller":"joemark","symbol":"POB","quantity":"1.22079232","price":"0.19010001","timestamp":1634779086,"volume":"0.23207263","buyTxId":"deeaec1b1fbe813ac6cef828ff4726bfd16fa4a8","sellTxId":"06b3872da2b1fc7a8b0997c064eb172a3d0218d7"}
{"index": {"_index":"pob","_id":"1752405"}}
	{"id":1752405,"type":"sell","buyer":"gimme-your-coinz","seller":"emma001","symbol":"POB","quantity":"3.87077420","price":"0.19010001","timestamp":1634779206,"volume":"0.73583421","buyTxId":"deeaec1b1fbe813ac6cef828ff4726bfd16fa4a8","sellTxId":"8f1a91114a4ff9cc46106164de4da6bf4fae2650"}
{"index": {"_index":"pob","_id":"1752451"}}
	{"id":1752451,"type":"sell","buyer":"gimme-your-coinz","seller":"paulmoon410","symbol":"POB","quantity":"0.57929479","price":"0.19010001","timestamp":1634779881,"volume":"0.11012395","buyTxId":"deeaec1b1fbe813ac6cef828ff4726bfd16fa4a8","sellTxId":"9729e897eded8447354c1de399fec51a2d28bc48"}
{"index": {"_index":"pob","_id":"1752562"}}
	{"id":1752562,"type":"sell","buyer":"gimme-your-coinz","seller":"trumpman","symbol":"POB","quantity":"18.95746561","price":"0.19010001","timestamp":1634781396,"volume":"3.60381440","buyTxId":"deeaec1b1fbe813ac6cef828ff4726bfd16fa4a8","sellTxId":"6eb2cbf18d725b4f79f10e3104297d3899acb1f8"}
{"index": {"_index":"pob","_id":"1752563"}}
	{"id":1752563,"type":"sell","buyer":"gimme-your-coinz","seller":"trumpman","symbol":"POB","quantity":"8.49766248","price":"0.19010001","timestamp":1634781396,"volume":"1.61540572","buyTxId":"a0ff7bf3f9e968107ebed7f36e0cceaae0341abc","sellTxId":"6eb2cbf18d725b4f79f10e3104297d3899acb1f8"}
{"index": {"_index":"pob","_id":"1752709"}}
	{"id":1752709,"type":"sell","buyer":"gimme-your-coinz","seller":"sn0n","symbol":"POB","quantity":"2.70888735","price":"0.19010001","timestamp":1634782620,"volume":"0.51495951","buyTxId":"a0ff7bf3f9e968107ebed7f36e0cceaae0341abc","sellTxId":"1090cce668dca6fa3733951267337c113fea68ad"}
{"index": {"_index":"pob","_id":"1752740"}}
	{"id":1752740,"type":"sell","buyer":"gimme-your-coinz","seller":"leotof","symbol":"POB","quantity":"32.79345017","price":"0.19010001","timestamp":1634782869,"volume":"6.23403521","buyTxId":"a0ff7bf3f9e968107ebed7f36e0cceaae0341abc","sellTxId":"ccaa20f30ef937a52dc75c0a50742592480e0404"}
{"index": {"_index":"pob","_id":"1752741"}}
	{"id":1752741,"type":"sell","buyer":"barski","seller":"leotof","symbol":"POB","quantity":"9.59181062","price":"0.19010000","timestamp":1634782869,"volume":"1.82340320","buyTxId":"86c08e5470ac2cf65398a2c745d7540b90bd8c66","sellTxId":"ccaa20f30ef937a52dc75c0a50742592480e0404"}
{"index": {"_index":"pob","_id":"1752744"}}
	{"id":1752744,"type":"sell","buyer":"gimme-your-coinz","seller":"leotof","symbol":"POB","quantity":"26.00000000","price":"0.19010001","timestamp":1634782905,"volume":"4.94260026","buyTxId":"9070a80e8e3a8b9a0be030bbb036b900c2f08cc0","sellTxId":"5cacf5dabc5596adfd64839ecdd1cfdee9dd5b57"}
{"index": {"_index":"pob","_id":"1752747"}}
	{"id":1752747,"type":"sell","buyer":"gimme-your-coinz","seller":"leotof","symbol":"POB","quantity":"18.00000000","price":"0.19010001","timestamp":1634782977,"volume":"3.42180018","buyTxId":"9070a80e8e3a8b9a0be030bbb036b900c2f08cc0","sellTxId":"faeea06ef75c1021162beacab5a7d84257bcbf11"}
{"index": {"_index":"pob","_id":"1752749"}}
	{"id":1752749,"type":"sell","buyer":"gimme-your-coinz","seller":"leotof","symbol":"POB","quantity":"32.73449000","price":"0.19010001","timestamp":1634783019,"volume":"6.22282688","buyTxId":"936fa75db44d2b27310bc17f8a1114bd1e607b99","sellTxId":"377532badc70f288e05b2f4bf02b203b006feee7"}
{"index": {"_index":"pob","_id":"1752762"}}
	{"id":1752762,"type":"sell","buyer":"gimme-your-coinz","seller":"delight200","symbol":"POB","quantity":"11.26551000","price":"0.19010001","timestamp":1634783139,"volume":"2.14157356","buyTxId":"936fa75db44d2b27310bc17f8a1114bd1e607b99","sellTxId":"ef3ca8713d3efb7931060cff332097873ffb9fd4"}
{"index": {"_index":"pob","_id":"1752763"}}
	{"id":1752763,"type":"sell","buyer":"gimme-your-coinz","seller":"delight200","symbol":"POB","quantity":"20.73449000","price":"0.19010001","timestamp":1634783139,"volume":"3.94162676","buyTxId":"beb4afcd676731edb6a322e1316557833443399e","sellTxId":"ef3ca8713d3efb7931060cff332097873ffb9fd4"}
{"index": {"_index":"pob","_id":"1752766"}}
	{"id":1752766,"type":"sell","buyer":"gimme-your-coinz","seller":"delight200","symbol":"POB","quantity":"23.26551000","price":"0.19010001","timestamp":1634783178,"volume":"4.42277368","buyTxId":"beb4afcd676731edb6a322e1316557833443399e","sellTxId":"eb883f0e6f04689983e1b35eec538802c3e47c64"}
{"index": {"_index":"pob","_id":"1752767"}}
	{"id":1752767,"type":"sell","buyer":"barski","seller":"delight200","symbol":"POB","quantity":"8.73449000","price":"0.19010000","timestamp":1634783178,"volume":"1.66042655","buyTxId":"86c08e5470ac2cf65398a2c745d7540b90bd8c66","sellTxId":"eb883f0e6f04689983e1b35eec538802c3e47c64"}
{"index": {"_index":"pob","_id":"1752773"}}
	{"id":1752773,"type":"sell","buyer":"gimme-your-coinz","seller":"delight200","symbol":"POB","quantity":"15.59600000","price":"0.19010001","timestamp":1634783229,"volume":"2.96479976","buyTxId":"8a3971e8ccf9c7fd450fcb371160c4816df63cd4","sellTxId":"5d0413efd2d308c73ea4b0f7666590ee711ee5c3"}
{"index": {"_index":"pob","_id":"1752786"}}
	{"id":1752786,"type":"sell","buyer":"gimme-your-coinz","seller":"marilove22","symbol":"POB","quantity":"28.40400000","price":"0.19010001","timestamp":1634783370,"volume":"5.39960068","buyTxId":"8a3971e8ccf9c7fd450fcb371160c4816df63cd4","sellTxId":"47e8f4bb5ba4c13143b113b8152420ac8d63efee"}
{"index": {"_index":"pob","_id":"1752788"}}
	{"id":1752788,"type":"sell","buyer":"gimme-your-coinz","seller":"marilove22","symbol":"POB","quantity":"44.00000000","price":"0.19010001","timestamp":1634783409,"volume":"8.36440044","buyTxId":"d51f67558113c1a5ffa18cda8a8c3f442bcc7999","sellTxId":"900c656705ac5208531fce0108aac0942a7e3ad8"}
{"index": {"_index":"pob","_id":"1752792"}}
	{"id":1752792,"type":"sell","buyer":"gimme-your-coinz","seller":"marilove22","symbol":"POB","quantity":"1.12479502","price":"0.19010001","timestamp":1634783448,"volume":"0.21382354","buyTxId":"27c7800c10cbedb018608b41cac0e617e5ace1fc","sellTxId":"3296ea61da6584a7a69c3b6cfe36b0fabf159cdd"}
{"index": {"_index":"pob","_id":"1752802"}}
	{"id":1752802,"type":"sell","buyer":"gimme-your-coinz","seller":"hannahhive","symbol":"POB","quantity":"42.80000000","price":"0.19010001","timestamp":1634783580,"volume":"8.13628043","buyTxId":"27c7800c10cbedb018608b41cac0e617e5ace1fc","sellTxId":"b5f9b771487e30a0429f9b3d495a9d2365f43ac5"}
{"index": {"_index":"pob","_id":"1752804"}}
	{"id":1752804,"type":"sell","buyer":"gimme-your-coinz","seller":"hannahhive","symbol":"POB","quantity":"13.24900000","price":"0.19010002","timestamp":1634783622,"volume":"2.51863516","buyTxId":"51c765057d75a0ddf95c0c13a3f5966ae52fa7fb","sellTxId":"c8d24830a40dd1998b2e2f0645b7d70581fc3ef5"}
{"index": {"_index":"pob","_id":"1752823"}}
	{"id":1752823,"type":"sell","buyer":"gimme-your-coinz","seller":"hannahhive","symbol":"POB","quantity":"3.75100000","price":"0.19010002","timestamp":1634783766,"volume":"0.71306518","buyTxId":"51c765057d75a0ddf95c0c13a3f5966ae52fa7fb","sellTxId":"950d5d3cf33beed20f991f5ef07b38c72c09d8aa"}
{"index": {"_index":"pob","_id":"1752826"}}
	{"id":1752826,"type":"sell","buyer":"gimme-your-coinz","seller":"valor2s","symbol":"POB","quantity":"1.52216825","price":"0.19010002","timestamp":1634783778,"volume":"0.28936421","buyTxId":"51c765057d75a0ddf95c0c13a3f5966ae52fa7fb","sellTxId":"8fc679812c283691e9c99f8b65bf1998d390116f"}
{"index": {"_index":"pob","_id":"1752833"}}
	{"id":1752833,"type":"sell","buyer":"gimme-your-coinz","seller":"hannahhive","symbol":"POB","quantity":"25.47783175","price":"0.19010002","timestamp":1634783811,"volume":"4.84333633","buyTxId":"51c765057d75a0ddf95c0c13a3f5966ae52fa7fb","sellTxId":"ed3310062a8bc30fcb58b49387a81e21770995c5"}
{"index": {"_index":"pob","_id":"1752840"}}
	{"id":1752840,"type":"sell","buyer":"gimme-your-coinz","seller":"hannahhive","symbol":"POB","quantity":"32.24910570","price":"0.19010001","timestamp":1634783853,"volume":"6.13055532","buyTxId":"ef062af3961a59ec2b2f5cd1d2fca9beb510f122","sellTxId":"6dd1f4f7968ea1111b6d864867118809828e1086"}
{"index": {"_index":"pob","_id":"1752875"}}
	{"id":1752875,"type":"sell","buyer":"gimme-your-coinz","seller":"pobtrader","symbol":"POB","quantity":"6.52000000","price":"0.19010001","timestamp":1634784168,"volume":"1.23945207","buyTxId":"ef062af3961a59ec2b2f5cd1d2fca9beb510f122","sellTxId":"2303d431be62862c717e60be90db6a4624941f4a"}
