{"index": {"_index":"pob","_id":"1510848"}}
	{"id":1510848,"type":"sell","buyer":"ctime","seller":"razackpulo.sport","symbol":"POB","quantity":"30.00000000","price":"0.28602002","timestamp":1631327334,"volume":"8.58060060","buyTxId":"MM-P-10331578-57315633-3-48-0","sellTxId":"7c197f89ea92a6b3ae32fa14d246dfbf3686fbeb"}
{"index": {"_index":"pob","_id":"1511071"}}
	{"id":1511071,"type":"sell","buyer":"ctime","seller":"amirhayat572","symbol":"POB","quantity":"0.79609398","price":"0.28602002","timestamp":1631332347,"volume":"0.22769882","buyTxId":"MM-P-10331578-57315633-3-48-0","sellTxId":"2e81c84b394ffb50145e2c11a4895e39902fbdf5"}
{"index": {"_index":"pob","_id":"1511128"}}
	{"id":1511128,"type":"sell","buyer":"ctime","seller":"brofi-market","symbol":"POB","quantity":"5.93072229","price":"0.28602002","timestamp":1631333580,"volume":"1.69630531","buyTxId":"MM-P-10331578-57315633-3-48-0","sellTxId":"5598ff309a214fd7d5541e89e2ff914756cc623d"}
{"index": {"_index":"pob","_id":"1511234"}}
	{"id":1511234,"type":"sell","buyer":"ctime","seller":"esecholo","symbol":"POB","quantity":"0.35016837","price":"0.28602002","timestamp":1631336175,"volume":"0.10015516","buyTxId":"MM-P-10331578-57315633-3-48-0","sellTxId":"6e7a5b12a2ed8b7191943f6e94fb940c3b1f66c7"}
{"index": {"_index":"pob","_id":"1511253"}}
	{"id":1511253,"type":"sell","buyer":"ctime","seller":"stfu0821","symbol":"POB","quantity":"1.99906461","price":"0.28602002","timestamp":1631336547,"volume":"0.57177250","buyTxId":"MM-P-10331578-57315633-3-48-0","sellTxId":"e5c34a8e82597a9b1aaff6082ca7ad36f27800e4"}
{"index": {"_index":"pob","_id":"1511301"}}
	{"id":1511301,"type":"sell","buyer":"ctime","seller":"uyobong","symbol":"POB","quantity":"6.00000000","price":"0.28602002","timestamp":1631337663,"volume":"1.71612012","buyTxId":"MM-P-10331578-57315633-3-48-0","sellTxId":"3ad66d008107e73d69b2dfc388b6eb7b46ce9d0f"}
{"index": {"_index":"pob","_id":"1511387"}}
	{"id":1511387,"type":"sell","buyer":"ctime","seller":"sayago","symbol":"POB","quantity":"1.53544663","price":"0.28602002","timestamp":1631339853,"volume":"0.43916848","buyTxId":"MM-P-10331578-57315633-3-48-0","sellTxId":"fb56cd14de6edca1bfac3008c71a624c7b34d058"}
{"index": {"_index":"pob","_id":"1511403"}}
	{"id":1511403,"type":"sell","buyer":"ctime","seller":"embiste","symbol":"POB","quantity":"0.03448404","price":"0.28602002","timestamp":1631340057,"volume":"0.00986313","buyTxId":"MM-P-10331578-57315633-3-48-0","sellTxId":"ea69d4b29329de905eb9a7e0f97e869773cfa622"}
{"index": {"_index":"pob","_id":"1511459"}}
	{"id":1511459,"type":"sell","buyer":"ctime","seller":"foxkoit","symbol":"POB","quantity":"2.83795969","price":"0.28602002","timestamp":1631340780,"volume":"0.81171329","buyTxId":"MM-P-10331578-57315633-3-48-0","sellTxId":"74663be0472fd8453dc31926a0e8048714e9d395"}
{"index": {"_index":"pob","_id":"1511542"}}
	{"id":1511542,"type":"sell","buyer":"ctime","seller":"logicforce","symbol":"POB","quantity":"1.97247907","price":"0.28602002","timestamp":1631342514,"volume":"0.56416850","buyTxId":"MM-P-10331578-57315633-3-48-0","sellTxId":"2a8e68b5c2876595bb48b1c78565fa147827b679"}
{"index": {"_index":"pob","_id":"1511543"}}
	{"id":1511543,"type":"sell","buyer":"ctime","seller":"ericburgoyne","symbol":"POB","quantity":"1.24822984","price":"0.28602002","timestamp":1631342571,"volume":"0.35701872","buyTxId":"MM-P-10331578-57315633-3-48-0","sellTxId":"e7738eead7f2c96aa160ba944647f931ae106d56"}
{"index": {"_index":"pob","_id":"1511551"}}
	{"id":1511551,"type":"sell","buyer":"ctime","seller":"luueetang","symbol":"POB","quantity":"0.75063938","price":"0.28602002","timestamp":1631342757,"volume":"0.21469789","buyTxId":"MM-P-10331578-57315633-3-48-0","sellTxId":"69950f789c492b59ab497c672dae1b6b229fcb00"}
{"index": {"_index":"pob","_id":"1511556"}}
	{"id":1511556,"type":"sell","buyer":"ctime","seller":"dhedge-drips","symbol":"POB","quantity":"0.63543453","price":"0.28602002","timestamp":1631342832,"volume":"0.18174700","buyTxId":"MM-P-10331578-57315633-3-48-0","sellTxId":"d048fc215b569f54675230af8c14e8d7b5c827a6"}
{"index": {"_index":"pob","_id":"1511585"}}
	{"id":1511585,"type":"sell","buyer":"ctime","seller":"pablodare","symbol":"POB","quantity":"2.07347370","price":"0.28602002","timestamp":1631343453,"volume":"0.59305499","buyTxId":"MM-P-10331578-57315633-3-48-0","sellTxId":"96ba527827572c35820e919bb55210b77cfaeb0d"}
{"index": {"_index":"pob","_id":"1511586"}}
	{"id":1511586,"type":"sell","buyer":"ctime","seller":"liotes.voter","symbol":"POB","quantity":"5.30292755","price":"0.28602002","timestamp":1631343453,"volume":"1.51674344","buyTxId":"MM-P-10331578-57315633-3-48-0","sellTxId":"b939af1560206f39616ad0b2bbad5e2a0516212a"}
{"index": {"_index":"pob","_id":"1511661"}}
	{"id":1511661,"type":"sell","buyer":"ctime","seller":"akertxu","symbol":"POB","quantity":"0.08712112","price":"0.28602002","timestamp":1631345424,"volume":"0.02491838","buyTxId":"MM-P-10331578-57315633-3-48-0","sellTxId":"bda95df2eee733c2f9dcd1f3554b9dfded6ff8e3"}
{"index": {"_index":"pob","_id":"1511663"}}
	{"id":1511663,"type":"sell","buyer":"ctime","seller":"damla","symbol":"POB","quantity":"3.61169112","price":"0.28602002","timestamp":1631345469,"volume":"1.03301597","buyTxId":"MM-P-10331578-57315633-3-48-0","sellTxId":"aa90d79f27c266eed70107cbd83d297ba12042ba"}
{"index": {"_index":"pob","_id":"1511666"}}
	{"id":1511666,"type":"sell","buyer":"ctime","seller":"nrg","symbol":"POB","quantity":"0.34408369","price":"0.28602002","timestamp":1631345487,"volume":"0.09841482","buyTxId":"MM-P-10331578-57315633-3-48-0","sellTxId":"06bd1a95b3dbc69ce455ddce857f88f870b56b7d"}
{"index": {"_index":"pob","_id":"1511667"}}
	{"id":1511667,"type":"sell","buyer":"solovey6o2","seller":"nrg","symbol":"POB","quantity":"102.78248305","price":"0.28600001","timestamp":1631345487,"volume":"29.39579118","buyTxId":"7a82132efa3ab2fcd7b98fd1f8e10bb5731282fb","sellTxId":"06bd1a95b3dbc69ce455ddce857f88f870b56b7d"}
{"index": {"_index":"pob","_id":"1511669"}}
	{"id":1511669,"type":"sell","buyer":"solovey6o2","seller":"brunonacif","symbol":"POB","quantity":"1.47390535","price":"0.28600001","timestamp":1631345532,"volume":"0.42153694","buyTxId":"7a82132efa3ab2fcd7b98fd1f8e10bb5731282fb","sellTxId":"0975ebb626b791c6c397a24c8c9afb7c4361e4a4"}
{"index": {"_index":"pob","_id":"1511708"}}
	{"id":1511708,"type":"sell","buyer":"ctime","seller":"shanibeer","symbol":"POB","quantity":"3.03074007","price":"0.28601001","timestamp":1631346561,"volume":"0.86682200","buyTxId":"MM-P-10340140-57324217-3-49-0","sellTxId":"cf9996c210464abf355192ed524bad23a2eb3429"}
{"index": {"_index":"pob","_id":"1511747"}}
	{"id":1511747,"type":"sell","buyer":"ctime","seller":"gubbatv","symbol":"POB","quantity":"1.10267975","price":"0.28611001","timestamp":1631347317,"volume":"0.31548771","buyTxId":"MM-P-10340638-57324717-3-49-0","sellTxId":"c23dfdbf667be500d14423ef28f946199e0d5a4e"}
{"index": {"_index":"pob","_id":"1511929"}}
	{"id":1511929,"type":"sell","buyer":"ctime","seller":"digital-fortress","symbol":"POB","quantity":"0.50561431","price":"0.28611001","timestamp":1631349639,"volume":"0.14466132","buyTxId":"MM-P-10340638-57324717-3-49-0","sellTxId":"174df510577b970208db429576184bba9bf44277"}
{"index": {"_index":"pob","_id":"1511970"}}
	{"id":1511970,"type":"sell","buyer":"ctime","seller":"hive-143869","symbol":"POB","quantity":"0.13800000","price":"0.28611001","timestamp":1631350395,"volume":"0.03948318","buyTxId":"MM-P-10340638-57324717-3-49-0","sellTxId":"faa6665b2582a2f09603a3dd6919b0af4e180a3e"}
{"index": {"_index":"pob","_id":"1511992"}}
	{"id":1511992,"type":"sell","buyer":"ctime","seller":"melbourneswest","symbol":"POB","quantity":"4.78937774","price":"0.28611001","timestamp":1631350758,"volume":"1.37028891","buyTxId":"MM-P-10340638-57324717-3-49-0","sellTxId":"6fce8fd8365a478ecb1063d684bd89fdf950fcea"}
{"index": {"_index":"pob","_id":"1512116"}}
	{"id":1512116,"type":"sell","buyer":"gimme-your-coinz","seller":"aiovo","symbol":"POB","quantity":"0.86600000","price":"0.28611002","timestamp":1631353749,"volume":"0.24777128","buyTxId":"14fd4bef8374d2b482845f1037ce7e5791d1ee71","sellTxId":"ce355d29a313305dd63880e60d488c4013769278"}
{"index": {"_index":"pob","_id":"1512158"}}
	{"id":1512158,"type":"sell","buyer":"gimme-your-coinz","seller":"offgridlife","symbol":"POB","quantity":"16.00000000","price":"0.28700003","timestamp":1631354700,"volume":"4.59200048","buyTxId":"94d3f2c21c77ad43c25797f50731bc799396e46f","sellTxId":"7f3f14a2991dcbb583006f72c74d2694a5e3b295"}
{"index": {"_index":"pob","_id":"1512175"}}
	{"id":1512175,"type":"sell","buyer":"gimme-your-coinz","seller":"ftfund","symbol":"POB","quantity":"2.80016644","price":"0.28701003","timestamp":1631355006,"volume":"0.80367585","buyTxId":"aecf749b7e2635b348c717760b14b69436805cb1","sellTxId":"fee8fe733f7e5bc7845a7b8215bb881293c57708"}
{"index": {"_index":"pob","_id":"1512192"}}
	{"id":1512192,"type":"sell","buyer":"gimme-your-coinz","seller":"juanvegetarian","symbol":"POB","quantity":"0.94228407","price":"0.28701003","timestamp":1631355240,"volume":"0.27044498","buyTxId":"aecf749b7e2635b348c717760b14b69436805cb1","sellTxId":"ca9ccd6093d0390908df49ab664e0468a2db6143"}
{"index": {"_index":"pob","_id":"1512198"}}
	{"id":1512198,"type":"sell","buyer":"gimme-your-coinz","seller":"pthker2010","symbol":"POB","quantity":"22.00000000","price":"0.28701003","timestamp":1631355309,"volume":"6.31422066","buyTxId":"aecf749b7e2635b348c717760b14b69436805cb1","sellTxId":"670de08482ad0ef6075dd4da76479e2be8d36e8b"}
{"index": {"_index":"pob","_id":"1512266"}}
	{"id":1512266,"type":"sell","buyer":"gimme-your-coinz","seller":"jlordc","symbol":"POB","quantity":"7.25754949","price":"0.28701003","timestamp":1631356308,"volume":"2.08298950","buyTxId":"aecf749b7e2635b348c717760b14b69436805cb1","sellTxId":"917e03dee00d28f3441d5b150c5338d0e8d22212"}
{"index": {"_index":"pob","_id":"1512267"}}
	{"id":1512267,"type":"buy","buyer":"gimme-your-coinz","seller":"jlordc","symbol":"POB","quantity":"33.00000000","price":"0.28701003","timestamp":1631356320,"volume":"9.47133099","buyTxId":"1f1e45ca4981c94bbeeda5f3f3183a21fb634710","sellTxId":"917e03dee00d28f3441d5b150c5338d0e8d22212"}
{"index": {"_index":"pob","_id":"1512268"}}
	{"id":1512268,"type":"buy","buyer":"gimme-your-coinz","seller":"jlordc","symbol":"POB","quantity":"33.00000000","price":"0.28701003","timestamp":1631356329,"volume":"9.47133099","buyTxId":"c2cbe1bfaa6726f9a0a8a567bddd84db0b79c212","sellTxId":"917e03dee00d28f3441d5b150c5338d0e8d22212"}
{"index": {"_index":"pob","_id":"1512277"}}
	{"id":1512277,"type":"sell","buyer":"gimme-your-coinz","seller":"cwow2","symbol":"POB","quantity":"0.27455780","price":"0.28701003","timestamp":1631356512,"volume":"0.07880084","buyTxId":"6326081d9076eb501b7c7f2a53a35337055757de","sellTxId":"8c4b87e5fc44f24987d183939d45b826168e25a5"}
{"index": {"_index":"pob","_id":"1512279"}}
	{"id":1512279,"type":"sell","buyer":"gimme-your-coinz","seller":"mimismartypants","symbol":"POB","quantity":"4.00000000","price":"0.28701003","timestamp":1631356548,"volume":"1.14804012","buyTxId":"6326081d9076eb501b7c7f2a53a35337055757de","sellTxId":"623e8e2e4363a33e7269f7a87289ae5e22f36c75"}
{"index": {"_index":"pob","_id":"1512339"}}
	{"id":1512339,"type":"buy","buyer":"stockage","seller":"specialfeelings","symbol":"POB","quantity":"2.00000000","price":"0.29800000","timestamp":1631358183,"volume":"0.59600000","buyTxId":"f696d256c3902bdc96fd20ab4aac02bcfad40605","sellTxId":"c30c52d9b1c89a67f59f13b9dafd3f96e9623547"}
{"index": {"_index":"pob","_id":"1512349"}}
	{"id":1512349,"type":"sell","buyer":"gimme-your-coinz","seller":"scooter77","symbol":"POB","quantity":"16.00000000","price":"0.28701003","timestamp":1631358462,"volume":"4.59216048","buyTxId":"6326081d9076eb501b7c7f2a53a35337055757de","sellTxId":"80b35511cbea283de4a84ebafccbdafe1bd7ec26"}
{"index": {"_index":"pob","_id":"1512383"}}
	{"id":1512383,"type":"sell","buyer":"gimme-your-coinz","seller":"tonytrillions","symbol":"POB","quantity":"0.01629064","price":"0.28701003","timestamp":1631359365,"volume":"0.00467558","buyTxId":"6326081d9076eb501b7c7f2a53a35337055757de","sellTxId":"3e742f95b20cf1fb6393aea9fdf4023cf9664d51"}
{"index": {"_index":"pob","_id":"1512428"}}
	{"id":1512428,"type":"sell","buyer":"gimme-your-coinz","seller":"andy4475","symbol":"POB","quantity":"3.26369788","price":"0.28701003","timestamp":1631360358,"volume":"0.93671403","buyTxId":"6326081d9076eb501b7c7f2a53a35337055757de","sellTxId":"7b332601a50518731c9079cb327cb41e391feaf7"}
{"index": {"_index":"pob","_id":"1512465"}}
	{"id":1512465,"type":"sell","buyer":"gimme-your-coinz","seller":"josediccus","symbol":"POB","quantity":"9.44545368","price":"0.28701003","timestamp":1631361540,"volume":"2.71093994","buyTxId":"6326081d9076eb501b7c7f2a53a35337055757de","sellTxId":"1a0541e39eba766b351fc6bf2e77eb3ae4cf35ee"}
{"index": {"_index":"pob","_id":"1512466"}}
	{"id":1512466,"type":"sell","buyer":"gimme-your-coinz","seller":"josediccus","symbol":"POB","quantity":"12.55454632","price":"0.28701003","timestamp":1631361540,"volume":"3.60328072","buyTxId":"87e21e3638e7a47bbffc48f154d8e82f36e9113c","sellTxId":"1a0541e39eba766b351fc6bf2e77eb3ae4cf35ee"}
{"index": {"_index":"pob","_id":"1512530"}}
	{"id":1512530,"type":"sell","buyer":"gimme-your-coinz","seller":"candy49","symbol":"POB","quantity":"1.86991103","price":"0.28701003","timestamp":1631362851,"volume":"0.53668322","buyTxId":"87e21e3638e7a47bbffc48f154d8e82f36e9113c","sellTxId":"b433f59ac7a9b8fa806903352d527a381af5b8fb"}
{"index": {"_index":"pob","_id":"1512535"}}
	{"id":1512535,"type":"buy","buyer":"edgy-ed-morrison","seller":"specialfeelings","symbol":"POB","quantity":"0.64607342","price":"0.29800000","timestamp":1631362905,"volume":"0.19252988","buyTxId":"d11590808e1ab78fe4f7bc89b2a402b8aabbfb41","sellTxId":"c30c52d9b1c89a67f59f13b9dafd3f96e9623547"}
{"index": {"_index":"pob","_id":"1512541"}}
	{"id":1512541,"type":"sell","buyer":"edgy-ed-morrison","seller":"damla","symbol":"POB","quantity":"0.35392658","price":"0.29800000","timestamp":1631363115,"volume":"0.10547012","buyTxId":"d11590808e1ab78fe4f7bc89b2a402b8aabbfb41","sellTxId":"45cf059a4c1067bb6eb43f0def10fc112d2e8a60"}
{"index": {"_index":"pob","_id":"1512585"}}
	{"id":1512585,"type":"sell","buyer":"ctime","seller":"toofasteddie","symbol":"POB","quantity":"10.79718821","price":"0.28701002","timestamp":1631364036,"volume":"3.09890120","buyTxId":"MM-P-10343115-57327201-3-49-0","sellTxId":"6eb4f33177147d578e9e779af3c57839b70c6aeb"}
{"index": {"_index":"pob","_id":"1512696"}}
	{"id":1512696,"type":"sell","buyer":"ctime","seller":"bokica80","symbol":"POB","quantity":"0.03865546","price":"0.28701002","timestamp":1631365425,"volume":"0.01109450","buyTxId":"MM-P-10343115-57327201-3-49-0","sellTxId":"43963e3ad3c6e6e21a93282d80507104e366e635"}
{"index": {"_index":"pob","_id":"1512709"}}
	{"id":1512709,"type":"sell","buyer":"ctime","seller":"captainquack22","symbol":"POB","quantity":"0.9194","price":"0.28701002","timestamp":1631365566,"volume":"0.26387701","buyTxId":"MM-P-10343115-57327201-3-49-0","sellTxId":"50b5b9f01866d638c3e0df145ac26a62d530f7eb"}
{"index": {"_index":"pob","_id":"1512714"}}
	{"id":1512714,"type":"sell","buyer":"ctime","seller":"happyfrog420-new","symbol":"POB","quantity":"26.63790492","price":"0.28701002","timestamp":1631365665,"volume":"7.64534562","buyTxId":"MM-P-10343115-57327201-3-49-0","sellTxId":"df24acba552523650a662cda99e39f04dc2f92ba"}
{"index": {"_index":"pob","_id":"1512734"}}
	{"id":1512734,"type":"sell","buyer":"ctime","seller":"fragozar01","symbol":"POB","quantity":"4.50000000","price":"0.28701002","timestamp":1631365944,"volume":"1.29154509","buyTxId":"MM-P-10343115-57327201-3-49-0","sellTxId":"9bb4862de6c7ac8b261d011b97d224912a077979"}
{"index": {"_index":"pob","_id":"1512747"}}
	{"id":1512747,"type":"sell","buyer":"ctime","seller":"bitcoinflood","symbol":"POB","quantity":"14.60692855","price":"0.28701002","timestamp":1631366460,"volume":"4.19233486","buyTxId":"MM-P-10343115-57327201-3-49-0","sellTxId":"ff9b9e79b83a4171ec36e4c322b4ec4b066612f3"}
{"index": {"_index":"pob","_id":"1512814"}}
	{"id":1512814,"type":"buy","buyer":"interpretation","seller":"bitcoinflood","symbol":"POB","quantity":"11.90276600","price":"0.28701002","timestamp":1631368203,"volume":"3.41621311","buyTxId":"85db33baf7c7906675d43f3ad5b520768c408269","sellTxId":"ff9b9e79b83a4171ec36e4c322b4ec4b066612f3"}
{"index": {"_index":"pob","_id":"1512829"}}
	{"id":1512829,"type":"sell","buyer":"solovey6o2","seller":"wulff-media","symbol":"POB","quantity":"0.00507842","price":"0.28606007","timestamp":1631368470,"volume":"0.00145273","buyTxId":"a6b33f5630a2870a97a5e296d9f75135c24ecb4f","sellTxId":"b6e5bb485f10757c4b739393f86d535be9a55ca7"}
{"index": {"_index":"pob","_id":"1512831"}}
	{"id":1512831,"type":"sell","buyer":"solovey6o2","seller":"tonytrillions","symbol":"POB","quantity":"0.11183915","price":"0.28606007","timestamp":1631368506,"volume":"0.03199272","buyTxId":"a6b33f5630a2870a97a5e296d9f75135c24ecb4f","sellTxId":"7938a759b1d103038fc5debb8311482835365b6d"}
{"index": {"_index":"pob","_id":"1512871"}}
	{"id":1512871,"type":"sell","buyer":"solovey6o2","seller":"savagetobi","symbol":"POB","quantity":"22.46414886","price":"0.28610011","timestamp":1631369487,"volume":"6.42699546","buyTxId":"83d6d9a7ce330b699a1b0ac7de7a4b5dd92624f7","sellTxId":"914bb7450c4412a34f4b7c8d5f6aa9c8d19ce592"}
{"index": {"_index":"pob","_id":"1512881"}}
	{"id":1512881,"type":"sell","buyer":"ctime","seller":"fireguardian","symbol":"POB","quantity":"100","price":"0.28611011","timestamp":1631369754,"volume":"28.61101100","buyTxId":"MM-P-10348102-57332188-3-49-0","sellTxId":"c8a4bb4b5e39cd9263c5f56ded199f21f1344b45"}
{"index": {"_index":"pob","_id":"1512901"}}
	{"id":1512901,"type":"sell","buyer":"esecholito","seller":"corporateay","symbol":"POB","quantity":"50.00000000","price":"0.28620000","timestamp":1631370246,"volume":"14.31000000","buyTxId":"0b24d2b5b068f1e3abd5df61a6ed9b2c7192e669","sellTxId":"ba557cccde4dbcc47ac3cbe85660f5cb7bc8d77c"}
{"index": {"_index":"pob","_id":"1512902"}}
	{"id":1512902,"type":"sell","buyer":"solovey6o2","seller":"corporateay","symbol":"POB","quantity":"2.44790323","price":"0.28612013","timestamp":1631370246,"volume":"0.70039439","buyTxId":"7a705e15ef88ac656fd0ca8e86cd35b48e3cb500","sellTxId":"ba557cccde4dbcc47ac3cbe85660f5cb7bc8d77c"}
{"index": {"_index":"pob","_id":"1512937"}}
	{"id":1512937,"type":"sell","buyer":"solovey6o2","seller":"trumpman","symbol":"POB","quantity":"37.32292390","price":"0.28632015","timestamp":1631370750,"volume":"10.68630517","buyTxId":"74c34c56f7abffc467c67b520bc5ab7fd7fe374f","sellTxId":"3727d1ba208dd4c948b02d46997f568010f5e688"}
{"index": {"_index":"pob","_id":"1512946"}}
	{"id":1512946,"type":"sell","buyer":"solovey6o2","seller":"anonimato07","symbol":"POB","quantity":"2.59748010","price":"0.28632015","timestamp":1631370822,"volume":"0.74371089","buyTxId":"74c34c56f7abffc467c67b520bc5ab7fd7fe374f","sellTxId":"cec88c2dbc94ecc7e560166c3ae43895a4d2a014"}
{"index": {"_index":"pob","_id":"1513007"}}
	{"id":1513007,"type":"sell","buyer":"solovey6o2","seller":"tonytrillions","symbol":"POB","quantity":"0.45715042","price":"0.28662018","timestamp":1631371812,"volume":"0.13102854","buyTxId":"2f54d1a9a1dec6e19ee7c590327b700cefe44b40","sellTxId":"6350ef094ac8ac67d18f5002e863fa1b8bd26aaf"}
{"index": {"_index":"pob","_id":"1513021"}}
	{"id":1513021,"type":"sell","buyer":"solovey6o2","seller":"thomashnblum","symbol":"POB","quantity":"104.53091059","price":"0.28672019","timestamp":1631372049,"volume":"29.97112255","buyTxId":"62268c88a121d27ae25084a986c6cb20c85a4686","sellTxId":"d4ef10afded911b103cf5ac191228860b6134eb8"}
{"index": {"_index":"pob","_id":"1513040"}}
	{"id":1513040,"type":"sell","buyer":"solovey6o2","seller":"bahagia-arbi","symbol":"POB","quantity":"31.61667792","price":"0.28692021","timestamp":1631372598,"volume":"9.07146387","buyTxId":"79dab4fb75958d7ebaaf06680db9f50c7f22e35c","sellTxId":"1a9035def563d6e57af4246ce12c4928afaa7ac2"}
{"index": {"_index":"pob","_id":"1513047"}}
	{"id":1513047,"type":"buy","buyer":"richardcrill","seller":"bitcoinflood","symbol":"POB","quantity":"10.37860190","price":"0.28701002","timestamp":1631372718,"volume":"2.97876274","buyTxId":"MM-P-10349100-57333186-3-11-0","sellTxId":"ff9b9e79b83a4171ec36e4c322b4ec4b066612f3"}
{"index": {"_index":"pob","_id":"1513048"}}
	{"id":1513048,"type":"buy","buyer":"richardcrill","seller":"katerinhernandez","symbol":"POB","quantity":"10.00000000","price":"0.28701002","timestamp":1631372718,"volume":"2.87010020","buyTxId":"MM-P-10349100-57333186-3-11-0","sellTxId":"4fa59bfd9129970fc2ee1b246105b87187a46d02"}
{"index": {"_index":"pob","_id":"1513106"}}
	{"id":1513106,"type":"sell","buyer":"solovey6o2","seller":"offgridlife","symbol":"POB","quantity":"34.00000000","price":"0.28722024","timestamp":1631373393,"volume":"9.76548816","buyTxId":"e01f9d61c688c3942c4bc86c9d0f8c203405f743","sellTxId":"f05ac1e5049ed26f52aae2be0af18a8df53224e5"}
{"index": {"_index":"pob","_id":"1513127"}}
	{"id":1513127,"type":"buy","buyer":"tipy","seller":"damla","symbol":"POB","quantity":"0.00533446","price":"0.29800000","timestamp":1631373648,"volume":"0.00158967","buyTxId":"555312f6973c9869fedc9da040fa95965d34b4ea","sellTxId":"45cf059a4c1067bb6eb43f0def10fc112d2e8a60"}
{"index": {"_index":"pob","_id":"1513130"}}
	{"id":1513130,"type":"sell","buyer":"richardcrill","seller":"kevmcc","symbol":"POB","quantity":"1.00000000","price":"0.28732024","timestamp":1631373684,"volume":"0.28732024","buyTxId":"MM-P-10349399-57333485-3-11-0","sellTxId":"011308520c6c6b59268fd939496670607ec225c1"}
{"index": {"_index":"pob","_id":"1513132"}}
	{"id":1513132,"type":"sell","buyer":"richardcrill","seller":"iamalivechalleng","symbol":"POB","quantity":"0.6934","price":"0.28732024","timestamp":1631373708,"volume":"0.19922785","buyTxId":"MM-P-10349399-57333485-3-11-0","sellTxId":"4286622da0803a9a231c0046b1f4e039afb82503"}
{"index": {"_index":"pob","_id":"1513205"}}
	{"id":1513205,"type":"sell","buyer":"solovey6o2","seller":"calumam","symbol":"POB","quantity":"215.00000000","price":"0.28762028","timestamp":1631374794,"volume":"61.83836020","buyTxId":"afa5376269451f0fb1981ef72e2b6cde327b9296","sellTxId":"e8c7f342dd8da38e0c2312f640e5cf18b9cbd9c1"}
{"index": {"_index":"pob","_id":"1513232"}}
	{"id":1513232,"type":"sell","buyer":"solovey6o2","seller":"guiltyparties","symbol":"POB","quantity":"29.50517168","price":"0.28792031","timestamp":1631375478,"volume":"8.49513818","buyTxId":"3bd1180df5b8a7407a6ce664d4fbf8b9b230c2e1","sellTxId":"cddf1722c1a65253ac63589d294c48096d2912a8"}
{"index": {"_index":"pob","_id":"1513279"}}
	{"id":1513279,"type":"sell","buyer":"solovey6o2","seller":"rose98734","symbol":"POB","quantity":"4.06508953","price":"0.28812033","timestamp":1631376102,"volume":"1.17123494","buyTxId":"b029626f2378831eeebc404b0043a7cce54be234","sellTxId":"5e5a98a2413697f89491e2567446774b19ccba58"}
{"index": {"_index":"pob","_id":"1513323"}}
	{"id":1513323,"type":"sell","buyer":"solovey6o2","seller":"dibblers.dabs","symbol":"POB","quantity":"200.00000000","price":"0.28822034","timestamp":1631376501,"volume":"57.64406800","buyTxId":"0dd9585a3879df75ee6b333c381e71fa6e5c5d4f","sellTxId":"966e4f3b2c584f3d5b1f77426a6c7319ea392e94"}
{"index": {"_index":"pob","_id":"1513383"}}
	{"id":1513383,"type":"sell","buyer":"solovey6o2","seller":"cryptoandcoffee","symbol":"POB","quantity":"3.00000000","price":"0.28842036","timestamp":1631377086,"volume":"0.86526108","buyTxId":"e36f1a5038ea20add1e83685fef64767e00285ce","sellTxId":"7735eefc4c7e6cbc5b3555af2da783178bb15213"}
{"index": {"_index":"pob","_id":"1513482"}}
	{"id":1513482,"type":"sell","buyer":"richardcrill","seller":"a-peiron","symbol":"POB","quantity":"38.38458834","price":"0.28862037","timestamp":1631378604,"volume":"11.07857409","buyTxId":"MM-P-10350797-57334883-3-11-0","sellTxId":"d63ca9d3edeb6ed0b99eca773221974e6403fc2d"}
{"index": {"_index":"pob","_id":"1513569"}}
	{"id":1513569,"type":"sell","buyer":"richardcrill","seller":"cibersk8","symbol":"POB","quantity":"0.11634176","price":"0.28862037","timestamp":1631380167,"volume":"0.03357860","buyTxId":"MM-P-10350797-57334883-3-11-0","sellTxId":"ff1a7af8d5be289ad360766651fb0e518a4750d9"}
{"index": {"_index":"pob","_id":"1513613"}}
	{"id":1513613,"type":"sell","buyer":"solovey6o2","seller":"steevc","symbol":"POB","quantity":"4.25990768","price":"0.28872039","timestamp":1631380809,"volume":"1.22992221","buyTxId":"94e36485ab3c21d4504446c4a13a85c7b84cc1e8","sellTxId":"34c7ea11e6e4a1780dfa6c0ba9e95ba90918e095"}
{"index": {"_index":"pob","_id":"1513653"}}
	{"id":1513653,"type":"sell","buyer":"solovey6o2","seller":"marthaisela","symbol":"POB","quantity":"1.49332875","price":"0.28902042","timestamp":1631381679,"volume":"0.43160250","buyTxId":"3e080725302f6303f5c97a9f2724a743c2313b15","sellTxId":"6f0cdf8e2a484f4d5249da4a6ea2ed98dc2989ca"}
{"index": {"_index":"pob","_id":"1513741"}}
	{"id":1513741,"type":"sell","buyer":"richardcrill","seller":"coyotelation","symbol":"POB","quantity":"7.18780522","price":"0.28912042","timestamp":1631383044,"volume":"2.07814126","buyTxId":"MM-P-10352094-57336180-3-11-0","sellTxId":"f085d7479eff5f4b8fa09222a237a183fa05c626"}
{"index": {"_index":"pob","_id":"1513845"}}
	{"id":1513845,"type":"sell","buyer":"richardcrill","seller":"mirafun","symbol":"POB","quantity":"0.78953992","price":"0.28912042","timestamp":1631385258,"volume":"0.22827211","buyTxId":"MM-P-10352094-57336180-3-11-0","sellTxId":"7be2eaa0796bdeddf5fbd1976596ebd2d5981c8a"}
{"index": {"_index":"pob","_id":"1513898"}}
	{"id":1513898,"type":"sell","buyer":"gimme-your-coinz","seller":"acesontop","symbol":"POB","quantity":"33.00000000","price":"0.28922046","timestamp":1631386182,"volume":"9.54427518","buyTxId":"979dd7b607cfc27b12505fb63adbe00de5698ebe","sellTxId":"660575560114708af0d2ecc4972bf62d4e7bf65c"}
{"index": {"_index":"pob","_id":"1513899"}}
	{"id":1513899,"type":"sell","buyer":"gimme-your-coinz","seller":"acesontop","symbol":"POB","quantity":"4.13015328","price":"0.28922046","timestamp":1631386182,"volume":"1.19452483","buyTxId":"1ed59c1285404e9215142d8a376310046371234a","sellTxId":"660575560114708af0d2ecc4972bf62d4e7bf65c"}
{"index": {"_index":"pob","_id":"1513900"}}
	{"id":1513900,"type":"sell","buyer":"gimme-your-coinz","seller":"valor2s","symbol":"POB","quantity":"0.56998411","price":"0.28922046","timestamp":1631386200,"volume":"0.16485107","buyTxId":"1ed59c1285404e9215142d8a376310046371234a","sellTxId":"2c84897ed43782a11e2ad4c9bd2c4cb381add7ab"}
{"index": {"_index":"pob","_id":"1513953"}}
	{"id":1513953,"type":"buy","buyer":"ugochill","seller":"damla","symbol":"POB","quantity":"0.10000000","price":"0.29800000","timestamp":1631387016,"volume":"0.02980000","buyTxId":"91f13f1e362fb0af47d03b5454a5b20893a1a61f","sellTxId":"45cf059a4c1067bb6eb43f0def10fc112d2e8a60"}
{"index": {"_index":"pob","_id":"1514019"}}
	{"id":1514019,"type":"sell","buyer":"gimme-your-coinz","seller":"mvl2304","symbol":"POB","quantity":"0.70687984","price":"0.28992053","timestamp":1631388135,"volume":"0.20493898","buyTxId":"99c48e72a5dcff3f65cea5bb69b4b5da52949f40","sellTxId":"ff67da10189c81d33812a4e5ebda10a8e48e31a3"}
{"index": {"_index":"pob","_id":"1514024"}}
	{"id":1514024,"type":"sell","buyer":"gimme-your-coinz","seller":"nonsowrites","symbol":"POB","quantity":"20.15529867","price":"0.28992053","timestamp":1631388159,"volume":"5.84343487","buyTxId":"99c48e72a5dcff3f65cea5bb69b4b5da52949f40","sellTxId":"d5063db3a74e1dc537ed4240ecb8c0b24dc94b53"}
{"index": {"_index":"pob","_id":"1514082"}}
	{"id":1514082,"type":"sell","buyer":"gimme-your-coinz","seller":"razack-pulo","symbol":"POB","quantity":"10.01577610","price":"0.28992053","timestamp":1631388978,"volume":"2.90377912","buyTxId":"99c48e72a5dcff3f65cea5bb69b4b5da52949f40","sellTxId":"375235017fc6afc31706e39ad11fedbb5844003e"}
{"index": {"_index":"pob","_id":"1514085"}}
	{"id":1514085,"type":"sell","buyer":"gimme-your-coinz","seller":"razackpulo.sport","symbol":"POB","quantity":"6.69770126","price":"0.28992054","timestamp":1631389065,"volume":"1.94180117","buyTxId":"04a6b1017067003f433e39f3aaaa9b2fb1e0b41b","sellTxId":"e858f2e428c4e06822df57f06f7f7f207feb832f"}
{"index": {"_index":"pob","_id":"1514134"}}
	{"id":1514134,"type":"sell","buyer":"gimme-your-coinz","seller":"jersteemit","symbol":"POB","quantity":"33.00000000","price":"0.29012056","timestamp":1631389548,"volume":"9.57397848","buyTxId":"2032372e9d961793fe76e51fe3975d3a9ddf8213","sellTxId":"701d2366207db133aeee53a2d8f2c2a4614e506e"}
{"index": {"_index":"pob","_id":"1514136"}}
	{"id":1514136,"type":"sell","buyer":"gimme-your-coinz","seller":"jersteemit","symbol":"POB","quantity":"33.00000000","price":"0.29012056","timestamp":1631389581,"volume":"9.57397848","buyTxId":"cdc39012e8cd326eb462f8e41edffbf114d735b4","sellTxId":"de8fc64fbe3f0212c596ef2abad70dd91fc36b68"}
{"index": {"_index":"pob","_id":"1514137"}}
	{"id":1514137,"type":"sell","buyer":"gimme-your-coinz","seller":"jersteemit","symbol":"POB","quantity":"33.00000000","price":"0.29012056","timestamp":1631389581,"volume":"9.57397848","buyTxId":"b8c7e310c27222204860d5bdaa788c817bf058f6","sellTxId":"de8fc64fbe3f0212c596ef2abad70dd91fc36b68"}
{"index": {"_index":"pob","_id":"1514138"}}
	{"id":1514138,"type":"sell","buyer":"richardcrill","seller":"jersteemit","symbol":"POB","quantity":"37.99018750","price":"0.29012055","timestamp":1631389581,"volume":"11.02173409","buyTxId":"MM-P-10354685-57338772-3-11-0","sellTxId":"de8fc64fbe3f0212c596ef2abad70dd91fc36b68"}
{"index": {"_index":"pob","_id":"1514141"}}
	{"id":1514141,"type":"buy","buyer":"felipejoys","seller":"damla","symbol":"POB","quantity":"0.65214231","price":"0.29800000","timestamp":1631389713,"volume":"0.19433841","buyTxId":"fb20c3765de5f9f488095f38f0e922486c2251ab","sellTxId":"45cf059a4c1067bb6eb43f0def10fc112d2e8a60"}
{"index": {"_index":"pob","_id":"1514142"}}
	{"id":1514142,"type":"buy","buyer":"felipejoys","seller":"chekohler","symbol":"POB","quantity":"0.50042177","price":"0.29800000","timestamp":1631389713,"volume":"0.14912569","buyTxId":"fb20c3765de5f9f488095f38f0e922486c2251ab","sellTxId":"3140c505d06cbaf3a691145abcc5ba8c09e053d2"}
{"index": {"_index":"pob","_id":"1514143"}}
	{"id":1514143,"type":"buy","buyer":"felipejoys","seller":"yeckingo1","symbol":"POB","quantity":"0.72565900","price":"0.29800000","timestamp":1631389713,"volume":"0.21624638","buyTxId":"fb20c3765de5f9f488095f38f0e922486c2251ab","sellTxId":"70933b17b0e72df8a6c5efa490a98738d3ca3881"}
{"index": {"_index":"pob","_id":"1514149"}}
	{"id":1514149,"type":"sell","buyer":"gimme-your-coinz","seller":"jersteemit","symbol":"POB","quantity":"33.00000000","price":"0.29800001","timestamp":1631389791,"volume":"9.83400033","buyTxId":"df3ccbe68073ccf661d138a27c33959d1a5b5cd0","sellTxId":"f03c81c1b344aced9fa51f3ecaaa0b5789f1e132"}
{"index": {"_index":"pob","_id":"1514152"}}
	{"id":1514152,"type":"sell","buyer":"gimme-your-coinz","seller":"jersteemit","symbol":"POB","quantity":"33.00000000","price":"0.29800001","timestamp":1631389833,"volume":"9.83400033","buyTxId":"2843dc138c8af58b39a2f883a2a1cbbed827a4e5","sellTxId":"0f00e82b0af82e8f0ccef649ad521d5295dffad4"}
{"index": {"_index":"pob","_id":"1514153"}}
	{"id":1514153,"type":"buy","buyer":"felipejoys","seller":"riandeuk","symbol":"POB","quantity":"5.00051979","price":"0.29999000","timestamp":1631389839,"volume":"1.50010593","buyTxId":"9b7bcc94151d0e24a718a40c1533ac6a20cf80e1","sellTxId":"15a5ad39bd862f4297bf5b2ea740364b985c61dc"}
{"index": {"_index":"pob","_id":"1514155"}}
	{"id":1514155,"type":"sell","buyer":"gimme-your-coinz","seller":"jersteemit","symbol":"POB","quantity":"4.61797664","price":"0.29999001","timestamp":1631389875,"volume":"1.38534686","buyTxId":"bf2fab6ca2522ef2806e669b846e8ee3fae17977","sellTxId":"22c50299d920c1f6a88afd7c285108d1d4252b23"}
{"index": {"_index":"pob","_id":"1514181"}}
	{"id":1514181,"type":"sell","buyer":"gimme-your-coinz","seller":"fireguardian","symbol":"POB","quantity":"28.38202336","price":"0.29999001","timestamp":1631390292,"volume":"8.51432347","buyTxId":"bf2fab6ca2522ef2806e669b846e8ee3fae17977","sellTxId":"404da7a17f14d5ae9f5c55a6b884775d920c2661"}
{"index": {"_index":"pob","_id":"1514182"}}
	{"id":1514182,"type":"sell","buyer":"felipejoys","seller":"fireguardian","symbol":"POB","quantity":"0.89948021","price":"0.29999000","timestamp":1631390292,"volume":"0.26983507","buyTxId":"9b7bcc94151d0e24a718a40c1533ac6a20cf80e1","sellTxId":"404da7a17f14d5ae9f5c55a6b884775d920c2661"}
{"index": {"_index":"pob","_id":"1514183"}}
	{"id":1514183,"type":"sell","buyer":"felipejoys","seller":"fireguardian","symbol":"POB","quantity":"3.12177692","price":"0.29800000","timestamp":1631390292,"volume":"0.93028952","buyTxId":"fb20c3765de5f9f488095f38f0e922486c2251ab","sellTxId":"404da7a17f14d5ae9f5c55a6b884775d920c2661"}
{"index": {"_index":"pob","_id":"1514184"}}
	{"id":1514184,"type":"sell","buyer":"richardcrill","seller":"fireguardian","symbol":"POB","quantity":"113.66746171","price":"0.29032055","timestamp":1631390292,"volume":"33.00000000","buyTxId":"MM-P-10354884-57338972-3-11-0","sellTxId":"404da7a17f14d5ae9f5c55a6b884775d920c2661"}
{"index": {"_index":"pob","_id":"1514206"}}
	{"id":1514206,"type":"sell","buyer":"gimme-your-coinz","seller":"chireerocks","symbol":"POB","quantity":"4.80838276","price":"0.28610002","timestamp":1631390520,"volume":"1.37567840","buyTxId":"2665c42b7e772c372a80df46cef6abdef3bb7493","sellTxId":"9db0bd0299b35831a44ef7c794ecb05400b43ddb"}
{"index": {"_index":"pob","_id":"1514233"}}
	{"id":1514233,"type":"sell","buyer":"gimme-your-coinz","seller":"acesontop","symbol":"POB","quantity":"33.00000000","price":"0.28620003","timestamp":1631390835,"volume":"9.44460099","buyTxId":"1fc98c5baf0c1329327ecfdcfeb56721c8dee6f3","sellTxId":"14bcee3890471e08d818b186467d4d4245654a34"}
{"index": {"_index":"pob","_id":"1514238"}}
	{"id":1514238,"type":"buy","buyer":"gimme-your-coinz","seller":"acesontop","symbol":"POB","quantity":"0.31761320","price":"0.28620003","timestamp":1631390847,"volume":"0.09090091","buyTxId":"d16504e07cbb3684d5e285814849decb60f0c254","sellTxId":"14bcee3890471e08d818b186467d4d4245654a34"}
{"index": {"_index":"pob","_id":"1514285"}}
	{"id":1514285,"type":"buy","buyer":"droida","seller":"fireguardian","symbol":"POB","quantity":"1.92925780","price":"0.29000000","timestamp":1631391492,"volume":"0.55948476","buyTxId":"47594b978becd453a7e237e36cb0cddd9292ee32","sellTxId":"404da7a17f14d5ae9f5c55a6b884775d920c2661"}
{"index": {"_index":"pob","_id":"1514286"}}
	{"id":1514286,"type":"buy","buyer":"droida","seller":"kemmyb","symbol":"POB","quantity":"10.00000000","price":"0.29000000","timestamp":1631391492,"volume":"2.90000000","buyTxId":"47594b978becd453a7e237e36cb0cddd9292ee32","sellTxId":"cd22e2d620c298541f1471f3b30a1ea31e7cb86e"}
{"index": {"_index":"pob","_id":"1514323"}}
	{"id":1514323,"type":"sell","buyer":"gimme-your-coinz","seller":"maylenasland","symbol":"POB","quantity":"0.76603025","price":"0.29000001","timestamp":1631392260,"volume":"0.22214878","buyTxId":"896ae0c8fe5d785ec99b7219f63a25383411fca6","sellTxId":"c003acb481d69c81bbafe1a14d9961fe4e5b664f"}
{"index": {"_index":"pob","_id":"1514331"}}
	{"id":1514331,"type":"sell","buyer":"gimme-your-coinz","seller":"lbi-token","symbol":"POB","quantity":"32.23396975","price":"0.29000001","timestamp":1631392371,"volume":"9.34785155","buyTxId":"896ae0c8fe5d785ec99b7219f63a25383411fca6","sellTxId":"21a92a09e9def969abfa3203af079640d34d95c7"}
{"index": {"_index":"pob","_id":"1514332"}}
	{"id":1514332,"type":"sell","buyer":"gimme-your-coinz","seller":"lbi-token","symbol":"POB","quantity":"33.00000000","price":"0.29000001","timestamp":1631392371,"volume":"9.57000033","buyTxId":"f582ba980b9ae655a6ef67470763547ea2a81d8c","sellTxId":"21a92a09e9def969abfa3203af079640d34d95c7"}
{"index": {"_index":"pob","_id":"1514333"}}
	{"id":1514333,"type":"sell","buyer":"solovey6o2","seller":"lbi-token","symbol":"POB","quantity":"7.04237383","price":"0.28670007","timestamp":1631392371,"volume":"2.01904907","buyTxId":"14128aa9fa1b525578e6cd0e11925f4e14ef791b","sellTxId":"21a92a09e9def969abfa3203af079640d34d95c7"}
{"index": {"_index":"pob","_id":"1514385"}}
	{"id":1514385,"type":"buy","buyer":"edicted","seller":"dhedge-drips","symbol":"POB","quantity":"0.63543453","price":"0.30000000","timestamp":1631393298,"volume":"0.19063036","buyTxId":"7ad056cc35206cd4c474fec4ed6f9bea29554f7d","sellTxId":"247a33c5c3f2c9fd70f3faccc3b37d34e7d6e8d2"}
{"index": {"_index":"pob","_id":"1514386"}}
	{"id":1514386,"type":"buy","buyer":"edicted","seller":"kemmyb","symbol":"POB","quantity":"10.00000000","price":"0.30000000","timestamp":1631393298,"volume":"3.00000000","buyTxId":"7ad056cc35206cd4c474fec4ed6f9bea29554f7d","sellTxId":"b34af158c10ff1e6717a452dd277c7ac1afcc1b2"}
{"index": {"_index":"pob","_id":"1514399"}}
	{"id":1514399,"type":"sell","buyer":"gimme-your-coinz","seller":"nrg","symbol":"POB","quantity":"33.00000000","price":"0.30000001","timestamp":1631393397,"volume":"9.90000033","buyTxId":"7ed5f721d89d68514bfed96003f6c9d27478f608","sellTxId":"54bf29c5cf53f175ac9a7b574f2ab82f4f280fc8"}
{"index": {"_index":"pob","_id":"1514400"}}
	{"id":1514400,"type":"sell","buyer":"gimme-your-coinz","seller":"nrg","symbol":"POB","quantity":"3.77602573","price":"0.30000001","timestamp":1631393397,"volume":"1.13280776","buyTxId":"7ba3372479c8741d3c935ac462e6242d3b5d6058","sellTxId":"54bf29c5cf53f175ac9a7b574f2ab82f4f280fc8"}
{"index": {"_index":"pob","_id":"1514435"}}
	{"id":1514435,"type":"buy","buyer":"quicktrades","seller":"brofi-market","symbol":"POB","quantity":"0.00326721","price":"0.30500000","timestamp":1631393760,"volume":"0.00099650","buyTxId":"95b7101c7d93738b59b1f2ead057143823ed0279","sellTxId":"bfedcd42d82e50e44c444f2bf3ec6497e93bdd79"}
{"index": {"_index":"pob","_id":"1514480"}}
	{"id":1514480,"type":"sell","buyer":"edicted","seller":"liaminit1","symbol":"POB","quantity":"6.08399325","price":"0.30000000","timestamp":1631394435,"volume":"1.82519798","buyTxId":"7ad056cc35206cd4c474fec4ed6f9bea29554f7d","sellTxId":"fb4c48d1180e8a39434023cd1a9adcdcce797a7c"}
{"index": {"_index":"pob","_id":"1514491"}}
	{"id":1514491,"type":"sell","buyer":"edicted","seller":"fireguardian","symbol":"POB","quantity":"100","price":"0.30000000","timestamp":1631394597,"volume":"30.00000000","buyTxId":"7ad056cc35206cd4c474fec4ed6f9bea29554f7d","sellTxId":"a084c4d504492830909f92b602cc8c2b4bb86244"}
{"index": {"_index":"pob","_id":"1514493"}}
	{"id":1514493,"type":"sell","buyer":"edicted","seller":"alexvan","symbol":"POB","quantity":"10.22625766","price":"0.30000000","timestamp":1631394615,"volume":"3.06787730","buyTxId":"7ad056cc35206cd4c474fec4ed6f9bea29554f7d","sellTxId":"92a82b61728ed46f6c4df84064551d7f83fb7077"}
{"index": {"_index":"pob","_id":"1514501"}}
	{"id":1514501,"type":"sell","buyer":"edicted","seller":"lordneroo","symbol":"POB","quantity":"9.27746534","price":"0.30000000","timestamp":1631394909,"volume":"2.78323960","buyTxId":"7ad056cc35206cd4c474fec4ed6f9bea29554f7d","sellTxId":"b7500df7a414df47f2cb57200377c9c05bedb072"}
{"index": {"_index":"pob","_id":"1514530"}}
	{"id":1514530,"type":"sell","buyer":"edicted","seller":"torrecoin90","symbol":"POB","quantity":"3.43236629","price":"0.30000000","timestamp":1631395413,"volume":"1.02970989","buyTxId":"7ad056cc35206cd4c474fec4ed6f9bea29554f7d","sellTxId":"7886312e5f0cb145aa4a35c64f944619cfb41b92"}
{"index": {"_index":"pob","_id":"1514551"}}
	{"id":1514551,"type":"sell","buyer":"edicted","seller":"lordemmy","symbol":"POB","quantity":"2.53940970","price":"0.30000000","timestamp":1631395830,"volume":"0.76182291","buyTxId":"7ad056cc35206cd4c474fec4ed6f9bea29554f7d","sellTxId":"9d1e06a70f0e212cdc9069f200d699bfaf42f69f"}
{"index": {"_index":"pob","_id":"1514619"}}
	{"id":1514619,"type":"sell","buyer":"edicted","seller":"dera123","symbol":"POB","quantity":"21.03983836","price":"0.30000000","timestamp":1631397927,"volume":"6.31195151","buyTxId":"7ad056cc35206cd4c474fec4ed6f9bea29554f7d","sellTxId":"c7c83b8f30ebac68fc74a7095d59ab9fe6ee7bb5"}
{"index": {"_index":"pob","_id":"1514629"}}
	{"id":1514629,"type":"sell","buyer":"edicted","seller":"emma001","symbol":"POB","quantity":"11.12251110","price":"0.30000000","timestamp":1631398053,"volume":"3.33675333","buyTxId":"7ad056cc35206cd4c474fec4ed6f9bea29554f7d","sellTxId":"b5e7aea79355b937b0ca1fe1d984f8920eba33cb"}
{"index": {"_index":"pob","_id":"1514630"}}
	{"id":1514630,"type":"sell","buyer":"edicted","seller":"josephmark","symbol":"POB","quantity":"12.39941670","price":"0.30000000","timestamp":1631398101,"volume":"3.71982501","buyTxId":"7ad056cc35206cd4c474fec4ed6f9bea29554f7d","sellTxId":"c81b9b0228a9102d5205855f5554395fc7618108"}
{"index": {"_index":"pob","_id":"1514686"}}
	{"id":1514686,"type":"sell","buyer":"edicted","seller":"liaminit1","symbol":"POB","quantity":"0.41605000","price":"0.30000000","timestamp":1631399727,"volume":"0.12481500","buyTxId":"7ad056cc35206cd4c474fec4ed6f9bea29554f7d","sellTxId":"2292b5ffc6c9a93872f8684e8a69341174430a07"}
{"index": {"_index":"pob","_id":"1514839"}}
	{"id":1514839,"type":"sell","buyer":"edicted","seller":"pixelfan","symbol":"POB","quantity":"1.94596736","price":"0.30000000","timestamp":1631402013,"volume":"0.58379021","buyTxId":"7ad056cc35206cd4c474fec4ed6f9bea29554f7d","sellTxId":"f07da221551af52eb0bb4c60b03f5dd7b87e93b5"}
{"index": {"_index":"pob","_id":"1514903"}}
	{"id":1514903,"type":"sell","buyer":"edicted","seller":"dwayne16","symbol":"POB","quantity":"87.88128971","price":"0.30000000","timestamp":1631403549,"volume":"26.36438691","buyTxId":"7ad056cc35206cd4c474fec4ed6f9bea29554f7d","sellTxId":"c4fbe80db8c191c90d10fa90768e1fc8b9a285ff"}
{"index": {"_index":"pob","_id":"1514904"}}
	{"id":1514904,"type":"sell","buyer":"edicted","seller":"dwayne16","symbol":"POB","quantity":"62.11871029","price":"0.30000000","timestamp":1631403549,"volume":"18.63561309","buyTxId":"20e26b337867fbff7bb063178cb7ffc3321af136","sellTxId":"c4fbe80db8c191c90d10fa90768e1fc8b9a285ff"}
{"index": {"_index":"pob","_id":"1514906"}}
	{"id":1514906,"type":"sell","buyer":"edicted","seller":"dwayne16","symbol":"POB","quantity":"81.00000000","price":"0.30000000","timestamp":1631403588,"volume":"24.30000000","buyTxId":"20e26b337867fbff7bb063178cb7ffc3321af136","sellTxId":"3fa90da056d91e1c4d19073184538f94925a3dbb"}
{"index": {"_index":"pob","_id":"1514908"}}
	{"id":1514908,"type":"sell","buyer":"edicted","seller":"dwayne16","symbol":"POB","quantity":"56.00000000","price":"0.30000000","timestamp":1631403639,"volume":"16.80000000","buyTxId":"20e26b337867fbff7bb063178cb7ffc3321af136","sellTxId":"3a046abc349805cdc78003ed698c29302e0681b7"}
{"index": {"_index":"pob","_id":"1514909"}}
	{"id":1514909,"type":"sell","buyer":"edicted","seller":"dwayne16","symbol":"POB","quantity":"40.00000000","price":"0.30000000","timestamp":1631403669,"volume":"12.00000000","buyTxId":"20e26b337867fbff7bb063178cb7ffc3321af136","sellTxId":"5239589e703df4dc570b79ad256351f0a1b92abe"}
{"index": {"_index":"pob","_id":"1514910"}}
	{"id":1514910,"type":"sell","buyer":"edicted","seller":"cliffagreen","symbol":"POB","quantity":"0.03179614","price":"0.30000000","timestamp":1631403672,"volume":"0.00953884","buyTxId":"20e26b337867fbff7bb063178cb7ffc3321af136","sellTxId":"20c0d57e40c8a4cc8e67bc14371eeb818050e4e9"}
{"index": {"_index":"pob","_id":"1514911"}}
	{"id":1514911,"type":"sell","buyer":"edicted","seller":"dwayne16","symbol":"POB","quantity":"26.00000000","price":"0.30000000","timestamp":1631403699,"volume":"7.80000000","buyTxId":"20e26b337867fbff7bb063178cb7ffc3321af136","sellTxId":"cfad8f074e96d9fa4139957c077177411e1477de"}
{"index": {"_index":"pob","_id":"1514956"}}
	{"id":1514956,"type":"sell","buyer":"edicted","seller":"tikatarot","symbol":"POB","quantity":"5.55336609","price":"0.30000000","timestamp":1631404587,"volume":"1.66600983","buyTxId":"20e26b337867fbff7bb063178cb7ffc3321af136","sellTxId":"723d0899a61f5c68cea586c1094487584db64e3d"}
{"index": {"_index":"pob","_id":"1514961"}}
	{"id":1514961,"type":"sell","buyer":"edicted","seller":"melbourneswest","symbol":"POB","quantity":"6.58946313","price":"0.30000000","timestamp":1631404794,"volume":"1.97683894","buyTxId":"20e26b337867fbff7bb063178cb7ffc3321af136","sellTxId":"cd7b8e8e140062f6a6d9e032309ed42b29d860aa"}
{"index": {"_index":"pob","_id":"1514968"}}
	{"id":1514968,"type":"sell","buyer":"edicted","seller":"andy4475","symbol":"POB","quantity":"1.53512622","price":"0.30000000","timestamp":1631405082,"volume":"0.46053787","buyTxId":"20e26b337867fbff7bb063178cb7ffc3321af136","sellTxId":"87c01c52972110b4486778aa7d296c0c5580d3b6"}
{"index": {"_index":"pob","_id":"1514977"}}
	{"id":1514977,"type":"sell","buyer":"edicted","seller":"liaminit1","symbol":"POB","quantity":"0.48858886","price":"0.30000000","timestamp":1631405244,"volume":"0.14657666","buyTxId":"20e26b337867fbff7bb063178cb7ffc3321af136","sellTxId":"959500387b628e50cde0d63f7a7fdbea8897d2d9"}
{"index": {"_index":"pob","_id":"1515007"}}
	{"id":1515007,"type":"sell","buyer":"edicted","seller":"josephmark","symbol":"POB","quantity":"13.51949474","price":"0.30000000","timestamp":1631405571,"volume":"4.05584842","buyTxId":"20e26b337867fbff7bb063178cb7ffc3321af136","sellTxId":"79381749a4fbe568bbbf1ba2058cad955e38d091"}
{"index": {"_index":"pob","_id":"1515017"}}
	{"id":1515017,"type":"sell","buyer":"edicted","seller":"emma001","symbol":"POB","quantity":"12.80068573","price":"0.30000000","timestamp":1631405859,"volume":"3.84020572","buyTxId":"20e26b337867fbff7bb063178cb7ffc3321af136","sellTxId":"927533be87add559c1239fc6dc283c8df0b179b4"}
{"index": {"_index":"pob","_id":"1515039"}}
	{"id":1515039,"type":"sell","buyer":"edicted","seller":"joemark","symbol":"POB","quantity":"6.42883551","price":"0.30000000","timestamp":1631406285,"volume":"1.92865065","buyTxId":"20e26b337867fbff7bb063178cb7ffc3321af136","sellTxId":"e0d9dd4f27d5c0457a946523bc7d4bcf763d14d2"}
{"index": {"_index":"pob","_id":"1515077"}}
	{"id":1515077,"type":"sell","buyer":"edicted","seller":"hallmann","symbol":"POB","quantity":"20.00000000","price":"0.30000000","timestamp":1631407308,"volume":"6.00000000","buyTxId":"20e26b337867fbff7bb063178cb7ffc3321af136","sellTxId":"f839ffffe3669375b4487d7863788300d0a72dbe"}
{"index": {"_index":"pob","_id":"1515147"}}
	{"id":1515147,"type":"sell","buyer":"edicted","seller":"dagger212","symbol":"POB","quantity":"0.93393329","price":"0.30000000","timestamp":1631408799,"volume":"0.28017998","buyTxId":"20e26b337867fbff7bb063178cb7ffc3321af136","sellTxId":"667c2620b430a12b0efd6a969d08d14ac6de14b0"}
{"index": {"_index":"pob","_id":"1515168"}}
	{"id":1515168,"type":"sell","buyer":"richardcrill","seller":"nirvana3003","symbol":"POB","quantity":"20.00000000","price":"0.28710000","timestamp":1631409609,"volume":"5.74200000","buyTxId":"MM-P-10361248-57345354-3-11-0","sellTxId":"469e3fe833e8684d5dc28e34c45dc3d1478a9771"}
{"index": {"_index":"pob","_id":"1515281"}}
	{"id":1515281,"type":"sell","buyer":"richardcrill","seller":"andy4475","symbol":"POB","quantity":"0.15976783","price":"0.28710000","timestamp":1631411955,"volume":"0.04586934","buyTxId":"MM-P-10361248-57345354-3-11-0","sellTxId":"fe6e70bf4121c0efaa40902a28b01ed234aa790d"}
{"index": {"_index":"pob","_id":"1515298"}}
	{"id":1515298,"type":"sell","buyer":"richardcrill","seller":"ecoinstant","symbol":"POB","quantity":"2.32452168","price":"0.28710000","timestamp":1631412696,"volume":"0.66737017","buyTxId":"MM-P-10361248-57345354-3-11-0","sellTxId":"325df2f55f7226bba0613bd0ba1f42fc07576727"}
