{"index": {"_index":"pob","_id":"3760571"}}
	{"id":3760571,"type":"sell","buyer":"anech512","seller":"truth2","symbol":"POB","quantity":"1.29458109","price":"0.01222220","timestamp":1656039726,"volume":"0.01582263","buyTxId":"231ca204b1296a954217d07c2d3d383a4f943ce2","sellTxId":"29d43e07c1db960eb13413f388ea41eb202b9dd0"}
{"index": {"_index":"pob","_id":"3761131"}}
	{"id":3761131,"type":"sell","buyer":"anech512","seller":"rose98734","symbol":"POB","quantity":"3.37682479","price":"0.01222220","timestamp":1656047355,"volume":"0.04127223","buyTxId":"231ca204b1296a954217d07c2d3d383a4f943ce2","sellTxId":"af3427e23e0776367eb45497878efdb0580a2f08"}
{"index": {"_index":"pob","_id":"3761193"}}
	{"id":3761193,"type":"sell","buyer":"maarnio","seller":"ugochill","symbol":"POB","quantity":"0.30983344","price":"0.01224000","timestamp":1656048621,"volume":"0.00379236","buyTxId":"a8bd6305c6c44c9e3adc9add1b7b4471082dcd46","sellTxId":"8246a68ea5fe455afc4e43e8dbc0d4a0e1d4b3b0"}
{"index": {"_index":"pob","_id":"3761591"}}
	{"id":3761591,"type":"sell","buyer":"maarnio","seller":"itadori-yuji","symbol":"POB","quantity":"15.87052755","price":"0.01224000","timestamp":1656055686,"volume":"0.19425526","buyTxId":"a8bd6305c6c44c9e3adc9add1b7b4471082dcd46","sellTxId":"8fd98708197edfbc8906513409729861d847fa43"}
{"index": {"_index":"pob","_id":"3761671"}}
	{"id":3761671,"type":"sell","buyer":"maarnio","seller":"david-lindsay","symbol":"POB","quantity":"3.93463654","price":"0.01224000","timestamp":1656056874,"volume":"0.04815995","buyTxId":"a8bd6305c6c44c9e3adc9add1b7b4471082dcd46","sellTxId":"5185acf425c2802a39a60590b769a02426b1feab"}
{"index": {"_index":"pob","_id":"3761763"}}
	{"id":3761763,"type":"sell","buyer":"maarnio","seller":"mariya21","symbol":"POB","quantity":"42.41193997","price":"0.01224000","timestamp":1656057915,"volume":"0.51912215","buyTxId":"a8bd6305c6c44c9e3adc9add1b7b4471082dcd46","sellTxId":"70c65975c7444164e7a7ea2790e33df23e5ef7b3"}
{"index": {"_index":"pob","_id":"3761813"}}
	{"id":3761813,"type":"sell","buyer":"maarnio","seller":"florenceboens","symbol":"POB","quantity":"0.15464800","price":"0.01224000","timestamp":1656058698,"volume":"0.00189289","buyTxId":"a8bd6305c6c44c9e3adc9add1b7b4471082dcd46","sellTxId":"7a335a86752e9bbfb692dd599d152baadf37f88c"}
{"index": {"_index":"pob","_id":"3762195"}}
	{"id":3762195,"type":"sell","buyer":"master-lamps","seller":"stayoutoftherz","symbol":"POB","quantity":"0.02361681","price":"0.01224001","timestamp":1656064005,"volume":"0.00028907","buyTxId":"e55d7dfa3b2854360953a75750b6df31c873ea9a","sellTxId":"d7a94acebb455ee7fed79c39f41ea9cd5bb79850"}
{"index": {"_index":"pob","_id":"3762197"}}
	{"id":3762197,"type":"buy","buyer":"master-lamps","seller":"stayoutoftherz","symbol":"POB","quantity":"17.47638300","price":"0.01224001","timestamp":1656064266,"volume":"0.21391110","buyTxId":"f8e9c3d1ce1c5efd1299563aa9a2185aa427aa2e","sellTxId":"d7a94acebb455ee7fed79c39f41ea9cd5bb79850"}
{"index": {"_index":"pob","_id":"3762296"}}
	{"id":3762296,"type":"sell","buyer":"maarnio","seller":"justinparke","symbol":"POB","quantity":"47.45481351","price":"0.01224000","timestamp":1656065139,"volume":"0.58084692","buyTxId":"a8bd6305c6c44c9e3adc9add1b7b4471082dcd46","sellTxId":"f63b2529d48b021f7d0cc2f1e6c89c911e74276d"}
{"index": {"_index":"pob","_id":"3762455"}}
	{"id":3762455,"type":"sell","buyer":"maarnio","seller":"lordtimoty","symbol":"POB","quantity":"107.14642620","price":"0.01224000","timestamp":1656066765,"volume":"1.31147226","buyTxId":"a8bd6305c6c44c9e3adc9add1b7b4471082dcd46","sellTxId":"e6aa050fc973522e1c82e30b6852a6b2c1f2a8e8"}
{"index": {"_index":"pob","_id":"3762489"}}
	{"id":3762489,"type":"sell","buyer":"maarnio","seller":"ajanaku","symbol":"POB","quantity":"482.71717479","price":"0.01224000","timestamp":1656067158,"volume":"5.90845821","buyTxId":"a8bd6305c6c44c9e3adc9add1b7b4471082dcd46","sellTxId":"d905dc427e871e8fa8dea90066ed63ce237536b7"}
{"index": {"_index":"pob","_id":"3762515"}}
	{"id":3762515,"type":"sell","buyer":"anech512","seller":"slobberchops","symbol":"POB","quantity":"46.42434733","price":"0.01222220","timestamp":1656067386,"volume":"0.56740766","buyTxId":"231ca204b1296a954217d07c2d3d383a4f943ce2","sellTxId":"bb9e79c36265a0324a31aa28ed619833e2137300"}
{"index": {"_index":"pob","_id":"3762521"}}
	{"id":3762521,"type":"sell","buyer":"anech512","seller":"chesatochi","symbol":"POB","quantity":"3.39221839","price":"0.01222220","timestamp":1656067431,"volume":"0.04146037","buyTxId":"231ca204b1296a954217d07c2d3d383a4f943ce2","sellTxId":"a9d80949c3025f55a1e6704573ebb999bd885828"}
{"index": {"_index":"pob","_id":"3762541"}}
	{"id":3762541,"type":"buy","buyer":"chesatochi","seller":"ajanaku","symbol":"POB","quantity":"15.15098039","price":"0.01224000","timestamp":1656067602,"volume":"0.185448","buyTxId":"0dfecbcb994b4faea06b6b211cdb53df29b1a5c6","sellTxId":"d905dc427e871e8fa8dea90066ed63ce237536b7"}
{"index": {"_index":"pob","_id":"3762890"}}
	{"id":3762890,"type":"sell","buyer":"anech512","seller":"bluerobo","symbol":"POB","quantity":"0.55501157","price":"0.01222220","timestamp":1656072816,"volume":"0.00678346","buyTxId":"231ca204b1296a954217d07c2d3d383a4f943ce2","sellTxId":"bad56e54b7d11b1f4f23839bd697b8a0f394cacf"}
{"index": {"_index":"pob","_id":"3762901"}}
	{"id":3762901,"type":"sell","buyer":"anech512","seller":"twicejoy","symbol":"POB","quantity":"7.24673575","price":"0.01222220","timestamp":1656072936,"volume":"0.08857105","buyTxId":"231ca204b1296a954217d07c2d3d383a4f943ce2","sellTxId":"3bf68d64619708b62ebc0cc851f1bd673b3e8312"}
{"index": {"_index":"pob","_id":"3762998"}}
	{"id":3762998,"type":"sell","buyer":"anech512","seller":"ugochill","symbol":"POB","quantity":"0.01483881","price":"0.01222220","timestamp":1656074121,"volume":"0.00018136","buyTxId":"231ca204b1296a954217d07c2d3d383a4f943ce2","sellTxId":"69bd9632fb01d7ca594d99bfdea2b0fed07b099e"}
{"index": {"_index":"pob","_id":"3763007"}}
	{"id":3763007,"type":"sell","buyer":"anech512","seller":"ugochill","symbol":"POB","quantity":"0.01479222","price":"0.01222220","timestamp":1656074241,"volume":"0.00018079","buyTxId":"231ca204b1296a954217d07c2d3d383a4f943ce2","sellTxId":"0b48b8db0dc035094c4fb25e8e877064ea91975c"}
{"index": {"_index":"pob","_id":"3763031"}}
	{"id":3763031,"type":"sell","buyer":"anech512","seller":"cloudblade","symbol":"POB","quantity":"36.77247463","price":"0.01222220","timestamp":1656074472,"volume":"0.44944054","buyTxId":"231ca204b1296a954217d07c2d3d383a4f943ce2","sellTxId":"db529fde44175da5f4e72ffd5783467d7e403c83"}
{"index": {"_index":"pob","_id":"3763296"}}
	{"id":3763296,"type":"sell","buyer":"anech512","seller":"trumpman","symbol":"POB","quantity":"49.01193459","price":"0.01222220","timestamp":1656077247,"volume":"0.59903367","buyTxId":"231ca204b1296a954217d07c2d3d383a4f943ce2","sellTxId":"2a42806e99a3af6de105817ca33d6e8d20a34280"}
{"index": {"_index":"pob","_id":"3763420"}}
	{"id":3763420,"type":"sell","buyer":"anech512","seller":"ugochill","symbol":"POB","quantity":"0.04937550","price":"0.01222220","timestamp":1656079137,"volume":"0.00060348","buyTxId":"231ca204b1296a954217d07c2d3d383a4f943ce2","sellTxId":"86d2efa541a5990acdea1d1d4636fc723b4bdfff"}
{"index": {"_index":"pob","_id":"3763474"}}
	{"id":3763474,"type":"sell","buyer":"anech512","seller":"andy4475","symbol":"POB","quantity":"10.79492201","price":"0.01222220","timestamp":1656079647,"volume":"0.13193770","buyTxId":"231ca204b1296a954217d07c2d3d383a4f943ce2","sellTxId":"19ceb28a228832a25f577b698d9815e8afead7d6"}
{"index": {"_index":"pob","_id":"3763526"}}
	{"id":3763526,"type":"buy","buyer":"yintercept","seller":"ajanaku","symbol":"POB","quantity":"0.93052450","price":"0.01224000","timestamp":1656080208,"volume":"0.01138962","buyTxId":"112625670490873e29a39af0553b5409d8c39ae5","sellTxId":"d905dc427e871e8fa8dea90066ed63ce237536b7"}
{"index": {"_index":"pob","_id":"3763530"}}
	{"id":3763530,"type":"buy","buyer":"bionicpainter","seller":"ajanaku","symbol":"POB","quantity":"1.20132032","price":"0.01224000","timestamp":1656080271,"volume":"0.01470416","buyTxId":"615d2a1d92306db449b7eca80ea5261777f410a6","sellTxId":"d905dc427e871e8fa8dea90066ed63ce237536b7"}
{"index": {"_index":"pob","_id":"3763531"}}
	{"id":3763531,"type":"buy","buyer":"bionicpainter","seller":"damla","symbol":"POB","quantity":"3.12430568","price":"0.01224000","timestamp":1656080271,"volume":"0.03824150","buyTxId":"615d2a1d92306db449b7eca80ea5261777f410a6","sellTxId":"e43edec9302dfd452b975324cc3ddeb4c83a9b98"}
{"index": {"_index":"pob","_id":"3763639"}}
	{"id":3763639,"type":"buy","buyer":"he-index","seller":"damla","symbol":"POB","quantity":"0.00000050","price":"0.01224000","timestamp":1656081729,"volume":"0.00000001","buyTxId":"1d83b2e84d3155d43dfca473242d17f435b120ee","sellTxId":"e43edec9302dfd452b975324cc3ddeb4c83a9b98"}
{"index": {"_index":"pob","_id":"3763713"}}
	{"id":3763713,"type":"sell","buyer":"he-index","seller":"robibasa","symbol":"POB","quantity":"0.54137590","price":"0.01224000","timestamp":1656082473,"volume":"0.00662644","buyTxId":"1d83b2e84d3155d43dfca473242d17f435b120ee","sellTxId":"dbad3b65aaf994eb90a560c95f988e7f763a995e"}
{"index": {"_index":"pob","_id":"3763902"}}
	{"id":3763902,"type":"sell","buyer":"he-index","seller":"jesustiano","symbol":"POB","quantity":"0.60262360","price":"0.01224000","timestamp":1656084144,"volume":"0.00737611","buyTxId":"1d83b2e84d3155d43dfca473242d17f435b120ee","sellTxId":"bdc78967377d8b9283859227af51a1106904414c"}
{"index": {"_index":"pob","_id":"3763903"}}
	{"id":3763903,"type":"sell","buyer":"anech512","seller":"jesustiano","symbol":"POB","quantity":"10.06428765","price":"0.01222220","timestamp":1656084144,"volume":"0.12300774","buyTxId":"231ca204b1296a954217d07c2d3d383a4f943ce2","sellTxId":"bdc78967377d8b9283859227af51a1106904414c"}
{"index": {"_index":"pob","_id":"3764645"}}
	{"id":3764645,"type":"sell","buyer":"anech512","seller":"lisamgentile1961","symbol":"POB","quantity":"1.19710325","price":"0.01222220","timestamp":1656090615,"volume":"0.01463124","buyTxId":"231ca204b1296a954217d07c2d3d383a4f943ce2","sellTxId":"cab6d9a801155a5e34b7c38cf04294857499ff8a"}
{"index": {"_index":"pob","_id":"3764908"}}
	{"id":3764908,"type":"sell","buyer":"anech512","seller":"curatorcat.pal","symbol":"POB","quantity":"0.52483253","price":"0.01222220","timestamp":1656092865,"volume":"0.00641461","buyTxId":"231ca204b1296a954217d07c2d3d383a4f943ce2","sellTxId":"64703e4e3ee65e7e2d52f46cb8833123a7abcf49"}
{"index": {"_index":"pob","_id":"3765222"}}
	{"id":3765222,"type":"sell","buyer":"anech512","seller":"teteuzinho","symbol":"POB","quantity":"21.58477019","price":"0.01222220","timestamp":1656096837,"volume":"0.26381338","buyTxId":"231ca204b1296a954217d07c2d3d383a4f943ce2","sellTxId":"65776bfd1383bd5d66892560f8b3d64f6e4732a5"}
{"index": {"_index":"pob","_id":"3765429"}}
	{"id":3765429,"type":"sell","buyer":"anech512","seller":"pjansen","symbol":"POB","quantity":"583.58131892","price":"0.01222220","timestamp":1656098829,"volume":"7.13264760","buyTxId":"231ca204b1296a954217d07c2d3d383a4f943ce2","sellTxId":"842eaf87516f2b9793a05b8d2e34e7abff2c1e65"}
{"index": {"_index":"pob","_id":"3765447"}}
	{"id":3765447,"type":"sell","buyer":"anech512","seller":"dswap","symbol":"POB","quantity":"10.32","price":"0.01222220","timestamp":1656099021,"volume":"0.12613310","buyTxId":"231ca204b1296a954217d07c2d3d383a4f943ce2","sellTxId":"9d603410ff5a85d9b0db9725e82b0965182e52fa"}
{"index": {"_index":"pob","_id":"3765566"}}
	{"id":3765566,"type":"sell","buyer":"anech512","seller":"underlock","symbol":"POB","quantity":"42.52902215","price":"0.01222220","timestamp":1656100122,"volume":"0.51979821","buyTxId":"231ca204b1296a954217d07c2d3d383a4f943ce2","sellTxId":"1bf768b55776e66fcad00162ae14ed6c70e85729"}
{"index": {"_index":"pob","_id":"3765592"}}
	{"id":3765592,"type":"sell","buyer":"anech512","seller":"lordneroo","symbol":"POB","quantity":"25.35827633","price":"0.01222220","timestamp":1656100617,"volume":"0.30993392","buyTxId":"231ca204b1296a954217d07c2d3d383a4f943ce2","sellTxId":"26bf7af4a6dfea793e7e5eee9ffe072374137d62"}
{"index": {"_index":"pob","_id":"3765724"}}
	{"id":3765724,"type":"sell","buyer":"anech512","seller":"andy4475","symbol":"POB","quantity":"5.07844904","price":"0.01222220","timestamp":1656102522,"volume":"0.06206982","buyTxId":"231ca204b1296a954217d07c2d3d383a4f943ce2","sellTxId":"ac784ce430c320df0c9770c277b34fe44423f3bb"}
{"index": {"_index":"pob","_id":"3765774"}}
	{"id":3765774,"type":"sell","buyer":"anech512","seller":"jlufer","symbol":"POB","quantity":"73.16510639","price":"0.01222220","timestamp":1656103452,"volume":"0.89423856","buyTxId":"231ca204b1296a954217d07c2d3d383a4f943ce2","sellTxId":"d4db467a55938fa2b27a0af96449e205aa16b13d"}
{"index": {"_index":"pob","_id":"3765796"}}
	{"id":3765796,"type":"sell","buyer":"anech512","seller":"deathwing","symbol":"POB","quantity":"0.026","price":"0.01222220","timestamp":1656104106,"volume":"0.00031778","buyTxId":"231ca204b1296a954217d07c2d3d383a4f943ce2","sellTxId":"f98b49c09ee9a65a7ef57c64a9aa43c461d4b6cb-0"}
{"index": {"_index":"pob","_id":"3765909"}}
	{"id":3765909,"type":"sell","buyer":"anech512","seller":"wil.metcalfe","symbol":"POB","quantity":"2.66993464","price":"0.01222220","timestamp":1656106263,"volume":"0.03263248","buyTxId":"231ca204b1296a954217d07c2d3d383a4f943ce2","sellTxId":"730d16d4a1bf5ebbfe8d05ff3be64f539ec99dda"}
{"index": {"_index":"pob","_id":"3766032"}}
	{"id":3766032,"type":"sell","buyer":"anech512","seller":"he-index","symbol":"POB","quantity":"0.07600000","price":"0.01222220","timestamp":1656108063,"volume":"0.00092889","buyTxId":"231ca204b1296a954217d07c2d3d383a4f943ce2","sellTxId":"d555ff4f2b0e7ec316c1459438abb6e7f93b7316"}
{"index": {"_index":"pob","_id":"3766334"}}
	{"id":3766334,"type":"sell","buyer":"anech512","seller":"phoenixwren","symbol":"POB","quantity":"8.11766773","price":"0.01222220","timestamp":1656110640,"volume":"0.09921576","buyTxId":"231ca204b1296a954217d07c2d3d383a4f943ce2","sellTxId":"71046264df83ca731ffc183710e38b4f56745ff9"}
{"index": {"_index":"pob","_id":"3766701"}}
	{"id":3766701,"type":"buy","buyer":"thegoliath","seller":"richardcrill","symbol":"POB","quantity":"1000.00000000","price":"0.01440000","timestamp":1656114897,"volume":"14.40000000","buyTxId":"3802a322d59f37ebdd30316aa1beb6481697be92","sellTxId":"MM-P-18566126-65557953-3-12-0"}
{"index": {"_index":"pob","_id":"3766706"}}
	{"id":3766706,"type":"sell","buyer":"thegoliath","seller":"steem82868","symbol":"POB","quantity":"0.27101400","price":"0.01440000","timestamp":1656114954,"volume":"0.00390260","buyTxId":"3802a322d59f37ebdd30316aa1beb6481697be92","sellTxId":"f6a460e43399389e3202fd71abd2cd8491c12adf"}
{"index": {"_index":"pob","_id":"3766722"}}
	{"id":3766722,"type":"sell","buyer":"thegoliath","seller":"pjansen","symbol":"POB","quantity":"1169.02605173","price":"0.01440000","timestamp":1656115287,"volume":"16.83397514","buyTxId":"3802a322d59f37ebdd30316aa1beb6481697be92","sellTxId":"fa263d695a9f97882919e72ac722432715e50847"}
{"index": {"_index":"pob","_id":"3766727"}}
	{"id":3766727,"type":"sell","buyer":"thegoliath","seller":"pjansen","symbol":"POB","quantity":"1099.07164282","price":"0.01440000","timestamp":1656115326,"volume":"15.82663166","buyTxId":"3802a322d59f37ebdd30316aa1beb6481697be92","sellTxId":"8617d1bb5dd0acbccc0863d61c1afb2fe4caab6c"}
{"index": {"_index":"pob","_id":"3766728"}}
	{"id":3766728,"type":"sell","buyer":"thegoliath","seller":"pjansen","symbol":"POB","quantity":"410.91542667","price":"0.01440000","timestamp":1656115359,"volume":"5.91718214","buyTxId":"3802a322d59f37ebdd30316aa1beb6481697be92","sellTxId":"adfb2bc0c57d6b9aaa395fd79f794c44000f9490"}
{"index": {"_index":"pob","_id":"3766814"}}
	{"id":3766814,"type":"sell","buyer":"thegoliath","seller":"pjansen","symbol":"POB","quantity":"320.71586478","price":"0.01440000","timestamp":1656116370,"volume":"4.61830845","buyTxId":"3802a322d59f37ebdd30316aa1beb6481697be92","sellTxId":"832e9824aa1159823c26fa47aa7c6b26c40b81fa"}
{"index": {"_index":"pob","_id":"3766815"}}
	{"id":3766815,"type":"sell","buyer":"anech512","seller":"pjansen","symbol":"POB","quantity":"0.00577602","price":"0.01222220","timestamp":1656116370,"volume":"0.00007060","buyTxId":"231ca204b1296a954217d07c2d3d383a4f943ce2","sellTxId":"832e9824aa1159823c26fa47aa7c6b26c40b81fa"}
{"index": {"_index":"pob","_id":"3766874"}}
	{"id":3766874,"type":"sell","buyer":"thegoliath","seller":"pjansen","symbol":"POB","quantity":"103.02560335","price":"0.01342220","timestamp":1656117300,"volume":"1.38283025","buyTxId":"0a50f2c8f50c1390954e56a9fa0d1c9969a1d89a","sellTxId":"3879a690b969bf595c3c320cd961a8556d9dc6fd"}
{"index": {"_index":"pob","_id":"3766928"}}
	{"id":3766928,"type":"sell","buyer":"thegoliath","seller":"osomar357","symbol":"POB","quantity":"55.01314483","price":"0.01342220","timestamp":1656118143,"volume":"0.73839743","buyTxId":"0a50f2c8f50c1390954e56a9fa0d1c9969a1d89a","sellTxId":"6bcf833d969eb8837fc0d7f92174472d68a82ef9"}
{"index": {"_index":"pob","_id":"3766973"}}
	{"id":3766973,"type":"buy","buyer":"pjansen","seller":"richardcrill","symbol":"POB","quantity":"232.37908496","price":"0.01530000","timestamp":1656118521,"volume":"3.5554","buyTxId":"33f601652b6d26fb2351469da247c52588c6c416","sellTxId":"MM-P-18567524-65559352-3-12-0"}
{"index": {"_index":"pob","_id":"3767174"}}
	{"id":3767174,"type":"buy","buyer":"pjansen","seller":"richardcrill","symbol":"POB","quantity":"206.27152317","price":"0.01510000","timestamp":1656121095,"volume":"3.1147","buyTxId":"9f407f20ce2e712c1dcf30cafee0b820130daa1c","sellTxId":"MM-P-18568920-65560749-3-12-0"}
{"index": {"_index":"pob","_id":"3767192"}}
	{"id":3767192,"type":"sell","buyer":"thegoliath","seller":"durlan","symbol":"POB","quantity":"2.4607014","price":"0.01342220","timestamp":1656121428,"volume":"0.03302803","buyTxId":"0a50f2c8f50c1390954e56a9fa0d1c9969a1d89a","sellTxId":"0d2101516d93b62a3f6d812d122eba118e566926"}
{"index": {"_index":"pob","_id":"3767309"}}
	{"id":3767309,"type":"sell","buyer":"thegoliath","seller":"steem82868","symbol":"POB","quantity":"1.99725110","price":"0.01342220","timestamp":1656123441,"volume":"0.02680750","buyTxId":"0a50f2c8f50c1390954e56a9fa0d1c9969a1d89a","sellTxId":"3f2ac73931b6c93aed2080f22b907230be37fee1"}
{"index": {"_index":"pob","_id":"3767393"}}
	{"id":3767393,"type":"buy","buyer":"pjansen","seller":"richardcrill","symbol":"POB","quantity":"150.81879194","price":"0.01490000","timestamp":1656125265,"volume":"2.2472","buyTxId":"1db2bcd102769c30949b8a835996e505124c0f40","sellTxId":"MM-P-18570214-65562046-3-12-0"}
