{"index": {"_index":"pob","_id":"1567790"}}
	{"id":1567790,"type":"sell","buyer":"joshh71390","seller":"hive.pizza","symbol":"POB","quantity":"1.00741756","price":"0.26850000","timestamp":1632364584,"volume":"0.27049161","buyTxId":"5b21db03b252acac19f78f00034d207603756b80","sellTxId":"ecaa6974418a13db7b395f46c64118426e9cce5d"}
{"index": {"_index":"pob","_id":"1567844"}}
	{"id":1567844,"type":"buy","buyer":"opidia","seller":"joshh71390","symbol":"POB","quantity":"4.61973977","price":"0.28800000","timestamp":1632365511,"volume":"1.33048505","buyTxId":"a97d418cfe3d3f632ccc22455fbab4285772b951","sellTxId":"6b7e175f9421602a8f8f628911d585ab682e0704"}
{"index": {"_index":"pob","_id":"1567886"}}
	{"id":1567886,"type":"buy","buyer":"opidia","seller":"solovey6o2","symbol":"POB","quantity":"2.45398000","price":"0.28999999","timestamp":1632366471,"volume":"0.71165418","buyTxId":"f1b2bd0e8f5e41b9d275da1fe0834a25e3062c92","sellTxId":"b50397786fe4260e33fb9f1fa37246ea576922a5"}
{"index": {"_index":"pob","_id":"1568044"}}
	{"id":1568044,"type":"buy","buyer":"shralve","seller":"solovey6o2","symbol":"POB","quantity":"5.04602044","price":"0.28999999","timestamp":1632369417,"volume":"1.46334588","buyTxId":"99ee8466d2b38a480183dba9f4d8bdd756522691","sellTxId":"b50397786fe4260e33fb9f1fa37246ea576922a5"}
{"index": {"_index":"pob","_id":"1568045"}}
	{"id":1568045,"type":"buy","buyer":"shralve","seller":"uwelang","symbol":"POB","quantity":"234.95397956","price":"0.29000000","timestamp":1632369417,"volume":"68.13665407","buyTxId":"99ee8466d2b38a480183dba9f4d8bdd756522691","sellTxId":"76b2f0f86e892c57339acab700275ade4cafb550"}
{"index": {"_index":"pob","_id":"1568054"}}
	{"id":1568054,"type":"sell","buyer":"joshh71390","seller":"sugandhaseth","symbol":"POB","quantity":"14.32195961","price":"0.26850000","timestamp":1632369936,"volume":"3.84544615","buyTxId":"5b21db03b252acac19f78f00034d207603756b80","sellTxId":"729d1ca32c2168d36fc430968fa68f8508c970e2"}
{"index": {"_index":"pob","_id":"1568094"}}
	{"id":1568094,"type":"sell","buyer":"jersteemit","seller":"flipflopcrypto","symbol":"POB","quantity":"1.83912714","price":"0.26750000","timestamp":1632370575,"volume":"0.49196651","buyTxId":"b34c1a154206e51b32b6e9c53477b904dc154ef3","sellTxId":"4916b09250943cf6596007b7931e6218e66497ab"}
{"index": {"_index":"pob","_id":"1568122"}}
	{"id":1568122,"type":"sell","buyer":"jersteemit","seller":"sayago","symbol":"POB","quantity":"6.11589955","price":"0.26750000","timestamp":1632370905,"volume":"1.63600313","buyTxId":"b34c1a154206e51b32b6e9c53477b904dc154ef3","sellTxId":"5ff51fe2989ca0b5e6a9809da5a2f9945394f022"}
{"index": {"_index":"pob","_id":"1568192"}}
	{"id":1568192,"type":"buy","buyer":"ugochill","seller":"sugandhaseth","symbol":"POB","quantity":"0.07000000","price":"0.26850000","timestamp":1632372237,"volume":"0.01879500","buyTxId":"a1f52d1856b42ed2875081294d510ab05a8db767","sellTxId":"729d1ca32c2168d36fc430968fa68f8508c970e2"}
{"index": {"_index":"pob","_id":"1568241"}}
	{"id":1568241,"type":"buy","buyer":"jersteemit","seller":"sugandhaseth","symbol":"POB","quantity":"4.00000000","price":"0.26850000","timestamp":1632373503,"volume":"1.07400000","buyTxId":"eccb3b28f93535bd958eafe0c1c728f14112ba87","sellTxId":"729d1ca32c2168d36fc430968fa68f8508c970e2"}
{"index": {"_index":"pob","_id":"1568255"}}
	{"id":1568255,"type":"sell","buyer":"coininstant","seller":"daniel2001","symbol":"POB","quantity":"0.49916688","price":"0.26701000","timestamp":1632373746,"volume":"0.13328255","buyTxId":"5008dac79853fc4c151008e496b5d65875b481ff","sellTxId":"3cac5342a0cf152f91ccb14e2bf565224186c90a"}
{"index": {"_index":"pob","_id":"1568262"}}
	{"id":1568262,"type":"buy","buyer":"jersteemit","seller":"sugandhaseth","symbol":"POB","quantity":"14.42522204","price":"0.26850000","timestamp":1632373995,"volume":"3.87317212","buyTxId":"8c2d1b68dcacff0d9a25b108a3c7eb097565f72c","sellTxId":"729d1ca32c2168d36fc430968fa68f8508c970e2"}
{"index": {"_index":"pob","_id":"1568395"}}
	{"id":1568395,"type":"buy","buyer":"ugochill","seller":"uwelang","symbol":"POB","quantity":"0.20000000","price":"0.29000000","timestamp":1632376122,"volume":"0.05800000","buyTxId":"58987fd57dee618a9564d2d9ccd3bfa8fd6f4c18","sellTxId":"76b2f0f86e892c57339acab700275ade4cafb550"}
{"index": {"_index":"pob","_id":"1568416"}}
	{"id":1568416,"type":"buy","buyer":"muratkbesiroglu","seller":"uwelang","symbol":"POB","quantity":"65.00000000","price":"0.29000000","timestamp":1632377091,"volume":"18.85000000","buyTxId":"7440c28589dd3b93800bca913d50f0c6fa61cb4b","sellTxId":"76b2f0f86e892c57339acab700275ade4cafb550"}
{"index": {"_index":"pob","_id":"1568436"}}
	{"id":1568436,"type":"sell","buyer":"he-index","seller":"imla-iim","symbol":"POB","quantity":"0.59200000","price":"0.26850000","timestamp":1632377373,"volume":"0.15895200","buyTxId":"193550753d1dfeee29d0f939ef282eda55be0e1d","sellTxId":"9ec0c8a84748c7915b096ed2f517baa9744ac0ac"}
{"index": {"_index":"pob","_id":"1568437"}}
	{"id":1568437,"type":"sell","buyer":"he-index","seller":"imla-iim","symbol":"POB","quantity":"0.65200000","price":"0.26850000","timestamp":1632377373,"volume":"0.17506200","buyTxId":"861d199858269d00d9b3ddc63c66a92f777520cb","sellTxId":"9ec0c8a84748c7915b096ed2f517baa9744ac0ac"}
{"index": {"_index":"pob","_id":"1568438"}}
	{"id":1568438,"type":"sell","buyer":"jersteemit","seller":"imla-iim","symbol":"POB","quantity":"0.97600000","price":"0.26800000","timestamp":1632377373,"volume":"0.26156800","buyTxId":"3e17b0c60b9a3a70551db21f387a49cb68b84a78","sellTxId":"9ec0c8a84748c7915b096ed2f517baa9744ac0ac"}
{"index": {"_index":"pob","_id":"1568474"}}
	{"id":1568474,"type":"sell","buyer":"jersteemit","seller":"theguruasia","symbol":"POB","quantity":"4.37741296","price":"0.26800000","timestamp":1632378126,"volume":"1.17314667","buyTxId":"3e17b0c60b9a3a70551db21f387a49cb68b84a78","sellTxId":"19bb5ddf6e736016223f5657efec3426b5f83a95"}
{"index": {"_index":"pob","_id":"1568482"}}
	{"id":1568482,"type":"sell","buyer":"jersteemit","seller":"jongolson","symbol":"POB","quantity":"3.14658704","price":"0.26800000","timestamp":1632378306,"volume":"0.84328533","buyTxId":"3e17b0c60b9a3a70551db21f387a49cb68b84a78","sellTxId":"75ba14aab79db6441333bf54b88dc0dffa0eaa4c"}
{"index": {"_index":"pob","_id":"1568483"}}
	{"id":1568483,"type":"sell","buyer":"jersteemit","seller":"jongolson","symbol":"POB","quantity":"0.56838096","price":"0.26800000","timestamp":1632378306,"volume":"0.15232610","buyTxId":"c89950a35bd817b94c0fc4d9701bc2a8d606108f","sellTxId":"75ba14aab79db6441333bf54b88dc0dffa0eaa4c"}
{"index": {"_index":"pob","_id":"1568513"}}
	{"id":1568513,"type":"sell","buyer":"jersteemit","seller":"abbey877","symbol":"POB","quantity":"50.00000000","price":"0.26800000","timestamp":1632379023,"volume":"13.40000000","buyTxId":"c89950a35bd817b94c0fc4d9701bc2a8d606108f","sellTxId":"97f50b39f80db56958c3d98544dd094b7078a60c"}
{"index": {"_index":"pob","_id":"1568521"}}
	{"id":1568521,"type":"sell","buyer":"jersteemit","seller":"nuthman","symbol":"POB","quantity":"1.11989931","price":"0.26800000","timestamp":1632379122,"volume":"0.30013302","buyTxId":"c89950a35bd817b94c0fc4d9701bc2a8d606108f","sellTxId":"8acce002e945623e34f3f92156f139d4df7e8f54"}
{"index": {"_index":"pob","_id":"1568561"}}
	{"id":1568561,"type":"sell","buyer":"jersteemit","seller":"beemd","symbol":"POB","quantity":"0.31171973","price":"0.26800000","timestamp":1632380019,"volume":"0.08354088","buyTxId":"c89950a35bd817b94c0fc4d9701bc2a8d606108f","sellTxId":"eaa32f1047046b9db3a8fae47a989e052cc73765"}
{"index": {"_index":"pob","_id":"1568562"}}
	{"id":1568562,"type":"sell","buyer":"coininstant","seller":"beemd","symbol":"POB","quantity":"1.87505580","price":"0.26701000","timestamp":1632380076,"volume":"0.50065865","buyTxId":"5008dac79853fc4c151008e496b5d65875b481ff","sellTxId":"6351647f23930290ac3c566bcf33fbbc36346898"}
{"index": {"_index":"pob","_id":"1568566"}}
	{"id":1568566,"type":"sell","buyer":"coininstant","seller":"mawit07","symbol":"POB","quantity":"4.43590138","price":"0.26701000","timestamp":1632380283,"volume":"1.18443002","buyTxId":"5008dac79853fc4c151008e496b5d65875b481ff","sellTxId":"5ac190044ebf42f456508996dd17935809e2b43f"}
{"index": {"_index":"pob","_id":"1568623"}}
	{"id":1568623,"type":"sell","buyer":"richardcrill","seller":"damla","symbol":"POB","quantity":"2.58160974","price":"0.26610005","timestamp":1632381354,"volume":"0.68696648","buyTxId":"MM-P-10683478-57668043-3-11-0","sellTxId":"d985ef1462ea37d8e7f6eb1232e290c79c0d665c"}
{"index": {"_index":"pob","_id":"1568624"}}
	{"id":1568624,"type":"buy","buyer":"he-index","seller":"mawit07","symbol":"POB","quantity":"0.13834759","price":"0.26701000","timestamp":1632381372,"volume":"0.03694019","buyTxId":"5d41f4cba8f1311779f28d7720093df7419006cd","sellTxId":"5ac190044ebf42f456508996dd17935809e2b43f"}
{"index": {"_index":"pob","_id":"1568719"}}
	{"id":1568719,"type":"sell","buyer":"gimme-your-coinz","seller":"itharagaian","symbol":"POB","quantity":"0.34000000","price":"0.26711002","timestamp":1632384507,"volume":"0.09081741","buyTxId":"206ebf938016e33a31a8c5471f6c4b7c9a503bb3","sellTxId":"653be93e754fe8b46935f3c89c6afdfa95d3e124"}
{"index": {"_index":"pob","_id":"1568728"}}
	{"id":1568728,"type":"sell","buyer":"gimme-your-coinz","seller":"brofi-market","symbol":"POB","quantity":"8.60634308","price":"0.26721003","timestamp":1632384684,"volume":"2.29970119","buyTxId":"33c18f5e6540aba2c7a631471b2e40b686e0a369","sellTxId":"a3b45daac73d6fcf5519d84b8437bb46af939c6a"}
{"index": {"_index":"pob","_id":"1568788"}}
	{"id":1568788,"type":"sell","buyer":"gimme-your-coinz","seller":"melbourneswest","symbol":"POB","quantity":"6.42079641","price":"0.26771008","timestamp":1632386268,"volume":"1.71891192","buyTxId":"02d280c53f12cb171d822517561a206de3430d6d","sellTxId":"4a2f7913138b727e6d73ed4894d267e1c4498637"}
{"index": {"_index":"pob","_id":"1568921"}}
	{"id":1568921,"type":"sell","buyer":"gimme-your-coinz","seller":"espandorr","symbol":"POB","quantity":"44.00000000","price":"0.26831014","timestamp":1632388248,"volume":"11.80564616","buyTxId":"a3e60080b942dcbcf47080246bb8d99f493c9d4c","sellTxId":"7287a7e109c3324e8a603aca8449979ef1aba2f7"}
{"index": {"_index":"pob","_id":"1568922"}}
	{"id":1568922,"type":"sell","buyer":"richardcrill","seller":"espandorr","symbol":"POB","quantity":"44.00000000","price":"0.26841014","timestamp":1632388278,"volume":"11.81004616","buyTxId":"MM-P-10686362-57670936-3-11-0","sellTxId":"dbcce0f9ea2cd32b0f4ab74bf979c4ef9ea308d4"}
{"index": {"_index":"pob","_id":"1568934"}}
	{"id":1568934,"type":"sell","buyer":"gimme-your-coinz","seller":"espandorr","symbol":"POB","quantity":"44.00000000","price":"0.26841015","timestamp":1632388524,"volume":"11.81004660","buyTxId":"ba67b392cba39c95ff5321361f715ae96b0eb830","sellTxId":"afb5c6527e23b2b378a482271127cedd3b9d1e40"}
{"index": {"_index":"pob","_id":"1568935"}}
	{"id":1568935,"type":"sell","buyer":"gimme-your-coinz","seller":"espandorr","symbol":"POB","quantity":"14.17336720","price":"0.26841015","timestamp":1632388524,"volume":"3.80427562","buyTxId":"7bc15166140a63ed58cb637828a007c2e4a8f849","sellTxId":"afb5c6527e23b2b378a482271127cedd3b9d1e40"}
{"index": {"_index":"pob","_id":"1568948"}}
	{"id":1568948,"type":"sell","buyer":"gimme-your-coinz","seller":"badbitch","symbol":"POB","quantity":"38.73930110","price":"0.26851016","timestamp":1632388758,"volume":"10.40189594","buyTxId":"c52a93f8669616ced20d5f20fb9a2f1c7cedba0f","sellTxId":"208da314e56ef97d8cbef904db52b5538d32d023"}
{"index": {"_index":"pob","_id":"1568970"}}
	{"id":1568970,"type":"sell","buyer":"gimme-your-coinz","seller":"lloyddavis","symbol":"POB","quantity":"0.04489700","price":"0.26861017","timestamp":1632389082,"volume":"0.01205979","buyTxId":"9ff7c28dc8f0950771f1973e570fe7e13f2b317a","sellTxId":"5559e627b13b12eff0b3515b724376a158521af5"}
{"index": {"_index":"pob","_id":"1569116"}}
	{"id":1569116,"type":"sell","buyer":"gimme-your-coinz","seller":"galenkp","symbol":"POB","quantity":"31.57249968","price":"0.26961027","timestamp":1632391920,"volume":"8.51227016","buyTxId":"c9af3613cdabbe0e1035dd68acf216c0322433e2","sellTxId":"de7e8ff6fc7ba305a2f43797c5abc0b2553ad621"}
{"index": {"_index":"pob","_id":"1569117"}}
	{"id":1569117,"type":"sell","buyer":"gimme-your-coinz","seller":"cantfoldaces","symbol":"POB","quantity":"0.02288870","price":"0.26961027","timestamp":1632391926,"volume":"0.00617103","buyTxId":"c9af3613cdabbe0e1035dd68acf216c0322433e2","sellTxId":"ae964c53502066dad25c19a480156e267fcb3750"}
{"index": {"_index":"pob","_id":"1569149"}}
	{"id":1569149,"type":"sell","buyer":"richardcrill","seller":"repayme4568","symbol":"POB","quantity":"13.78479359","price":"0.26991029","timestamp":1632392775,"volume":"3.72065764","buyTxId":"MM-P-10687855-57672433-3-11-0","sellTxId":"8d802379f7793ce7c8dbf94a044a7b41cc83e908"}
{"index": {"_index":"pob","_id":"1569187"}}
	{"id":1569187,"type":"sell","buyer":"gimme-your-coinz","seller":"valor2s","symbol":"POB","quantity":"1.54049555","price":"0.27000001","timestamp":1632393504,"volume":"0.41593381","buyTxId":"b21f51b1091b536282f4bffa63decfb7a1ae50ac","sellTxId":"fe94e9e84838bca375aef9fc374310198e90f74b"}
{"index": {"_index":"pob","_id":"1569206"}}
	{"id":1569206,"type":"sell","buyer":"gimme-your-coinz","seller":"zainalbakri","symbol":"POB","quantity":"5.31291009","price":"0.27000001","timestamp":1632393891,"volume":"1.43448578","buyTxId":"b21f51b1091b536282f4bffa63decfb7a1ae50ac","sellTxId":"0f10be8cb9752100c4e2442b5f9a5cf7afe5a078"}
{"index": {"_index":"pob","_id":"1569220"}}
	{"id":1569220,"type":"sell","buyer":"gimme-your-coinz","seller":"andy4475","symbol":"POB","quantity":"0.36154521","price":"0.27000001","timestamp":1632394104,"volume":"0.09761721","buyTxId":"b21f51b1091b536282f4bffa63decfb7a1ae50ac","sellTxId":"e8f53456105ffa5afa416e8c18db9c2890de658c"}
{"index": {"_index":"pob","_id":"1569256"}}
	{"id":1569256,"type":"sell","buyer":"gimme-your-coinz","seller":"oscarpower55","symbol":"POB","quantity":"0.77150127","price":"0.27000001","timestamp":1632394758,"volume":"0.20830535","buyTxId":"b21f51b1091b536282f4bffa63decfb7a1ae50ac","sellTxId":"bf3a509b079ff24aaf4a008e6c8a50da1370408c"}
{"index": {"_index":"pob","_id":"1569258"}}
	{"id":1569258,"type":"sell","buyer":"gimme-your-coinz","seller":"oswvin01","symbol":"POB","quantity":"9.72530112","price":"0.27000001","timestamp":1632394851,"volume":"2.62583140","buyTxId":"b21f51b1091b536282f4bffa63decfb7a1ae50ac","sellTxId":"fe567eee4b36fe36f176a4698da49d81913f49e5"}
{"index": {"_index":"pob","_id":"1569294"}}
	{"id":1569294,"type":"sell","buyer":"gimme-your-coinz","seller":"slobberchops","symbol":"POB","quantity":"15.55911588","price":"0.27000001","timestamp":1632395775,"volume":"4.20096144","buyTxId":"b21f51b1091b536282f4bffa63decfb7a1ae50ac","sellTxId":"e8e8029485617ee60596c767b4bc1a32ffd2522a"}
{"index": {"_index":"pob","_id":"1569307"}}
	{"id":1569307,"type":"sell","buyer":"gimme-your-coinz","seller":"bitcoinflood","symbol":"POB","quantity":"10.72913088","price":"0.27000001","timestamp":1632396114,"volume":"2.89686544","buyTxId":"b21f51b1091b536282f4bffa63decfb7a1ae50ac","sellTxId":"6e7c69190a621b100149724463c8de9bb310ece5"}
{"index": {"_index":"pob","_id":"1569308"}}
	{"id":1569308,"type":"sell","buyer":"gimme-your-coinz","seller":"bitcoinflood","symbol":"POB","quantity":"7.72988369","price":"0.27000001","timestamp":1632396114,"volume":"2.08706867","buyTxId":"042b62aed79633b6e304e465d114b060a0be5f71","sellTxId":"6e7c69190a621b100149724463c8de9bb310ece5"}
{"index": {"_index":"pob","_id":"1569347"}}
	{"id":1569347,"type":"sell","buyer":"gimme-your-coinz","seller":"esperosh1ve","symbol":"POB","quantity":"0.07636330","price":"0.27000001","timestamp":1632396966,"volume":"0.02061809","buyTxId":"042b62aed79633b6e304e465d114b060a0be5f71","sellTxId":"8a57534bba6e2477f92b6de16a8144065969beb2"}
{"index": {"_index":"pob","_id":"1569369"}}
	{"id":1569369,"type":"buy","buyer":"uyobong","seller":"joshh71390","symbol":"POB","quantity":"20.38026023","price":"0.28950000","timestamp":1632397584,"volume":"5.90008534","buyTxId":"3d8550f39244f526fee684dc816c844d15c308b1","sellTxId":"267cd454d7edfc63ac19f011bf0eca2046307385"}
{"index": {"_index":"pob","_id":"1569370"}}
	{"id":1569370,"type":"buy","buyer":"uyobong","seller":"brofi-market","symbol":"POB","quantity":"8.60634308","price":"0.28950000","timestamp":1632397584,"volume":"2.49153632","buyTxId":"3d8550f39244f526fee684dc816c844d15c308b1","sellTxId":"6172280c46fdcc5a36db8ff5de90de8632978b26"}
{"index": {"_index":"pob","_id":"1569407"}}
	{"id":1569407,"type":"buy","buyer":"uyobong.sports","seller":"uwelang","symbol":"POB","quantity":"25.66622389","price":"0.29000000","timestamp":1632398760,"volume":"7.44320493","buyTxId":"b5b755b5d66f9d447027fa44400930a09edc88b1","sellTxId":"76b2f0f86e892c57339acab700275ade4cafb550"}
{"index": {"_index":"pob","_id":"1569408"}}
	{"id":1569408,"type":"buy","buyer":"uyobong.sports","seller":"lebah","symbol":"POB","quantity":"3.33377611","price":"0.29000000","timestamp":1632398760,"volume":"0.96679507","buyTxId":"b5b755b5d66f9d447027fa44400930a09edc88b1","sellTxId":"9e9a0890bced23a1385cecf6bb3d554aa6c98e58"}
{"index": {"_index":"pob","_id":"1569422"}}
	{"id":1569422,"type":"sell","buyer":"gimme-your-coinz","seller":"gimmetricks1","symbol":"POB","quantity":"15.40332702","price":"0.28950001","timestamp":1632398928,"volume":"4.45926333","buyTxId":"db4b320d4308036e885054ca91cd8d1a579f8f53","sellTxId":"0eb9be15309f920cde932b2e30425a09a64fe2d6"}
{"index": {"_index":"pob","_id":"1569444"}}
	{"id":1569444,"type":"buy","buyer":"uyobong","seller":"lebah","symbol":"POB","quantity":"22.66622389","price":"0.29000000","timestamp":1632399042,"volume":"6.57320493","buyTxId":"1b5316e1dc5881b911aa6972444e545f47864824","sellTxId":"9e9a0890bced23a1385cecf6bb3d554aa6c98e58"}
{"index": {"_index":"pob","_id":"1569519"}}
	{"id":1569519,"type":"sell","buyer":"gimme-your-coinz","seller":"mary-me","symbol":"POB","quantity":"6.23223323","price":"0.29000001","timestamp":1632399405,"volume":"1.80734770","buyTxId":"e73502ee6bfa177ed9cd72d514f513399ff291c0","sellTxId":"94fd6f1009e0756b7a0422c4499f9725ed1bf0b8"}
{"index": {"_index":"pob","_id":"1569533"}}
	{"id":1569533,"type":"buy","buyer":"uyobong","seller":"amigareaction","symbol":"POB","quantity":"0.25000000","price":"0.30000000","timestamp":1632399609,"volume":"0.07500000","buyTxId":"851f641453fcc5358e9aba5ef531fb2fa871c7ca","sellTxId":"90f490424acd0367224d7f66a6b76f8003b9e311"}
{"index": {"_index":"pob","_id":"1569534"}}
	{"id":1569534,"type":"buy","buyer":"uyobong","seller":"joetunex","symbol":"POB","quantity":"0.75000000","price":"0.30000000","timestamp":1632399609,"volume":"0.22500000","buyTxId":"851f641453fcc5358e9aba5ef531fb2fa871c7ca","sellTxId":"80a3566d17d4bac7e72670fd1a64327c885eebd3"}
{"index": {"_index":"pob","_id":"1569536"}}
	{"id":1569536,"type":"buy","buyer":"uyobong","seller":"joetunex","symbol":"POB","quantity":"73.00000000","price":"0.30000000","timestamp":1632399723,"volume":"21.90000000","buyTxId":"04c49330c9b2b4ddf36d1836e481568a9ab71523","sellTxId":"80a3566d17d4bac7e72670fd1a64327c885eebd3"}
{"index": {"_index":"pob","_id":"1569551"}}
	{"id":1569551,"type":"buy","buyer":"uyobong","seller":"joetunex","symbol":"POB","quantity":"49.88044114","price":"0.30000000","timestamp":1632399885,"volume":"14.96413234","buyTxId":"1dae83183c488d6c8ede13eaadea03b0ada95240","sellTxId":"80a3566d17d4bac7e72670fd1a64327c885eebd3"}
{"index": {"_index":"pob","_id":"1569552"}}
	{"id":1569552,"type":"buy","buyer":"uyobong","seller":"erhan92","symbol":"POB","quantity":"1.00000000","price":"0.37998000","timestamp":1632399933,"volume":"0.37998000","buyTxId":"a6eb055f50bdb0417492c902d0bcdeb0f488204c","sellTxId":"f7186f8fa64be5aaac3c69c180c253b2c740ae93"}
{"index": {"_index":"pob","_id":"1569574"}}
	{"id":1569574,"type":"sell","buyer":"uyobong","seller":"savagetobi","symbol":"POB","quantity":"0.11955886","price":"0.30000000","timestamp":1632400269,"volume":"0.03586766","buyTxId":"1dae83183c488d6c8ede13eaadea03b0ada95240","sellTxId":"1438eadf1957ddb97ea4570946c6ee086b0f3422"}
{"index": {"_index":"pob","_id":"1569575"}}
	{"id":1569575,"type":"sell","buyer":"gimme-your-coinz","seller":"savagetobi","symbol":"POB","quantity":"13.88044114","price":"0.29000001","timestamp":1632400269,"volume":"4.02532807","buyTxId":"e73502ee6bfa177ed9cd72d514f513399ff291c0","sellTxId":"1438eadf1957ddb97ea4570946c6ee086b0f3422"}
{"index": {"_index":"pob","_id":"1569630"}}
	{"id":1569630,"type":"sell","buyer":"gimme-your-coinz","seller":"dhedge-drips","symbol":"POB","quantity":"0.92210519","price":"0.29000001","timestamp":1632401316,"volume":"0.26741051","buyTxId":"e73502ee6bfa177ed9cd72d514f513399ff291c0","sellTxId":"ecfee16a899eaedc70d2e9f8391796051c47a0c1"}
{"index": {"_index":"pob","_id":"1569636"}}
	{"id":1569636,"type":"sell","buyer":"gimme-your-coinz","seller":"tonytrillions","symbol":"POB","quantity":"0.71109849","price":"0.29000001","timestamp":1632401382,"volume":"0.20621857","buyTxId":"e73502ee6bfa177ed9cd72d514f513399ff291c0","sellTxId":"4b528ed1756cc1eb448e9f6ea5488d4ad6b752e5"}
{"index": {"_index":"pob","_id":"1569702"}}
	{"id":1569702,"type":"sell","buyer":"gimme-your-coinz","seller":"tawadak24","symbol":"POB","quantity":"5.29051040","price":"0.29000001","timestamp":1632402501,"volume":"1.53424807","buyTxId":"e73502ee6bfa177ed9cd72d514f513399ff291c0","sellTxId":"d1090a7fd36ebb4a69c9c5da16eaf7e350b410db"}
{"index": {"_index":"pob","_id":"1569723"}}
	{"id":1569723,"type":"sell","buyer":"gimme-your-coinz","seller":"tonytrillions","symbol":"POB","quantity":"0.08895144","price":"0.29000001","timestamp":1632402837,"volume":"0.02579592","buyTxId":"e73502ee6bfa177ed9cd72d514f513399ff291c0","sellTxId":"dfba45cee2d4022460eff3033387598ce22e5408"}
{"index": {"_index":"pob","_id":"1569776"}}
	{"id":1569776,"type":"sell","buyer":"gimme-your-coinz","seller":"littledisciples","symbol":"POB","quantity":"16.87466011","price":"0.29000001","timestamp":1632403410,"volume":"4.89365160","buyTxId":"e73502ee6bfa177ed9cd72d514f513399ff291c0","sellTxId":"8a57a23d03f613b1c03f264fb3da78e9d50ada7e"}
{"index": {"_index":"pob","_id":"1569777"}}
	{"id":1569777,"type":"sell","buyer":"gimme-your-coinz","seller":"littledisciples","symbol":"POB","quantity":"13.95044582","price":"0.29000001","timestamp":1632403410,"volume":"4.04562943","buyTxId":"ea834bd6e46df99caef982f5e85f8fe3436272b8","sellTxId":"8a57a23d03f613b1c03f264fb3da78e9d50ada7e"}
{"index": {"_index":"pob","_id":"1569801"}}
	{"id":1569801,"type":"sell","buyer":"gimme-your-coinz","seller":"tmholdings","symbol":"POB","quantity":"1.82215661","price":"0.29000001","timestamp":1632403785,"volume":"0.52842544","buyTxId":"ea834bd6e46df99caef982f5e85f8fe3436272b8","sellTxId":"a55262f1df14ef018d49560028f06513953ca617"}
{"index": {"_index":"pob","_id":"1569960"}}
	{"id":1569960,"type":"sell","buyer":"captaincryptic","seller":"storiesoflove","symbol":"POB","quantity":"3.00000000","price":"0.29000004","timestamp":1632405090,"volume":"0.87000012","buyTxId":"2bd73795773f431237e04a27b7b6c2aa7bff54c2","sellTxId":"9344018ab096ec98659159db98eb0e2e38f7dd55"}
{"index": {"_index":"pob","_id":"1569961"}}
	{"id":1569961,"type":"sell","buyer":"gimme-your-coinz","seller":"storiesoflove","symbol":"POB","quantity":"10.91284134","price":"0.29000003","timestamp":1632405090,"volume":"3.16472432","buyTxId":"8fb761d9e5c51a22c54e379e20f3a0353fed4127","sellTxId":"9344018ab096ec98659159db98eb0e2e38f7dd55"}
{"index": {"_index":"pob","_id":"1569965"}}
	{"id":1569965,"type":"sell","buyer":"gimme-your-coinz","seller":"captaincryptic","symbol":"POB","quantity":"3.00000000","price":"0.29000005","timestamp":1632405147,"volume":"0.87000015","buyTxId":"ec9956629ed24f4ebd039aecc766d87de5382f1d","sellTxId":"aed4f7f052719b6aeaf7c567eada0e5c4d111faf"}
{"index": {"_index":"pob","_id":"1570047"}}
	{"id":1570047,"type":"sell","buyer":"gimme-your-coinz","seller":"gubbatv","symbol":"POB","quantity":"2.32563427","price":"0.29000027","timestamp":1632406143,"volume":"0.67443457","buyTxId":"8fb4f08cbbd5583ed66e2c9c1f71b073d921703e","sellTxId":"3120afe708a74f72e619847a018ab1b24439eb67"}
{"index": {"_index":"pob","_id":"1570079"}}
	{"id":1570079,"type":"sell","buyer":"gimme-your-coinz","seller":"zainalbakri","symbol":"POB","quantity":"3.27767238","price":"0.29000049","timestamp":1632406872,"volume":"0.95052660","buyTxId":"92cd56a3869af15dbb403110115cec4d696ffd82","sellTxId":"a0cff8a0088df7a177d849a1e50cf05be960d79e"}
{"index": {"_index":"pob","_id":"1570144"}}
	{"id":1570144,"type":"sell","buyer":"gimme-your-coinz","seller":"aliveprojects","symbol":"POB","quantity":"0.81139539","price":"0.29000083","timestamp":1632408129,"volume":"0.23530534","buyTxId":"56c4705200b5c617ba7503915a90f36cbaa4129b","sellTxId":"b23b62451e587e9a9ef5ee450b4c997b334559b4"}
{"index": {"_index":"pob","_id":"1570151"}}
	{"id":1570151,"type":"sell","buyer":"gimme-your-coinz","seller":"valor2s","symbol":"POB","quantity":"1.55969252","price":"0.29000085","timestamp":1632408201,"volume":"0.45231216","buyTxId":"ca1e3a46862dd026b11b1f2f916c47466814f266","sellTxId":"f1a19a0a6e441522b34cc01b55321cb545dfa10b"}
{"index": {"_index":"pob","_id":"1570160"}}
	{"id":1570160,"type":"sell","buyer":"gimme-your-coinz","seller":"kevmcc","symbol":"POB","quantity":"2.00000000","price":"0.29000089","timestamp":1632408348,"volume":"0.58000178","buyTxId":"7c7fb7486711f23ab54c99aeaa2e092bd2dd4817","sellTxId":"b6550c1dbac83ac2dcdf15dfe9eef822c3100e02"}
{"index": {"_index":"pob","_id":"1570224"}}
	{"id":1570224,"type":"sell","buyer":"gimme-your-coinz","seller":"urun","symbol":"POB","quantity":"1.54911928","price":"0.29010027","timestamp":1632409887,"volume":"0.44939992","buyTxId":"2ceb752725b6ea2db1af9cecd8fc251884b0a0d4","sellTxId":"8b3eec2cbf0a70bbe58fb3eafc0339d9900c02ec"}
{"index": {"_index":"pob","_id":"1570303"}}
	{"id":1570303,"type":"sell","buyer":"gimme-your-coinz","seller":"cryptomaniacsgr","symbol":"POB","quantity":"3.00000000","price":"0.29010069","timestamp":1632411408,"volume":"0.87030207","buyTxId":"a3faf6439beaecb7a5c0b8699a12e999425bb1db","sellTxId":"ea24ed827444d59962fc45cb7af4a1d935bd1ff0"}
{"index": {"_index":"pob","_id":"1570311"}}
	{"id":1570311,"type":"sell","buyer":"gimme-your-coinz","seller":"cryptomaniacsgr","symbol":"POB","quantity":"10.36000000","price":"0.29010071","timestamp":1632411447,"volume":"3.00544336","buyTxId":"d687bce71f22ab8c043515f95bb102fb49b72e66","sellTxId":"80e2669498665dce46fc9d979157858369cd052c"}
{"index": {"_index":"pob","_id":"1570314"}}
	{"id":1570314,"type":"sell","buyer":"gimme-your-coinz","seller":"quixoticflux","symbol":"POB","quantity":"19.51754120","price":"0.29010073","timestamp":1632411537,"volume":"5.66205295","buyTxId":"e797736cc523fcdcf6858a7e190f8011db769263","sellTxId":"9a91a0edc950d605c39e25501852a7b957d7ee14"}
{"index": {"_index":"pob","_id":"1570375"}}
	{"id":1570375,"type":"sell","buyer":"gimme-your-coinz","seller":"knowhow92","symbol":"POB","quantity":"11.88495523","price":"0.29010109","timestamp":1632412833,"volume":"3.44783847","buyTxId":"333317e3d12f44cd6d6eea45e98310dd596ff22e","sellTxId":"39ee913561322144a856ff51006dafd37329b25f"}
{"index": {"_index":"pob","_id":"1570379"}}
	{"id":1570379,"type":"sell","buyer":"captaincryptic","seller":"readthisplease","symbol":"POB","quantity":"3.00000000","price":"0.29010110","timestamp":1632412878,"volume":"0.87030330","buyTxId":"a56a8ce63b352b4c27a18262bcc73991f943713f","sellTxId":"ba6c2f2af22c1c2e51d8c91cd37a284e8069c56b"}
{"index": {"_index":"pob","_id":"1570380"}}
	{"id":1570380,"type":"sell","buyer":"gimme-your-coinz","seller":"readthisplease","symbol":"POB","quantity":"32.11504477","price":"0.29010109","timestamp":1632412878,"volume":"9.31660949","buyTxId":"333317e3d12f44cd6d6eea45e98310dd596ff22e","sellTxId":"ba6c2f2af22c1c2e51d8c91cd37a284e8069c56b"}
{"index": {"_index":"pob","_id":"1570381"}}
	{"id":1570381,"type":"sell","buyer":"gimme-your-coinz","seller":"readthisplease","symbol":"POB","quantity":"4.88495523","price":"0.29010109","timestamp":1632412878,"volume":"1.41713084","buyTxId":"35751fb6f08ff73440298e94a34971f7ec852b5a","sellTxId":"ba6c2f2af22c1c2e51d8c91cd37a284e8069c56b"}
{"index": {"_index":"pob","_id":"1570433"}}
	{"id":1570433,"type":"buy","buyer":"mrtats","seller":"captaincryptic","symbol":"POB","quantity":"3.00000000","price":"0.32999999","timestamp":1632413856,"volume":"0.98999997","buyTxId":"8d48355dabce5bd20b1ae3d6f9f841f30083c155","sellTxId":"a995cdc28503e8ada1b1f81a5c6ad9aa19aa686f"}
{"index": {"_index":"pob","_id":"1570434"}}
	{"id":1570434,"type":"buy","buyer":"mrtats","seller":"timmzey","symbol":"POB","quantity":"27.30303039","price":"0.33000000","timestamp":1632413856,"volume":"9.01000003","buyTxId":"8d48355dabce5bd20b1ae3d6f9f841f30083c155","sellTxId":"fb83346d0ac9df9231dbe2734de7d0cb57a59a03"}
{"index": {"_index":"pob","_id":"1570441"}}
	{"id":1570441,"type":"buy","buyer":"tipy","seller":"timmzey","symbol":"POB","quantity":"0.00281821","price":"0.33000000","timestamp":1632413892,"volume":"0.00093001","buyTxId":"e2fb55a713a3a1f55f8640a9e5286bc1b22c543a","sellTxId":"fb83346d0ac9df9231dbe2734de7d0cb57a59a03"}
{"index": {"_index":"pob","_id":"1570535"}}
	{"id":1570535,"type":"sell","buyer":"captaincryptic","seller":"nrg","symbol":"POB","quantity":"3.00000000","price":"0.29010160","timestamp":1632416109,"volume":"0.87030480","buyTxId":"8a46572520a4c0fb5703ab32bf60930c28570dbc","sellTxId":"cb87091594a9cdf67238bab8cdbbcac025274bd0"}
{"index": {"_index":"pob","_id":"1570536"}}
	{"id":1570536,"type":"sell","buyer":"uyobong","seller":"nrg","symbol":"POB","quantity":"9.00000000","price":"0.29010000","timestamp":1632416109,"volume":"2.61090000","buyTxId":"5e5a7ee916efd7bdd57a7109cba5979a6e060e88","sellTxId":"cb87091594a9cdf67238bab8cdbbcac025274bd0"}
{"index": {"_index":"pob","_id":"1570537"}}
	{"id":1570537,"type":"sell","buyer":"hranhuk","seller":"nrg","symbol":"POB","quantity":"4.00000000","price":"0.28550000","timestamp":1632416109,"volume":"1.14200000","buyTxId":"49bb6f0054b6ae54b49981702bd379b13c14ecd6","sellTxId":"cb87091594a9cdf67238bab8cdbbcac025274bd0"}
{"index": {"_index":"pob","_id":"1570538"}}
	{"id":1570538,"type":"sell","buyer":"he-index","seller":"nrg","symbol":"POB","quantity":"1.16865241","price":"0.26701000","timestamp":1632416109,"volume":"0.31204188","buyTxId":"5d41f4cba8f1311779f28d7720093df7419006cd","sellTxId":"cb87091594a9cdf67238bab8cdbbcac025274bd0"}
{"index": {"_index":"pob","_id":"1570539"}}
	{"id":1570539,"type":"sell","buyer":"lebah","seller":"nrg","symbol":"POB","quantity":"30.00000000","price":"0.26701000","timestamp":1632416109,"volume":"8.01030000","buyTxId":"1f4f023c883b6cde35d41bfd807ff47736a01fd7","sellTxId":"cb87091594a9cdf67238bab8cdbbcac025274bd0"}
{"index": {"_index":"pob","_id":"1570540"}}
	{"id":1570540,"type":"sell","buyer":"gimme-your-coinz","seller":"nrg","symbol":"POB","quantity":"144.37554067","price":"0.26601100","timestamp":1632416109,"volume":"38.40548195","buyTxId":"ab6f575cf44b8f293c541dad8d2ba6d863f00e49","sellTxId":"cb87091594a9cdf67238bab8cdbbcac025274bd0"}
{"index": {"_index":"pob","_id":"1570565"}}
	{"id":1570565,"type":"buy","buyer":"richardcrill","seller":"captaincryptic","symbol":"POB","quantity":"3.00000000","price":"0.32999999","timestamp":1632416511,"volume":"0.98999997","buyTxId":"19f8980c4f4a3f01ceaac1a42ebc5a3f7f5a7954","sellTxId":"cf3f0ddd7e78516fc3baec9cef176ccc57ce0ce6"}
{"index": {"_index":"pob","_id":"1570566"}}
	{"id":1570566,"type":"buy","buyer":"richardcrill","seller":"timmzey","symbol":"POB","quantity":"112.69415140","price":"0.33000000","timestamp":1632416511,"volume":"37.18906996","buyTxId":"19f8980c4f4a3f01ceaac1a42ebc5a3f7f5a7954","sellTxId":"fb83346d0ac9df9231dbe2734de7d0cb57a59a03"}
{"index": {"_index":"pob","_id":"1570567"}}
	{"id":1570567,"type":"buy","buyer":"richardcrill","seller":"thranax","symbol":"POB","quantity":"6.65611660","price":"0.34900000","timestamp":1632416511,"volume":"2.32298469","buyTxId":"19f8980c4f4a3f01ceaac1a42ebc5a3f7f5a7954","sellTxId":"b5a7a59ad8140a696f604ff05738047b88e7149e"}
{"index": {"_index":"pob","_id":"1570568"}}
	{"id":1570568,"type":"buy","buyer":"richardcrill","seller":"mvl2304","symbol":"POB","quantity":"5.54729210","price":"0.34900000","timestamp":1632416511,"volume":"1.93600494","buyTxId":"19f8980c4f4a3f01ceaac1a42ebc5a3f7f5a7954","sellTxId":"ffe8ab5a649bd0c115839ef625fae5e1dd39f590"}
{"index": {"_index":"pob","_id":"1570569"}}
	{"id":1570569,"type":"buy","buyer":"richardcrill","seller":"pablodare","symbol":"POB","quantity":"1.00165837","price":"0.35000000","timestamp":1632416511,"volume":"0.35058043","buyTxId":"19f8980c4f4a3f01ceaac1a42ebc5a3f7f5a7954","sellTxId":"11a0a7e28099cb57e2fc8839246586d6a7c8b914"}
{"index": {"_index":"pob","_id":"1570570"}}
	{"id":1570570,"type":"buy","buyer":"richardcrill","seller":"uyobong","symbol":"POB","quantity":"60.00000000","price":"0.36000000","timestamp":1632416511,"volume":"21.60000000","buyTxId":"19f8980c4f4a3f01ceaac1a42ebc5a3f7f5a7954","sellTxId":"93e024b264803e6c249bd69ec1d32b7696f6e0cc"}
{"index": {"_index":"pob","_id":"1570571"}}
	{"id":1570571,"type":"buy","buyer":"richardcrill","seller":"dhedge-drips","symbol":"POB","quantity":"0.92210519","price":"0.36000000","timestamp":1632416511,"volume":"0.33195787","buyTxId":"19f8980c4f4a3f01ceaac1a42ebc5a3f7f5a7954","sellTxId":"731215f9932c5f064223ca35911a58c8e0f3e43e"}
{"index": {"_index":"pob","_id":"1570572"}}
	{"id":1570572,"type":"buy","buyer":"richardcrill","seller":"yeckingo1","symbol":"POB","quantity":"1.43259853","price":"0.36000000","timestamp":1632416511,"volume":"0.51573547","buyTxId":"19f8980c4f4a3f01ceaac1a42ebc5a3f7f5a7954","sellTxId":"ed0978538ff9d7142576c19f011f7c306829e170"}
{"index": {"_index":"pob","_id":"1570573"}}
	{"id":1570573,"type":"sell","buyer":"richardcrill","seller":"davidbolu34","symbol":"POB","quantity":"0.66000000","price":"0.36000000","timestamp":1632416517,"volume":"0.23760000","buyTxId":"19f8980c4f4a3f01ceaac1a42ebc5a3f7f5a7954","sellTxId":"a0fad50de2e9dc82b7060b7217725d8ea6a62ec4"}
{"index": {"_index":"pob","_id":"1570657"}}
	{"id":1570657,"type":"sell","buyer":"captaincryptic","seller":"aloscha","symbol":"POB","quantity":"0.00605419","price":"0.27000001","timestamp":1632418308,"volume":"0.00163463","buyTxId":"62f70d3776d59231480832702caabb29730e7f7e","sellTxId":"a76820fe924fd4030dc201c8700162885615a204"}
{"index": {"_index":"pob","_id":"1570681"}}
	{"id":1570681,"type":"sell","buyer":"captaincryptic","seller":"skyple","symbol":"POB","quantity":"2.99394581","price":"0.27000001","timestamp":1632418926,"volume":"0.80836540","buyTxId":"62f70d3776d59231480832702caabb29730e7f7e","sellTxId":"ba0f89485e6efc8b71191ef37885317d25840be0"}
{"index": {"_index":"pob","_id":"1570682"}}
	{"id":1570682,"type":"sell","buyer":"joshh71390","seller":"skyple","symbol":"POB","quantity":"2.93605419","price":"0.27000000","timestamp":1632418926,"volume":"0.79273463","buyTxId":"d606082716178c8eef82879a426be3edefebfdce","sellTxId":"ba0f89485e6efc8b71191ef37885317d25840be0"}
{"index": {"_index":"pob","_id":"1570693"}}
	{"id":1570693,"type":"sell","buyer":"joshh71390","seller":"flipflopcrypto","symbol":"POB","quantity":"1.02606559","price":"0.27000000","timestamp":1632419118,"volume":"0.27703771","buyTxId":"d606082716178c8eef82879a426be3edefebfdce","sellTxId":"09275212ce5db6e672c3c4e2aed60b8900d5d999"}
{"index": {"_index":"pob","_id":"1570719"}}
	{"id":1570719,"type":"sell","buyer":"joshh71390","seller":"cwow2","symbol":"POB","quantity":"0.87310306","price":"0.27000000","timestamp":1632419625,"volume":"0.23573783","buyTxId":"d606082716178c8eef82879a426be3edefebfdce","sellTxId":"703b876080fb56c90d5385c3d5e269b140d0cd2e"}
{"index": {"_index":"pob","_id":"1570765"}}
	{"id":1570765,"type":"sell","buyer":"joshh71390","seller":"doudoer","symbol":"POB","quantity":"0.977376","price":"0.27000000","timestamp":1632420438,"volume":"0.26389152","buyTxId":"d606082716178c8eef82879a426be3edefebfdce","sellTxId":"614c8a1bde1c2c4d2fc30906ad18842ffc6628fa"}
{"index": {"_index":"pob","_id":"1570874"}}
	{"id":1570874,"type":"sell","buyer":"joshh71390","seller":"andy4475","symbol":"POB","quantity":"1.46288317","price":"0.27000000","timestamp":1632422163,"volume":"0.39497846","buyTxId":"d606082716178c8eef82879a426be3edefebfdce","sellTxId":"2cddd4ee3734d9f78591553ee891a0da00d5b2ca"}
{"index": {"_index":"pob","_id":"1570903"}}
	{"id":1570903,"type":"sell","buyer":"joshh71390","seller":"mimi05","symbol":"POB","quantity":"5.20000000","price":"0.27000000","timestamp":1632423102,"volume":"1.40400000","buyTxId":"d606082716178c8eef82879a426be3edefebfdce","sellTxId":"a388302b4f17be8573173bed0c4c0cff76e9a1ec"}
{"index": {"_index":"pob","_id":"1570959"}}
	{"id":1570959,"type":"sell","buyer":"gaboamc2393","seller":"toofasteddie","symbol":"POB","quantity":"10.00000000","price":"0.27500000","timestamp":1632424176,"volume":"2.75000000","buyTxId":"94b0c676975515f4acb5896bbcc05640cf038688","sellTxId":"05064aea9c24c04470e183307d7aeb6ef1cec3e2"}
{"index": {"_index":"pob","_id":"1570968"}}
	{"id":1570968,"type":"sell","buyer":"joshh71390","seller":"haseeb-asif-khan","symbol":"POB","quantity":"2.16440000","price":"0.27000000","timestamp":1632424323,"volume":"0.58438800","buyTxId":"d606082716178c8eef82879a426be3edefebfdce","sellTxId":"1cf8c88ecc5ddb72189cb191d7df64ce13d01981"}
{"index": {"_index":"pob","_id":"1570971"}}
	{"id":1570971,"type":"sell","buyer":"joshh71390","seller":"ezunjoshy","symbol":"POB","quantity":"5.36011799","price":"0.27000000","timestamp":1632424350,"volume":"1.44723185","buyTxId":"d606082716178c8eef82879a426be3edefebfdce","sellTxId":"246ca0307c6e63ae95e00c2806f6a62f4672bb11"}
{"index": {"_index":"pob","_id":"1570980"}}
	{"id":1570980,"type":"buy","buyer":"uyobong","seller":"ezunjoshy","symbol":"POB","quantity":"11.37988201","price":"0.26900000","timestamp":1632424572,"volume":"3.06118826","buyTxId":"67604a9e2593e169a13a857ff08e4b07b47f8a12","sellTxId":"246ca0307c6e63ae95e00c2806f6a62f4672bb11"}
{"index": {"_index":"pob","_id":"1570985"}}
	{"id":1570985,"type":"buy","buyer":"uyobong","seller":"toofasteddie","symbol":"POB","quantity":"8.00000000","price":"0.27500000","timestamp":1632424638,"volume":"2.20000000","buyTxId":"2f4cc7116df4237e6ff18d1c6b9dacaf246351fc","sellTxId":"05064aea9c24c04470e183307d7aeb6ef1cec3e2"}
{"index": {"_index":"pob","_id":"1570989"}}
	{"id":1570989,"type":"buy","buyer":"uyobong","seller":"captaincryptic","symbol":"POB","quantity":"1.00000000","price":"0.34599999","timestamp":1632424689,"volume":"0.34599999","buyTxId":"e8c2c088d1ffcadcd965e56249d52de84ee3c7fb","sellTxId":"4e36f8fe3346c9e931a4bb70505c434d20210ac8"}
{"index": {"_index":"pob","_id":"1571028"}}
	{"id":1571028,"type":"sell","buyer":"uyobong","seller":"espandor","symbol":"POB","quantity":"58.62011799","price":"0.26900000","timestamp":1632425712,"volume":"15.76881174","buyTxId":"67604a9e2593e169a13a857ff08e4b07b47f8a12","sellTxId":"05ec92ec9cf4865ccfc88f4f9e876094ab8bd4f5"}
{"index": {"_index":"pob","_id":"1571029"}}
	{"id":1571029,"type":"sell","buyer":"richardcrill","seller":"espandor","symbol":"POB","quantity":"123.86875917","price":"0.26641100","timestamp":1632425742,"volume":"33.00000000","buyTxId":"MM-P-10698734-57683315-3-11-0","sellTxId":"7ddc903869d4c213b458c97328eec9f8ece77404"}
{"index": {"_index":"pob","_id":"1571040"}}
	{"id":1571040,"type":"sell","buyer":"richardcrill","seller":"espandor","symbol":"POB","quantity":"47.51112284","price":"0.26611100","timestamp":1632425892,"volume":"12.64323241","buyTxId":"MM-P-10698834-57683415-3-11-0","sellTxId":"b936106e2c2257e324850e1f5fc86774ed5e6f2a"}
{"index": {"_index":"pob","_id":"1571048"}}
	{"id":1571048,"type":"sell","buyer":"richardcrill","seller":"espandor","symbol":"POB","quantity":"66.95817929","price":"0.26611100","timestamp":1632426135,"volume":"17.81830805","buyTxId":"MM-P-10698834-57683415-3-11-0","sellTxId":"a82a402c17ad68f53bcc225ac5b77831077c7583"}
{"index": {"_index":"pob","_id":"1571128"}}
	{"id":1571128,"type":"sell","buyer":"richardcrill","seller":"dpunk","symbol":"POB","quantity":"5.81785028","price":"0.26611100","timestamp":1632427968,"volume":"1.54819396","buyTxId":"MM-P-10698834-57683415-3-11-0","sellTxId":"31af396c362715e447506c1dba70deefd9c75118"}
{"index": {"_index":"pob","_id":"1571148"}}
	{"id":1571148,"type":"sell","buyer":"richardcrill","seller":"eddiespino","symbol":"POB","quantity":"3.72125010","price":"0.26611100","timestamp":1632428373,"volume":"0.99026558","buyTxId":"MM-P-10698834-57683415-3-11-0","sellTxId":"88c6baba07feed4dce3cb5c720f353a36d93beae"}
{"index": {"_index":"pob","_id":"1571158"}}
	{"id":1571158,"type":"buy","buyer":"richardcrill","seller":"eddiespino","symbol":"POB","quantity":"7.70539189","price":"0.26611100","timestamp":1632428466,"volume":"2.05048954","buyTxId":"MM-P-10699733-57684315-3-11-0","sellTxId":"88c6baba07feed4dce3cb5c720f353a36d93beae"}
{"index": {"_index":"pob","_id":"1571160"}}
	{"id":1571160,"type":"sell","buyer":"richardcrill","seller":"nulledgh0st","symbol":"POB","quantity":"2.41189393","price":"0.26611101","timestamp":1632428559,"volume":"0.64183153","buyTxId":"MM-P-10699733-57684315-3-11-0","sellTxId":"2d629423c38ead7ab5d5be4454f0cb316890d592"}
{"index": {"_index":"pob","_id":"1571172"}}
	{"id":1571172,"type":"sell","buyer":"richardcrill","seller":"ecoinstant","symbol":"POB","quantity":"2.81149027","price":"0.26611101","timestamp":1632428718,"volume":"0.74816852","buyTxId":"MM-P-10699733-57684315-3-11-0","sellTxId":"baf6237b603c597a139d9755219ba4a60dcf9dd8"}
{"index": {"_index":"pob","_id":"1571231"}}
	{"id":1571231,"type":"sell","buyer":"solovey6o2","seller":"andy4475","symbol":"POB","quantity":"4.26676689","price":"0.27000001","timestamp":1632430152,"volume":"1.15202710","buyTxId":"071e773096621f3f0f7540f29886c65c9f3d7440","sellTxId":"990b427b5c02a979869d71dd59ec105612524e82"}
{"index": {"_index":"pob","_id":"1571249"}}
	{"id":1571249,"type":"sell","buyer":"solovey6o2","seller":"sidekickmatt","symbol":"POB","quantity":"0.29612973","price":"0.27000001","timestamp":1632430455,"volume":"0.07995503","buyTxId":"071e773096621f3f0f7540f29886c65c9f3d7440","sellTxId":"a6c651ac8391d2e0a3a73a690b4c1a81e2ed9404"}
{"index": {"_index":"pob","_id":"1571251"}}
	{"id":1571251,"type":"sell","buyer":"solovey6o2","seller":"deathwing","symbol":"POB","quantity":"2.355","price":"0.27000001","timestamp":1632430506,"volume":"0.63585002","buyTxId":"071e773096621f3f0f7540f29886c65c9f3d7440","sellTxId":"920eca04aef148073e12570189dd63ff1981ab41-1"}
{"index": {"_index":"pob","_id":"1571510"}}
	{"id":1571510,"type":"sell","buyer":"he-index","seller":"scooter77","symbol":"POB","quantity":"0.34400000","price":"0.27000001","timestamp":1632433836,"volume":"0.09288000","buyTxId":"a72f58607d5caa23bdaa9241d37099a5e30c1dd4","sellTxId":"6fc843557b8d618d16c55bc7670b53373557300c"}
{"index": {"_index":"pob","_id":"1571511"}}
	{"id":1571511,"type":"sell","buyer":"shepz1","seller":"scooter77","symbol":"POB","quantity":"35.74288112","price":"0.26999000","timestamp":1632433836,"volume":"9.65022047","buyTxId":"467f307ec05d2c24a39df904bd1e5da92ed7cef0","sellTxId":"6fc843557b8d618d16c55bc7670b53373557300c"}
{"index": {"_index":"pob","_id":"1571551"}}
	{"id":1571551,"type":"sell","buyer":"shepz1","seller":"andy4475","symbol":"POB","quantity":"0.16267954","price":"0.26999000","timestamp":1632434571,"volume":"0.04392185","buyTxId":"467f307ec05d2c24a39df904bd1e5da92ed7cef0","sellTxId":"15ed549424358202c4588c13d673d0e62698e0be"}
{"index": {"_index":"pob","_id":"1571654"}}
	{"id":1571654,"type":"sell","buyer":"richardcrill","seller":"shepz1","symbol":"POB","quantity":"0.00556000","price":"0.27000000","timestamp":1632436197,"volume":"0.00150120","buyTxId":"MM-P-10701829-57686412-3-11-0","sellTxId":"47aa955469b434cb180457c01ee8070712af5de2"}
{"index": {"_index":"pob","_id":"1571656"}}
	{"id":1571656,"type":"buy","buyer":"uyobong","seller":"kemmyb","symbol":"POB","quantity":"10.00000000","price":"0.28500000","timestamp":1632436242,"volume":"2.85000000","buyTxId":"ef27007568376e8256f8471321a855144d9a0c1d","sellTxId":"71809c16388d23ecf45e5696fd73770b9bf9737f"}
{"index": {"_index":"pob","_id":"1571684"}}
	{"id":1571684,"type":"sell","buyer":"uyobong","seller":"proto26","symbol":"POB","quantity":"0.70629226","price":"0.28500000","timestamp":1632436569,"volume":"0.20129329","buyTxId":"ef27007568376e8256f8471321a855144d9a0c1d","sellTxId":"25c4bc6c5b5f968997b32f85666ba6fd297e816e"}
{"index": {"_index":"pob","_id":"1571815"}}
	{"id":1571815,"type":"buy","buyer":"pixelfan","seller":"kemmyb","symbol":"POB","quantity":"0.86184192","price":"0.30500000","timestamp":1632438069,"volume":"0.26286179","buyTxId":"6e97fde75a0150b83053d77d178b943ad2291bfa","sellTxId":"5e744db62e23a9729c6196018ecdfbc8d01ba85a"}
{"index": {"_index":"pob","_id":"1571842"}}
	{"id":1571842,"type":"buy","buyer":"pixelfan","seller":"kemmyb","symbol":"POB","quantity":"9.13815808","price":"0.30500000","timestamp":1632438726,"volume":"2.78713821","buyTxId":"4593cfd502ab154e348c5a0606c87906eda6ebaf","sellTxId":"5e744db62e23a9729c6196018ecdfbc8d01ba85a"}
{"index": {"_index":"pob","_id":"1571843"}}
	{"id":1571843,"type":"buy","buyer":"pixelfan","seller":"imla-iim","symbol":"POB","quantity":"4.86184192","price":"0.30500000","timestamp":1632438726,"volume":"1.48286179","buyTxId":"4593cfd502ab154e348c5a0606c87906eda6ebaf","sellTxId":"1bdb459125d4be564b007f1bac7cd2f059cc67cf"}
{"index": {"_index":"pob","_id":"1571862"}}
	{"id":1571862,"type":"sell","buyer":"uyobong","seller":"josediccus","symbol":"POB","quantity":"19.29370774","price":"0.28500000","timestamp":1632439428,"volume":"5.49870671","buyTxId":"ef27007568376e8256f8471321a855144d9a0c1d","sellTxId":"eed0fcb23b725041a424bd0092f791b9f4ef5340"}
{"index": {"_index":"pob","_id":"1571928"}}
	{"id":1571928,"type":"sell","buyer":"solovey6o2","seller":"michlo","symbol":"POB","quantity":"0.01561238","price":"0.27100001","timestamp":1632440304,"volume":"0.00423096","buyTxId":"9c05e26541bbb0070a29a25a07af7190811543dd","sellTxId":"0d48d1d0cc386ae007bc3b6f3afb675872ae26a7"}
{"index": {"_index":"pob","_id":"1571948"}}
	{"id":1571948,"type":"sell","buyer":"solovey6o2","seller":"razackpulo.sport","symbol":"POB","quantity":"8.14172893","price":"0.27100001","timestamp":1632440490,"volume":"2.20640862","buyTxId":"9c05e26541bbb0070a29a25a07af7190811543dd","sellTxId":"442073a738e4f501296b5f2cc3eba9113ccf25f1"}
{"index": {"_index":"pob","_id":"1572222"}}
	{"id":1572222,"type":"sell","buyer":"solovey6o2","seller":"ftfund","symbol":"POB","quantity":"1.25342569","price":"0.27100001","timestamp":1632445341,"volume":"0.33967837","buyTxId":"9c05e26541bbb0070a29a25a07af7190811543dd","sellTxId":"659422d550ab89a5828a997f17ec63315d244c3f"}
{"index": {"_index":"pob","_id":"1572338"}}
	{"id":1572338,"type":"sell","buyer":"solovey6o2","seller":"bearbear613","symbol":"POB","quantity":"5.94924615","price":"0.27100001","timestamp":1632447381,"volume":"1.61224577","buyTxId":"9c05e26541bbb0070a29a25a07af7190811543dd","sellTxId":"7749ac6184604fc7b1f5aee98387a6da788d0b59"}
{"index": {"_index":"pob","_id":"1572436"}}
	{"id":1572436,"type":"sell","buyer":"solovey6o2","seller":"ahmetay","symbol":"POB","quantity":"10.00000000","price":"0.27100001","timestamp":1632450000,"volume":"2.71000010","buyTxId":"9c05e26541bbb0070a29a25a07af7190811543dd","sellTxId":"69d7724c6d000eb29d3e51ad5d1f98e729bf9c9f"}
{"index": {"_index":"pob","_id":"1572440"}}
	{"id":1572440,"type":"buy","buyer":"ahmetay","seller":"specialfeelings","symbol":"POB","quantity":"1.90045900","price":"0.28000000","timestamp":1632450066,"volume":"0.53212852","buyTxId":"0c59ce6d0338d9af679cbd53f11d3ed5df75dc7c","sellTxId":"6fdae866a6f15525bf477b54d2cf7c2d9ec56f33"}
{"index": {"_index":"pob","_id":"1572454"}}
	{"id":1572454,"type":"sell","buyer":"solovey6o2","seller":"goldcoin","symbol":"POB","quantity":"0.11199627","price":"0.27100001","timestamp":1632450576,"volume":"0.03035099","buyTxId":"9c05e26541bbb0070a29a25a07af7190811543dd","sellTxId":"91a70c8ad992d59c7a1b904c769cfc3478a1c411"}
