{"index": {"_index":"pob","_id":"2066418"}}
	{"id":2066418,"type":"sell","buyer":"anadolu","seller":"rob23","symbol":"POB","quantity":"6.37593713","price":"0.07994300","timestamp":1637552535,"volume":"0.50971154","buyTxId":"MM-P-12392519-59378865-3-0-0","sellTxId":"e37b16db7266e9a2dd569435ea50dab6580c6608"}
{"index": {"_index":"pob","_id":"2066470"}}
	{"id":2066470,"type":"sell","buyer":"anadolu","seller":"mawit07","symbol":"POB","quantity":"3.93089901","price":"0.07994300","timestamp":1637553339,"volume":"0.31424786","buyTxId":"MM-P-12392519-59378865-3-0-0","sellTxId":"ffffe6092493ec96a07a257bd37ef9731018cbbe"}
{"index": {"_index":"pob","_id":"2066592"}}
	{"id":2066592,"type":"sell","buyer":"anadolu","seller":"melbourneswest","symbol":"POB","quantity":"6.05733279","price":"0.07994300","timestamp":1637555466,"volume":"0.48424136","buyTxId":"MM-P-12392519-59378865-3-0-0","sellTxId":"d26704eacfc705d18b0b4f67609ab4111dee96b2"}
{"index": {"_index":"pob","_id":"2066597"}}
	{"id":2066597,"type":"sell","buyer":"anadolu","seller":"gimmetricks1","symbol":"POB","quantity":"20.11015513","price":"0.07994300","timestamp":1637555529,"volume":"1.60766613","buyTxId":"MM-P-12392519-59378865-3-0-0","sellTxId":"24988f4398398d5432354c1af771374b28ff8e9c"}
{"index": {"_index":"pob","_id":"2066598"}}
	{"id":2066598,"type":"sell","buyer":"gimme-your-coinz","seller":"gimmetricks1","symbol":"POB","quantity":"5.88984487","price":"0.07993300","timestamp":1637555529,"volume":"0.47079297","buyTxId":"9f9c9aee3512e3230d76827092aa5a49fe2cfa72","sellTxId":"24988f4398398d5432354c1af771374b28ff8e9c"}
{"index": {"_index":"pob","_id":"2066613"}}
	{"id":2066613,"type":"sell","buyer":"gimme-your-coinz","seller":"esecholo","symbol":"POB","quantity":"5.25000000","price":"0.07993300","timestamp":1637555685,"volume":"0.41964825","buyTxId":"9f9c9aee3512e3230d76827092aa5a49fe2cfa72","sellTxId":"c516070dc9a68a4cc8cab23287cdb1b5a487d08b"}
{"index": {"_index":"pob","_id":"2066637"}}
	{"id":2066637,"type":"buy","buyer":"trostparadox","seller":"langvmusic","symbol":"POB","quantity":"0.05686024","price":"0.08000000","timestamp":1637555988,"volume":"0.00454882","buyTxId":"d4c7f803da6241a259f7391927f42bab81bc1914","sellTxId":"9328a9d6bebd41b0818aa3800b47a985ee9b0aed"}
{"index": {"_index":"pob","_id":"2066638"}}
	{"id":2066638,"type":"buy","buyer":"trostparadox","seller":"toofasteddie","symbol":"POB","quantity":"2.13041732","price":"0.09999900","timestamp":1637555988,"volume":"0.21303960","buyTxId":"d4c7f803da6241a259f7391927f42bab81bc1914","sellTxId":"f31be04e4f43e02e0fa06c1ba723fd02c3f0a249"}
{"index": {"_index":"pob","_id":"2066639"}}
	{"id":2066639,"type":"buy","buyer":"trostparadox","seller":"antonym","symbol":"POB","quantity":"816.05061706","price":"0.10000000","timestamp":1637555988,"volume":"81.60506171","buyTxId":"d4c7f803da6241a259f7391927f42bab81bc1914","sellTxId":"5efa0bc96d56cc55c61c5ca9153af539d9682d25"}
{"index": {"_index":"pob","_id":"2066640"}}
	{"id":2066640,"type":"buy","buyer":"trostparadox","seller":"anadolu","symbol":"POB","quantity":"81.76210538","price":"0.10903000","timestamp":1637555988,"volume":"8.91452235","buyTxId":"d4c7f803da6241a259f7391927f42bab81bc1914","sellTxId":"MM-P-12401978-59388328-3-0-1"}
{"index": {"_index":"pob","_id":"2066663"}}
	{"id":2066663,"type":"sell","buyer":"trostparadox","seller":"cjlugo","symbol":"POB","quantity":"2.52812752","price":"0.08000000","timestamp":1637556390,"volume":"0.20225020","buyTxId":"70f2bb64d385c015178c02ae6781880bc75eb246","sellTxId":"61ecf4df07ea36c932a1ad0f44be4c74885ee478"}
{"index": {"_index":"pob","_id":"2066790"}}
	{"id":2066790,"type":"sell","buyer":"trostparadox","seller":"bluerobo","symbol":"POB","quantity":"38.87251207","price":"0.08000000","timestamp":1637557674,"volume":"3.10980097","buyTxId":"70f2bb64d385c015178c02ae6781880bc75eb246","sellTxId":"fe43c49f6124ad8a08f46144f48f1ebd6018b744"}
{"index": {"_index":"pob","_id":"2067100"}}
	{"id":2067100,"type":"sell","buyer":"anadolu","seller":"esperosh1ve","symbol":"POB","quantity":"0.28974752","price":"0.08001000","timestamp":1637560836,"volume":"0.02318270","buyTxId":"MM-P-12402575-59388926-3-0-0","sellTxId":"dafa7f7d948b59e4a884db55b99aab7108e5f22b"}
{"index": {"_index":"pob","_id":"2067112"}}
	{"id":2067112,"type":"sell","buyer":"anadolu","seller":"chireerocks","symbol":"POB","quantity":"4.51068862","price":"0.08001000","timestamp":1637560956,"volume":"0.36090020","buyTxId":"MM-P-12402575-59388926-3-0-0","sellTxId":"0c1245f97c5a4edab412ca8a9ad52fe1335d1ddc"}
{"index": {"_index":"pob","_id":"2067334"}}
	{"id":2067334,"type":"sell","buyer":"beemd","seller":"savagetobi","symbol":"POB","quantity":"1.03462955","price":"0.08002000","timestamp":1637563413,"volume":"0.08279106","buyTxId":"83990662a0af6fe284904c12fca9c2aed1a2bed9","sellTxId":"e331f612504151c9886ded20813b840a752f55cd"}
{"index": {"_index":"pob","_id":"2067335"}}
	{"id":2067335,"type":"sell","buyer":"anadolu","seller":"savagetobi","symbol":"POB","quantity":"2.65282515","price":"0.08001000","timestamp":1637563413,"volume":"0.21225254","buyTxId":"MM-P-12402575-59388926-3-0-0","sellTxId":"e331f612504151c9886ded20813b840a752f55cd"}
{"index": {"_index":"pob","_id":"2067401"}}
	{"id":2067401,"type":"sell","buyer":"anadolu","seller":"flexyg","symbol":"POB","quantity":"20","price":"0.08001000","timestamp":1637563896,"volume":"1.60020000","buyTxId":"MM-P-12402575-59388926-3-0-0","sellTxId":"64d22a2056af3d0f3ea30c4df92ea285d5a33cb7"}
{"index": {"_index":"pob","_id":"2067511"}}
	{"id":2067511,"type":"sell","buyer":"life-shturm","seller":"logicforce","symbol":"POB","quantity":"1.27880599","price":"0.08002000","timestamp":1637564589,"volume":"0.10233006","buyTxId":"ff72030af8615d0d1f736317f1410726a643c7df","sellTxId":"38d6ce99e0ca70ee036fa1422bc7b973570594bc"}
{"index": {"_index":"pob","_id":"2067634"}}
	{"id":2067634,"type":"sell","buyer":"anadolu","seller":"esthar","symbol":"POB","quantity":"2.54487146","price":"0.08003000","timestamp":1637565327,"volume":"0.20366606","buyTxId":"MM-P-12404866-59391217-3-0-0","sellTxId":"43fbf10f58dbd6f839ce751f67ae32fd935d0177"}
{"index": {"_index":"pob","_id":"2067676"}}
	{"id":2067676,"type":"buy","buyer":"steem-holder","seller":"irivers","symbol":"POB","quantity":"0.92278256","price":"0.10000000","timestamp":1637565624,"volume":"0.09227826","buyTxId":"2ca0e26135563040025b86b78a4215cbddcbbf6c","sellTxId":"5be205af3952150b7a84c7c3bfbecb365adcc3b5"}
{"index": {"_index":"pob","_id":"2067754"}}
	{"id":2067754,"type":"sell","buyer":"elisheva","seller":"saulos","symbol":"POB","quantity":"2.00000000","price":"0.08004000","timestamp":1637566428,"volume":"0.16008000","buyTxId":"dc5f79893c4b11abf9de38cd4bd72b2f89bfa5e3","sellTxId":"d863ec03d04b51530387474cb89abbc1f5050128"}
{"index": {"_index":"pob","_id":"2067755"}}
	{"id":2067755,"type":"sell","buyer":"life-shturm","seller":"saulos","symbol":"POB","quantity":"4.38794237","price":"0.08004000","timestamp":1637566428,"volume":"0.35121091","buyTxId":"8129b1b34d82eb919b2fce51ba947163c7c9d401","sellTxId":"d863ec03d04b51530387474cb89abbc1f5050128"}
{"index": {"_index":"pob","_id":"2067783"}}
	{"id":2067783,"type":"sell","buyer":"life-shturm","seller":"itharagaian","symbol":"POB","quantity":"0.11250000","price":"0.08004000","timestamp":1637566614,"volume":"0.00900450","buyTxId":"8129b1b34d82eb919b2fce51ba947163c7c9d401","sellTxId":"bf463d795193183868a8fc8ae90e8d70c016810f"}
{"index": {"_index":"pob","_id":"2067936"}}
	{"id":2067936,"type":"sell","buyer":"life-shturm","seller":"shaddrak","symbol":"POB","quantity":"1.21908290","price":"0.08004000","timestamp":1637567844,"volume":"0.09757540","buyTxId":"8129b1b34d82eb919b2fce51ba947163c7c9d401","sellTxId":"70dda4f76a152778db1c0ee44cfebfb6b9cd3490"}
{"index": {"_index":"pob","_id":"2068043"}}
	{"id":2068043,"type":"sell","buyer":"life-shturm","seller":"brofi-market","symbol":"POB","quantity":"4.28047473","price":"0.08004000","timestamp":1637569068,"volume":"0.34260919","buyTxId":"8129b1b34d82eb919b2fce51ba947163c7c9d401","sellTxId":"a6660a4a6bd8f5a2e9f77c29fc0548bfd2c75812"}
{"index": {"_index":"pob","_id":"2068221"}}
	{"id":2068221,"type":"buy","buyer":"jsynnthagr8","seller":"brofi-market","symbol":"POB","quantity":"3.47304000","price":"0.08004000","timestamp":1637570046,"volume":"0.27798212","buyTxId":"f3365e6055693c3251d4d4bef3e0307b31f86b73","sellTxId":"a6660a4a6bd8f5a2e9f77c29fc0548bfd2c75812"}
{"index": {"_index":"pob","_id":"2068227"}}
	{"id":2068227,"type":"sell","buyer":"anadolu","seller":"fullcoverbetting","symbol":"POB","quantity":"2.24858164","price":"0.08001000","timestamp":1637570208,"volume":"0.17990902","buyTxId":"MM-P-12406060-59392411-3-0-0","sellTxId":"ddf5fa013e630406f44f4c487ee7cbc12d23a4a9"}
{"index": {"_index":"pob","_id":"2068349"}}
	{"id":2068349,"type":"buy","buyer":"anadolu","seller":"brofi-market","symbol":"POB","quantity":"0.00000032","price":"0.08004000","timestamp":1637571570,"volume":"0.00000003","buyTxId":"MM-P-12407156-59393508-3-0-0","sellTxId":"a6660a4a6bd8f5a2e9f77c29fc0548bfd2c75812"}
{"index": {"_index":"pob","_id":"2068350"}}
	{"id":2068350,"type":"sell","buyer":"gimme-your-coinz","seller":"drutter","symbol":"POB","quantity":"0.30670360","price":"0.08004004","timestamp":1637571597,"volume":"0.02454857","buyTxId":"4e22059f618d318620a15dffffff1f6db00816ee","sellTxId":"f1409364aebb2fbfc96fcdafb2ee47873bf82a82"}
{"index": {"_index":"pob","_id":"2068458"}}
	{"id":2068458,"type":"sell","buyer":"gimme-your-coinz","seller":"proto26","symbol":"POB","quantity":"2.33148310","price":"0.08008008","timestamp":1637572959,"volume":"0.18670535","buyTxId":"a7af3cd8b8f4b7b2090429e72973e49ad78d071b","sellTxId":"824157d2d0fcffd375c75ed024f1dace33f3575d"}
{"index": {"_index":"pob","_id":"2068497"}}
	{"id":2068497,"type":"sell","buyer":"gimme-your-coinz","seller":"vikisecrets","symbol":"POB","quantity":"50","price":"0.08010010","timestamp":1637573490,"volume":"4.00500500","buyTxId":"84d7af838bf1dfa80516edb810c316ae7555c153","sellTxId":"bacad2a5f223782b70d2c29eb8ff56e240ebb0b7"}
{"index": {"_index":"pob","_id":"2068794"}}
	{"id":2068794,"type":"sell","buyer":"gimme-your-coinz","seller":"trayan","symbol":"POB","quantity":"5.11927446","price":"0.08024005","timestamp":1637577069,"volume":"0.41077084","buyTxId":"9ea935c241b84811e084ea4b2d28eaede851f9a1","sellTxId":"9f9dd3e11d0333fec18a58c52eabf37daf077dd5"}
{"index": {"_index":"pob","_id":"2068886"}}
	{"id":2068886,"type":"sell","buyer":"gimme-your-coinz","seller":"coffeelovers","symbol":"POB","quantity":"8.85","price":"0.08027008","timestamp":1637578125,"volume":"0.71039021","buyTxId":"55cbb15496d51e26d4e28f385585b7c1dd61a583","sellTxId":"0ed2e8baef5693002abfc83aa720e50af1e5b4f0"}
{"index": {"_index":"pob","_id":"2069033"}}
	{"id":2069033,"type":"sell","buyer":"gimme-your-coinz","seller":"erikah","symbol":"POB","quantity":"34.58222000","price":"0.08034015","timestamp":1637580045,"volume":"2.77834074","buyTxId":"171263768f6d814bef78d146cc63abb2404779ba","sellTxId":"bc0e73f20be08a7b10c87d75f7201949f3fa849a"}
{"index": {"_index":"pob","_id":"2069040"}}
	{"id":2069040,"type":"buy","buyer":"tonytrillions","seller":"dera123","symbol":"POB","quantity":"0.00000240","price":"0.10000000","timestamp":1637580213,"volume":"0.00000024","buyTxId":"ced1b9130750e31f5f3f8d10167f725b8d2b523d","sellTxId":"9806b638a3f6b5a6d1585d5fc6a4da285cf3d85e"}
{"index": {"_index":"pob","_id":"2069065"}}
	{"id":2069065,"type":"sell","buyer":"gimme-your-coinz","seller":"zirochka","symbol":"POB","quantity":"0.68276208","price":"0.08035016","timestamp":1637580414,"volume":"0.05486004","buyTxId":"2326081298e1bbf6d4f1670e3159cb2f2f7d0012","sellTxId":"73682f88935ebb21c3966fa76ebec51922784304"}
{"index": {"_index":"pob","_id":"2069212"}}
	{"id":2069212,"type":"sell","buyer":"gimme-your-coinz","seller":"andy-plays","symbol":"POB","quantity":"0.32000000","price":"0.08040021","timestamp":1637581860,"volume":"0.02572807","buyTxId":"bb6eb313ae47532289d9c39ba58d7a1264adcdee","sellTxId":"75130772b3c5f38bba18f012645930b3cb39142d"}
{"index": {"_index":"pob","_id":"2069240"}}
	{"id":2069240,"type":"sell","buyer":"gimme-your-coinz","seller":"shebe","symbol":"POB","quantity":"7.06666056","price":"0.08041022","timestamp":1637582199,"volume":"0.56823173","buyTxId":"b4bfc43bb1297ce81bc4015cfb0078347a4bef65","sellTxId":"eb82f5f5be064cb22932c608c1c4c23fe8a76db5"}
{"index": {"_index":"pob","_id":"2069461"}}
	{"id":2069461,"type":"buy","buyer":"tonytrillions","seller":"dera123","symbol":"POB","quantity":"0.00000240","price":"0.10000000","timestamp":1637583834,"volume":"0.00000024","buyTxId":"acfcc209ddc86e5f6121f164a5da2845120b0392","sellTxId":"9806b638a3f6b5a6d1585d5fc6a4da285cf3d85e"}
{"index": {"_index":"pob","_id":"2069483"}}
	{"id":2069483,"type":"sell","buyer":"gimme-your-coinz","seller":"bitcoinflood","symbol":"POB","quantity":"11.00152452","price":"0.08047028","timestamp":1637583981,"volume":"0.88529576","buyTxId":"75bc3558d3904e47d84fc77fa21b1649db0b1677","sellTxId":"13e2c54dab406804c9ac7d972faea18415e370ab"}
{"index": {"_index":"pob","_id":"2069486"}}
	{"id":2069486,"type":"buy","buyer":"v4vapid","seller":"dera123","symbol":"POB","quantity":"114.83551961","price":"0.10000000","timestamp":1637584005,"volume":"11.48355196","buyTxId":"6ce52f3202ae4f1b20f0b2849b2fb76c66492c56","sellTxId":"9806b638a3f6b5a6d1585d5fc6a4da285cf3d85e"}
{"index": {"_index":"pob","_id":"2069487"}}
	{"id":2069487,"type":"buy","buyer":"v4vapid","seller":"anadolu","symbol":"POB","quantity":"112.00000000","price":"0.10986000","timestamp":1637584005,"volume":"12.30432000","buyTxId":"6ce52f3202ae4f1b20f0b2849b2fb76c66492c56","sellTxId":"MM-P-12411239-59397591-3-0-1"}
{"index": {"_index":"pob","_id":"2069493"}}
	{"id":2069493,"type":"sell","buyer":"v4vapid","seller":"mightyrocklee","symbol":"POB","quantity":"2.69016782","price":"0.10986000","timestamp":1637584035,"volume":"0.29554184","buyTxId":"6ce52f3202ae4f1b20f0b2849b2fb76c66492c56","sellTxId":"d55e195637a5149cf66428aa20fbc8d47bd4c59f"}
{"index": {"_index":"pob","_id":"2069605"}}
	{"id":2069605,"type":"sell","buyer":"v4vapid","seller":"dhedge-drips","symbol":"POB","quantity":"0.83073377","price":"0.10986000","timestamp":1637585265,"volume":"0.09126441","buyTxId":"6ce52f3202ae4f1b20f0b2849b2fb76c66492c56","sellTxId":"ac91337b9676cefe555c87bc7371f44a75c12ca5"}
{"index": {"_index":"pob","_id":"2069684"}}
	{"id":2069684,"type":"sell","buyer":"v4vapid","seller":"fatherfaith","symbol":"POB","quantity":"0.56228000","price":"0.10986000","timestamp":1637586087,"volume":"0.06177208","buyTxId":"6ce52f3202ae4f1b20f0b2849b2fb76c66492c56","sellTxId":"c800359ceec896cde2b356485f25ac1f439466a1"}
{"index": {"_index":"pob","_id":"2069686"}}
	{"id":2069686,"type":"sell","buyer":"v4vapid","seller":"stickupboys","symbol":"POB","quantity":"8.22448100","price":"0.10986000","timestamp":1637586117,"volume":"0.90354148","buyTxId":"6ce52f3202ae4f1b20f0b2849b2fb76c66492c56","sellTxId":"a922a8dcd10432634ae7d0addc3e994d52973d0b"}
{"index": {"_index":"pob","_id":"2069688"}}
	{"id":2069688,"type":"sell","buyer":"v4vapid","seller":"chris.topher","symbol":"POB","quantity":"0.28688003","price":"0.10986000","timestamp":1637586132,"volume":"0.03151664","buyTxId":"6ce52f3202ae4f1b20f0b2849b2fb76c66492c56","sellTxId":"69e6ea7749754a8a48b1a54066970f16a4f66f6f"}
{"index": {"_index":"pob","_id":"2069720"}}
	{"id":2069720,"type":"sell","buyer":"v4vapid","seller":"mba2020","symbol":"POB","quantity":"0.21126459","price":"0.10986000","timestamp":1637586588,"volume":"0.02320953","buyTxId":"6ce52f3202ae4f1b20f0b2849b2fb76c66492c56","sellTxId":"0be82ecab4b8e57c06d66e09d493ed6e10540bdc"}
{"index": {"_index":"pob","_id":"2069741"}}
	{"id":2069741,"type":"sell","buyer":"v4vapid","seller":"offgridlife","symbol":"POB","quantity":"8.69772200","price":"0.10986000","timestamp":1637586804,"volume":"0.95553174","buyTxId":"6ce52f3202ae4f1b20f0b2849b2fb76c66492c56","sellTxId":"f3589aaea733ec1604edab936275c3526e111a75"}
{"index": {"_index":"pob","_id":"2069768"}}
	{"id":2069768,"type":"sell","buyer":"v4vapid","seller":"marvinix","symbol":"POB","quantity":"1.22852778","price":"0.10986000","timestamp":1637587065,"volume":"0.13496606","buyTxId":"6ce52f3202ae4f1b20f0b2849b2fb76c66492c56","sellTxId":"f29671f57603f6469606e399be301487350f00f8"}
{"index": {"_index":"pob","_id":"2069810"}}
	{"id":2069810,"type":"sell","buyer":"v4vapid","seller":"onealfa.pob","symbol":"POB","quantity":"0.43242340","price":"0.10986000","timestamp":1637587413,"volume":"0.04750603","buyTxId":"6ce52f3202ae4f1b20f0b2849b2fb76c66492c56","sellTxId":"3fcb5b672efdad7af194da38b006181a9f0a68c1"}
{"index": {"_index":"pob","_id":"2069854"}}
	{"id":2069854,"type":"sell","buyer":"gimme-your-coinz","seller":"shebe","symbol":"POB","quantity":"2.2218855","price":"0.08110000","timestamp":1637587974,"volume":"0.18019491","buyTxId":"31051f27c31a23c4420b6f68d85547fdcd58964e","sellTxId":"b88349e337908c744950f9405c1380e1d03ed34d"}
{"index": {"_index":"pob","_id":"2070056"}}
	{"id":2070056,"type":"buy","buyer":"steem-holder","seller":"fiberfrau","symbol":"POB","quantity":"0.13730000","price":"0.10990000","timestamp":1637589204,"volume":"0.01508927","buyTxId":"49284c204e0843c506863d902e646728b50e7de2","sellTxId":"016ce8ab20150cdd72a4cff22bacba57db04a32d"}
{"index": {"_index":"pob","_id":"2070063"}}
	{"id":2070063,"type":"sell","buyer":"steem-holder","seller":"tonytrillions","symbol":"POB","quantity":"0.04740352","price":"0.08120000","timestamp":1637589321,"volume":"0.00384917","buyTxId":"c67ca99c27a9b0e5e92d70245c80b78882a58d78","sellTxId":"02b3900c2851e492c40f5b40e773a32fb9210e1d"}
{"index": {"_index":"pob","_id":"2070116"}}
	{"id":2070116,"type":"sell","buyer":"steem-holder","seller":"derangedvisions","symbol":"POB","quantity":"9.95259648","price":"0.08120000","timestamp":1637589756,"volume":"0.80815083","buyTxId":"c67ca99c27a9b0e5e92d70245c80b78882a58d78","sellTxId":"48cac405ce200ee45632fce50d6cd26cfb86ef80"}
{"index": {"_index":"pob","_id":"2070117"}}
	{"id":2070117,"type":"sell","buyer":"tdctunes","seller":"derangedvisions","symbol":"POB","quantity":"41.90966559","price":"0.08120000","timestamp":1637589756,"volume":"3.40306485","buyTxId":"520c150a1c42926b1ce36a7a0d8c9a9f0309e127","sellTxId":"48cac405ce200ee45632fce50d6cd26cfb86ef80"}
{"index": {"_index":"pob","_id":"2070213"}}
	{"id":2070213,"type":"sell","buyer":"tdctunes","seller":"maffara","symbol":"POB","quantity":"2.00000000","price":"0.08120000","timestamp":1637590569,"volume":"0.16240000","buyTxId":"520c150a1c42926b1ce36a7a0d8c9a9f0309e127","sellTxId":"e90844a2082b14b507799f7f0ca9027e786d824b"}
{"index": {"_index":"pob","_id":"2070254"}}
	{"id":2070254,"type":"sell","buyer":"tdctunes","seller":"cowboyzlegend27","symbol":"POB","quantity":"0.51585218","price":"0.08120000","timestamp":1637590797,"volume":"0.04188720","buyTxId":"520c150a1c42926b1ce36a7a0d8c9a9f0309e127","sellTxId":"31d42ca609a9a6555738e803d8f4ba3014ff2fc4"}
{"index": {"_index":"pob","_id":"2070308"}}
	{"id":2070308,"type":"sell","buyer":"sbi-tokens","seller":"victoriabsb","symbol":"POB","quantity":"1.03109856","price":"0.08200000","timestamp":1637591175,"volume":"0.08455008","buyTxId":"19369e0e0dd33511cedd1862a2a159c1a0358da8","sellTxId":"1d6f8b47c9c64022467eab790a48c691747e6d02"}
{"index": {"_index":"pob","_id":"2070502"}}
	{"id":2070502,"type":"sell","buyer":"steem-holder","seller":"sbi-tokens","symbol":"POB","quantity":"1.03109856","price":"0.08200010","timestamp":1637592546,"volume":"0.08455019","buyTxId":"111d158ec9aa77142f56f9773f3f6fd104c1b2d9","sellTxId":"2ff50afd7df75d6bf9e68e52b99df0524647009e"}
{"index": {"_index":"pob","_id":"2070631"}}
	{"id":2070631,"type":"sell","buyer":"steem-holder","seller":"lotusies","symbol":"POB","quantity":"2.96982538","price":"0.08200010","timestamp":1637593128,"volume":"0.24352598","buyTxId":"111d158ec9aa77142f56f9773f3f6fd104c1b2d9","sellTxId":"be09566ca6759b0372f3e37a8d0cb7339ff53ac6"}
{"index": {"_index":"pob","_id":"2070716"}}
	{"id":2070716,"type":"sell","buyer":"steem-holder","seller":"vcelier","symbol":"POB","quantity":"0.70311527","price":"0.08200010","timestamp":1637593626,"volume":"0.05765552","buyTxId":"111d158ec9aa77142f56f9773f3f6fd104c1b2d9","sellTxId":"49530f17d2a9606a9eba9ed595f0de934687d901"}
{"index": {"_index":"pob","_id":"2070721"}}
	{"id":2070721,"type":"sell","buyer":"steem-holder","seller":"tonytrillions","symbol":"POB","quantity":"0.22528330","price":"0.08200010","timestamp":1637593701,"volume":"0.01847325","buyTxId":"111d158ec9aa77142f56f9773f3f6fd104c1b2d9","sellTxId":"4543f7b1786b9437ea2886b13135a00663d14294"}
{"index": {"_index":"pob","_id":"2070976"}}
	{"id":2070976,"type":"sell","buyer":"gimme-your-coinz","seller":"elliew","symbol":"POB","quantity":"21.00000000","price":"0.08207018","timestamp":1637596164,"volume":"1.72347378","buyTxId":"7a828d54556de6a41c7894fde40b74add23d7855","sellTxId":"106a1f2eefc419df68e71dd7effac467ee8e7114"}
{"index": {"_index":"pob","_id":"2070977"}}
	{"id":2070977,"type":"sell","buyer":"gimme-your-coinz","seller":"elliew","symbol":"POB","quantity":"4.00000000","price":"0.08207018","timestamp":1637596164,"volume":"0.32828072","buyTxId":"f405530ef2489cec38b3880e11297689ef65eb6e","sellTxId":"106a1f2eefc419df68e71dd7effac467ee8e7114"}
{"index": {"_index":"pob","_id":"2071016"}}
	{"id":2071016,"type":"buy","buyer":"trostparadox","seller":"take-my-coinz","symbol":"POB","quantity":"222.00000000","price":"0.10497994","timestamp":1637596539,"volume":"23.30554668","buyTxId":"ee4ec1bdd3976ed4961780514e57a6c8a4a23aec","sellTxId":"680c8f99a24fcacfcd5831d9a538c6f3ee6f3f56"}
{"index": {"_index":"pob","_id":"2071017"}}
	{"id":2071017,"type":"buy","buyer":"trostparadox","seller":"take-my-coinz","symbol":"POB","quantity":"222.00000000","price":"0.10497994","timestamp":1637596539,"volume":"23.30554668","buyTxId":"ee4ec1bdd3976ed4961780514e57a6c8a4a23aec","sellTxId":"3b430f4cf9e3a61d6c7e1fcced8537fb0d5d01a3"}
{"index": {"_index":"pob","_id":"2071018"}}
	{"id":2071018,"type":"buy","buyer":"trostparadox","seller":"anadolu","symbol":"POB","quantity":"112.00000000","price":"0.10497996","timestamp":1637596539,"volume":"11.75775552","buyTxId":"ee4ec1bdd3976ed4961780514e57a6c8a4a23aec","sellTxId":"MM-P-12415425-59401778-3-0-1"}
{"index": {"_index":"pob","_id":"2071019"}}
	{"id":2071019,"type":"buy","buyer":"trostparadox","seller":"maoyagi","symbol":"POB","quantity":"17.50000000","price":"0.10500000","timestamp":1637596539,"volume":"1.83750000","buyTxId":"ee4ec1bdd3976ed4961780514e57a6c8a4a23aec","sellTxId":"14a8d9bcc16fb212ee4012e05444c72ac71fa53f"}
{"index": {"_index":"pob","_id":"2071020"}}
	{"id":2071020,"type":"buy","buyer":"trostparadox","seller":"gadrian","symbol":"POB","quantity":"1.90000000","price":"0.10894990","timestamp":1637596539,"volume":"0.20700481","buyTxId":"ee4ec1bdd3976ed4961780514e57a6c8a4a23aec","sellTxId":"1f33fb9d0520ad0ecac5c86cc4d6585ca0081674"}
{"index": {"_index":"pob","_id":"2071021"}}
	{"id":2071021,"type":"buy","buyer":"trostparadox","seller":"sbi-tokens","symbol":"POB","quantity":"49.48549556","price":"0.10900000","timestamp":1637596539,"volume":"5.39391902","buyTxId":"ee4ec1bdd3976ed4961780514e57a6c8a4a23aec","sellTxId":"4609c92c48fa9b202b2b95338d374dc6b938330d"}
{"index": {"_index":"pob","_id":"2071022"}}
	{"id":2071022,"type":"buy","buyer":"trostparadox","seller":"kemmyb","symbol":"POB","quantity":"16.35600000","price":"0.11000000","timestamp":1637596539,"volume":"1.79916000","buyTxId":"ee4ec1bdd3976ed4961780514e57a6c8a4a23aec","sellTxId":"b1929c5159057c32797bcdd1aa157dbfa43863a4"}
{"index": {"_index":"pob","_id":"2071023"}}
	{"id":2071023,"type":"buy","buyer":"trostparadox","seller":"brofi-market","symbol":"POB","quantity":"7.75351505","price":"0.11000000","timestamp":1637596539,"volume":"0.85288666","buyTxId":"ee4ec1bdd3976ed4961780514e57a6c8a4a23aec","sellTxId":"eda19c83f9d7c979cae00987efde4b3e8fca3fb8"}
{"index": {"_index":"pob","_id":"2071024"}}
	{"id":2071024,"type":"buy","buyer":"trostparadox","seller":"dhedge-drips","symbol":"POB","quantity":"0.83073377","price":"0.11000000","timestamp":1637596539,"volume":"0.09138071","buyTxId":"ee4ec1bdd3976ed4961780514e57a6c8a4a23aec","sellTxId":"788604c0ae49baf534f99721de9a36a24c3599a1"}
{"index": {"_index":"pob","_id":"2071025"}}
	{"id":2071025,"type":"buy","buyer":"trostparadox","seller":"nonsowrites","symbol":"POB","quantity":"50.06669294","price":"0.11450000","timestamp":1637596539,"volume":"5.73263634","buyTxId":"ee4ec1bdd3976ed4961780514e57a6c8a4a23aec","sellTxId":"58987e87cece6ea476010ced5f995c5fc5c00519"}
{"index": {"_index":"pob","_id":"2071026"}}
	{"id":2071026,"type":"buy","buyer":"trostparadox","seller":"jersteemit","symbol":"POB","quantity":"26.64904000","price":"0.11458974","timestamp":1637596539,"volume":"3.05370656","buyTxId":"ee4ec1bdd3976ed4961780514e57a6c8a4a23aec","sellTxId":"180a629f1884cb5a553aaee832d634ad1d3820f8"}
{"index": {"_index":"pob","_id":"2071027"}}
	{"id":2071027,"type":"buy","buyer":"trostparadox","seller":"adityajainxds","symbol":"POB","quantity":"103.94025135","price":"0.11479000","timestamp":1637596539,"volume":"11.93130145","buyTxId":"ee4ec1bdd3976ed4961780514e57a6c8a4a23aec","sellTxId":"923d5f9d3f3ee76f60ca12df0a626951e2b29e01"}
{"index": {"_index":"pob","_id":"2071028"}}
	{"id":2071028,"type":"buy","buyer":"trostparadox","seller":"stayoutoftherz","symbol":"POB","quantity":"10.00000000","price":"0.11480000","timestamp":1637596539,"volume":"1.14800000","buyTxId":"ee4ec1bdd3976ed4961780514e57a6c8a4a23aec","sellTxId":"90b156e75826c69ce812e93d9186feae16e2762a"}
{"index": {"_index":"pob","_id":"2071029"}}
	{"id":2071029,"type":"buy","buyer":"trostparadox","seller":"brofi-market","symbol":"POB","quantity":"8.49394676","price":"0.11499998","timestamp":1637596539,"volume":"0.97680371","buyTxId":"ee4ec1bdd3976ed4961780514e57a6c8a4a23aec","sellTxId":"38a593f577b2d1b2afc171216fd993ea0735d2f7"}
{"index": {"_index":"pob","_id":"2071030"}}
	{"id":2071030,"type":"buy","buyer":"trostparadox","seller":"cookaiss","symbol":"POB","quantity":"1.53364281","price":"0.11500000","timestamp":1637596539,"volume":"0.17636892","buyTxId":"ee4ec1bdd3976ed4961780514e57a6c8a4a23aec","sellTxId":"a023dd9ccc38e97ee616f7e4ee89e7349399b93b"}
{"index": {"_index":"pob","_id":"2071031"}}
	{"id":2071031,"type":"buy","buyer":"trostparadox","seller":"amigareaction","symbol":"POB","quantity":"0.25000000","price":"0.11500000","timestamp":1637596539,"volume":"0.02875000","buyTxId":"ee4ec1bdd3976ed4961780514e57a6c8a4a23aec","sellTxId":"aa53a7af0e923dbf967a2a63e45ee8512e18877c"}
{"index": {"_index":"pob","_id":"2071032"}}
	{"id":2071032,"type":"buy","buyer":"trostparadox","seller":"iyiade","symbol":"POB","quantity":"3.43361487","price":"0.11700000","timestamp":1637596539,"volume":"0.40173294","buyTxId":"ee4ec1bdd3976ed4961780514e57a6c8a4a23aec","sellTxId":"cfa325ef0f5fb60c07fc402d1034d7ce1294e092"}
{"index": {"_index":"pob","_id":"2071211"}}
	{"id":2071211,"type":"sell","buyer":"gimme-your-coinz","seller":"offgridlife","symbol":"POB","quantity":"1.00000000","price":"0.08300001","timestamp":1637598060,"volume":"0.08300001","buyTxId":"2af8361ba0760aa618870a6a75894c3c8a0be2fe","sellTxId":"f333fbd720100d61797f442e1c26f27abd0dd079"}
{"index": {"_index":"pob","_id":"2071230"}}
	{"id":2071230,"type":"sell","buyer":"gimme-your-coinz","seller":"andy4475","symbol":"POB","quantity":"0.61740127","price":"0.08300001","timestamp":1637598147,"volume":"0.05124431","buyTxId":"2af8361ba0760aa618870a6a75894c3c8a0be2fe","sellTxId":"1fb677fb1005e358e474b6a20a1366d77a087771"}
{"index": {"_index":"pob","_id":"2071265"}}
	{"id":2071265,"type":"sell","buyer":"gimme-your-coinz","seller":"alfarero","symbol":"POB","quantity":"1.02767510","price":"0.08300001","timestamp":1637598297,"volume":"0.08529704","buyTxId":"2af8361ba0760aa618870a6a75894c3c8a0be2fe","sellTxId":"a64f98019e5b4eca366c70d90cd9ca65a6b5c50b"}
{"index": {"_index":"pob","_id":"2071467"}}
	{"id":2071467,"type":"sell","buyer":"gimme-your-coinz","seller":"kevmcc","symbol":"POB","quantity":"0.54764321","price":"0.08300001","timestamp":1637598900,"volume":"0.04545439","buyTxId":"2af8361ba0760aa618870a6a75894c3c8a0be2fe","sellTxId":"affa8929002dbc0c52ab661965794f009c51fbe4"}
{"index": {"_index":"pob","_id":"2071554"}}
	{"id":2071554,"type":"sell","buyer":"gimme-your-coinz","seller":"mawit07","symbol":"POB","quantity":"3.20675362","price":"0.08300001","timestamp":1637599218,"volume":"0.26616058","buyTxId":"2af8361ba0760aa618870a6a75894c3c8a0be2fe","sellTxId":"c3c491931ed0cf584ffa9832ffced2f53d6966ff"}
{"index": {"_index":"pob","_id":"2071617"}}
	{"id":2071617,"type":"sell","buyer":"gimme-your-coinz","seller":"coffeelovers","symbol":"POB","quantity":"4.26184399","price":"0.08300001","timestamp":1637599419,"volume":"0.35373309","buyTxId":"2af8361ba0760aa618870a6a75894c3c8a0be2fe","sellTxId":"cf78abc6948111516ceb2ff51ffe49add09d0433"}
{"index": {"_index":"pob","_id":"2071788"}}
	{"id":2071788,"type":"sell","buyer":"gimme-your-coinz","seller":"tonytrillions","symbol":"POB","quantity":"0.04516325","price":"0.08300001","timestamp":1637600274,"volume":"0.00374855","buyTxId":"2af8361ba0760aa618870a6a75894c3c8a0be2fe","sellTxId":"a5f2a1108b4e8cc377f1529ac02d812c99d8d3a5"}
{"index": {"_index":"pob","_id":"2071857"}}
	{"id":2071857,"type":"sell","buyer":"gimme-your-coinz","seller":"coffeelovers","symbol":"POB","quantity":"9.29351956","price":"0.08300001","timestamp":1637600652,"volume":"0.77136222","buyTxId":"2af8361ba0760aa618870a6a75894c3c8a0be2fe","sellTxId":"ff05ec20324f9a9ce1148f8071254dfbf122af26"}
{"index": {"_index":"pob","_id":"2071858"}}
	{"id":2071858,"type":"sell","buyer":"gimme-your-coinz","seller":"coffeelovers","symbol":"POB","quantity":"0.80648044","price":"0.08300001","timestamp":1637600652,"volume":"0.06693788","buyTxId":"2f248a0e6d73a1a49dab541e207c176e400cd81e","sellTxId":"ff05ec20324f9a9ce1148f8071254dfbf122af26"}
{"index": {"_index":"pob","_id":"2071924"}}
	{"id":2071924,"type":"buy","buyer":"trostparadox","seller":"take-my-coinz","symbol":"POB","quantity":"11.00000000","price":"0.09797994","timestamp":1637601039,"volume":"1.07777934","buyTxId":"cbffe8c1770770ad7389c8bf14089d3478a4fcfc","sellTxId":"b6f7f33d7bd3cbc4088541c319ef0568f0b7a7d9"}
{"index": {"_index":"pob","_id":"2071925"}}
	{"id":2071925,"type":"buy","buyer":"trostparadox","seller":"anadolu","symbol":"POB","quantity":"80.53250026","price":"0.09797996","timestamp":1637601039,"volume":"7.89057115","buyTxId":"cbffe8c1770770ad7389c8bf14089d3478a4fcfc","sellTxId":"MM-P-12416917-59403271-3-0-1"}
{"index": {"_index":"pob","_id":"2071926"}}
	{"id":2071926,"type":"buy","buyer":"trostparadox","seller":"take-my-coinz","symbol":"POB","quantity":"11.00000000","price":"0.09798996","timestamp":1637601039,"volume":"1.07788956","buyTxId":"cbffe8c1770770ad7389c8bf14089d3478a4fcfc","sellTxId":"d30604b728993e661b25710d494f07c10dc51a37"}
{"index": {"_index":"pob","_id":"2071927"}}
	{"id":2071927,"type":"buy","buyer":"trostparadox","seller":"stayoutoftherz","symbol":"POB","quantity":"25.00000000","price":"0.09800000","timestamp":1637601039,"volume":"2.45000000","buyTxId":"cbffe8c1770770ad7389c8bf14089d3478a4fcfc","sellTxId":"5529eaba7ba24b413d21444ce8fc8d8c6f57483a"}
{"index": {"_index":"pob","_id":"2071928"}}
	{"id":2071928,"type":"buy","buyer":"trostparadox","seller":"interpretation","symbol":"POB","quantity":"28.98485649","price":"0.09900000","timestamp":1637601039,"volume":"2.86950079","buyTxId":"cbffe8c1770770ad7389c8bf14089d3478a4fcfc","sellTxId":"d5ce3d473f6a987be77d3b0606bb9194f8dee3a8"}
{"index": {"_index":"pob","_id":"2071929"}}
	{"id":2071929,"type":"buy","buyer":"trostparadox","seller":"trumpman","symbol":"POB","quantity":"47.35175385","price":"0.11450000","timestamp":1637601039,"volume":"5.42177582","buyTxId":"cbffe8c1770770ad7389c8bf14089d3478a4fcfc","sellTxId":"05cc92e16de7abd2856ceb18cfae1a688ea0babc"}
{"index": {"_index":"pob","_id":"2071930"}}
	{"id":2071930,"type":"buy","buyer":"trostparadox","seller":"cookaiss","symbol":"POB","quantity":"0.29698568","price":"0.11690000","timestamp":1637601039,"volume":"0.03471763","buyTxId":"cbffe8c1770770ad7389c8bf14089d3478a4fcfc","sellTxId":"c4415a46027e4a026def84c36f6b7390101e116d"}
{"index": {"_index":"pob","_id":"2071931"}}
	{"id":2071931,"type":"buy","buyer":"trostparadox","seller":"iyiade","symbol":"POB","quantity":"57.56638513","price":"0.11700000","timestamp":1637601039,"volume":"6.73526706","buyTxId":"cbffe8c1770770ad7389c8bf14089d3478a4fcfc","sellTxId":"cfa325ef0f5fb60c07fc402d1034d7ce1294e092"}
{"index": {"_index":"pob","_id":"2071932"}}
	{"id":2071932,"type":"buy","buyer":"trostparadox","seller":"insight.pob","symbol":"POB","quantity":"13.00000000","price":"0.11880000","timestamp":1637601039,"volume":"1.54440000","buyTxId":"cbffe8c1770770ad7389c8bf14089d3478a4fcfc","sellTxId":"68887a65acf53cafdd451c3d6dd8beee81e52aba"}
{"index": {"_index":"pob","_id":"2071933"}}
	{"id":2071933,"type":"buy","buyer":"trostparadox","seller":"insight.pob","symbol":"POB","quantity":"18.37800000","price":"0.11880000","timestamp":1637601039,"volume":"2.18330640","buyTxId":"cbffe8c1770770ad7389c8bf14089d3478a4fcfc","sellTxId":"a34e47514ed065b3ad050aaaa52014103d9102df"}
{"index": {"_index":"pob","_id":"2071934"}}
	{"id":2071934,"type":"buy","buyer":"trostparadox","seller":"insight.pob","symbol":"POB","quantity":"15.00000000","price":"0.11900000","timestamp":1637601039,"volume":"1.78500000","buyTxId":"cbffe8c1770770ad7389c8bf14089d3478a4fcfc","sellTxId":"a2c69b5057951315645895f37136fa76528453c6"}
{"index": {"_index":"pob","_id":"2071935"}}
	{"id":2071935,"type":"buy","buyer":"trostparadox","seller":"amigareaction","symbol":"POB","quantity":"0.25000000","price":"0.12000000","timestamp":1637601039,"volume":"0.03000000","buyTxId":"cbffe8c1770770ad7389c8bf14089d3478a4fcfc","sellTxId":"cbf4fd639986ad57d5ba94872da9f45a2332a0e1"}
{"index": {"_index":"pob","_id":"2071936"}}
	{"id":2071936,"type":"buy","buyer":"trostparadox","seller":"eirik","symbol":"POB","quantity":"16.00000000","price":"0.12500000","timestamp":1637601039,"volume":"2.00000000","buyTxId":"cbffe8c1770770ad7389c8bf14089d3478a4fcfc","sellTxId":"19c7f719da69048cb4031538435fc296ff4a87c4"}
{"index": {"_index":"pob","_id":"2071937"}}
	{"id":2071937,"type":"buy","buyer":"trostparadox","seller":"chuckrick","symbol":"POB","quantity":"28.94625562","price":"0.14999000","timestamp":1637601039,"volume":"4.34164888","buyTxId":"cbffe8c1770770ad7389c8bf14089d3478a4fcfc","sellTxId":"151a772d7d37778ba537ba7fa2f3fece5b33f0c6"}
{"index": {"_index":"pob","_id":"2071938"}}
	{"id":2071938,"type":"buy","buyer":"trostparadox","seller":"funnel","symbol":"POB","quantity":"40.00000000","price":"0.15000000","timestamp":1637601039,"volume":"6.00000000","buyTxId":"cbffe8c1770770ad7389c8bf14089d3478a4fcfc","sellTxId":"e98160cbb712727c3efe5515c5c80b70fe5fe12d"}
{"index": {"_index":"pob","_id":"2071939"}}
	{"id":2071939,"type":"buy","buyer":"trostparadox","seller":"eirik","symbol":"POB","quantity":"11.00000000","price":"0.15000000","timestamp":1637601039,"volume":"1.65000000","buyTxId":"cbffe8c1770770ad7389c8bf14089d3478a4fcfc","sellTxId":"02a5aea010d3e06a390616e3144b176f1d756437"}
{"index": {"_index":"pob","_id":"2071940"}}
	{"id":2071940,"type":"buy","buyer":"trostparadox","seller":"brofi-market","symbol":"POB","quantity":"13.82656111","price":"0.15000000","timestamp":1637601039,"volume":"2.07398417","buyTxId":"cbffe8c1770770ad7389c8bf14089d3478a4fcfc","sellTxId":"d11e11ce3ce6a2d01839122bc9ae835652149ea7"}
{"index": {"_index":"pob","_id":"2071941"}}
	{"id":2071941,"type":"buy","buyer":"trostparadox","seller":"amigareaction","symbol":"POB","quantity":"0.25000000","price":"0.15000000","timestamp":1637601039,"volume":"0.03750000","buyTxId":"cbffe8c1770770ad7389c8bf14089d3478a4fcfc","sellTxId":"d8ecbc13ee7debdb7536e534d6dc375d51e2430b"}
{"index": {"_index":"pob","_id":"2071942"}}
	{"id":2071942,"type":"buy","buyer":"trostparadox","seller":"dhedge-drips","symbol":"POB","quantity":"1.73636926","price":"0.16287984","timestamp":1637601039,"volume":"0.28281955","buyTxId":"cbffe8c1770770ad7389c8bf14089d3478a4fcfc","sellTxId":"3595484d858863a5e407072a59437a68ffb37db2"}
{"index": {"_index":"pob","_id":"2071943"}}
	{"id":2071943,"type":"buy","buyer":"trostparadox","seller":"liotes.voter","symbol":"POB","quantity":"3.38616462","price":"0.16288000","timestamp":1637601039,"volume":"0.55153849","buyTxId":"cbffe8c1770770ad7389c8bf14089d3478a4fcfc","sellTxId":"de381f46e8b6d4fcfdff9cd6126557da1372e02b"}
{"index": {"_index":"pob","_id":"2071944"}}
	{"id":2071944,"type":"buy","buyer":"trostparadox","seller":"liotes.voter","symbol":"POB","quantity":"4.17366566","price":"0.16299000","timestamp":1637601039,"volume":"0.68026577","buyTxId":"cbffe8c1770770ad7389c8bf14089d3478a4fcfc","sellTxId":"f9e436d0a2186f2bd676164a5e8a72fb277444f4"}
{"index": {"_index":"pob","_id":"2071945"}}
	{"id":2071945,"type":"buy","buyer":"trostparadox","seller":"liotes.voter","symbol":"POB","quantity":"4.35153757","price":"0.16299000","timestamp":1637601039,"volume":"0.70925711","buyTxId":"cbffe8c1770770ad7389c8bf14089d3478a4fcfc","sellTxId":"5909de2e14566901983f8297781b4547327b4818"}
{"index": {"_index":"pob","_id":"2071946"}}
	{"id":2071946,"type":"buy","buyer":"trostparadox","seller":"tarazkp","symbol":"POB","quantity":"66.69705125","price":"0.16513000","timestamp":1637601039,"volume":"11.01368407","buyTxId":"cbffe8c1770770ad7389c8bf14089d3478a4fcfc","sellTxId":"9c166c9e8cfc861d6b9a4edb533ef80f07ad2d79"}
{"index": {"_index":"pob","_id":"2071947"}}
	{"id":2071947,"type":"buy","buyer":"trostparadox","seller":"ctime","symbol":"POB","quantity":"13.56896850","price":"0.17000000","timestamp":1637601039,"volume":"2.30672465","buyTxId":"cbffe8c1770770ad7389c8bf14089d3478a4fcfc","sellTxId":"c4e4b0ec35648f7ef1c89d95cd12032e1eebd26c"}
{"index": {"_index":"pob","_id":"2071948"}}
	{"id":2071948,"type":"buy","buyer":"trostparadox","seller":"chuckrick","symbol":"POB","quantity":"1.05493466","price":"0.17500000","timestamp":1637601039,"volume":"0.18461357","buyTxId":"cbffe8c1770770ad7389c8bf14089d3478a4fcfc","sellTxId":"3ed751e6e9900fe1ddfc26b514da97ae4c0dd46f"}
{"index": {"_index":"pob","_id":"2071949"}}
	{"id":2071949,"type":"buy","buyer":"trostparadox","seller":"eirik","symbol":"POB","quantity":"15.00000000","price":"0.17500000","timestamp":1637601039,"volume":"2.62500000","buyTxId":"cbffe8c1770770ad7389c8bf14089d3478a4fcfc","sellTxId":"57bc7e3b0407533a39fb5dfa8bf1d7d1b4b6d530"}
{"index": {"_index":"pob","_id":"2071950"}}
	{"id":2071950,"type":"buy","buyer":"trostparadox","seller":"pereu4ivatel","symbol":"POB","quantity":"2.78500000","price":"0.17989000","timestamp":1637601039,"volume":"0.50099365","buyTxId":"cbffe8c1770770ad7389c8bf14089d3478a4fcfc","sellTxId":"f6cad060f932080d1e87345173d81e9cdfd81c3f"}
{"index": {"_index":"pob","_id":"2071951"}}
	{"id":2071951,"type":"buy","buyer":"trostparadox","seller":"skylinebuds","symbol":"POB","quantity":"12.03108097","price":"0.17990000","timestamp":1637601039,"volume":"2.16439147","buyTxId":"cbffe8c1770770ad7389c8bf14089d3478a4fcfc","sellTxId":"f1c6f69d55fbcda1cba14f88d8d77a26907b2b3d"}
{"index": {"_index":"pob","_id":"2071952"}}
	{"id":2071952,"type":"buy","buyer":"trostparadox","seller":"dhedge-drips","symbol":"POB","quantity":"0.03325275","price":"0.17990000","timestamp":1637601039,"volume":"0.00598217","buyTxId":"cbffe8c1770770ad7389c8bf14089d3478a4fcfc","sellTxId":"322a3e55693963e562286a6821da1974009842bb"}
{"index": {"_index":"pob","_id":"2071953"}}
	{"id":2071953,"type":"buy","buyer":"trostparadox","seller":"woelfchen","symbol":"POB","quantity":"25.67350000","price":"0.18700000","timestamp":1637601039,"volume":"4.80094450","buyTxId":"cbffe8c1770770ad7389c8bf14089d3478a4fcfc","sellTxId":"c1a423ae515c93af1b86a4778c16e08093aac56c"}
{"index": {"_index":"pob","_id":"2071954"}}
	{"id":2071954,"type":"buy","buyer":"trostparadox","seller":"akumagai","symbol":"POB","quantity":"7.37823011","price":"0.18930000","timestamp":1637601039,"volume":"1.39669896","buyTxId":"cbffe8c1770770ad7389c8bf14089d3478a4fcfc","sellTxId":"0a3c8fa2aacba1407f9bf49c9d79b501a064a671"}
{"index": {"_index":"pob","_id":"2071955"}}
	{"id":2071955,"type":"buy","buyer":"trostparadox","seller":"dhedge-drips","symbol":"POB","quantity":"2.32541083","price":"0.18979000","timestamp":1637601039,"volume":"0.44133972","buyTxId":"cbffe8c1770770ad7389c8bf14089d3478a4fcfc","sellTxId":"3f8c0db4be9182e5d3bf82d284b8f2facb5ed1c6"}
{"index": {"_index":"pob","_id":"2071956"}}
	{"id":2071956,"type":"buy","buyer":"trostparadox","seller":"brofi-market","symbol":"POB","quantity":"21.70383443","price":"0.18979900","timestamp":1637601039,"volume":"4.11936607","buyTxId":"cbffe8c1770770ad7389c8bf14089d3478a4fcfc","sellTxId":"504b5ca83295da06e0052a0a1124ca8a7b18e216"}
{"index": {"_index":"pob","_id":"2071957"}}
	{"id":2071957,"type":"buy","buyer":"trostparadox","seller":"leotof","symbol":"POB","quantity":"33.58000000","price":"0.19000000","timestamp":1637601039,"volume":"6.38020000","buyTxId":"cbffe8c1770770ad7389c8bf14089d3478a4fcfc","sellTxId":"acf3267a207ce0f9b4aeffb3a9549f4c77bf1907"}
{"index": {"_index":"pob","_id":"2071958"}}
	{"id":2071958,"type":"buy","buyer":"trostparadox","seller":"pobtrader","symbol":"POB","quantity":"28.00000000","price":"0.19000000","timestamp":1637601039,"volume":"5.32000000","buyTxId":"cbffe8c1770770ad7389c8bf14089d3478a4fcfc","sellTxId":"805e592b8f0f4fcab343b2a5d3410514af03e845"}
{"index": {"_index":"pob","_id":"2071959"}}
	{"id":2071959,"type":"buy","buyer":"trostparadox","seller":"thomashnblum","symbol":"POB","quantity":"100.00000000","price":"0.19095017","timestamp":1637601039,"volume":"19.09501700","buyTxId":"cbffe8c1770770ad7389c8bf14089d3478a4fcfc","sellTxId":"1260f8b1725511a54418ea19a368096e0e3faf4e"}
{"index": {"_index":"pob","_id":"2071960"}}
	{"id":2071960,"type":"buy","buyer":"trostparadox","seller":"marketroll","symbol":"POB","quantity":"2000.00000000","price":"0.19999900","timestamp":1637601039,"volume":"399.99800000","buyTxId":"cbffe8c1770770ad7389c8bf14089d3478a4fcfc","sellTxId":"c19acaeb046f3175f1de6a37a5754200234b5855"}
{"index": {"_index":"pob","_id":"2071961"}}
	{"id":2071961,"type":"buy","buyer":"trostparadox","seller":"amigareaction","symbol":"POB","quantity":"0.25000000","price":"0.20000000","timestamp":1637601039,"volume":"0.05000000","buyTxId":"cbffe8c1770770ad7389c8bf14089d3478a4fcfc","sellTxId":"b7c0b14c3dccbf19df92786abed881f15a7751e9"}
{"index": {"_index":"pob","_id":"2071962"}}
	{"id":2071962,"type":"buy","buyer":"trostparadox","seller":"ctime","symbol":"POB","quantity":"1865.84911225","price":"0.20000000","timestamp":1637601039,"volume":"373.16982245","buyTxId":"cbffe8c1770770ad7389c8bf14089d3478a4fcfc","sellTxId":"ee8def3c556f206b312acd86c6eae08d6003421b"}
{"index": {"_index":"pob","_id":"2071981"}}
	{"id":2071981,"type":"sell","buyer":"gimme-your-coinz","seller":"prayzz","symbol":"POB","quantity":"15.09994438","price":"0.08300001","timestamp":1637601126,"volume":"1.25329553","buyTxId":"2f248a0e6d73a1a49dab541e207c176e400cd81e","sellTxId":"bbe62a16d7cf5125c9c55ed6e088dc5e4f3f48f2"}
{"index": {"_index":"pob","_id":"2072020"}}
	{"id":2072020,"type":"sell","buyer":"gimme-your-coinz","seller":"hernleon74","symbol":"POB","quantity":"0.41739460","price":"0.08300001","timestamp":1637601252,"volume":"0.03464376","buyTxId":"2f248a0e6d73a1a49dab541e207c176e400cd81e","sellTxId":"2f9322284276c464f978e2b52c261107115485b9"}
{"index": {"_index":"pob","_id":"2072294"}}
	{"id":2072294,"type":"sell","buyer":"gimme-your-coinz","seller":"yahia-lababidi","symbol":"POB","quantity":"3.67618058","price":"0.08300001","timestamp":1637603283,"volume":"0.30512302","buyTxId":"2f248a0e6d73a1a49dab541e207c176e400cd81e","sellTxId":"64e3ad8cb499d519cecfcda7a15a386c6227af4e"}
{"index": {"_index":"pob","_id":"2072296"}}
	{"id":2072296,"type":"buy","buyer":"gimme-your-coinz","seller":"yahia-lababidi","symbol":"POB","quantity":"20.00000000","price":"0.08300001","timestamp":1637603298,"volume":"1.66000020","buyTxId":"00c540bb18d3e29a3726bc880a6386752a886b87","sellTxId":"64e3ad8cb499d519cecfcda7a15a386c6227af4e"}
{"index": {"_index":"pob","_id":"2072299"}}
	{"id":2072299,"type":"buy","buyer":"gimme-your-coinz","seller":"yahia-lababidi","symbol":"POB","quantity":"20.00000000","price":"0.08300001","timestamp":1637603307,"volume":"1.66000020","buyTxId":"5cfeebe02b51b8a9dca169d05c81fa0deb94f789","sellTxId":"64e3ad8cb499d519cecfcda7a15a386c6227af4e"}
{"index": {"_index":"pob","_id":"2072300"}}
	{"id":2072300,"type":"buy","buyer":"gimme-your-coinz","seller":"yahia-lababidi","symbol":"POB","quantity":"20.00000000","price":"0.08300001","timestamp":1637603316,"volume":"1.66000020","buyTxId":"08a94d03c2837e2537afb4e0240bc6b61acc1e99","sellTxId":"64e3ad8cb499d519cecfcda7a15a386c6227af4e"}
{"index": {"_index":"pob","_id":"2072307"}}
	{"id":2072307,"type":"buy","buyer":"gimme-your-coinz","seller":"yahia-lababidi","symbol":"POB","quantity":"20.00000000","price":"0.08300001","timestamp":1637603322,"volume":"1.66000020","buyTxId":"39002add69d24a4b9557ea3e7454400a0305a6e9","sellTxId":"64e3ad8cb499d519cecfcda7a15a386c6227af4e"}
{"index": {"_index":"pob","_id":"2072309"}}
	{"id":2072309,"type":"buy","buyer":"gimme-your-coinz","seller":"yahia-lababidi","symbol":"POB","quantity":"20.00000000","price":"0.08300001","timestamp":1637603334,"volume":"1.66000020","buyTxId":"a0cf53299d0d82e2f89f2d84a453d385e0dda808","sellTxId":"64e3ad8cb499d519cecfcda7a15a386c6227af4e"}
{"index": {"_index":"pob","_id":"2072310"}}
	{"id":2072310,"type":"buy","buyer":"gimme-your-coinz","seller":"yahia-lababidi","symbol":"POB","quantity":"20.00000000","price":"0.08300001","timestamp":1637603340,"volume":"1.66000020","buyTxId":"d2d4e94173ac120159bab22fdff1ea4e88ecbd22","sellTxId":"64e3ad8cb499d519cecfcda7a15a386c6227af4e"}
{"index": {"_index":"pob","_id":"2072326"}}
	{"id":2072326,"type":"buy","buyer":"gimme-your-coinz","seller":"yahia-lababidi","symbol":"POB","quantity":"20.00000000","price":"0.08300001","timestamp":1637603349,"volume":"1.66000020","buyTxId":"ced570867e695b8f9ec013291fa4edc024158bb6","sellTxId":"64e3ad8cb499d519cecfcda7a15a386c6227af4e"}
{"index": {"_index":"pob","_id":"2072332"}}
	{"id":2072332,"type":"buy","buyer":"gimme-your-coinz","seller":"yahia-lababidi","symbol":"POB","quantity":"20.00000000","price":"0.08300001","timestamp":1637603358,"volume":"1.66000020","buyTxId":"668d6732ce819cfcb9aa47adb21b09952c34fed8","sellTxId":"64e3ad8cb499d519cecfcda7a15a386c6227af4e"}
{"index": {"_index":"pob","_id":"2072334"}}
	{"id":2072334,"type":"buy","buyer":"gimme-your-coinz","seller":"yahia-lababidi","symbol":"POB","quantity":"20.00000000","price":"0.08300001","timestamp":1637603367,"volume":"1.66000020","buyTxId":"b00d128f42a3562537ec7b15eaed34b43048c999","sellTxId":"64e3ad8cb499d519cecfcda7a15a386c6227af4e"}
{"index": {"_index":"pob","_id":"2072345"}}
	{"id":2072345,"type":"buy","buyer":"gimme-your-coinz","seller":"yahia-lababidi","symbol":"POB","quantity":"20.00000000","price":"0.08300001","timestamp":1637603376,"volume":"1.66000020","buyTxId":"36c16a3c12ea2dca57c2e1f072337da2149d3f85","sellTxId":"64e3ad8cb499d519cecfcda7a15a386c6227af4e"}
{"index": {"_index":"pob","_id":"2072346"}}
	{"id":2072346,"type":"buy","buyer":"gimme-your-coinz","seller":"yahia-lababidi","symbol":"POB","quantity":"14.80498682","price":"0.08300001","timestamp":1637603385,"volume":"1.22881405","buyTxId":"ce8a319c14709989bddac38ab2d816afbb3fc656","sellTxId":"64e3ad8cb499d519cecfcda7a15a386c6227af4e"}
{"index": {"_index":"pob","_id":"2072589"}}
	{"id":2072589,"type":"sell","buyer":"kennysgaminglife","seller":"knowledge23.pob","symbol":"POB","quantity":"59.62000000","price":"0.11111000","timestamp":1637604747,"volume":"6.62437820","buyTxId":"1fa1f308d4f2eba3b169b65f1a48336a39265704","sellTxId":"582682ae00504a9d364de2d69e3f1554d91f3d93"}
{"index": {"_index":"pob","_id":"2072667"}}
	{"id":2072667,"type":"sell","buyer":"kennysgaminglife","seller":"acesontop","symbol":"POB","quantity":"15.65089692","price":"0.11111000","timestamp":1637605029,"volume":"1.73897116","buyTxId":"1fa1f308d4f2eba3b169b65f1a48336a39265704","sellTxId":"1025625fd9284ffa0bcf6eb238673a259db30933"}
{"index": {"_index":"pob","_id":"2072687"}}
	{"id":2072687,"type":"sell","buyer":"kennysgaminglife","seller":"anggreklestari","symbol":"POB","quantity":"30.00000000","price":"0.11111000","timestamp":1637605167,"volume":"3.33330000","buyTxId":"1fa1f308d4f2eba3b169b65f1a48336a39265704","sellTxId":"77555ddb89793c60f3337587a46e5bf3e149948f"}
{"index": {"_index":"pob","_id":"2072702"}}
	{"id":2072702,"type":"sell","buyer":"kennysgaminglife","seller":"pobtrader","symbol":"POB","quantity":"71.00000000","price":"0.11111000","timestamp":1637605224,"volume":"7.88881000","buyTxId":"1fa1f308d4f2eba3b169b65f1a48336a39265704","sellTxId":"1cab4f1a39b0ae5b11307ac5c3806f1fcdaf9111"}
{"index": {"_index":"pob","_id":"2072710"}}
	{"id":2072710,"type":"sell","buyer":"kennysgaminglife","seller":"teenagecrypto","symbol":"POB","quantity":"0.29078452","price":"0.11111000","timestamp":1637605260,"volume":"0.03230907","buyTxId":"1fa1f308d4f2eba3b169b65f1a48336a39265704","sellTxId":"f42501114f5e7dd5a51dfa3d91be55fd43a8d019"}
{"index": {"_index":"pob","_id":"2072776"}}
	{"id":2072776,"type":"sell","buyer":"kennysgaminglife","seller":"marilove22","symbol":"POB","quantity":"66.00000000","price":"0.11111000","timestamp":1637605524,"volume":"7.33326000","buyTxId":"1fa1f308d4f2eba3b169b65f1a48336a39265704","sellTxId":"722d163540e661145b024b558e73e0e47edef668"}
{"index": {"_index":"pob","_id":"2072855"}}
	{"id":2072855,"type":"sell","buyer":"kennysgaminglife","seller":"hannahhive","symbol":"POB","quantity":"84.00000000","price":"0.11111000","timestamp":1637605755,"volume":"9.33324000","buyTxId":"1fa1f308d4f2eba3b169b65f1a48336a39265704","sellTxId":"07907f63bb39c6ac959db2a6f559e2af9669e80a"}
{"index": {"_index":"pob","_id":"2072875"}}
	{"id":2072875,"type":"sell","buyer":"kennysgaminglife","seller":"leotof","symbol":"POB","quantity":"39.00000000","price":"0.11111000","timestamp":1637605995,"volume":"4.33329000","buyTxId":"1fa1f308d4f2eba3b169b65f1a48336a39265704","sellTxId":"f5e7997b0b2e939232fd550bec5bc87440619664"}
{"index": {"_index":"pob","_id":"2072936"}}
	{"id":2072936,"type":"sell","buyer":"kennysgaminglife","seller":"precious008","symbol":"POB","quantity":"103.46000000","price":"0.11111000","timestamp":1637606346,"volume":"11.49544060","buyTxId":"1fa1f308d4f2eba3b169b65f1a48336a39265704","sellTxId":"0b54d6d710662bf6278c7eef213bcad18dfa17c2"}
{"index": {"_index":"pob","_id":"2072950"}}
	{"id":2072950,"type":"sell","buyer":"kennysgaminglife","seller":"pobtrader","symbol":"POB","quantity":"28.53000000","price":"0.11111000","timestamp":1637606439,"volume":"3.16996830","buyTxId":"1fa1f308d4f2eba3b169b65f1a48336a39265704","sellTxId":"47d1d70678f959eebcd1d3fc448cdd688d4177f1"}
{"index": {"_index":"pob","_id":"2073028"}}
	{"id":2073028,"type":"sell","buyer":"kennysgaminglife","seller":"leotof","symbol":"POB","quantity":"19.00000000","price":"0.11111000","timestamp":1637606772,"volume":"2.11109000","buyTxId":"1fa1f308d4f2eba3b169b65f1a48336a39265704","sellTxId":"d1a5127b2f5660e04556b96e349967c1a7046322"}
{"index": {"_index":"pob","_id":"2073062"}}
	{"id":2073062,"type":"sell","buyer":"kennysgaminglife","seller":"hannahhive","symbol":"POB","quantity":"46.22800000","price":"0.11111000","timestamp":1637607156,"volume":"5.13639308","buyTxId":"1fa1f308d4f2eba3b169b65f1a48336a39265704","sellTxId":"ca3670ec79e175be14ff923e4dd5177b36bcdd14"}
{"index": {"_index":"pob","_id":"2073072"}}
	{"id":2073072,"type":"sell","buyer":"kennysgaminglife","seller":"marilove22","symbol":"POB","quantity":"37.49000000","price":"0.11111000","timestamp":1637607237,"volume":"4.16551390","buyTxId":"1fa1f308d4f2eba3b169b65f1a48336a39265704","sellTxId":"cddd23695a9ed31ce8400f7f672b966c44aaedec"}
{"index": {"_index":"pob","_id":"2073138"}}
	{"id":2073138,"type":"sell","buyer":"kennysgaminglife","seller":"razackpulo.pob","symbol":"POB","quantity":"10.00000000","price":"0.11111000","timestamp":1637608173,"volume":"1.11110000","buyTxId":"1fa1f308d4f2eba3b169b65f1a48336a39265704","sellTxId":"f379761f58f3272d4f084f5c5fb0bed8de52c362"}
{"index": {"_index":"pob","_id":"2073222"}}
	{"id":2073222,"type":"sell","buyer":"kennysgaminglife","seller":"knowledge23.pob","symbol":"POB","quantity":"9.20000000","price":"0.11111000","timestamp":1637608611,"volume":"1.02221200","buyTxId":"1fa1f308d4f2eba3b169b65f1a48336a39265704","sellTxId":"46dd77681282ca875ce95ada366ba23e2140db01"}
{"index": {"_index":"pob","_id":"2073252"}}
	{"id":2073252,"type":"sell","buyer":"kennysgaminglife","seller":"incredibility","symbol":"POB","quantity":"60.00000000","price":"0.11111000","timestamp":1637608803,"volume":"6.66660000","buyTxId":"1fa1f308d4f2eba3b169b65f1a48336a39265704","sellTxId":"72e3468f9b1996e7a31cefe761a5ebf11ac79f8f"}
{"index": {"_index":"pob","_id":"2073253"}}
	{"id":2073253,"type":"sell","buyer":"kennysgaminglife","seller":"tonytrillions","symbol":"POB","quantity":"0.07679820","price":"0.11111000","timestamp":1637608824,"volume":"0.00853305","buyTxId":"1fa1f308d4f2eba3b169b65f1a48336a39265704","sellTxId":"f9e47500f0ce5dc5574565ffd35d83efc9f950a1"}
{"index": {"_index":"pob","_id":"2073263"}}
	{"id":2073263,"type":"sell","buyer":"kennysgaminglife","seller":"abh12345","symbol":"POB","quantity":"42.13679558","price":"0.11111000","timestamp":1637608941,"volume":"4.68181936","buyTxId":"1fa1f308d4f2eba3b169b65f1a48336a39265704","sellTxId":"a27d5f279790c88fd7a8ae41038c43e10aa06e2c"}
{"index": {"_index":"pob","_id":"2073264"}}
	{"id":2073264,"type":"sell","buyer":"kennysgaminglife","seller":"deffdon","symbol":"POB","quantity":"20.00000000","price":"0.11111000","timestamp":1637608947,"volume":"2.22220000","buyTxId":"1fa1f308d4f2eba3b169b65f1a48336a39265704","sellTxId":"410a6a53e593db1188596daa79245c4ca46f84bb"}
{"index": {"_index":"pob","_id":"2073273"}}
	{"id":2073273,"type":"sell","buyer":"kennysgaminglife","seller":"insight.pob","symbol":"POB","quantity":"27.00000000","price":"0.11111000","timestamp":1637608995,"volume":"2.99997000","buyTxId":"1fa1f308d4f2eba3b169b65f1a48336a39265704","sellTxId":"ecb4b97377bd6ddf980fd73662129f76e6cb1f98"}
{"index": {"_index":"pob","_id":"2073284"}}
	{"id":2073284,"type":"sell","buyer":"kennysgaminglife","seller":"insight.pob","symbol":"POB","quantity":"0.40222572","price":"0.11111000","timestamp":1637609070,"volume":"0.04469130","buyTxId":"1fa1f308d4f2eba3b169b65f1a48336a39265704","sellTxId":"140e42dd073fb0fbde82374dedf96482b4fc6b0d"}
{"index": {"_index":"pob","_id":"2073377"}}
	{"id":2073377,"type":"sell","buyer":"kennysgaminglife","seller":"insight.pob","symbol":"POB","quantity":"10.55499914","price":"0.11111000","timestamp":1637609643,"volume":"1.17276595","buyTxId":"1fa1f308d4f2eba3b169b65f1a48336a39265704","sellTxId":"27a23fa2161b0e228479153dd06e464fe4888915"}
{"index": {"_index":"pob","_id":"2073406"}}
	{"id":2073406,"type":"sell","buyer":"kennysgaminglife","seller":"iyiade","symbol":"POB","quantity":"39.16900000","price":"0.11111000","timestamp":1637609781,"volume":"4.35206759","buyTxId":"1fa1f308d4f2eba3b169b65f1a48336a39265704","sellTxId":"93f684ce462bf44b43d52c36dba8955e35398fea"}
{"index": {"_index":"pob","_id":"2073450"}}
	{"id":2073450,"type":"sell","buyer":"kennysgaminglife","seller":"ahmetay","symbol":"POB","quantity":"181.19049900","price":"0.11111000","timestamp":1637610087,"volume":"20.13207634","buyTxId":"1fa1f308d4f2eba3b169b65f1a48336a39265704","sellTxId":"b6bc557147f996d0b69ea9d7323e72531debb600"}
{"index": {"_index":"pob","_id":"2073517"}}
	{"id":2073517,"type":"sell","buyer":"kennysgaminglife","seller":"revisesociology","symbol":"POB","quantity":"0.00000092","price":"0.11111000","timestamp":1637610486,"volume":"0.00000010","buyTxId":"1fa1f308d4f2eba3b169b65f1a48336a39265704","sellTxId":"6356c42d5aab1723945d454ce8e566d7ff013182"}
{"index": {"_index":"pob","_id":"2073518"}}
	{"id":2073518,"type":"sell","buyer":"trostparadox","seller":"revisesociology","symbol":"POB","quantity":"189.99999908","price":"0.10000000","timestamp":1637610486,"volume":"18.99999991","buyTxId":"470a849a40f0bf88982f0d96b9a0bb4913231787","sellTxId":"6356c42d5aab1723945d454ce8e566d7ff013182"}
{"index": {"_index":"pob","_id":"2073534"}}
	{"id":2073534,"type":"sell","buyer":"trostparadox","seller":"pablodare","symbol":"POB","quantity":"1.07554485","price":"0.10000000","timestamp":1637610603,"volume":"0.10755449","buyTxId":"470a849a40f0bf88982f0d96b9a0bb4913231787","sellTxId":"2b2780930b496352262801419976fd6f42f5d748"}
{"index": {"_index":"pob","_id":"2073624"}}
	{"id":2073624,"type":"sell","buyer":"trostparadox","seller":"handtalk5","symbol":"POB","quantity":"1.71475647","price":"0.10000000","timestamp":1637611233,"volume":"0.17147565","buyTxId":"470a849a40f0bf88982f0d96b9a0bb4913231787","sellTxId":"b626011a0c7114435159c58aa7840bbf650df61a"}
{"index": {"_index":"pob","_id":"2073654"}}
	{"id":2073654,"type":"sell","buyer":"trostparadox","seller":"andy4475","symbol":"POB","quantity":"1.25703208","price":"0.10000000","timestamp":1637611392,"volume":"0.12570321","buyTxId":"470a849a40f0bf88982f0d96b9a0bb4913231787","sellTxId":"70d50e03c8bb6ff2e85dff1008b53db9de35d444"}
{"index": {"_index":"pob","_id":"2073795"}}
	{"id":2073795,"type":"sell","buyer":"trostparadox","seller":"ahmetay","symbol":"POB","quantity":"132.37507988","price":"0.10000000","timestamp":1637612610,"volume":"13.23750799","buyTxId":"470a849a40f0bf88982f0d96b9a0bb4913231787","sellTxId":"fb62cf8298cd3c388828cad0c95449469c66ae83"}
{"index": {"_index":"pob","_id":"2073874"}}
	{"id":2073874,"type":"sell","buyer":"trostparadox","seller":"lisamgentile1961","symbol":"POB","quantity":"1.48775933","price":"0.10000000","timestamp":1637613042,"volume":"0.14877593","buyTxId":"470a849a40f0bf88982f0d96b9a0bb4913231787","sellTxId":"15c79aa1de850e67ee018b0201f03de767135361"}
{"index": {"_index":"pob","_id":"2074051"}}
	{"id":2074051,"type":"sell","buyer":"trostparadox","seller":"deathwing","symbol":"POB","quantity":"0.027","price":"0.10000000","timestamp":1637614506,"volume":"0.00270000","buyTxId":"470a849a40f0bf88982f0d96b9a0bb4913231787","sellTxId":"65b6a6066b970ed8d90b13578dba0d798f70384b-0"}
{"index": {"_index":"pob","_id":"2074126"}}
	{"id":2074126,"type":"sell","buyer":"trostparadox","seller":"ahmetay","symbol":"POB","quantity":"100.00000000","price":"0.10000000","timestamp":1637614812,"volume":"10.00000000","buyTxId":"470a849a40f0bf88982f0d96b9a0bb4913231787","sellTxId":"33abce562d24963834fddcc0c95ef078682fe8d1"}
{"index": {"_index":"pob","_id":"2074149"}}
	{"id":2074149,"type":"sell","buyer":"trostparadox","seller":"diebitch","symbol":"POB","quantity":"54.25439483","price":"0.10000000","timestamp":1637615160,"volume":"5.42543948","buyTxId":"470a849a40f0bf88982f0d96b9a0bb4913231787","sellTxId":"220ca0a6f8ab0f794bf10c26d783ece19142631d"}
{"index": {"_index":"pob","_id":"2074232"}}
	{"id":2074232,"type":"sell","buyer":"trostparadox","seller":"offgridlife","symbol":"POB","quantity":"10.00000000","price":"0.10000000","timestamp":1637616222,"volume":"1.00000000","buyTxId":"470a849a40f0bf88982f0d96b9a0bb4913231787","sellTxId":"4d14f30632247b0b30c7128d68a6d63478341520"}
{"index": {"_index":"pob","_id":"2074238"}}
	{"id":2074238,"type":"sell","buyer":"trostparadox","seller":"warnas","symbol":"POB","quantity":"3.82291874","price":"0.10000000","timestamp":1637616330,"volume":"0.38229187","buyTxId":"470a849a40f0bf88982f0d96b9a0bb4913231787","sellTxId":"7e2e8521cf110b1d11a0a4c5059de958ee803230"}
{"index": {"_index":"pob","_id":"2074326"}}
	{"id":2074326,"type":"sell","buyer":"trostparadox","seller":"thisisawesome","symbol":"POB","quantity":"1.1","price":"0.10000000","timestamp":1637616891,"volume":"0.11000000","buyTxId":"470a849a40f0bf88982f0d96b9a0bb4913231787","sellTxId":"9cf6a2570f4617c62f977f6406d687b119d16b9d"}
{"index": {"_index":"pob","_id":"2074407"}}
	{"id":2074407,"type":"sell","buyer":"trostparadox","seller":"warnas","symbol":"POB","quantity":"0.05567826","price":"0.10000000","timestamp":1637617860,"volume":"0.00556783","buyTxId":"470a849a40f0bf88982f0d96b9a0bb4913231787","sellTxId":"4fb9635cd954a9202de51d638cd5bf33342ade6f"}
{"index": {"_index":"pob","_id":"2074539"}}
	{"id":2074539,"type":"sell","buyer":"trostparadox","seller":"corporateay","symbol":"POB","quantity":"73.20966115","price":"0.10000000","timestamp":1637618901,"volume":"7.32096612","buyTxId":"470a849a40f0bf88982f0d96b9a0bb4913231787","sellTxId":"fd78eddc78ffd7d9340495b184fbaeb62f365b01"}
{"index": {"_index":"pob","_id":"2074602"}}
	{"id":2074602,"type":"sell","buyer":"trostparadox","seller":"news-poster","symbol":"POB","quantity":"42.00000000","price":"0.10000000","timestamp":1637619639,"volume":"4.20000000","buyTxId":"470a849a40f0bf88982f0d96b9a0bb4913231787","sellTxId":"7a31145efddb119d39cd2a586944476dd51df2ff"}
{"index": {"_index":"pob","_id":"2074718"}}
	{"id":2074718,"type":"sell","buyer":"trostparadox","seller":"he-index","symbol":"POB","quantity":"0.12100000","price":"0.10000000","timestamp":1637620869,"volume":"0.01210000","buyTxId":"470a849a40f0bf88982f0d96b9a0bb4913231787","sellTxId":"f4fd28a6d269d6ab264c87b539c568e1985f3829"}
{"index": {"_index":"pob","_id":"2074784"}}
	{"id":2074784,"type":"sell","buyer":"trostparadox","seller":"offgridlife","symbol":"POB","quantity":"5.00000000","price":"0.10000000","timestamp":1637621223,"volume":"0.50000000","buyTxId":"470a849a40f0bf88982f0d96b9a0bb4913231787","sellTxId":"776c62ed777618ff0be48412f4d604ad4ce5d8a0"}
{"index": {"_index":"pob","_id":"2074933"}}
	{"id":2074933,"type":"sell","buyer":"trostparadox","seller":"donatello","symbol":"POB","quantity":"2.44523910","price":"0.10000000","timestamp":1637622783,"volume":"0.24452391","buyTxId":"470a849a40f0bf88982f0d96b9a0bb4913231787","sellTxId":"d44990721c19d8b63e2e7d22fe5126e3254312cc"}
{"index": {"_index":"pob","_id":"2075409"}}
	{"id":2075409,"type":"sell","buyer":"trostparadox","seller":"razackpulo.pob","symbol":"POB","quantity":"10.00000000","price":"0.10000000","timestamp":1637627514,"volume":"1.00000000","buyTxId":"470a849a40f0bf88982f0d96b9a0bb4913231787","sellTxId":"07c413053533c19e4ad9ca41c645d8b33a381b97"}
{"index": {"_index":"pob","_id":"2075573"}}
	{"id":2075573,"type":"sell","buyer":"trostparadox","seller":"ecobanker","symbol":"POB","quantity":"1.09070000","price":"0.10000000","timestamp":1637628735,"volume":"0.10907000","buyTxId":"470a849a40f0bf88982f0d96b9a0bb4913231787","sellTxId":"1b1b3f0a7e35fc93846bf6981ae281703dcdae8b"}
{"index": {"_index":"pob","_id":"2075774"}}
	{"id":2075774,"type":"sell","buyer":"trostparadox","seller":"young-boss-karin","symbol":"POB","quantity":"72.55717884","price":"0.10000000","timestamp":1637629845,"volume":"7.25571788","buyTxId":"470a849a40f0bf88982f0d96b9a0bb4913231787","sellTxId":"2f10d7eb1201f11e2f8d58d187511acf4616b667"}
{"index": {"_index":"pob","_id":"2075838"}}
	{"id":2075838,"type":"sell","buyer":"trostparadox","seller":"paulmoon410","symbol":"POB","quantity":"0.62420093","price":"0.10000000","timestamp":1637630310,"volume":"0.06242009","buyTxId":"470a849a40f0bf88982f0d96b9a0bb4913231787","sellTxId":"8a7cb74b76ff3f52258708d53b5a5c2eac9bbcee"}
{"index": {"_index":"pob","_id":"2076122"}}
	{"id":2076122,"type":"sell","buyer":"anadolu","seller":"txracer","symbol":"POB","quantity":"0.00015572","price":"0.10001100","timestamp":1637632266,"volume":"0.00001557","buyTxId":"MM-P-12426875-59413231-3-0-0","sellTxId":"62c11a83a37543d914bd87c93de17d0dd2f0033d"}
{"index": {"_index":"pob","_id":"2076293"}}
	{"id":2076293,"type":"sell","buyer":"holovision","seller":"dwinblood","symbol":"POB","quantity":"11.07815000","price":"0.11000000","timestamp":1637632893,"volume":"1.21859650","buyTxId":"b89dda8036317c042c3b63ae5a96aea05af5e1ff","sellTxId":"d9c7cc04de77f89c29b0dc420cd80c5be8c2ba2d"}
{"index": {"_index":"pob","_id":"2076503"}}
	{"id":2076503,"type":"sell","buyer":"holovision","seller":"dswap","symbol":"POB","quantity":"0.02855691","price":"0.11000000","timestamp":1637634138,"volume":"0.00314126","buyTxId":"b89dda8036317c042c3b63ae5a96aea05af5e1ff","sellTxId":"7ae240f88e559ace3d80894c03cd5aed12ba823f"}
{"index": {"_index":"pob","_id":"2076594"}}
	{"id":2076594,"type":"sell","buyer":"holovision","seller":"theguru.photos","symbol":"POB","quantity":"6.48308455","price":"0.11000000","timestamp":1637634780,"volume":"0.71313930","buyTxId":"b89dda8036317c042c3b63ae5a96aea05af5e1ff","sellTxId":"3f00ca0f17d664a77b0b8f9ce0fbfc3537acedb1"}
{"index": {"_index":"pob","_id":"2076648"}}
	{"id":2076648,"type":"sell","buyer":"holovision","seller":"justinparke","symbol":"POB","quantity":"2.93316056","price":"0.11000000","timestamp":1637635086,"volume":"0.32264766","buyTxId":"b89dda8036317c042c3b63ae5a96aea05af5e1ff","sellTxId":"0b992e538415a35c09a286d251b5c5b837f38430"}
{"index": {"_index":"pob","_id":"2076650"}}
	{"id":2076650,"type":"sell","buyer":"holovision","seller":"barbarabezina","symbol":"POB","quantity":"1.10033166","price":"0.11000000","timestamp":1637635098,"volume":"0.12103648","buyTxId":"b89dda8036317c042c3b63ae5a96aea05af5e1ff","sellTxId":"1bc1d861f2920c5f4f0b640c369e02f92bff30b9"}
{"index": {"_index":"pob","_id":"2076790"}}
	{"id":2076790,"type":"sell","buyer":"holovision","seller":"andy4475","symbol":"POB","quantity":"1.05710624","price":"0.11000000","timestamp":1637636088,"volume":"0.11628169","buyTxId":"b89dda8036317c042c3b63ae5a96aea05af5e1ff","sellTxId":"d4026b5ca7c77e630e191c3469709450cd2b654d"}
{"index": {"_index":"pob","_id":"2076892"}}
	{"id":2076892,"type":"sell","buyer":"holovision","seller":"bearbear613","symbol":"POB","quantity":"2.17471132","price":"0.11000000","timestamp":1637636493,"volume":"0.23921825","buyTxId":"b89dda8036317c042c3b63ae5a96aea05af5e1ff","sellTxId":"fa2bcbd0e250972845b6e9327bba4c797bcd6a1d"}
{"index": {"_index":"pob","_id":"2076899"}}
	{"id":2076899,"type":"sell","buyer":"holovision","seller":"coffeelovers","symbol":"POB","quantity":"14","price":"0.11000000","timestamp":1637636580,"volume":"1.54000000","buyTxId":"b89dda8036317c042c3b63ae5a96aea05af5e1ff","sellTxId":"76eabb85e607cf554acea159be10ae35ba5b130b"}
{"index": {"_index":"pob","_id":"2076919"}}
	{"id":2076919,"type":"sell","buyer":"holovision","seller":"yayogerardo","symbol":"POB","quantity":"3.13579172","price":"0.11000000","timestamp":1637636676,"volume":"0.34493709","buyTxId":"b89dda8036317c042c3b63ae5a96aea05af5e1ff","sellTxId":"5697b15dff315f7c5151bfa3ed11a2efcf972142"}
{"index": {"_index":"pob","_id":"2076969"}}
	{"id":2076969,"type":"sell","buyer":"holovision","seller":"coffeelovers","symbol":"POB","quantity":"30.05594732","price":"0.11000000","timestamp":1637636916,"volume":"3.30615421","buyTxId":"b89dda8036317c042c3b63ae5a96aea05af5e1ff","sellTxId":"b61699c1e2943e717cf998ec6d80531bb357518f"}
{"index": {"_index":"pob","_id":"2077149"}}
	{"id":2077149,"type":"sell","buyer":"holovision","seller":"theguru.photos","symbol":"POB","quantity":"3.37688979","price":"0.11000000","timestamp":1637638683,"volume":"0.37145788","buyTxId":"b89dda8036317c042c3b63ae5a96aea05af5e1ff","sellTxId":"7c1cbf46aaab2b8cb49235893772b55946f8cdc8"}
{"index": {"_index":"pob","_id":"2077171"}}
	{"id":2077171,"type":"sell","buyer":"holovision","seller":"jongolson","symbol":"POB","quantity":"3.62782319","price":"0.11000000","timestamp":1637638926,"volume":"0.39906055","buyTxId":"b89dda8036317c042c3b63ae5a96aea05af5e1ff","sellTxId":"d9eb4be7603389e623e76ca7f9af8315b031e0fa"}
