{"jsonrpc":"2.0","id":1,"result":[{"_id":1176678,"type":"sell","buyer":"mmmmkkkk311","seller":"filoriologo","symbol":"POB","quantity":"3.12930126","price":"0.97409600","timestamp":1624849035,"volume":"3.04823984","buyTxId":"MM-P-8184183-55162555-3-2-0","sellTxId":"134d4c1795a05d198946b668471029cef9603907"},{"_id":1176679,"type":"sell","buyer":"mmmmkkkk311","seller":"juanvegetarian","symbol":"POB","quantity":"0.11302815","price":"0.97409600","timestamp":1624849104,"volume":"0.11010027","buyTxId":"MM-P-8184183-55162555-3-2-0","sellTxId":"32fd1142e550e470d871ad3f6b147949cdac9e8a"},{"_id":1176694,"type":"sell","buyer":"mmmmkkkk311","seller":"coffeelovers","symbol":"POB","quantity":"2.98604675","price":"0.97409600","timestamp":1624849392,"volume":"2.90869619","buyTxId":"MM-P-8184183-55162555-3-2-0","sellTxId":"7ea1b7260cc599cbe243df7b8ca26a6a79fafe2f"},{"_id":1176701,"type":"sell","buyer":"ctime","seller":"coffeelovers","symbol":"POB","quantity":"9.70418752","price":"0.97408600","timestamp":1624849647,"volume":"9.45271320","buyTxId":"MM-P-8176738-55155066-3-22-0","sellTxId":"8f453decc302f8e2086653fcdb5ee6e9760e7433"},{"_id":1176718,"type":"sell","buyer":"bilpcoinbpc","seller":"notak","symbol":"POB","quantity":"2.00000000","price":"0.97407600","timestamp":1624850094,"volume":"1.94815200","buyTxId":"4bcca275ae6924ef49597fa074e8ea57474d6b8f","sellTxId":"9e32d8da29a518c37715d24775de4644c4070931"},{"_id":1176719,"type":"sell","buyer":"mmmmkkkk311","seller":"notak","symbol":"POB","quantity":"5.08140579","price":"0.97402000","timestamp":1624850094,"volume":"4.94939087","buyTxId":"MM-P-8186874-55165254-3-2-0","sellTxId":"9e32d8da29a518c37715d24775de4644c4070931"},{"_id":1176724,"type":"sell","buyer":"anadolu","seller":"coffeelovers","symbol":"POB","quantity":"19.00000000","price":"0.97407800","timestamp":1624850409,"volume":"18.50748200","buyTxId":"c89b8ea79b67e58f6d5d144b0c6eb653976b464b","sellTxId":"b81a53180456751fbd7a5a25d8901f87b23e3a1c"},{"_id":1176731,"type":"sell","buyer":"mmmmkkkk311","seller":"panosdada.pob","symbol":"POB","quantity":"0.14480393","price":"0.97403000","timestamp":1624850592,"volume":"0.14104337","buyTxId":"MM-P-8187174-55165554-3-2-0","sellTxId":"f808d3299be627a2a4e0c5c4dd3f3e714482dfb9"},{"_id":1176734,"type":"sell","buyer":"mmmmkkkk311","seller":"lunacian","symbol":"POB","quantity":"12.15233484","price":"0.97403000","timestamp":1624850799,"volume":"11.83673870","buyTxId":"MM-P-8187174-55165554-3-2-0","sellTxId":"27bfaa406a6fdaf2899a8f4acc5bd8a07ab9202b"},{"_id":1176754,"type":"sell","buyer":"mmmmkkkk311","seller":"dealhunter","symbol":"POB","quantity":"21.58272119","price":"0.97403000","timestamp":1624851504,"volume":"21.02221792","buyTxId":"MM-P-8187174-55165554-3-2-0","sellTxId":"3646f8bd2b9e5d2d1ef6aacb0a04e26619ce197e"},{"_id":1176755,"type":"sell","buyer":"ctime","seller":"dealhunter","symbol":"POB","quantity":"13.56227881","price":"0.97402000","timestamp":1624851504,"volume":"13.20993081","buyTxId":"MM-P-8186974-55165354-3-22-0","sellTxId":"3646f8bd2b9e5d2d1ef6aacb0a04e26619ce197e"},{"_id":1176776,"type":"sell","buyer":"ctime","seller":"melbourneswest","symbol":"POB","quantity":"5.12489086","price":"0.97402000","timestamp":1624852215,"volume":"4.99174620","buyTxId":"MM-P-8186974-55165354-3-22-0","sellTxId":"e1ed8e4a2420434067d48bd8ad28e90c1a01141f"},{"_id":1176784,"type":"buy","buyer":"turkiye","seller":"coffeelovers","symbol":"POB","quantity":"2.87451312","price":"0.97407800","timestamp":1624852437,"volume":"2.8","buyTxId":"7d5de5e66d75301494bf757027f44a9af44000a0","sellTxId":"b81a53180456751fbd7a5a25d8901f87b23e3a1c"},{"_id":1176839,"type":"sell","buyer":"ctime","seller":"karmadorje","symbol":"POB","quantity":"0.50000000","price":"0.97402000","timestamp":1624854306,"volume":"0.48701000","buyTxId":"MM-P-8186974-55165354-3-22-0","sellTxId":"6946c73103963b2f82b6d1653ec1608d1b6af4ea"},{"_id":1176847,"type":"sell","buyer":"ctime","seller":"ahmetay","symbol":"POB","quantity":"0.04617257","price":"0.97402000","timestamp":1624854864,"volume":"0.04497301","buyTxId":"MM-P-8186974-55165354-3-22-0","sellTxId":"5a9d219e4a0fe04d8cf29d16c0333068f9cf6305"},{"_id":1176876,"type":"sell","buyer":"ctime","seller":"failingforwards","symbol":"POB","quantity":"16.70021149","price":"0.97402000","timestamp":1624857753,"volume":"16.26633999","buyTxId":"MM-P-8186974-55165354-3-22-0","sellTxId":"2f98c13a2abd10ed2d0325311ce368c2afb6ea51"},{"_id":1176877,"type":"sell","buyer":"mmmmkkkk311","seller":"failingforwards","symbol":"POB","quantity":"12.25190323","price":"0.97402000","timestamp":1624857753,"volume":"11.93359878","buyTxId":"MM-P-8187573-55165953-3-2-0","sellTxId":"2f98c13a2abd10ed2d0325311ce368c2afb6ea51"},{"_id":1176916,"type":"sell","buyer":"mmmmkkkk311","seller":"aiovo","symbol":"POB","quantity":"1.85000000","price":"0.97402000","timestamp":1624859865,"volume":"1.80193700","buyTxId":"MM-P-8187573-55165953-3-2-0","sellTxId":"64799e1af92949a4204c62789f602250f3b5347d"},{"_id":1176925,"type":"sell","buyer":"mmmmkkkk311","seller":"wulff-media","symbol":"POB","quantity":"1.10446871","price":"0.97402000","timestamp":1624860261,"volume":"1.07577461","buyTxId":"MM-P-8187573-55165953-3-2-0","sellTxId":"050b15d88013fc39323ebe0da1500bcd9f334457"},{"_id":1176966,"type":"buy","buyer":"domelay","seller":"coffeelovers","symbol":"POB","quantity":"1.00000000","price":"0.97407800","timestamp":1624861131,"volume":"0.97407800","buyTxId":"6ba81a0490524caaaf6494da4c307c08b5d52b38","sellTxId":"b81a53180456751fbd7a5a25d8901f87b23e3a1c"},{"_id":1176984,"type":"sell","buyer":"mmmmkkkk311","seller":"revisesociology","symbol":"POB","quantity":"2.70000000","price":"0.97402000","timestamp":1624861506,"volume":"2.62985400","buyTxId":"MM-P-8187573-55165953-3-2-0","sellTxId":"f961626621c62f1bcba4f4bc8b9f2ca23ec86d8b"},{"_id":1177000,"type":"sell","buyer":"mmmmkkkk311","seller":"finguru","symbol":"POB","quantity":"1.40000000","price":"0.97402000","timestamp":1624861614,"volume":"1.36362800","buyTxId":"MM-P-8187573-55165953-3-2-0","sellTxId":"46b98fa878df58efa5cc282f9f7479042b3a6248"},{"_id":1177024,"type":"buy","buyer":"readthisplease","seller":"coffeelovers","symbol":"POB","quantity":"28.50000000","price":"0.97407800","timestamp":1624862121,"volume":"27.76122300","buyTxId":"992cd00a944b3b3322f34c52bfa75c0a1a8059f8","sellTxId":"b81a53180456751fbd7a5a25d8901f87b23e3a1c"},{"_id":1177031,"type":"buy","buyer":"known.prince","seller":"coffeelovers","symbol":"POB","quantity":"1.75934294","price":"0.97407800","timestamp":1624862541,"volume":"1.71373725","buyTxId":"fa533194697f41b71956bffe99798cefad31f2a1","sellTxId":"b81a53180456751fbd7a5a25d8901f87b23e3a1c"},{"_id":1177032,"type":"buy","buyer":"known.prince","seller":"anadolu","symbol":"POB","quantity":"17.44065706","price":"0.97407800","timestamp":1624862541,"volume":"16.98856035","buyTxId":"fa533194697f41b71956bffe99798cefad31f2a1","sellTxId":"9a10185ad3b171138e61ef310990c16358709680"},{"_id":1177041,"type":"sell","buyer":"mmmmkkkk311","seller":"fullcoverbetting","symbol":"POB","quantity":"0.24870493","price":"0.97402000","timestamp":1624862775,"volume":"0.24224358","buyTxId":"MM-P-8187573-55165953-3-2-0","sellTxId":"4980ccf0e2a08027c2193e640176e1efe715aa66"},{"_id":1177085,"type":"sell","buyer":"mmmmkkkk311","seller":"hive.pizza","symbol":"POB","quantity":"4.36550356","price":"0.97402000","timestamp":1624863795,"volume":"4.25208778","buyTxId":"MM-P-8187573-55165953-3-2-0","sellTxId":"7e98b3ac6c8ec3808adc4a859c805788e43ee897"},{"_id":1177117,"type":"sell","buyer":"mmmmkkkk311","seller":"jozef230","symbol":"POB","quantity":"4.30292138","price":"0.97402000","timestamp":1624864776,"volume":"4.19113148","buyTxId":"MM-P-8187573-55165953-3-2-0","sellTxId":"5060d184c23c039ca34d4efd26ae0fc10b8eb148"},{"_id":1177133,"type":"sell","buyer":"mmmmkkkk311","seller":"steevc","symbol":"POB","quantity":"3.00000000","price":"0.97402000","timestamp":1624864836,"volume":"2.92206000","buyTxId":"MM-P-8187573-55165953-3-2-0","sellTxId":"5bd31ebdbbd995b950de8ab04c85186980ac92dd"},{"_id":1177151,"type":"sell","buyer":"mmmmkkkk311","seller":"belemo","symbol":"POB","quantity":"2.65670599","price":"0.97402000","timestamp":1624865802,"volume":"2.58768477","buyTxId":"MM-P-8187573-55165953-3-2-0","sellTxId":"297cb3002b1cd5f446fd59ced69feb35804bf7e4"},{"_id":1177152,"type":"sell","buyer":"ctime","seller":"belemo","symbol":"POB","quantity":"17.09748254","price":"0.97402000","timestamp":1624865802,"volume":"16.65328994","buyTxId":"MM-P-8189649-55168051-3-22-0","sellTxId":"297cb3002b1cd5f446fd59ced69feb35804bf7e4"},{"_id":1177162,"type":"sell","buyer":"ctime","seller":"alexvan","symbol":"POB","quantity":"7.42512741","price":"0.97402000","timestamp":1624866306,"volume":"7.23222260","buyTxId":"MM-P-8189649-55168051-3-22-0","sellTxId":"5bc6a56dbaf2bad2d7bc811bd30ce4f23cadd95c"},{"_id":1177187,"type":"sell","buyer":"ctime","seller":"risingstargame","symbol":"POB","quantity":"3.00000000","price":"0.97402000","timestamp":1624866918,"volume":"2.92206000","buyTxId":"MM-P-8189649-55168051-3-22-0","sellTxId":"0aaa11748abea6b1e1bcead749504d80264bca0c"},{"_id":1177195,"type":"sell","buyer":"ctime","seller":"liotes.voter","symbol":"POB","quantity":"7.10812014","price":"0.97402000","timestamp":1624867086,"volume":"6.92345118","buyTxId":"MM-P-8189649-55168051-3-22-0","sellTxId":"beb957530cf3ce09ed8b3564a867ac631d6edc38"},{"_id":1177242,"type":"buy","buyer":"richardcrill","seller":"anadolu","symbol":"POB","quantity":"3.55934294","price":"0.97407800","timestamp":1624868112,"volume":"3.46707765","buyTxId":"MM-P-8193017-55171459-3-10-0","sellTxId":"9a10185ad3b171138e61ef310990c16358709680"},{"_id":1177268,"type":"sell","buyer":"richardcrill","seller":"stevescoins","symbol":"POB","quantity":"1.65331717","price":"0.97411000","timestamp":1624868469,"volume":"1.61051279","buyTxId":"MM-P-8193017-55171459-3-10-0","sellTxId":"ae0750f1415a2587834d8f9a7fbb1d51d7325dc0"},{"_id":1177271,"type":"sell","buyer":"richardcrill","seller":"mgibson","symbol":"POB","quantity":"4.82408563","price":"0.97411000","timestamp":1624868568,"volume":"4.69919005","buyTxId":"MM-P-8193017-55171459-3-10-0","sellTxId":"b9ad4c4fb11b55235f5debe349bdad5dbe703737"},{"_id":1177301,"type":"sell","buyer":"richardcrill","seller":"akertxu","symbol":"POB","quantity":"0.00103078","price":"0.97411000","timestamp":1624869540,"volume":"0.00100409","buyTxId":"MM-P-8193017-55171459-3-10-0","sellTxId":"5fbcb856410c3725c03d0524e70bb4b77b3089d2"},{"_id":1177320,"type":"sell","buyer":"richardcrill","seller":"khan.dayyanz","symbol":"POB","quantity":"1.16581841","price":"0.97411000","timestamp":1624869969,"volume":"1.13563537","buyTxId":"MM-P-8193017-55171459-3-10-0","sellTxId":"5075f7d92f1010790b32a67835de4eba51150de2"},{"_id":1177321,"type":"sell","buyer":"ctime","seller":"khan.dayyanz","symbol":"POB","quantity":"1.30282364","price":"0.97402000","timestamp":1624869969,"volume":"1.26897628","buyTxId":"MM-P-8189649-55168051-3-22-0","sellTxId":"5075f7d92f1010790b32a67835de4eba51150de2"},{"_id":1177322,"type":"sell","buyer":"bluesniper","seller":"khan.dayyanz","symbol":"POB","quantity":"1.75135795","price":"0.97401000","timestamp":1624869969,"volume":"1.70584016","buyTxId":"MM-P-8173301-55151611-3-5-0","sellTxId":"5075f7d92f1010790b32a67835de4eba51150de2"},{"_id":1177330,"type":"sell","buyer":"bluesniper","seller":"espandorr","symbol":"POB","quantity":"70.11648735","price":"0.97401000","timestamp":1624870179,"volume":"68.29415984","buyTxId":"MM-P-8173301-55151611-3-5-0","sellTxId":"18a53a5e78465b0382956217e44c87ce58b30ef2"},{"_id":1177359,"type":"sell","buyer":"anadolu","seller":"brofi-market","symbol":"POB","quantity":"9.94890366","price":"0.97400000","timestamp":1624871928,"volume":"9.69023216","buyTxId":"f81b4f560d363920cc865c34ee100e08e8487f0f","sellTxId":"ac57c33d54bd376c806cb2513982bd3fc5127ea0"},{"_id":1177381,"type":"sell","buyer":"anadolu","seller":"stickupboys","symbol":"POB","quantity":"15.55672627","price":"0.97400000","timestamp":1624873077,"volume":"15.15225139","buyTxId":"f81b4f560d363920cc865c34ee100e08e8487f0f","sellTxId":"d0e193c18c13ad2231a9c152e284bdb4c6efad09"},{"_id":1177382,"type":"sell","buyer":"anadolu","seller":"gokturk70","symbol":"POB","quantity":"1.01699685","price":"0.97400000","timestamp":1624873302,"volume":"0.99055493","buyTxId":"f81b4f560d363920cc865c34ee100e08e8487f0f","sellTxId":"748516f66d88209677d341babf6e50766ed27c16"},{"_id":1177391,"type":"sell","buyer":"anadolu","seller":"knowhow92","symbol":"POB","quantity":"5.23349167","price":"0.97400000","timestamp":1624874367,"volume":"5.09742089","buyTxId":"f81b4f560d363920cc865c34ee100e08e8487f0f","sellTxId":"a9005db0c7ea915062c6023598ec1d1f97e28ee6"},{"_id":1177409,"type":"sell","buyer":"anadolu","seller":"savagetobi","symbol":"POB","quantity":"4.07625330","price":"0.97400000","timestamp":1624874967,"volume":"3.97027071","buyTxId":"f81b4f560d363920cc865c34ee100e08e8487f0f","sellTxId":"b4f9110ea52d9056f86d5f9695250ee13285208a"},{"_id":1177410,"type":"sell","buyer":"anadolu","seller":"savagetobi","symbol":"POB","quantity":"16.32502437","price":"0.97400000","timestamp":1624874967,"volume":"15.90057374","buyTxId":"022176148eceb582ab80ab337fa80e9f974dbb4a","sellTxId":"b4f9110ea52d9056f86d5f9695250ee13285208a"},{"_id":1177412,"type":"sell","buyer":"anadolu","seller":"sayago","symbol":"POB","quantity":"0.86181176","price":"0.97400000","timestamp":1624875186,"volume":"0.83940465","buyTxId":"022176148eceb582ab80ab337fa80e9f974dbb4a","sellTxId":"f1d24ddd872748784521f2d6048ac4200dccf3fa"},{"_id":1177446,"type":"sell","buyer":"anadolu","seller":"trumpikas","symbol":"POB","quantity":"30.00000000","price":"0.97400000","timestamp":1624877064,"volume":"29.22000000","buyTxId":"022176148eceb582ab80ab337fa80e9f974dbb4a","sellTxId":"7e13ffe33da4ee5e1876490d835f359676d0250a"},{"_id":1177456,"type":"sell","buyer":"anadolu","seller":"andy4475","symbol":"POB","quantity":"1.50328172","price":"0.97400000","timestamp":1624877325,"volume":"1.46419640","buyTxId":"022176148eceb582ab80ab337fa80e9f974dbb4a","sellTxId":"d4e89431e74e450d7f015713311c6ceb763f7188"},{"_id":1177467,"type":"sell","buyer":"anadolu","seller":"ahmetay","symbol":"POB","quantity":"0.51238435","price":"0.97400000","timestamp":1624877745,"volume":"0.49906236","buyTxId":"022176148eceb582ab80ab337fa80e9f974dbb4a","sellTxId":"d7eb089cbd005877a1f6f30e1d3504ac972d4686"},{"_id":1177495,"type":"sell","buyer":"anadolu","seller":"toofasteddie","symbol":"POB","quantity":"5.15000000","price":"0.97400000","timestamp":1624878132,"volume":"5.01610000","buyTxId":"022176148eceb582ab80ab337fa80e9f974dbb4a","sellTxId":"e722c718788c201c099ad90cf4ed00ec917f0d97"},{"_id":1177497,"type":"sell","buyer":"anadolu","seller":"trumpman","symbol":"POB","quantity":"25.84700687","price":"0.97400000","timestamp":1624878144,"volume":"25.17498469","buyTxId":"022176148eceb582ab80ab337fa80e9f974dbb4a","sellTxId":"a81eb3938625cd510e355b72a4136a465a9f4cfb"},{"_id":1177594,"type":"sell","buyer":"anadolu","seller":"hernleon74","symbol":"POB","quantity":"0.37110055","price":"0.97400000","timestamp":1624879386,"volume":"0.36145194","buyTxId":"022176148eceb582ab80ab337fa80e9f974dbb4a","sellTxId":"530619455ef1ddba1febb2ad895bdf72444bd393"},{"_id":1177601,"type":"sell","buyer":"anadolu","seller":"football-stats","symbol":"POB","quantity":"8.92517810","price":"0.97400000","timestamp":1624879608,"volume":"8.69312347","buyTxId":"022176148eceb582ab80ab337fa80e9f974dbb4a","sellTxId":"f49c0404a1afae8bce7384be2f8609f65454074a"},{"_id":1177664,"type":"sell","buyer":"lallo","seller":"eddie-earner","symbol":"POB","quantity":"1.50000000","price":"0.96210000","timestamp":1624881099,"volume":"1.44315000","buyTxId":"e44fd6a2a7888fe095c704ed4fa38b3651b40a76","sellTxId":"bf8c86198f334273f23a261b64439318d2796615"},{"_id":1177665,"type":"sell","buyer":"solovey6o2","seller":"eddie-earner","symbol":"POB","quantity":"1.93233400","price":"0.92342006","timestamp":1624881099,"volume":"1.78435598","buyTxId":"144963e3e1fdaee1506fba80c80d51bcdc56bd19","sellTxId":"bf8c86198f334273f23a261b64439318d2796615"},{"_id":1177672,"type":"buy","buyer":"nevies","seller":"thisismylife","symbol":"POB","quantity":"0.20000000","price":"0.97411000","timestamp":1624881354,"volume":"0.19482200","buyTxId":"f9ea5e94dbc3636919ee56fb17c269a5ee8f314d","sellTxId":"2a6bcd81e1ea500c1f66867cbfbf96119f57651d"},{"_id":1177678,"type":"sell","buyer":"solovey6o2","seller":"andy4475","symbol":"POB","quantity":"2.09845388","price":"0.92344006","timestamp":1624881483,"volume":"1.93779638","buyTxId":"163ce2fc54e0d6098caa2ab385e91a45a8229385","sellTxId":"c08820344107e3d15101f2f31a259937349455ed"},{"_id":1177706,"type":"sell","buyer":"solovey6o2","seller":"urun","symbol":"POB","quantity":"2.94863062","price":"0.92345007","timestamp":1624881687,"volume":"2.72291315","buyTxId":"1e6dc92461afe63c47a154619ef45a79498000fa","sellTxId":"64cc2a308b622f6c446eee93189b5eb0757e8c58"},{"_id":1177707,"type":"sell","buyer":"solovey6o2","seller":"sayee","symbol":"POB","quantity":"4.57030973","price":"0.92345007","timestamp":1624881693,"volume":"4.22045284","buyTxId":"1e6dc92461afe63c47a154619ef45a79498000fa","sellTxId":"209e89f15aa81decea89816e6f86e2cc636cd156"},{"_id":1177724,"type":"sell","buyer":"solovey6o2","seller":"kyleana","symbol":"POB","quantity":"0.44982055","price":"0.92349007","timestamp":1624882272,"volume":"0.41540481","buyTxId":"0fda432354f96b2a9ea39d74705bfd2fc4eafe17","sellTxId":"a7de1f19af959338cabac541055a41a345c32131"},{"_id":1177733,"type":"buy","buyer":"mindone","seller":"thisismylife","symbol":"POB","quantity":"0.36000000","price":"0.97411000","timestamp":1624882545,"volume":"0.35067960","buyTxId":"75d95b1b25f6b5ffbd63e8b797495496065a534e","sellTxId":"2a6bcd81e1ea500c1f66867cbfbf96119f57651d"},{"_id":1177762,"type":"sell","buyer":"ctime","seller":"arlettemsalase","symbol":"POB","quantity":"5.70552952","price":"0.92356007","timestamp":1624883382,"volume":"5.26939924","buyTxId":"MM-P-8198047-55176540-3-22-0","sellTxId":"b9e6fb7b6a5e35402d79b141928c9a747f66a3c0"},{"_id":1177767,"type":"sell","buyer":"ctime","seller":"preparedwombat","symbol":"POB","quantity":"1.30148650","price":"0.92356007","timestamp":1624883463,"volume":"1.20200096","buyTxId":"MM-P-8198047-55176540-3-22-0","sellTxId":"1c9ab188be4549ee8fa9ae0f17349c7577d33971"},{"_id":1177772,"type":"sell","buyer":"bluesniper","seller":"ocotuchodzi","symbol":"POB","quantity":"8.30677451","price":"0.92358007","timestamp":1624883847,"volume":"7.67197138","buyTxId":"MM-P-8198189-55176682-3-5-0","sellTxId":"0da2105445875bdb78288c9c07ea5d50a5cdd299"},{"_id":1177773,"type":"buy","buyer":"offgridlife","seller":"thisismylife","symbol":"POB","quantity":"0.01000000","price":"0.97411000","timestamp":1624883874,"volume":"0.00974110","buyTxId":"6369eba02dd21a91345d6becd2357dd40ff0edb5","sellTxId":"2a6bcd81e1ea500c1f66867cbfbf96119f57651d"},{"_id":1177774,"type":"buy","buyer":"offgridlife","seller":"thisismylife","symbol":"POB","quantity":"0.01000000","price":"0.97411000","timestamp":1624883886,"volume":"0.00974110","buyTxId":"9fae43ce21b519515d92dea201519814c73ba1fe","sellTxId":"2a6bcd81e1ea500c1f66867cbfbf96119f57651d"},{"_id":1177775,"type":"buy","buyer":"offgridlife","seller":"thisismylife","symbol":"POB","quantity":"0.01000000","price":"0.97411000","timestamp":1624883898,"volume":"0.00974110","buyTxId":"f9005f7e67c8615eb44b3487562f3ec48fc80ded","sellTxId":"2a6bcd81e1ea500c1f66867cbfbf96119f57651d"},{"_id":1177776,"type":"buy","buyer":"offgridlife","seller":"thisismylife","symbol":"POB","quantity":"0.01000000","price":"0.97411000","timestamp":1624883907,"volume":"0.00974110","buyTxId":"f775b4090a6b674717e20f85a20a1fe1b73dda64","sellTxId":"2a6bcd81e1ea500c1f66867cbfbf96119f57651d"},{"_id":1177784,"type":"sell","buyer":"ctime","seller":"felipejoys","symbol":"POB","quantity":"2.40000000","price":"0.92359008","timestamp":1624884111,"volume":"2.21661619","buyTxId":"MM-P-8198247-55176740-3-22-0","sellTxId":"0ce3269fb466e548b6a64a0ffb811343a6ed4a3a"},{"_id":1177788,"type":"sell","buyer":"solovey6o2","seller":"melbourneswest","symbol":"POB","quantity":"6.35895040","price":"0.92359009","timestamp":1624884477,"volume":"5.87306357","buyTxId":"5b57a5bada0c4c29bf22378ef518ece481a25b5f","sellTxId":"680b007e47eb569c9cb2696b0078891a44d15289"},{"_id":1177790,"type":"sell","buyer":"solovey6o2","seller":"ftfund","symbol":"POB","quantity":"0.52253555","price":"0.92359009","timestamp":1624884510,"volume":"0.48260866","buyTxId":"5b57a5bada0c4c29bf22378ef518ece481a25b5f","sellTxId":"9337c76699cb61ec7404b9dc3e788ddd85541e23"},{"_id":1177801,"type":"sell","buyer":"solovey6o2","seller":"mawit07","symbol":"POB","quantity":"3.05805307","price":"0.92359009","timestamp":1624884831,"volume":"2.82438751","buyTxId":"5b57a5bada0c4c29bf22378ef518ece481a25b5f","sellTxId":"ea0d21a12826d518c6f40a6a6578bf6910228ba5"},{"_id":1177809,"type":"sell","buyer":"solovey6o2","seller":"felipejoys","symbol":"POB","quantity":"3.19000000","price":"0.92359009","timestamp":1624884906,"volume":"2.94625239","buyTxId":"5b57a5bada0c4c29bf22378ef518ece481a25b5f","sellTxId":"64ba2d6722572f52709fd07b15936ce55dd2acea"},{"_id":1177811,"type":"sell","buyer":"solovey6o2","seller":"thranax","symbol":"POB","quantity":"5.00000000","price":"0.92359009","timestamp":1624884954,"volume":"4.61795045","buyTxId":"5b57a5bada0c4c29bf22378ef518ece481a25b5f","sellTxId":"194db1a2f033aa84c4765d5b7b02d006d2128959"},{"_id":1177837,"type":"sell","buyer":"solovey6o2","seller":"bozz","symbol":"POB","quantity":"20.00000000","price":"0.92359009","timestamp":1624885485,"volume":"18.47180180","buyTxId":"5b57a5bada0c4c29bf22378ef518ece481a25b5f","sellTxId":"72fb0f4a0687343371effa3f54f0d97842b80a68"},{"_id":1177844,"type":"buy","buyer":"offgridlife","seller":"solovey6o2","symbol":"POB","quantity":"0.01000000","price":"0.95406995","timestamp":1624885578,"volume":"0.00954070","buyTxId":"52ef1b885e29c327e00bc9940711642e14aec447","sellTxId":"1fbce9162e85a106800f8fd6cdf8321769470f2d"},{"_id":1177845,"type":"buy","buyer":"offgridlife","seller":"solovey6o2","symbol":"POB","quantity":"0.01000000","price":"0.95406995","timestamp":1624885587,"volume":"0.00954070","buyTxId":"03fbf6fbee6611f71fc0692815fcbd8db53a6b94","sellTxId":"1fbce9162e85a106800f8fd6cdf8321769470f2d"},{"_id":1177846,"type":"buy","buyer":"offgridlife","seller":"solovey6o2","symbol":"POB","quantity":"0.01000000","price":"0.95406995","timestamp":1624885599,"volume":"0.00954070","buyTxId":"9d6d40fe49bdc76fedfdc71662bcbd8ab0486b24","sellTxId":"1fbce9162e85a106800f8fd6cdf8321769470f2d"},{"_id":1177847,"type":"buy","buyer":"offgridlife","seller":"bluesniper","symbol":"POB","quantity":"0.01000000","price":"0.95405995","timestamp":1624885608,"volume":"0.00954060","buyTxId":"7759256a1e20bcde3b40285b817ad934150b2f9a","sellTxId":"MM-P-8198787-55177280-3-5-0"},{"_id":1177848,"type":"buy","buyer":"offgridlife","seller":"bluesniper","symbol":"POB","quantity":"0.01000000","price":"0.95405995","timestamp":1624885617,"volume":"0.00954060","buyTxId":"cfaeb56b52304ee918fcadebd5c5407874fa2377","sellTxId":"MM-P-8198787-55177280-3-5-0"},{"_id":1177882,"type":"sell","buyer":"solovey6o2","seller":"krastycraft","symbol":"POB","quantity":"0.05000000","price":"0.92359009","timestamp":1624886661,"volume":"0.04617950","buyTxId":"5b57a5bada0c4c29bf22378ef518ece481a25b5f","sellTxId":"4853e495304a22227944cf22bcdeb7e43c5ca1cc"},{"_id":1177884,"type":"sell","buyer":"solovey6o2","seller":"alfarero","symbol":"POB","quantity":"18.22865000","price":"0.92359009","timestamp":1624886730,"volume":"16.83580049","buyTxId":"5b57a5bada0c4c29bf22378ef518ece481a25b5f","sellTxId":"d4ba85bbceaf1cb6491018e392832df6469e006a"},{"_id":1177953,"type":"sell","buyer":"solovey6o2","seller":"tonytrillions","symbol":"POB","quantity":"20.00000000","price":"0.92400001","timestamp":1624888230,"volume":"18.48000020","buyTxId":"c16d2e9fcd0ad129fd8b717a74bb2719e3ca510e","sellTxId":"937095997c8fb4ff9ecb3fc00b2de871cba49adb"},{"_id":1177960,"type":"buy","buyer":"tonytrillions","seller":"solovey6o2","symbol":"POB","quantity":"0.00029933","price":"0.93992992","timestamp":1624888509,"volume":"0.00028135","buyTxId":"aa8c6b764b5296d0b60fa1e0d68c66e11e5d5edc","sellTxId":"503616a153064f4b0265e1775eb1053f14a280b5"},{"_id":1177975,"type":"buy","buyer":"tonytrillions","seller":"bluesniper","symbol":"POB","quantity":"0.00000056","price":"0.93990991","timestamp":1624888944,"volume":"0.00000053","buyTxId":"6520c089c0c2248e1052378ede2e71594e26b85d","sellTxId":"MM-P-8199885-55178379-3-5-1"},{"_id":1177981,"type":"sell","buyer":"solovey6o2","seller":"chireerocks","symbol":"POB","quantity":"4.62653724","price":"0.92400001","timestamp":1624889112,"volume":"4.27492046","buyTxId":"c16d2e9fcd0ad129fd8b717a74bb2719e3ca510e","sellTxId":"c6140858e813e16e67f44a013428db534328b1c0"},{"_id":1177991,"type":"sell","buyer":"solovey6o2","seller":"jersteemit","symbol":"POB","quantity":"4.07109586","price":"0.92400001","timestamp":1624889310,"volume":"3.76169261","buyTxId":"c16d2e9fcd0ad129fd8b717a74bb2719e3ca510e","sellTxId":"fdc0289524fb25714b17c8e0e6c3fd9b3880c527"},{"_id":1177992,"type":"sell","buyer":"solovey6o2","seller":"jersteemit","symbol":"POB","quantity":"7.81877916","price":"0.92400001","timestamp":1624889310,"volume":"7.22455202","buyTxId":"207a12c725fbdd75cba68622e3591e9c0f69aa4c","sellTxId":"fdc0289524fb25714b17c8e0e6c3fd9b3880c527"},{"_id":1177993,"type":"sell","buyer":"anadolu","seller":"jersteemit","symbol":"POB","quantity":"24.11012498","price":"0.92400000","timestamp":1624889310,"volume":"22.27775548","buyTxId":"301dc7771db5030762372ae89f01796d838ad114","sellTxId":"fdc0289524fb25714b17c8e0e6c3fd9b3880c527"},{"_id":1178008,"type":"sell","buyer":"anadolu","seller":"coffeelovers","symbol":"POB","quantity":"4.92806575","price":"0.92400000","timestamp":1624889490,"volume":"4.55353275","buyTxId":"301dc7771db5030762372ae89f01796d838ad114","sellTxId":"7536e68ff0f1c76e8fc4801f07b0451bdbeac39a"},{"_id":1178035,"type":"buy","buyer":"ctime","seller":"logicforce","symbol":"POB","quantity":"0.82899239","price":"0.92400001","timestamp":1624890279,"volume":"0.76598898","buyTxId":"MM-P-8200343-55178837-3-22-0","sellTxId":"12a184f23610e468638add80751010f12c6af6f9"},{"_id":1178107,"type":"sell","buyer":"mmmmkkkk311","seller":"faireye","symbol":"POB","quantity":"25.00000000","price":"0.92402001","timestamp":1624891230,"volume":"23.10050025","buyTxId":"MM-P-8200443-55178937-3-2-0","sellTxId":"b2420dd1018a830f753fcb05061dda3276c7d22a"},{"_id":1178188,"type":"buy","buyer":"espandorr","seller":"solovey6o2","symbol":"POB","quantity":"71.00000000","price":"0.93795995","timestamp":1624892607,"volume":"66.59515645","buyTxId":"56a5d209449aab899b476782f548713b7a6ad554","sellTxId":"1bb70792f2b7571b445f8b670ac7ddadf4c89f2a"},{"_id":1178228,"type":"sell","buyer":"solovey6o2","seller":"ahmetay","symbol":"POB","quantity":"0.01505466","price":"0.92403002","timestamp":1624893996,"volume":"0.01391096","buyTxId":"ccf2fba9a7c1bc659d8fa0bc11bcf4c357e3caa3","sellTxId":"91a7540d0d886d6a02d486f04b3ba44cee6358c9"},{"_id":1178231,"type":"buy","buyer":"espandorr","seller":"bluesniper","symbol":"POB","quantity":"29.00000000","price":"0.93790991","timestamp":1624894026,"volume":"27.19938739","buyTxId":"a351985d95249738ae4a3ff42a5d715b92e44d95","sellTxId":"MM-P-8201582-55180076-3-5-0"},{"_id":1178232,"type":"buy","buyer":"espandorr","seller":"solovey6o2","symbol":"POB","quantity":"2.00000000","price":"0.93791991","timestamp":1624894026,"volume":"1.87583982","buyTxId":"a351985d95249738ae4a3ff42a5d715b92e44d95","sellTxId":"d385be5ef6320aaf1d17aacd33e41dab0cb4af53"},{"_id":1178240,"type":"buy","buyer":"tonytrillions","seller":"solovey6o2","symbol":"POB","quantity":"0.00788802","price":"0.93799999","timestamp":1624894128,"volume":"0.00739896","buyTxId":"0c5079ed89e32d5b4c14c5cb1b566d8fac344a5d","sellTxId":"77ec135b1d0edb4b62889513ff085a14a04f6366"},{"_id":1178378,"type":"sell","buyer":"ctime","seller":"sharker","symbol":"POB","quantity":"3.61648873","price":"0.92404002","timestamp":1624898121,"volume":"3.34178032","buyTxId":"MM-P-8202933-55181430-3-22-0","sellTxId":"227914fc473c600a8ca9b2fba45a85e7068bdba6"},{"_id":1178393,"type":"sell","buyer":"solovey6o2","seller":"ironshield","symbol":"POB","quantity":"1.28267082","price":"0.92404003","timestamp":1624898454,"volume":"1.18523918","buyTxId":"f1df3afae3a0446dd74a8da151bb20d46e6df08d","sellTxId":"073637e9cdba0d8200bd31435c87852d7688bb29"},{"_id":1178397,"type":"buy","buyer":"offgridlife","seller":"bluesniper","symbol":"POB","quantity":"29.00000000","price":"0.93784985","timestamp":1624898526,"volume":"27.19764565","buyTxId":"0ae0ac68a4b626a5f5d1f8f10a521aeeb117378e","sellTxId":"MM-P-8203075-55181572-3-5-0"},{"_id":1178398,"type":"buy","buyer":"offgridlife","seller":"solovey6o2","symbol":"POB","quantity":"271.00000000","price":"0.93785985","timestamp":1624898526,"volume":"254.16001935","buyTxId":"0ae0ac68a4b626a5f5d1f8f10a521aeeb117378e","sellTxId":"6d7ce3b99e5d233984b406ac6a807d153e9e0813"},{"_id":1178412,"type":"buy","buyer":"offgridlife","seller":"thisismylife","symbol":"POB","quantity":"4.92194224","price":"0.97411000","timestamp":1624898748,"volume":"4.79451316","buyTxId":"91b2d1095a2f603920d389dbed7ad4a94dd0f8ec","sellTxId":"2a6bcd81e1ea500c1f66867cbfbf96119f57651d"},{"_id":1178413,"type":"buy","buyer":"offgridlife","seller":"brofi-market","symbol":"POB","quantity":"9.94890366","price":"0.97411000","timestamp":1624898748,"volume":"9.69132654","buyTxId":"91b2d1095a2f603920d389dbed7ad4a94dd0f8ec","sellTxId":"ae6650c1364b12b8e7f9e34d51a8cfb1b93b62ec"},{"_id":1178414,"type":"buy","buyer":"offgridlife","seller":"happyfrog420-new","symbol":"POB","quantity":"2.57248765","price":"0.97542000","timestamp":1624898748,"volume":"2.50925590","buyTxId":"91b2d1095a2f603920d389dbed7ad4a94dd0f8ec","sellTxId":"dfc17ebbc4d042c6f7a6b466b4791e0a2ff17964"},{"_id":1178415,"type":"buy","buyer":"offgridlife","seller":"chekohler","symbol":"POB","quantity":"2.50000000","price":"0.99783000","timestamp":1624898748,"volume":"2.49457500","buyTxId":"91b2d1095a2f603920d389dbed7ad4a94dd0f8ec","sellTxId":"cf19b53ce8e629db1028940fea482236f7fe7347"},{"_id":1178416,"type":"buy","buyer":"offgridlife","seller":"solovey6o2","symbol":"POB","quantity":"67.11687408","price":"0.99784999","timestamp":1624898748,"volume":"66.97257213","buyTxId":"91b2d1095a2f603920d389dbed7ad4a94dd0f8ec","sellTxId":"1e9fb50ecf12e48ff12c5f27ab58ec929b4219be"},{"_id":1178417,"type":"buy","buyer":"offgridlife","seller":"mango-juice","symbol":"POB","quantity":"12.93979237","price":"0.99785000","timestamp":1624898748,"volume":"12.91197182","buyTxId":"91b2d1095a2f603920d389dbed7ad4a94dd0f8ec","sellTxId":"d0ea3d76d54619e89b46b82bc81a1b70ee06fd0d"},{"_id":1178418,"type":"buy","buyer":"offgridlife","seller":"mango-juice","symbol":"POB","quantity":"7.43035079","price":"0.99785000","timestamp":1624898757,"volume":"7.41437554","buyTxId":"1c040d8e8aecc1833ab761c2da566c87e49cd73b","sellTxId":"d0ea3d76d54619e89b46b82bc81a1b70ee06fd0d"},{"_id":1178419,"type":"buy","buyer":"offgridlife","seller":"bilpcoinbpc","symbol":"POB","quantity":"11.00000000","price":"0.99790000","timestamp":1624898757,"volume":"10.97690000","buyTxId":"1c040d8e8aecc1833ab761c2da566c87e49cd73b","sellTxId":"be1dfa4f41fe19974fe6a8e87a5848a0c4312e3a"},{"_id":1178420,"type":"buy","buyer":"offgridlife","seller":"skylinebuds","symbol":"POB","quantity":"27.23314805","price":"0.99800000","timestamp":1624898757,"volume":"27.17868175","buyTxId":"1c040d8e8aecc1833ab761c2da566c87e49cd73b","sellTxId":"7da928d4d1fe0b5312d5f2d90a075db116648040"},{"_id":1178421,"type":"buy","buyer":"offgridlife","seller":"gadrian","symbol":"POB","quantity":"21.00000000","price":"0.99890000","timestamp":1624898757,"volume":"20.97690000","buyTxId":"1c040d8e8aecc1833ab761c2da566c87e49cd73b","sellTxId":"a0ab11974f7828b13b5b82f745ccccc534869115"},{"_id":1178422,"type":"buy","buyer":"offgridlife","seller":"txatxy","symbol":"POB","quantity":"5.80514905","price":"0.99998000","timestamp":1624898757,"volume":"5.80503295","buyTxId":"1c040d8e8aecc1833ab761c2da566c87e49cd73b","sellTxId":"f3527fb7324af65925ee3c50f7487982c3bbb1ab"},{"_id":1178423,"type":"buy","buyer":"offgridlife","seller":"scooter77","symbol":"POB","quantity":"20.00000000","price":"0.99999000","timestamp":1624898757,"volume":"19.99980000","buyTxId":"1c040d8e8aecc1833ab761c2da566c87e49cd73b","sellTxId":"0f096b1c88e165b6af5139705b926a3df4e93962"},{"_id":1178424,"type":"buy","buyer":"offgridlife","seller":"bluemoon","symbol":"POB","quantity":"7.53135211","price":"1.00000000","timestamp":1624898757,"volume":"7.53135211","buyTxId":"1c040d8e8aecc1833ab761c2da566c87e49cd73b","sellTxId":"123ffc37a9604f88428d268b88d9cd810ef1c034"},{"_id":1178425,"type":"buy","buyer":"offgridlife","seller":"bluemoon","symbol":"POB","quantity":"10.00000000","price":"1.00000000","timestamp":1624898790,"volume":"10.00000000","buyTxId":"c3d8305c326d97bfb5af561d56bbb79321934e4c","sellTxId":"123ffc37a9604f88428d268b88d9cd810ef1c034"},{"_id":1178426,"type":"buy","buyer":"offgridlife","seller":"bluemoon","symbol":"POB","quantity":"10.00000000","price":"1.00000000","timestamp":1624898799,"volume":"10.00000000","buyTxId":"23c44dda11d31766c0219986bf9158ae0f345627","sellTxId":"123ffc37a9604f88428d268b88d9cd810ef1c034"},{"_id":1178427,"type":"buy","buyer":"offgridlife","seller":"bluemoon","symbol":"POB","quantity":"10.00000000","price":"1.00000000","timestamp":1624898808,"volume":"10.00000000","buyTxId":"e1ebfd81d033fb570d11b62b7330703e70bf35e2","sellTxId":"123ffc37a9604f88428d268b88d9cd810ef1c034"},{"_id":1178429,"type":"buy","buyer":"offgridlife","seller":"bluemoon","symbol":"POB","quantity":"10.00000000","price":"1.00000000","timestamp":1624898817,"volume":"10.00000000","buyTxId":"c8a197f1fc4c803df0a4f9f97519d61753a5f352","sellTxId":"123ffc37a9604f88428d268b88d9cd810ef1c034"},{"_id":1178430,"type":"buy","buyer":"offgridlife","seller":"bluemoon","symbol":"POB","quantity":"10.00000000","price":"1.00000000","timestamp":1624898826,"volume":"10.00000000","buyTxId":"4f131fbbce2842a0e33e02e3db0289751995be7e","sellTxId":"123ffc37a9604f88428d268b88d9cd810ef1c034"},{"_id":1178431,"type":"buy","buyer":"offgridlife","seller":"bluemoon","symbol":"POB","quantity":"10.00000000","price":"1.00000000","timestamp":1624898835,"volume":"10.00000000","buyTxId":"646b71198d3576d27e79a9e51e5907fb918ae08b","sellTxId":"123ffc37a9604f88428d268b88d9cd810ef1c034"},{"_id":1178447,"type":"buy","buyer":"offgridlife","seller":"bluemoon","symbol":"POB","quantity":"69.96000000","price":"1.00000000","timestamp":1624899072,"volume":"69.96000000","buyTxId":"3df46e88a98e4604f4a390af1f5a8b4ea66293d7","sellTxId":"123ffc37a9604f88428d268b88d9cd810ef1c034"},{"_id":1178464,"type":"sell","buyer":"bluesniper","seller":"jakiro12","symbol":"POB","quantity":"1.31131542","price":"0.92410008","timestamp":1624899420,"volume":"1.21178668","buyTxId":"MM-P-8203375-55181872-3-5-0","sellTxId":"48b30337cd95f17b72fd93bfea8a7e3dc5c3117d"},{"_id":1178491,"type":"sell","buyer":"solovey6o2","seller":"nessycanta","symbol":"POB","quantity":"7.46514810","price":"0.92414013","timestamp":1624900140,"volume":"6.89884294","buyTxId":"8af137c95a1a88ae52b3dad6b4d811b2e22701e7","sellTxId":"154454dbba1abeb7c22bb0a59eeb67e91c9d9970"},{"_id":1178504,"type":"sell","buyer":"solovey6o2","seller":"anggreklestari","symbol":"POB","quantity":"12.45176234","price":"0.92418017","timestamp":1624900716,"volume":"11.50767184","buyTxId":"3347eac15e981a786a3984db4c4b81e7f7d88b6e","sellTxId":"be83f832e4cd220e7fbd052be28613e860b462e3"},{"_id":1178507,"type":"sell","buyer":"solovey6o2","seller":"reddragonfly","symbol":"POB","quantity":"0.01000000","price":"0.92419018","timestamp":1624900833,"volume":"0.00924190","buyTxId":"b7bfb58d72ace4f1c00ecd0752d24a6da5ff1a36","sellTxId":"8f2e94c0d8bd3aeb46e666ce380faf903159e44f"},{"_id":1178520,"type":"sell","buyer":"bluesniper","seller":"whitelightxpress","symbol":"POB","quantity":"0.63411518","price":"0.92422020","timestamp":1624901220,"volume":"0.58606206","buyTxId":"MM-P-8203971-55182472-3-5-0","sellTxId":"ca336a05685bf80882f111b0c8c3302dbad2d8e3"},{"_id":1178546,"type":"buy","buyer":"offgridlife","seller":"solovey6o2","symbol":"POB","quantity":"0.69000000","price":"0.99996996","timestamp":1624901688,"volume":"0.68997927","buyTxId":"250cc71238139a9e206af59ef8188750d3c9f456","sellTxId":"2c83759cd0e32d3fcaf6168699952cb01e35c286"},{"_id":1178547,"type":"buy","buyer":"offgridlife","seller":"solovey6o2","symbol":"POB","quantity":"0.69000000","price":"0.99996996","timestamp":1624901697,"volume":"0.68997927","buyTxId":"8ce27f1f7b6a0fe826251eefed88404b0111c01e","sellTxId":"2c83759cd0e32d3fcaf6168699952cb01e35c286"},{"_id":1178548,"type":"buy","buyer":"offgridlife","seller":"solovey6o2","symbol":"POB","quantity":"0.69000000","price":"0.99996996","timestamp":1624901706,"volume":"0.68997927","buyTxId":"f47edfe3463debbc120603b9a89219e00caa30b7","sellTxId":"2c83759cd0e32d3fcaf6168699952cb01e35c286"},{"_id":1178549,"type":"buy","buyer":"offgridlife","seller":"solovey6o2","symbol":"POB","quantity":"0.69000000","price":"0.99996996","timestamp":1624901715,"volume":"0.68997927","buyTxId":"df45df8886106dfa0d11abd380af0900acbb4c6d","sellTxId":"2c83759cd0e32d3fcaf6168699952cb01e35c286"},{"_id":1178550,"type":"buy","buyer":"offgridlife","seller":"solovey6o2","symbol":"POB","quantity":"0.69000000","price":"0.99996996","timestamp":1624901724,"volume":"0.68997927","buyTxId":"67f8f45d62ee731ecf16d83ca7b9a05c7d6aeab9","sellTxId":"2c83759cd0e32d3fcaf6168699952cb01e35c286"},{"_id":1178580,"type":"sell","buyer":"mmmmkkkk311","seller":"rob23","symbol":"POB","quantity":"35.70074995","price":"0.92435033","timestamp":1624903260,"volume":"33.00000000","buyTxId":"MM-P-8204622-55183129-3-2-0","sellTxId":"7f6812f503cd9eafa81a88f328a3d4fbc615e69c"},{"_id":1178581,"type":"sell","buyer":"ctime","seller":"rob23","symbol":"POB","quantity":"37.86443177","price":"0.92435033","timestamp":1624903260,"volume":"35.00000000","buyTxId":"MM-P-8204622-55183129-3-22-0","sellTxId":"7f6812f503cd9eafa81a88f328a3d4fbc615e69c"},{"_id":1178582,"type":"buy","buyer":"solovey6o2","seller":"rob23","symbol":"POB","quantity":"7.37260963","price":"0.92435033","timestamp":1624903263,"volume":"6.81487414","buyTxId":"b3996e58e8d1e806269b2537f0420653f2c7f243","sellTxId":"7f6812f503cd9eafa81a88f328a3d4fbc615e69c"},{"_id":1178596,"type":"sell","buyer":"bluesniper","seller":"mayvileros","symbol":"POB","quantity":"0.07958938","price":"0.92436034","timestamp":1624903653,"volume":"0.07356927","buyTxId":"MM-P-8204764-55183271-3-5-0","sellTxId":"b9988967c22111b905a3c640bba5637aa5d0d43e"},{"_id":1178597,"type":"buy","buyer":"offgridlife","seller":"solovey6o2","symbol":"POB","quantity":"0.33000000","price":"0.99989989","timestamp":1624903710,"volume":"0.32996696","buyTxId":"392534e09f3836e5f5b0554b8cb019f16a27b040","sellTxId":"380522ca6c2699aaa0924ffd6fcf63781feda0d3"},{"_id":1178598,"type":"buy","buyer":"offgridlife","seller":"solovey6o2","symbol":"POB","quantity":"0.33000000","price":"0.99989989","timestamp":1624903722,"volume":"0.32996696","buyTxId":"f52b661563d2109218c14abb341f88890e36667f","sellTxId":"380522ca6c2699aaa0924ffd6fcf63781feda0d3"},{"_id":1178600,"type":"buy","buyer":"offgridlife","seller":"solovey6o2","symbol":"POB","quantity":"0.33000000","price":"0.99989989","timestamp":1624903731,"volume":"0.32996696","buyTxId":"bba719d472a6ae1d7ce6be0927a993d5a95bd33b","sellTxId":"380522ca6c2699aaa0924ffd6fcf63781feda0d3"},{"_id":1178602,"type":"buy","buyer":"offgridlife","seller":"solovey6o2","symbol":"POB","quantity":"0.33000000","price":"0.99989989","timestamp":1624903743,"volume":"0.32996696","buyTxId":"e12e9d7b4171883ffb8553b6732abd4cb9dd5d6c","sellTxId":"380522ca6c2699aaa0924ffd6fcf63781feda0d3"},{"_id":1178603,"type":"buy","buyer":"offgridlife","seller":"solovey6o2","symbol":"POB","quantity":"0.33000000","price":"0.99989989","timestamp":1624903752,"volume":"0.32996696","buyTxId":"3f6bb88ac5bdc0e49193ded387b9b2e8f1de5dc4","sellTxId":"380522ca6c2699aaa0924ffd6fcf63781feda0d3"},{"_id":1178604,"type":"buy","buyer":"offgridlife","seller":"solovey6o2","symbol":"POB","quantity":"0.33000000","price":"0.99989989","timestamp":1624903761,"volume":"0.32996696","buyTxId":"c0ab6e4ad103aa39efd4c4494d5405b093e448f2","sellTxId":"380522ca6c2699aaa0924ffd6fcf63781feda0d3"},{"_id":1178605,"type":"buy","buyer":"offgridlife","seller":"solovey6o2","symbol":"POB","quantity":"0.33000000","price":"0.99989989","timestamp":1624903770,"volume":"0.32996696","buyTxId":"f439b74dd8d48d004a5628f8618a6f898cf7b8fa","sellTxId":"380522ca6c2699aaa0924ffd6fcf63781feda0d3"},{"_id":1178607,"type":"buy","buyer":"offgridlife","seller":"solovey6o2","symbol":"POB","quantity":"0.33000000","price":"0.99989989","timestamp":1624903785,"volume":"0.32996696","buyTxId":"3915ce387d8e859cb7454836d565a4cc0cfe2be8","sellTxId":"380522ca6c2699aaa0924ffd6fcf63781feda0d3"},{"_id":1178609,"type":"buy","buyer":"offgridlife","seller":"solovey6o2","symbol":"POB","quantity":"0.33000000","price":"0.99989989","timestamp":1624903797,"volume":"0.32996696","buyTxId":"ec8f7a7c2359467cb6a38bc8097ee05f7583906f","sellTxId":"380522ca6c2699aaa0924ffd6fcf63781feda0d3"},{"_id":1178614,"type":"sell","buyer":"bluesniper","seller":"zonadigital21","symbol":"POB","quantity":"5.45918035","price":"0.92440038","timestamp":1624904241,"volume":"5.04646839","buyTxId":"MM-P-8204964-55183471-3-5-0","sellTxId":"70200198af498303f3133c6fce01e356ef48f060"},{"_id":1178659,"type":"buy","buyer":"nevies","seller":"bluesniper","symbol":"POB","quantity":"0.20000000","price":"0.99983984","timestamp":1624905408,"volume":"0.19996797","buyTxId":"fb88a7790c77941fccf8b5dbf045ce3dee45009c","sellTxId":"MM-P-8205363-55183871-3-5-1"},{"_id":1178751,"type":"sell","buyer":"solovey6o2","seller":"mightyrocklee","symbol":"POB","quantity":"4.28205347","price":"0.92454053","timestamp":1624906467,"volume":"3.95893198","buyTxId":"c99a1b2e934413984404b46c8e2e363e5be856fb","sellTxId":"78ecf000c214ea1f92c2d1c96ac540b422adc875"},{"_id":1178797,"type":"sell","buyer":"bluesniper","seller":"faireye","symbol":"POB","quantity":"37.06324007","price":"0.92464062","timestamp":1624907868,"volume":"34.27017728","buyTxId":"MM-P-8206162-55184670-3-5-0","sellTxId":"98e01a0d971931331a3c77e4c63fd59153c60076"},{"_id":1178816,"type":"sell","buyer":"solovey6o2","seller":"quinnertronics","symbol":"POB","quantity":"1.31961850","price":"0.92466065","timestamp":1624908213,"volume":"1.22019930","buyTxId":"8ab156a3132b77065c988a720cf7f3d3a4347410","sellTxId":"b94c0078aa0a7051fef5a67cdf3ea14ed276c0aa"},{"_id":1178902,"type":"sell","buyer":"solovey6o2","seller":"evernoticethat","symbol":"POB","quantity":"1.37749002","price":"0.92470069","timestamp":1624908783,"volume":"1.27376597","buyTxId":"77e95ffde03d055a568b1895895bc960cc81d311","sellTxId":"669f291081eb5ba73f5430482c89f459398bc2c8"},{"_id":1178915,"type":"sell","buyer":"bluesniper","seller":"tonytrillions","symbol":"POB","quantity":"3.09215029","price":"0.92472070","timestamp":1624909044,"volume":"2.85937538","buyTxId":"MM-P-8206561-55185069-3-5-0","sellTxId":"c8ab68758c199790322bfbed61e01806fc608063"},{"_id":1178939,"type":"sell","buyer":"mmmmkkkk311","seller":"ahmetay","symbol":"POB","quantity":"0.26052257","price":"0.92475073","timestamp":1624909497,"volume":"0.24091844","buyTxId":"MM-P-8206720-55185228-3-2-0","sellTxId":"722ceff91cb97c84f506cd519a2fd7c57d385bc5"},{"_id":1178952,"type":"buy","buyer":"nevies","seller":"bluesniper","symbol":"POB","quantity":"0.20000000","price":"0.99968969","timestamp":1624909920,"volume":"0.19993794","buyTxId":"e90ad6af46c75fe4f12793197a9bcb66169e07e0","sellTxId":"MM-P-8206861-55185369-3-5-1"},{"_id":1178956,"type":"sell","buyer":"mmmmkkkk311","seller":"tarazkp","symbol":"POB","quantity":"22.31659468","price":"0.92479077","timestamp":1624910094,"volume":"20.63818078","buyTxId":"MM-P-8206919-55185428-3-2-0","sellTxId":"1bd0f86960c6cb68d085db181ea83ba2f0d54bd4"},{"_id":1178992,"type":"sell","buyer":"solovey6o2","seller":"tonytrillions","symbol":"POB","quantity":"20.00000000","price":"0.92482081","timestamp":1624910640,"volume":"18.49641620","buyTxId":"d141923d7fd671a57869063602a85ee0721bc400","sellTxId":"77734e0fda5ec721062dac04b7a9823e3f1f9f86"},{"_id":1179040,"type":"sell","buyer":"bluesniper","seller":"celi130","symbol":"POB","quantity":"6.00000000","price":"0.92488086","timestamp":1624911459,"volume":"5.54928516","buyTxId":"MM-P-8207357-55185866-3-5-0","sellTxId":"e1600cd5f8809eb528c2c9897e36e28d89e0cd1f"},{"_id":1179060,"type":"sell","buyer":"mmmmkkkk311","seller":"cliffagreen","symbol":"POB","quantity":"0.02572884","price":"0.92491089","timestamp":1624911942,"volume":"0.02379688","buyTxId":"MM-P-8207515-55186024-3-2-0","sellTxId":"e2e3ca8813b8413ff4b15a183c6c9d78ada49b90"},{"_id":1179065,"type":"sell","buyer":"solovey6o2","seller":"elricmoonslayer","symbol":"POB","quantity":"23.00000000","price":"0.92492091","timestamp":1624912080,"volume":"21.27318093","buyTxId":"18613309e0d2d54d678a13d0da6e55f1f6e3c969","sellTxId":"6058ea6bad5c665977cea48e2fbb39346531a97a"},{"_id":1179068,"type":"sell","buyer":"mmmmkkkk311","seller":"notaboutme","symbol":"POB","quantity":"0.93000000","price":"0.92493091","timestamp":1624912218,"volume":"0.86018575","buyTxId":"MM-P-8207614-55186123-3-2-0","sellTxId":"b4600aa395db1dce9f9e3ddba2ea1f297745985c"},{"_id":1179080,"type":"sell","buyer":"mmmmkkkk311","seller":"definethedollar","symbol":"POB","quantity":"5.43000000","price":"0.92497095","timestamp":1624912836,"volume":"5.02259226","buyTxId":"MM-P-8207814-55186323-3-2-0","sellTxId":"2037f55c1f74d1db63b3771dbd96c44d1d02da96"},{"_id":1179082,"type":"sell","buyer":"solovey6o2","seller":"nuthman","symbol":"POB","quantity":"1.03571645","price":"0.92497096","timestamp":1624912896,"volume":"0.95800764","buyTxId":"ccc1a14980a4e5868cf0dcfa2a90eb59f047791b","sellTxId":"c1085e3936a0cddba25ea3d47712636d799aa943"},{"_id":1179108,"type":"sell","buyer":"bluesniper","seller":"thisisawesome","symbol":"POB","quantity":"1.408","price":"0.92502100","timestamp":1624913508,"volume":"1.30242957","buyTxId":"MM-P-8208053-55186563-3-5-0","sellTxId":"ba47852ed24045d6ff5f7d015549ecad8945992f"},{"_id":1179126,"type":"sell","buyer":"bluesniper","seller":"thranax","symbol":"POB","quantity":"6.00000000","price":"0.92504102","timestamp":1624913874,"volume":"5.55024612","buyTxId":"MM-P-8208153-55186663-3-5-0","sellTxId":"9ea8100b0dd7a1bce3519fab67a26739e8b1664d"},{"_id":1179127,"type":"sell","buyer":"solovey6o2","seller":"andy4475","symbol":"POB","quantity":"3.09712629","price":"0.92504103","timestamp":1624913898,"volume":"2.86496889","buyTxId":"19676c226867981ec6184ffeaa0de32e02dcd9c1","sellTxId":"21be755ec0723219816e18775ee7952547018ca5"},{"_id":1179152,"type":"sell","buyer":"solovey6o2","seller":"thranax","symbol":"POB","quantity":"3.00000000","price":"0.92507106","timestamp":1624914375,"volume":"2.77521318","buyTxId":"8951f74940a78c29b903083b46a1153330331e35","sellTxId":"dc2e3996d3bfbe0a6c3036e693ac099a2966f657"},{"_id":1179158,"type":"sell","buyer":"thranax","seller":"stevescoins","symbol":"POB","quantity":"1.05068983","price":"0.93507106","timestamp":1624914513,"volume":"0.98246965","buyTxId":"f59237da1dcf6181887c3a885108049fda34fdfb","sellTxId":"3d3d2e6a5e55756ecdc4b383835fe8891a1cfbc0"},{"_id":1179178,"type":"sell","buyer":"solovey6o2","seller":"thranax","symbol":"POB","quantity":"302.73047153","price":"0.92512111","timestamp":1624915122,"volume":"280.06234985","buyTxId":"e4c5067c14b685e17b837937341bcd4669afea37","sellTxId":"88fe926523cdf018bf6ba30167985ee102c22212"},{"_id":1179180,"type":"sell","buyer":"solovey6o2","seller":"stevescoins","symbol":"POB","quantity":"0.52262254","price":"0.92513111","timestamp":1624915302,"volume":"0.48349437","buyTxId":"4599e337391c0723bcf832951beac81a8c5d1f08","sellTxId":"a9680860607432a97f55798d45d839aee3fb8cdc"},{"_id":1179189,"type":"sell","buyer":"solovey6o2","seller":"cryptofiloz","symbol":"POB","quantity":"2.08470835","price":"0.92513111","timestamp":1624915500,"volume":"1.92862855","buyTxId":"4599e337391c0723bcf832951beac81a8c5d1f08","sellTxId":"4be0444d03f2f84c80a51905fe24f2c5ca23f278"},{"_id":1179232,"type":"sell","buyer":"solovey6o2","seller":"espandorr","symbol":"POB","quantity":"6.63816825","price":"0.92514112","timestamp":1624916205,"volume":"6.14124241","buyTxId":"e316e579e4dd3e01ce04058147ffc51dbf4794bb","sellTxId":"36750f75bf55e1f8fb8acc76063ab6900ef9e5d1"},{"_id":1179233,"type":"sell","buyer":"mmmmkkkk311","seller":"espandorr","symbol":"POB","quantity":"29.03206588","price":"0.92514111","timestamp":1624916205,"volume":"26.85875765","buyTxId":"MM-P-8208808-55187319-3-2-0","sellTxId":"36750f75bf55e1f8fb8acc76063ab6900ef9e5d1"},{"_id":1179244,"type":"sell","buyer":"gamezine","seller":"nonsowrites","symbol":"POB","quantity":"0.33004499","price":"0.93514000","timestamp":1624916949,"volume":"0.30863827","buyTxId":"7e12461cfd2a444c7a5844c0bed4b3b7b8cfe33a","sellTxId":"77ccef8787b38460ed3cb6e87347497171112c1a"},{"_id":1179245,"type":"sell","buyer":"mmmmkkkk311","seller":"nonsowrites","symbol":"POB","quantity":"6.63816825","price":"0.92514111","timestamp":1624916949,"volume":"6.14124234","buyTxId":"MM-P-8208808-55187319-3-2-0","sellTxId":"77ccef8787b38460ed3cb6e87347497171112c1a"},{"_id":1179246,"type":"sell","buyer":"ctime","seller":"nonsowrites","symbol":"POB","quantity":"37.83206650","price":"0.92514111","timestamp":1624916949,"volume":"35.00000000","buyTxId":"MM-P-8208808-55187319-3-22-0","sellTxId":"77ccef8787b38460ed3cb6e87347497171112c1a"},{"_id":1179249,"type":"buy","buyer":"gamezine","seller":"nonsowrites","symbol":"POB","quantity":"0.01581117","price":"0.92514111","timestamp":1624917174,"volume":"0.01462756","buyTxId":"f6fd3e4b56cafde1f4b150f6d752fbf0bc59e1b0","sellTxId":"77ccef8787b38460ed3cb6e87347497171112c1a"},{"_id":1179256,"type":"sell","buyer":"felipejoys","seller":"rob23","symbol":"POB","quantity":"4.72691247","price":"0.92326000","timestamp":1624917510,"volume":"4.36416921","buyTxId":"a3016586f44ab9d5825b78034e146b2ae71b1644","sellTxId":"af382fe4412ab5602f1e8d472fa65e2818d9c350"},{"_id":1179323,"type":"sell","buyer":"felipejoys","seller":"hive.pizza","symbol":"POB","quantity":"0.32466804","price":"0.92326000","timestamp":1624917996,"volume":"0.29975301","buyTxId":"a3016586f44ab9d5825b78034e146b2ae71b1644","sellTxId":"1a74a146cea49f8e594ff9fb0d8b77f844aff6aa"},{"_id":1179327,"type":"sell","buyer":"felipejoys","seller":"monochromes","symbol":"POB","quantity":"0.76914146","price":"0.92326000","timestamp":1624918143,"volume":"0.71011754","buyTxId":"a3016586f44ab9d5825b78034e146b2ae71b1644","sellTxId":"07f47c6f12710fe877f1048403da009cd014d5aa"},{"_id":1179361,"type":"sell","buyer":"felipejoys","seller":"andy4475","symbol":"POB","quantity":"0.17927803","price":"0.92326000","timestamp":1624918965,"volume":"0.16552023","buyTxId":"a3016586f44ab9d5825b78034e146b2ae71b1644","sellTxId":"c76f6123334618226473f4fb1a5bf4888b046c9c"},{"_id":1179362,"type":"sell","buyer":"felipejoys","seller":"andy4475","symbol":"POB","quantity":"0.79899470","price":"0.92326000","timestamp":1624918965,"volume":"0.73767985","buyTxId":"eaa299b64f9c357c573efbab5fd35a8b113a2f32","sellTxId":"c76f6123334618226473f4fb1a5bf4888b046c9c"},{"_id":1179366,"type":"sell","buyer":"felipejoys","seller":"dwayne16","symbol":"POB","quantity":"2.20100530","price":"0.92326000","timestamp":1624919370,"volume":"2.03210015","buyTxId":"eaa299b64f9c357c573efbab5fd35a8b113a2f32","sellTxId":"e66aa0b0d26fab0102f3d3f458d1842ef7972127"},{"_id":1179367,"type":"sell","buyer":"freebornsociety","seller":"dwayne16","symbol":"POB","quantity":"54.79899470","price":"0.90010300","timestamp":1624919370,"volume":"49.32473953","buyTxId":"MM-P-8209945-55188460-3-3-0","sellTxId":"e66aa0b0d26fab0102f3d3f458d1842ef7972127"},{"_id":1179375,"type":"sell","buyer":"freebornsociety","seller":"failingforwards","symbol":"POB","quantity":"0.75020356","price":"0.90010300","timestamp":1624920192,"volume":"0.67526047","buyTxId":"MM-P-8209945-55188460-3-3-0","sellTxId":"92108bca7f580e15b9d511caaed55b0e84688052"},{"_id":1179405,"type":"sell","buyer":"freebornsociety","seller":"coyotelation","symbol":"POB","quantity":"2.17146823","price":"0.90010200","timestamp":1624921077,"volume":"1.95454290","buyTxId":"MM-P-8210342-55188859-3-3-0","sellTxId":"d479ae222d7f93189bd87f63b3af63129ca47851"},{"_id":1179406,"type":"sell","buyer":"ctime","seller":"coyotelation","symbol":"POB","quantity":"3.48854738","price":"0.90010100","timestamp":1624921077,"volume":"3.14004499","buyTxId":"MM-P-8209306-55187818-3-22-0","sellTxId":"d479ae222d7f93189bd87f63b3af63129ca47851"},{"_id":1179418,"type":"buy","buyer":"ctime","seller":"failingforwards","symbol":"POB","quantity":"29.26668217","price":"0.90010300","timestamp":1624921482,"volume":"26.34302842","buyTxId":"MM-P-8210697-55189215-3-22-0","sellTxId":"92108bca7f580e15b9d511caaed55b0e84688052"},{"_id":1179454,"type":"sell","buyer":"freebornsociety","seller":"cryptopoints","symbol":"POB","quantity":"52.00000000","price":"0.90011200","timestamp":1624923117,"volume":"46.80582400","buyTxId":"MM-P-8210739-55189257-3-3-0","sellTxId":"a966e3ebedff5a6d353c243ebecdf6175df78b40"},{"_id":1179460,"type":"sell","buyer":"freebornsociety","seller":"hitmeasap","symbol":"POB","quantity":"3.54864284","price":"0.90011200","timestamp":1624923378,"volume":"3.19417600","buyTxId":"MM-P-8210739-55189257-3-3-0","sellTxId":"6c6f427333bbb271ca8df052c11503105895b237"},{"_id":1179462,"type":"sell","buyer":"freebornsociety","seller":"hitmeasap","symbol":"POB","quantity":"3.33140716","price":"0.90011200","timestamp":1624923417,"volume":"2.99863956","buyTxId":"MM-P-8211337-55189856-3-3-0","sellTxId":"d43fc227909e45c5cf856a0fdde7a5bccaa45a8e"},{"_id":1179463,"type":"sell","buyer":"ctime","seller":"hitmeasap","symbol":"POB","quantity":"0.75342484","price":"0.90011100","timestamp":1624923417,"volume":"0.67816599","buyTxId":"MM-P-8210697-55189215-3-22-0","sellTxId":"d43fc227909e45c5cf856a0fdde7a5bccaa45a8e"},{"_id":1179511,"type":"sell","buyer":"ctime","seller":"gank","symbol":"POB","quantity":"8.86398617","price":"0.90011100","timestamp":1624925361,"volume":"7.97857146","buyTxId":"MM-P-8210697-55189215-3-22-0","sellTxId":"0205e028a7b1394fc96664fc441153dc0cd31fb9"},{"_id":1179512,"type":"sell","buyer":"solovey6o2","seller":"gank","symbol":"POB","quantity":"6.14957469","price":"0.90010101","timestamp":1624925361,"volume":"5.53523839","buyTxId":"7275fb82d78b9ec4a6fe2baab3672b2270b9f506","sellTxId":"0205e028a7b1394fc96664fc441153dc0cd31fb9"},{"_id":1179513,"type":"sell","buyer":"mmmmkkkk311","seller":"gank","symbol":"POB","quantity":"19.11626503","price":"0.90010100","timestamp":1624925361,"volume":"17.20656927","buyTxId":"MM-P-8210697-55189215-3-2-0","sellTxId":"0205e028a7b1394fc96664fc441153dc0cd31fb9"},{"_id":1179522,"type":"sell","buyer":"mmmmkkkk311","seller":"numpypython","symbol":"POB","quantity":"0.26158637","price":"0.90010100","timestamp":1624925631,"volume":"0.23545415","buyTxId":"MM-P-8210697-55189215-3-2-0","sellTxId":"4d7d11e9202e214ea323936b35991ef89e073c6f"},{"_id":1179523,"type":"buy","buyer":"offgridlife","seller":"bluesniper","symbol":"POB","quantity":"3.30000000","price":"0.97912461","timestamp":1624926123,"volume":"3.23111121","buyTxId":"2570f1ba51205e6d43e919a03a5b2f8dd939b4c0","sellTxId":"MM-P-8212236-55190756-3-5-0"},{"_id":1179562,"type":"sell","buyer":"solovey6o2","seller":"traciyork","symbol":"POB","quantity":"0.28154308","price":"0.90010101","timestamp":1624927368,"volume":"0.25341721","buyTxId":"7e9c264477503bb5aaf96d63cde4ae4fbe9071b5","sellTxId":"c319e6c0d264698c714ed04eb6dd72ba7b910142"},{"_id":1179618,"type":"sell","buyer":"solovey6o2","seller":"enforcer48","symbol":"POB","quantity":"1.15800000","price":"0.90010101","timestamp":1624930218,"volume":"1.04231697","buyTxId":"7e9c264477503bb5aaf96d63cde4ae4fbe9071b5","sellTxId":"adceafefd675ecfd05ffbfa0f9b0a082add944a1"},{"_id":1179626,"type":"sell","buyer":"solovey6o2","seller":"crypto133","symbol":"POB","quantity":"0.66384301","price":"0.90010101","timestamp":1624930662,"volume":"0.59752576","buyTxId":"7e9c264477503bb5aaf96d63cde4ae4fbe9071b5","sellTxId":"83e599eb10d0b5accda74b4ca50b5844c92c754e"},{"_id":1179629,"type":"sell","buyer":"solovey6o2","seller":"forexbrokr","symbol":"POB","quantity":"0.93933557","price":"0.90010101","timestamp":1624930872,"volume":"0.84549690","buyTxId":"7e9c264477503bb5aaf96d63cde4ae4fbe9071b5","sellTxId":"2eaf0c51d562012dbab24664882b7b1835c4af51"},{"_id":1179645,"type":"sell","buyer":"solovey6o2","seller":"melbourneswest","symbol":"POB","quantity":"7.09819136","price":"0.90010101","timestamp":1624931616,"volume":"6.38908921","buyTxId":"7e9c264477503bb5aaf96d63cde4ae4fbe9071b5","sellTxId":"e77b881d0be9416f2af2d891da4cfd5f516c9036"},{"_id":1179653,"type":"sell","buyer":"solovey6o2","seller":"allcapsonezero","symbol":"POB","quantity":"0.61357367","price":"0.90010101","timestamp":1624931748,"volume":"0.55227828","buyTxId":"7e9c264477503bb5aaf96d63cde4ae4fbe9071b5","sellTxId":"16cb8009c15c5ab7e3e9e497567f8a972d22dfbd"},{"_id":1179654,"type":"sell","buyer":"mmmmkkkk311","seller":"allcapsonezero","symbol":"POB","quantity":"7.38642633","price":"0.90010100","timestamp":1624931748,"volume":"6.64852973","buyTxId":"MM-P-8210697-55189215-3-2-0","sellTxId":"16cb8009c15c5ab7e3e9e497567f8a972d22dfbd"},{"_id":1179661,"type":"buy","buyer":"scottshots","seller":"solovey6o2","symbol":"POB","quantity":"10.00000000","price":"0.97891541","timestamp":1624932105,"volume":"9.78915410","buyTxId":"c560bdb1988e2fcd70b8464ebd1b3ee4c5c8852a","sellTxId":"2130d7f070cf75e3a6e21d1e9cc4de01be98387a"},{"_id":1179664,"type":"sell","buyer":"mmmmkkkk311","seller":"specialfeelings","symbol":"POB","quantity":"2.09368941","price":"0.90010100","timestamp":1624932306,"volume":"1.88453193","buyTxId":"MM-P-8210697-55189215-3-2-0","sellTxId":"58bebd5aab8d34d4ebd82e3ae35d6f3ac5b33ca3"},{"_id":1179732,"type":"sell","buyer":"mmmmkkkk311","seller":"adhammer","symbol":"POB","quantity":"7.19297666","price":"0.90010100","timestamp":1624933656,"volume":"6.47440548","buyTxId":"MM-P-8210697-55189215-3-2-0","sellTxId":"1b9cf441d4811446a3b5bdbf69587305f7e550d9"},{"_id":1179758,"type":"sell","buyer":"mmmmkkkk311","seller":"eddiespino","symbol":"POB","quantity":"0.61160851","price":"0.90010100","timestamp":1624934100,"volume":"0.55050943","buyTxId":"MM-P-8210697-55189215-3-2-0","sellTxId":"09cacfa3ab4401169a0c90205c8ad4ce6d3cb1bd"},{"_id":1179759,"type":"sell","buyer":"ctime","seller":"eddiespino","symbol":"POB","quantity":"38.88452518","price":"0.90010100","timestamp":1624934100,"volume":"35.00000000","buyTxId":"MM-P-8211993-55190513-3-22-0","sellTxId":"09cacfa3ab4401169a0c90205c8ad4ce6d3cb1bd"},{"_id":1179760,"type":"sell","buyer":"bluesniper","seller":"eddiespino","symbol":"POB","quantity":"70.67636887","price":"0.90009100","timestamp":1624934100,"volume":"63.61516353","buyTxId":"MM-P-8209247-55187759-3-5-0","sellTxId":"09cacfa3ab4401169a0c90205c8ad4ce6d3cb1bd"},{"_id":1179767,"type":"sell","buyer":"bluesniper","seller":"gubbatv","symbol":"POB","quantity":"1.58556884","price":"0.90009100","timestamp":1624934538,"volume":"1.42715624","buyTxId":"MM-P-8209247-55187759-3-5-0","sellTxId":"aff65d881b29866242bd16a070e832c73366e335"},{"_id":1179783,"type":"sell","buyer":"bluesniper","seller":"bitcoinflood","symbol":"POB","quantity":"5.50797667","price":"0.90009100","timestamp":1624934979,"volume":"4.95768023","buyTxId":"MM-P-8209247-55187759-3-5-0","sellTxId":"9fea72c0f25e3f0f0252f46f8e8fa762c99e8cd8"},{"_id":1179784,"type":"sell","buyer":"gimme-your-coinz","seller":"bitcoinflood","symbol":"POB","quantity":"32.02818369","price":"0.90007100","timestamp":1624934979,"volume":"28.82763932","buyTxId":"d7b0916b338bc0e725236cc27ff26dd03e9f15d8","sellTxId":"9fea72c0f25e3f0f0252f46f8e8fa762c99e8cd8"}]}