{"index": {"_index":"pob","_id":"3079299"}}
	{"id":3079299,"type":"sell","buyer":"richardcrill","seller":"lebah","symbol":"POB","quantity":"34.30000000","price":"0.02210000","timestamp":1648522167,"volume":"0.75803000","buyTxId":"MM-P-16042619-63031171-3-12-0","sellTxId":"f3833245f9ecd794ebfebf81b372b3ca8f304a13"}
{"index": {"_index":"pob","_id":"3079568"}}
	{"id":3079568,"type":"buy","buyer":"phusionphil","seller":"flipflopcrypto","symbol":"POB","quantity":"0.70831907","price":"0.02689000","timestamp":1648525200,"volume":"0.0190467","buyTxId":"b2685861bc5b84898427c640992b41b7eb5b0ca0","sellTxId":"86e404a3fc6aa7a9315f748a777ce9369e9c7ed3"}
{"index": {"_index":"pob","_id":"3079611"}}
	{"id":3079611,"type":"sell","buyer":"richardcrill","seller":"macoy14","symbol":"POB","quantity":"0.40012671","price":"0.02210000","timestamp":1648525941,"volume":"0.00884280","buyTxId":"MM-P-16042619-63031171-3-12-0","sellTxId":"dea734245a96bdc9715c54bbf8b648747c9f58a3"}
{"index": {"_index":"pob","_id":"3080189"}}
	{"id":3080189,"type":"sell","buyer":"richardcrill","seller":"haseeb-asif-khan","symbol":"POB","quantity":"7.07410532","price":"0.02210000","timestamp":1648532331,"volume":"0.15633773","buyTxId":"MM-P-16042619-63031171-3-12-0","sellTxId":"9aebc5ff38c5b16b71093bdaada8b1b1334e22ab"}
{"index": {"_index":"pob","_id":"3080194"}}
	{"id":3080194,"type":"buy","buyer":"frawdielp","seller":"flipflopcrypto","symbol":"POB","quantity":"19.44172681","price":"0.02689000","timestamp":1648532472,"volume":"0.52278803","buyTxId":"34007df6d629f429bda26ff65410fdf2dc91a3cc","sellTxId":"86e404a3fc6aa7a9315f748a777ce9369e9c7ed3"}
{"index": {"_index":"pob","_id":"3080195"}}
	{"id":3080195,"type":"buy","buyer":"frawdielp","seller":"richardcrill","symbol":"POB","quantity":"332.99999919","price":"0.02689999","timestamp":1648532472,"volume":"8.95769665","buyTxId":"34007df6d629f429bda26ff65410fdf2dc91a3cc","sellTxId":"MM-P-16046604-63035158-3-12-0"}
{"index": {"_index":"pob","_id":"3080198"}}
	{"id":3080198,"type":"buy","buyer":"frawdielp","seller":"richardcrill","symbol":"POB","quantity":"0.00000081","price":"0.02689999","timestamp":1648532556,"volume":"0.00000002","buyTxId":"33fa402e81b558d227438fad16ae640c35d9721e","sellTxId":"MM-P-16046604-63035158-3-12-0"}
{"index": {"_index":"pob","_id":"3080199"}}
	{"id":3080199,"type":"buy","buyer":"frawdielp","seller":"droida","symbol":"POB","quantity":"0.27269104","price":"0.02699997","timestamp":1648532556,"volume":"0.00736265","buyTxId":"33fa402e81b558d227438fad16ae640c35d9721e","sellTxId":"e6c8b8e8517e4c995e1bfd3b3e2c12ab933d6f0a"}
{"index": {"_index":"pob","_id":"3080200"}}
	{"id":3080200,"type":"buy","buyer":"frawdielp","seller":"yintercept","symbol":"POB","quantity":"13.73113592","price":"0.02699997","timestamp":1648532556,"volume":"0.37074026","buyTxId":"33fa402e81b558d227438fad16ae640c35d9721e","sellTxId":"ea237d96e608298b33a4655c28f30d3c2da2d3f4"}
{"index": {"_index":"pob","_id":"3080201"}}
	{"id":3080201,"type":"buy","buyer":"frawdielp","seller":"brofi-market","symbol":"POB","quantity":"11.88349518","price":"0.02699997","timestamp":1648532556,"volume":"0.32085401","buyTxId":"33fa402e81b558d227438fad16ae640c35d9721e","sellTxId":"dcb3c44bad35988a6e47db7845d25f981c21d798"}
{"index": {"_index":"pob","_id":"3080202"}}
	{"id":3080202,"type":"buy","buyer":"frawdielp","seller":"dhedge-drips","symbol":"POB","quantity":"1.27323162","price":"0.02699997","timestamp":1648532556,"volume":"0.03437722","buyTxId":"33fa402e81b558d227438fad16ae640c35d9721e","sellTxId":"dcd21cb217cbbc1794fb3b0758769dbb2d50b0ba"}
{"index": {"_index":"pob","_id":"3080203"}}
	{"id":3080203,"type":"buy","buyer":"frawdielp","seller":"quicktrades","symbol":"POB","quantity":"0.71014636","price":"0.02699998","timestamp":1648532556,"volume":"0.01917394","buyTxId":"33fa402e81b558d227438fad16ae640c35d9721e","sellTxId":"87c5cab81f59672d7dcdf42a57b176c1915f6618"}
{"index": {"_index":"pob","_id":"3080204"}}
	{"id":3080204,"type":"buy","buyer":"frawdielp","seller":"jin-out","symbol":"POB","quantity":"59.57193074","price":"0.02699999","timestamp":1648532556,"volume":"1.60844153","buyTxId":"33fa402e81b558d227438fad16ae640c35d9721e","sellTxId":"90dc5fe650e27f9583b206a564a98c008cab9d17"}
{"index": {"_index":"pob","_id":"3080205"}}
	{"id":3080205,"type":"buy","buyer":"frawdielp","seller":"fiberfrau","symbol":"POB","quantity":"0.71021180","price":"0.02700000","timestamp":1648532556,"volume":"0.01917572","buyTxId":"33fa402e81b558d227438fad16ae640c35d9721e","sellTxId":"dbb4a030c1c40999bc4e28d606542624e79c75ab"}
{"index": {"_index":"pob","_id":"3080206"}}
	{"id":3080206,"type":"buy","buyer":"frawdielp","seller":"brofi-market","symbol":"POB","quantity":"12.21032061","price":"0.02700000","timestamp":1648532556,"volume":"0.32967866","buyTxId":"33fa402e81b558d227438fad16ae640c35d9721e","sellTxId":"a1118ed2d0e96c70ad998956d44e4593dddc3f26"}
{"index": {"_index":"pob","_id":"3080207"}}
	{"id":3080207,"type":"buy","buyer":"frawdielp","seller":"dhedge-drips","symbol":"POB","quantity":"1.30824863","price":"0.02700000","timestamp":1648532556,"volume":"0.03532271","buyTxId":"33fa402e81b558d227438fad16ae640c35d9721e","sellTxId":"601d261328a81d52eece5f4dc6460680734b1abc"}
{"index": {"_index":"pob","_id":"3080215"}}
	{"id":3080215,"type":"sell","buyer":"richardcrill","seller":"trumpman","symbol":"POB","quantity":"80.68343065","price":"0.02210000","timestamp":1648532694,"volume":"1.78310382","buyTxId":"MM-P-16042619-63031171-3-12-0","sellTxId":"b96cb97f55fc57861e81646fc69f1b2a3ed9eaab"}
{"index": {"_index":"pob","_id":"3080430"}}
	{"id":3080430,"type":"buy","buyer":"ugochill","seller":"amaillo","symbol":"POB","quantity":"3.00000000","price":"0.02789997","timestamp":1648535487,"volume":"0.08369991","buyTxId":"0face871a258fbb8207f7703ecf1a4924d82e060","sellTxId":"fb0b73f282ba20aeacfc9b4c3c98d11274026b90"}
{"index": {"_index":"pob","_id":"3080494"}}
	{"id":3080494,"type":"sell","buyer":"richardcrill","seller":"oks2crypto","symbol":"POB","quantity":"0.00634792","price":"0.02231000","timestamp":1648536078,"volume":"0.00014162","buyTxId":"MM-P-16049988-63038543-3-12-0","sellTxId":"b2940b52ffd18425742ffbdf4d0b1f854da1b1c2"}
{"index": {"_index":"pob","_id":"3080581"}}
	{"id":3080581,"type":"sell","buyer":"richardcrill","seller":"squids","symbol":"POB","quantity":"25.38785198","price":"0.02231000","timestamp":1648537194,"volume":"0.56640298","buyTxId":"MM-P-16049988-63038543-3-12-0","sellTxId":"05116cb7c973de9eee14e87a3847fc8eeacd37fa"}
{"index": {"_index":"pob","_id":"3080634"}}
	{"id":3080634,"type":"sell","buyer":"richardcrill","seller":"jazzy09","symbol":"POB","quantity":"27.00000000","price":"0.02231000","timestamp":1648537632,"volume":"0.60237000","buyTxId":"MM-P-16049988-63038543-3-12-0","sellTxId":"f81ee5a84859d90b278c822a5696d2a7f126026a"}
{"index": {"_index":"pob","_id":"3080749"}}
	{"id":3080749,"type":"sell","buyer":"richardcrill","seller":"melbourneswest","symbol":"POB","quantity":"4.842","price":"0.02231000","timestamp":1648539018,"volume":"0.10802502","buyTxId":"MM-P-16049988-63038543-3-12-0","sellTxId":"faabf50f72f62f3262202b41a5a9ed4466e3c2d3"}
{"index": {"_index":"pob","_id":"3080830"}}
	{"id":3080830,"type":"sell","buyer":"richardcrill","seller":"toofasteddie","symbol":"POB","quantity":"85.71802201","price":"0.02241300","timestamp":1648539885,"volume":"1.92119803","buyTxId":"MM-P-16051384-63039939-3-12-0","sellTxId":"1d37b538abf81143aa5f509d139887a609ca60e7"}
{"index": {"_index":"pob","_id":"3080916"}}
	{"id":3080916,"type":"sell","buyer":"richardcrill","seller":"gone-hive","symbol":"POB","quantity":"30.9549651","price":"0.02241300","timestamp":1648540788,"volume":"0.69379363","buyTxId":"MM-P-16051384-63039939-3-12-0","sellTxId":"01aac2d826a49a0364dce33ec0456b2d207a5896"}
{"index": {"_index":"pob","_id":"3080963"}}
	{"id":3080963,"type":"sell","buyer":"richardcrill","seller":"dswap","symbol":"POB","quantity":"0.60345233","price":"0.02241300","timestamp":1648541331,"volume":"0.01352518","buyTxId":"MM-P-16051384-63039939-3-12-0","sellTxId":"47a52f6f19eaebf66d29e65d532f4d2497b1c699"}
{"index": {"_index":"pob","_id":"3081040"}}
	{"id":3081040,"type":"sell","buyer":"richardcrill","seller":"invest-time","symbol":"POB","quantity":"20.00000000","price":"0.02241300","timestamp":1648542105,"volume":"0.44826000","buyTxId":"MM-P-16051384-63039939-3-12-0","sellTxId":"56ebcf32440164f7edf7945c0bcf5446081e746b"}
{"index": {"_index":"pob","_id":"3081092"}}
	{"id":3081092,"type":"sell","buyer":"richardcrill","seller":"chireerocks","symbol":"POB","quantity":"4.89939804","price":"0.02241300","timestamp":1648542747,"volume":"0.10981021","buyTxId":"MM-P-16051384-63039939-3-12-0","sellTxId":"b4e2ae5aca70784759722f2b060c7b58bbe927a5"}
{"index": {"_index":"pob","_id":"3081172"}}
	{"id":3081172,"type":"sell","buyer":"richardcrill","seller":"florenceboens","symbol":"POB","quantity":"0.19665800","price":"0.02241300","timestamp":1648543689,"volume":"0.00440770","buyTxId":"MM-P-16051384-63039939-3-12-0","sellTxId":"dd9540adc04a6603399b6707149daaa085434d65"}
{"index": {"_index":"pob","_id":"3081253"}}
	{"id":3081253,"type":"sell","buyer":"richardcrill","seller":"acesontop","symbol":"POB","quantity":"83.85275537","price":"0.02241300","timestamp":1648544715,"volume":"1.87939181","buyTxId":"MM-P-16051384-63039939-3-12-0","sellTxId":"7ebd02766746a79dbb6e62bb0ff1ab53dad4917d"}
{"index": {"_index":"pob","_id":"3081258"}}
	{"id":3081258,"type":"sell","buyer":"richardcrill","seller":"atyh","symbol":"POB","quantity":"4.45468470","price":"0.02241300","timestamp":1648544814,"volume":"0.09984285","buyTxId":"MM-P-16051384-63039939-3-12-0","sellTxId":"f8139fb13e705ee1033fe1ed8df965a33d393488"}
{"index": {"_index":"pob","_id":"3081259"}}
	{"id":3081259,"type":"sell","buyer":"richardcrill","seller":"scooter77","symbol":"POB","quantity":"15.50586963","price":"0.02241300","timestamp":1648544814,"volume":"0.34753306","buyTxId":"MM-P-16051384-63039939-3-12-0","sellTxId":"66dd2026a947bea93a73e70c02252ef3e501d188"}
{"index": {"_index":"pob","_id":"3081556"}}
	{"id":3081556,"type":"buy","buyer":"shanhenry","seller":"liotes.voter","symbol":"POB","quantity":"7.70920288","price":"0.02486000","timestamp":1648549707,"volume":"0.19165078","buyTxId":"1b1bc617db508c87e777c721b1ed4ff2cc733345","sellTxId":"204ad9e57dce23f0836f58241aaa5bdff9f2e023"}
{"index": {"_index":"pob","_id":"3081557"}}
	{"id":3081557,"type":"buy","buyer":"shanhenry","seller":"sunset.curator","symbol":"POB","quantity":"6.02669641","price":"0.02786000","timestamp":1648549707,"volume":"0.16790376","buyTxId":"1b1bc617db508c87e777c721b1ed4ff2cc733345","sellTxId":"15df8dbcf576c91a1741a3636594e9754bcaf160"}
{"index": {"_index":"pob","_id":"3081558"}}
	{"id":3081558,"type":"buy","buyer":"shanhenry","seller":"honusurf","symbol":"POB","quantity":"0.73347548","price":"0.02786000","timestamp":1648549707,"volume":"0.02043463","buyTxId":"1b1bc617db508c87e777c721b1ed4ff2cc733345","sellTxId":"0962f1a9014ca02821a1f348ec53596288eff46c"}
{"index": {"_index":"pob","_id":"3081559"}}
	{"id":3081559,"type":"buy","buyer":"shanhenry","seller":"kdtkaren","symbol":"POB","quantity":"0.51850390","price":"0.02786000","timestamp":1648549707,"volume":"0.01444552","buyTxId":"1b1bc617db508c87e777c721b1ed4ff2cc733345","sellTxId":"df5d3eb027925e4873730d5eda7a6aa925e72bc7"}
{"index": {"_index":"pob","_id":"3081560"}}
	{"id":3081560,"type":"buy","buyer":"shanhenry","seller":"firealien","symbol":"POB","quantity":"1.56494650","price":"0.02786000","timestamp":1648549707,"volume":"0.04359941","buyTxId":"1b1bc617db508c87e777c721b1ed4ff2cc733345","sellTxId":"d057b3fc02c93d5d416953d8b809f22a6b4d8293"}
{"index": {"_index":"pob","_id":"3081561"}}
	{"id":3081561,"type":"buy","buyer":"shanhenry","seller":"firealiean","symbol":"POB","quantity":"0.50085179","price":"0.02786000","timestamp":1648549707,"volume":"0.01395373","buyTxId":"1b1bc617db508c87e777c721b1ed4ff2cc733345","sellTxId":"6acaadd3bcd017bee26925e0ea18eca62ced969d"}
{"index": {"_index":"pob","_id":"3081562"}}
	{"id":3081562,"type":"buy","buyer":"shanhenry","seller":"master-lamps","symbol":"POB","quantity":"0.90723030","price":"0.02787000","timestamp":1648549707,"volume":"0.02528451","buyTxId":"1b1bc617db508c87e777c721b1ed4ff2cc733345","sellTxId":"9232852f01006799b31f27f65d7e022d275bed69"}
{"index": {"_index":"pob","_id":"3081563"}}
	{"id":3081563,"type":"buy","buyer":"shanhenry","seller":"amaillo","symbol":"POB","quantity":"9.77469585","price":"0.02789997","timestamp":1648549707,"volume":"0.27271372","buyTxId":"1b1bc617db508c87e777c721b1ed4ff2cc733345","sellTxId":"fb0b73f282ba20aeacfc9b4c3c98d11274026b90"}
{"index": {"_index":"pob","_id":"3081564"}}
	{"id":3081564,"type":"buy","buyer":"shanhenry","seller":"ctpsb","symbol":"POB","quantity":"8.96000000","price":"0.02789997","timestamp":1648549707,"volume":"0.24998373","buyTxId":"1b1bc617db508c87e777c721b1ed4ff2cc733345","sellTxId":"589802a70c7519a7a404011cf940da4c9e16c6a2"}
{"index": {"_index":"pob","_id":"3081565"}}
	{"id":3081565,"type":"buy","buyer":"shanhenry","seller":"droida","symbol":"POB","quantity":"0.25457614","price":"0.02789998","timestamp":1648549707,"volume":"0.00710267","buyTxId":"1b1bc617db508c87e777c721b1ed4ff2cc733345","sellTxId":"38c2a56fdfad3df68b63168cbb76a4f6584de5e8"}
{"index": {"_index":"pob","_id":"3081566"}}
	{"id":3081566,"type":"buy","buyer":"shanhenry","seller":"quicktrades","symbol":"POB","quantity":"0.53901176","price":"0.02789999","timestamp":1648549707,"volume":"0.01503842","buyTxId":"1b1bc617db508c87e777c721b1ed4ff2cc733345","sellTxId":"70cc7c8fa77e00fee99c97a994959c0334d9b423"}
{"index": {"_index":"pob","_id":"3081567"}}
	{"id":3081567,"type":"buy","buyer":"shanhenry","seller":"richardcrill","symbol":"POB","quantity":"128.65371120","price":"0.02889000","timestamp":1648549707,"volume":"3.71680572","buyTxId":"1b1bc617db508c87e777c721b1ed4ff2cc733345","sellTxId":"MM-P-16049192-63037747-3-12-0"}
{"index": {"_index":"pob","_id":"3081568"}}
	{"id":3081568,"type":"buy","buyer":"shanhenry","seller":"master-lamps","symbol":"POB","quantity":"0.93709543","price":"0.02891000","timestamp":1648549707,"volume":"0.02709143","buyTxId":"1b1bc617db508c87e777c721b1ed4ff2cc733345","sellTxId":"9f942bcf3212bb50b744b830fccf0f970f4f75b9"}
{"index": {"_index":"pob","_id":"3081569"}}
	{"id":3081569,"type":"buy","buyer":"shanhenry","seller":"brofi-market","symbol":"POB","quantity":"13.30890177","price":"0.02891000","timestamp":1648549707,"volume":"0.38476035","buyTxId":"1b1bc617db508c87e777c721b1ed4ff2cc733345","sellTxId":"ca99f4b2c0ef72e318cfec1cc934c75ede20584a"}
{"index": {"_index":"pob","_id":"3081570"}}
	{"id":3081570,"type":"buy","buyer":"shanhenry","seller":"dhedge-drips","symbol":"POB","quantity":"1.42595374","price":"0.02891000","timestamp":1648549707,"volume":"0.04122432","buyTxId":"1b1bc617db508c87e777c721b1ed4ff2cc733345","sellTxId":"0b200ab509de334ac601d733c10d1ce8c35b98f1"}
{"index": {"_index":"pob","_id":"3081571"}}
	{"id":3081571,"type":"buy","buyer":"shanhenry","seller":"knowhow92","symbol":"POB","quantity":"15.04005323","price":"0.02898000","timestamp":1648549707,"volume":"0.43586074","buyTxId":"1b1bc617db508c87e777c721b1ed4ff2cc733345","sellTxId":"e568e81b8ded1018375ba40222fd3237f5c95863"}
{"index": {"_index":"pob","_id":"3081572"}}
	{"id":3081572,"type":"buy","buyer":"shanhenry","seller":"erikah","symbol":"POB","quantity":"50.00000000","price":"0.02899000","timestamp":1648549707,"volume":"1.44950000","buyTxId":"1b1bc617db508c87e777c721b1ed4ff2cc733345","sellTxId":"dcb768b3c98ebc1d46392e3eba4cab3acb9fe79a"}
{"index": {"_index":"pob","_id":"3081573"}}
	{"id":3081573,"type":"buy","buyer":"shanhenry","seller":"yintercept","symbol":"POB","quantity":"4.78056224","price":"0.02900000","timestamp":1648549707,"volume":"0.13863630","buyTxId":"1b1bc617db508c87e777c721b1ed4ff2cc733345","sellTxId":"fab648b9f7a5fdc30c67c82aebe357ca8bf545e5"}
{"index": {"_index":"pob","_id":"3081574"}}
	{"id":3081574,"type":"buy","buyer":"shanhenry","seller":"dhedge-drips","symbol":"POB","quantity":"0.00000571","price":"0.03000000","timestamp":1648549707,"volume":"0.00000017","buyTxId":"1b1bc617db508c87e777c721b1ed4ff2cc733345","sellTxId":"b6ce70c8340c2726ee767785cfb9a52d2543eb58"}
{"index": {"_index":"pob","_id":"3081575"}}
	{"id":3081575,"type":"buy","buyer":"shanhenry","seller":"dhedge-drips","symbol":"POB","quantity":"0.98892466","price":"0.03000000","timestamp":1648549707,"volume":"0.02966774","buyTxId":"1b1bc617db508c87e777c721b1ed4ff2cc733345","sellTxId":"c732e178b38b082448325b91ed6d178432a312f6"}
{"index": {"_index":"pob","_id":"3081576"}}
	{"id":3081576,"type":"buy","buyer":"shanhenry","seller":"erikah","symbol":"POB","quantity":"50.00000000","price":"0.03000000","timestamp":1648549707,"volume":"1.50000000","buyTxId":"1b1bc617db508c87e777c721b1ed4ff2cc733345","sellTxId":"591c1a61c2f4c24fadd56796562766d31db02467"}
{"index": {"_index":"pob","_id":"3081577"}}
	{"id":3081577,"type":"buy","buyer":"shanhenry","seller":"helios.voter","symbol":"POB","quantity":"4.70106839","price":"0.03000000","timestamp":1648549707,"volume":"0.14103205","buyTxId":"1b1bc617db508c87e777c721b1ed4ff2cc733345","sellTxId":"2390854034d4cab8507d20fc04152ae939eb1af0"}
{"index": {"_index":"pob","_id":"3081578"}}
	{"id":3081578,"type":"buy","buyer":"shanhenry","seller":"sunset.curator","symbol":"POB","quantity":"4.84022981","price":"0.03000000","timestamp":1648549707,"volume":"0.14520689","buyTxId":"1b1bc617db508c87e777c721b1ed4ff2cc733345","sellTxId":"fa9158f369ea529b06a3f12306048317fc34200b"}
{"index": {"_index":"pob","_id":"3081579"}}
	{"id":3081579,"type":"buy","buyer":"shanhenry","seller":"brofi-market","symbol":"POB","quantity":"3.72945785","price":"0.03290000","timestamp":1648549707,"volume":"0.12269916","buyTxId":"1b1bc617db508c87e777c721b1ed4ff2cc733345","sellTxId":"8f5ae682541973b0184e9ecdc98c373aa3dc2873"}
{"index": {"_index":"pob","_id":"3081580"}}
	{"id":3081580,"type":"buy","buyer":"shanhenry","seller":"erikah","symbol":"POB","quantity":"25.69617781","price":"0.03290000","timestamp":1648549707,"volume":"0.84540425","buyTxId":"1b1bc617db508c87e777c721b1ed4ff2cc733345","sellTxId":"1a30e65804718640defe23d7bce4cb77152cf096"}
{"index": {"_index":"pob","_id":"3081628"}}
	{"id":3081628,"type":"sell","buyer":"shanhenry","seller":"vikbuddy","symbol":"POB","quantity":"6.00000000","price":"0.03100000","timestamp":1648550412,"volume":"0.18600000","buyTxId":"5e52c1de5f540b028b72996771a5398e8c7a60b1","sellTxId":"524580f17c3c659d84f92d248ab59b7a9f28b0f1"}
{"index": {"_index":"pob","_id":"3081662"}}
	{"id":3081662,"type":"sell","buyer":"shanhenry","seller":"jersteemit","symbol":"POB","quantity":"5.00000000","price":"0.02900000","timestamp":1648551129,"volume":"0.14500000","buyTxId":"79f7a1aa84eab8d8467ac68b366ff7e8f5b02972","sellTxId":"020dc63943a651a7d583cd0a281db0f918f98b1e"}
{"index": {"_index":"pob","_id":"3081665"}}
	{"id":3081665,"type":"sell","buyer":"shanhenry","seller":"jersteemit","symbol":"POB","quantity":"1.71110414","price":"0.02700000","timestamp":1648551153,"volume":"0.04619981","buyTxId":"876af3349f568a790018d0938c1bbf1d90552b9e","sellTxId":"3d991303e34cf003ac0f1131ec24a52fd1e7ed7d"}
{"index": {"_index":"pob","_id":"3081796"}}
	{"id":3081796,"type":"sell","buyer":"shanhenry","seller":"felixgarciap","symbol":"POB","quantity":"6.28889586","price":"0.02700000","timestamp":1648553037,"volume":"0.16980019","buyTxId":"876af3349f568a790018d0938c1bbf1d90552b9e","sellTxId":"94e913c237c6623d060895f412204e1e7511228e"}
{"index": {"_index":"pob","_id":"3081797"}}
	{"id":3081797,"type":"sell","buyer":"shanhenry","seller":"felixgarciap","symbol":"POB","quantity":"10.00000000","price":"0.02500000","timestamp":1648553037,"volume":"0.25000000","buyTxId":"f8d99311f9d3168c671aa40bdaa055a37671d1c1","sellTxId":"94e913c237c6623d060895f412204e1e7511228e"}
{"index": {"_index":"pob","_id":"3081896"}}
	{"id":3081896,"type":"buy","buyer":"chesatochi","seller":"felixgarciap","symbol":"POB","quantity":"0.67159378","price":"0.02496862","timestamp":1648553787,"volume":"0.01676877","buyTxId":"587fae4e3d8aefb52c457518e0a144f67be39756","sellTxId":"94e913c237c6623d060895f412204e1e7511228e"}
{"index": {"_index":"pob","_id":"3081923"}}
	{"id":3081923,"type":"sell","buyer":"shanhenry","seller":"jesustiano","symbol":"POB","quantity":"10.00000000","price":"0.02300000","timestamp":1648554090,"volume":"0.23000000","buyTxId":"7628af45672fac828040a0fe0543a197d5cfc273","sellTxId":"621fe95b8921321f8bd24bbeda7b90caed539aa7"}
{"index": {"_index":"pob","_id":"3081924"}}
	{"id":3081924,"type":"sell","buyer":"richardcrill","seller":"jesustiano","symbol":"POB","quantity":"35.70034359","price":"0.02252000","timestamp":1648554090,"volume":"0.80397174","buyTxId":"MM-P-16055270-63043825-3-12-0","sellTxId":"621fe95b8921321f8bd24bbeda7b90caed539aa7"}
{"index": {"_index":"pob","_id":"3081955"}}
	{"id":3081955,"type":"sell","buyer":"richardcrill","seller":"finguru","symbol":"POB","quantity":"4.86910406","price":"0.02252000","timestamp":1648554486,"volume":"0.10965222","buyTxId":"MM-P-16055270-63043825-3-12-0","sellTxId":"1d44536e0c769ba9736f8594403d046645a1cc1f"}
{"index": {"_index":"pob","_id":"3082006"}}
	{"id":3082006,"type":"sell","buyer":"richardcrill","seller":"tobywalter","symbol":"POB","quantity":"95.06240246","price":"0.02252000","timestamp":1648555182,"volume":"2.14080530","buyTxId":"MM-P-16055270-63043825-3-12-0","sellTxId":"5555649ff46c21845270fde09c474b5e174bcf55"}
{"index": {"_index":"pob","_id":"3082106"}}
	{"id":3082106,"type":"buy","buyer":"pjansen","seller":"felixgarciap","symbol":"POB","quantity":"5.03951000","price":"0.02496862","timestamp":1648556391,"volume":"0.12582961","buyTxId":"dfa1506d78fceb8735a54dfc15563bcb3b943bb3","sellTxId":"94e913c237c6623d060895f412204e1e7511228e"}
{"index": {"_index":"pob","_id":"3082116"}}
	{"id":3082116,"type":"sell","buyer":"richardcrill","seller":"gabrielr29","symbol":"POB","quantity":"47.22145438","price":"0.02252000","timestamp":1648556499,"volume":"1.06342715","buyTxId":"MM-P-16055270-63043825-3-12-0","sellTxId":"665584a9d377e0afc75bd592df582eca2b83d60d"}
{"index": {"_index":"pob","_id":"3082149"}}
	{"id":3082149,"type":"sell","buyer":"richardcrill","seller":"alfarero","symbol":"POB","quantity":"25.22119163","price":"0.02252000","timestamp":1648556805,"volume":"0.56798124","buyTxId":"MM-P-16055270-63043825-3-12-0","sellTxId":"8ebfd499342f5addddb67d8022424cd4ad24965f"}
{"index": {"_index":"pob","_id":"3082358"}}
	{"id":3082358,"type":"sell","buyer":"richardcrill","seller":"jessicaossom","symbol":"POB","quantity":"60.49","price":"0.02252000","timestamp":1648558788,"volume":"1.36223480","buyTxId":"MM-P-16055270-63043825-3-12-0","sellTxId":"1bf1069085df512e36816912d12c11232eda4818"}
{"index": {"_index":"pob","_id":"3082463"}}
	{"id":3082463,"type":"sell","buyer":"richardcrill","seller":"daltono","symbol":"POB","quantity":"132.83404723","price":"0.02252000","timestamp":1648559940,"volume":"2.99142274","buyTxId":"MM-P-16055270-63043825-3-12-0","sellTxId":"0d2522fdf44092d346746088a6fde7d4209b8eb6"}
{"index": {"_index":"pob","_id":"3082525"}}
	{"id":3082525,"type":"buy","buyer":"arthursiq5","seller":"felixgarciap","symbol":"POB","quantity":"0.00000036","price":"0.02496862","timestamp":1648560516,"volume":"0.00000001","buyTxId":"bd15c69a50f468111d94e63a44d825b326253df4","sellTxId":"94e913c237c6623d060895f412204e1e7511228e"}
{"index": {"_index":"pob","_id":"3082526"}}
	{"id":3082526,"type":"buy","buyer":"arthursiq5","seller":"vikbuddy","symbol":"POB","quantity":"1.87679802","price":"0.03100000","timestamp":1648560516,"volume":"0.05818074","buyTxId":"bd15c69a50f468111d94e63a44d825b326253df4","sellTxId":"6dc5aa418ad9a77e0fece0363dd04d67ece8f688"}
{"index": {"_index":"pob","_id":"3082558"}}
	{"id":3082558,"type":"sell","buyer":"richardcrill","seller":"xplosive","symbol":"POB","quantity":"1.28880025","price":"0.02252000","timestamp":1648560966,"volume":"0.02902378","buyTxId":"MM-P-16055270-63043825-3-12-0","sellTxId":"daa8d05581e35fa73de37e9f64e0356de5eb55bc"}
{"index": {"_index":"pob","_id":"3082882"}}
	{"id":3082882,"type":"sell","buyer":"richardcrill","seller":"technocrypton","symbol":"POB","quantity":"0.17162998","price":"0.02252000","timestamp":1648563609,"volume":"0.00386511","buyTxId":"MM-P-16055270-63043825-3-12-0","sellTxId":"a66b8d128e89659e8f1eb822fbd0873eb067a6d9"}
{"index": {"_index":"pob","_id":"3083051"}}
	{"id":3083051,"type":"sell","buyer":"richardcrill","seller":"cwaguitar","symbol":"POB","quantity":"13.51256699","price":"0.02252000","timestamp":1648565316,"volume":"0.30430301","buyTxId":"MM-P-16055270-63043825-3-12-0","sellTxId":"d6176ce53c8a5fcd2e42b3ce9614cf882d278a37"}
{"index": {"_index":"pob","_id":"3083224"}}
	{"id":3083224,"type":"buy","buyer":"bionicpainter","seller":"stayoutoftherz","symbol":"POB","quantity":"0.86922360","price":"0.02500000","timestamp":1648567167,"volume":"0.02173059","buyTxId":"4f2d29919022914ab83436affd54604533f07ad1","sellTxId":"08d123f3819114c12555832d7d23bf663972afdf"}
{"index": {"_index":"pob","_id":"3083226"}}
	{"id":3083226,"type":"buy","buyer":"bionicpainter","seller":"stayoutoftherz","symbol":"POB","quantity":"0.93942319","price":"0.02500000","timestamp":1648567221,"volume":"0.02348558","buyTxId":"68604e5a96602c752006f6c632205ecd52a8c531","sellTxId":"08d123f3819114c12555832d7d23bf663972afdf"}
{"index": {"_index":"pob","_id":"3083231"}}
	{"id":3083231,"type":"buy","buyer":"bionicpainter","seller":"stayoutoftherz","symbol":"POB","quantity":"1.01516679","price":"0.02500000","timestamp":1648567341,"volume":"0.02537917","buyTxId":"2e91ef427de525f68328a923afbaf9c1a13decba","sellTxId":"08d123f3819114c12555832d7d23bf663972afdf"}
{"index": {"_index":"pob","_id":"3083239"}}
	{"id":3083239,"type":"buy","buyer":"bionicpainter","seller":"stayoutoftherz","symbol":"POB","quantity":"1.09687119","price":"0.02500000","timestamp":1648567410,"volume":"0.02742178","buyTxId":"4221689e3bee2d19024b60b45dbb1b4c55aba9f2","sellTxId":"08d123f3819114c12555832d7d23bf663972afdf"}
{"index": {"_index":"pob","_id":"3083243"}}
	{"id":3083243,"type":"buy","buyer":"bionicpainter","seller":"stayoutoftherz","symbol":"POB","quantity":"1.18498040","price":"0.02500000","timestamp":1648567476,"volume":"0.02962451","buyTxId":"51fc05e94c2b942d8928d7b7bc939811c53e9064","sellTxId":"08d123f3819114c12555832d7d23bf663972afdf"}
{"index": {"_index":"pob","_id":"3083246"}}
	{"id":3083246,"type":"buy","buyer":"bionicpainter","seller":"stayoutoftherz","symbol":"POB","quantity":"1.27996799","price":"0.02500000","timestamp":1648567545,"volume":"0.03199920","buyTxId":"8ec4544a107f655f75493abb49897adb48ae81b0","sellTxId":"08d123f3819114c12555832d7d23bf663972afdf"}
{"index": {"_index":"pob","_id":"3083249"}}
	{"id":3083249,"type":"buy","buyer":"bionicpainter","seller":"stayoutoftherz","symbol":"POB","quantity":"0.76436600","price":"0.02500000","timestamp":1648567599,"volume":"0.01910915","buyTxId":"1f0650f0f6d5afe131e8201caf628ed25df9cb55","sellTxId":"08d123f3819114c12555832d7d23bf663972afdf"}
{"index": {"_index":"pob","_id":"3083294"}}
	{"id":3083294,"type":"sell","buyer":"richardcrill","seller":"zirochka","symbol":"POB","quantity":"66.06323967","price":"0.02252000","timestamp":1648568136,"volume":"1.48774416","buyTxId":"MM-P-16055270-63043825-3-12-0","sellTxId":"4ce89ac91fae70c0493bb5527a33597183dc63e7"}
{"index": {"_index":"pob","_id":"3083357"}}
	{"id":3083357,"type":"sell","buyer":"richardcrill","seller":"bearbear613","symbol":"POB","quantity":"7.24716026","price":"0.02252000","timestamp":1648568790,"volume":"0.16320605","buyTxId":"MM-P-16055270-63043825-3-12-0","sellTxId":"b5171485f1a35c37be5698173beb033f1fd23c74"}
{"index": {"_index":"pob","_id":"3083395"}}
	{"id":3083395,"type":"sell","buyer":"richardcrill","seller":"eythorphoto","symbol":"POB","quantity":"4.23090328","price":"0.02252000","timestamp":1648569234,"volume":"0.09527994","buyTxId":"MM-P-16055270-63043825-3-12-0","sellTxId":"ec50bebc4261ceb519198ad44ffdb03cf7f80f6a"}
{"index": {"_index":"pob","_id":"3083421"}}
	{"id":3083421,"type":"sell","buyer":"richardcrill","seller":"xplosive","symbol":"POB","quantity":"0.69720354","price":"0.02252000","timestamp":1648569846,"volume":"0.01570102","buyTxId":"MM-P-16055270-63043825-3-12-0","sellTxId":"83b7f00804dfd032e0c9b964e10d33024d6c8b21"}
{"index": {"_index":"pob","_id":"3083687"}}
	{"id":3083687,"type":"sell","buyer":"richardcrill","seller":"eythorphoto","symbol":"POB","quantity":"0.38422067","price":"0.02252000","timestamp":1648572054,"volume":"0.00865265","buyTxId":"MM-P-16055270-63043825-3-12-0","sellTxId":"26714fa8a86c8f332532a4954e0bd66326690c80"}
{"index": {"_index":"pob","_id":"3083705"}}
	{"id":3083705,"type":"sell","buyer":"richardcrill","seller":"dubble","symbol":"POB","quantity":"4.31573782","price":"0.02252000","timestamp":1648572156,"volume":"0.09719042","buyTxId":"MM-P-16055270-63043825-3-12-0","sellTxId":"c0d4096455f976dbe02e99cb3458ef2f8aea010d"}
{"index": {"_index":"pob","_id":"3083732"}}
	{"id":3083732,"type":"sell","buyer":"richardcrill","seller":"casper3000","symbol":"POB","quantity":"5.07358233","price":"0.02252000","timestamp":1648572327,"volume":"0.11425707","buyTxId":"MM-P-16055270-63043825-3-12-0","sellTxId":"b5562888d621faceab3e98c3ccee108cd508b1cb"}
{"index": {"_index":"pob","_id":"3083852"}}
	{"id":3083852,"type":"sell","buyer":"richardcrill","seller":"xabi","symbol":"POB","quantity":"4.28710014","price":"0.02252000","timestamp":1648573770,"volume":"0.09654550","buyTxId":"MM-P-16055270-63043825-3-12-0","sellTxId":"003f8725dd3a9fa4f8554be4e5021cb0e734f592"}
{"index": {"_index":"pob","_id":"3084009"}}
	{"id":3084009,"type":"sell","buyer":"yintercept","seller":"vagabondspirit","symbol":"POB","quantity":"0.50888607","price":"0.02340000","timestamp":1648574787,"volume":"0.01190793","buyTxId":"77bc21e03b6161db489ede43bafd1ef1b49469b7","sellTxId":"70b39dd40fa84b03e7d5b1e94357b1f16ecb8c47"}
{"index": {"_index":"pob","_id":"3084263"}}
	{"id":3084263,"type":"sell","buyer":"yintercept","seller":"dswap","symbol":"POB","quantity":"20.49111393","price":"0.02340000","timestamp":1648578009,"volume":"0.47949207","buyTxId":"77bc21e03b6161db489ede43bafd1ef1b49469b7","sellTxId":"6c954207dc329be4f5cb55a916a4b2fc779312e3"}
{"index": {"_index":"pob","_id":"3084264"}}
	{"id":3084264,"type":"sell","buyer":"richardcrill","seller":"dswap","symbol":"POB","quantity":"1.89888607","price":"0.02252000","timestamp":1648578009,"volume":"0.04276291","buyTxId":"MM-P-16055270-63043825-3-12-0","sellTxId":"6c954207dc329be4f5cb55a916a4b2fc779312e3"}
{"index": {"_index":"pob","_id":"3084285"}}
	{"id":3084285,"type":"sell","buyer":"richardcrill","seller":"alexvan","symbol":"POB","quantity":"26.75160922","price":"0.02252000","timestamp":1648578195,"volume":"0.60244624","buyTxId":"MM-P-16055270-63043825-3-12-0","sellTxId":"4351acadc9f8826d91ca81d86edba7a17eb29f18"}
{"index": {"_index":"pob","_id":"3084346"}}
	{"id":3084346,"type":"sell","buyer":"richardcrill","seller":"oks2crypto","symbol":"POB","quantity":"0.37619897","price":"0.02252000","timestamp":1648578960,"volume":"0.00847200","buyTxId":"MM-P-16055270-63043825-3-12-0","sellTxId":"dcd53ede407a83f3f3df813cbfe75404c4abd40e"}
{"index": {"_index":"pob","_id":"3084469"}}
	{"id":3084469,"type":"sell","buyer":"richardcrill","seller":"gubbatv","symbol":"POB","quantity":"2.04278818","price":"0.02252000","timestamp":1648580472,"volume":"0.04600359","buyTxId":"MM-P-16055270-63043825-3-12-0","sellTxId":"20e61fbe3924cdbed07f767234f294160f2c8f62"}
{"index": {"_index":"pob","_id":"3084860"}}
	{"id":3084860,"type":"sell","buyer":"richardcrill","seller":"brofi-market","symbol":"POB","quantity":"24.96370596","price":"0.02252000","timestamp":1648585068,"volume":"0.56218266","buyTxId":"MM-P-16055270-63043825-3-12-0","sellTxId":"7331867102e056eb6c11f5c149a11b692dba9001"}
{"index": {"_index":"pob","_id":"3084870"}}
	{"id":3084870,"type":"buy","buyer":"frawdielp","seller":"stayoutoftherz","symbol":"POB","quantity":"0.00000084","price":"0.02500000","timestamp":1648585140,"volume":"0.00000002","buyTxId":"48a9d3a7af2027a9c0445114c8eda5b06ad586d1","sellTxId":"08d123f3819114c12555832d7d23bf663972afdf"}
{"index": {"_index":"pob","_id":"3084871"}}
	{"id":3084871,"type":"buy","buyer":"frawdielp","seller":"brofi-market","symbol":"POB","quantity":"24.96370595","price":"0.02500000","timestamp":1648585140,"volume":"0.62409265","buyTxId":"48a9d3a7af2027a9c0445114c8eda5b06ad586d1","sellTxId":"bc34347bbee7029279491e18d7ceac31fb2106cd"}
{"index": {"_index":"pob","_id":"3084972"}}
	{"id":3084972,"type":"sell","buyer":"andy4475","seller":"gadrian","symbol":"POB","quantity":"6.95157196","price":"0.02300000","timestamp":1648586532,"volume":"0.15988616","buyTxId":"e579f6237cf46d8f9811b8988b326671fb73e306","sellTxId":"a0b3b2ce82dbb8f24edd9987b94d32312679bbf8"}
{"index": {"_index":"pob","_id":"3085283"}}
	{"id":3085283,"type":"sell","buyer":"richardcrill","seller":"ervin-lemark","symbol":"POB","quantity":"45.43078717","price":"0.02310000","timestamp":1648589889,"volume":"1.04945118","buyTxId":"MM-P-16067016-63055580-3-12-0","sellTxId":"526031c6c1d3d1ccefa34ff9a847e319c6c4dd3d"}
{"index": {"_index":"pob","_id":"3085317"}}
	{"id":3085317,"type":"sell","buyer":"richardcrill","seller":"behiverbee","symbol":"POB","quantity":"6.62628829","price":"0.02310000","timestamp":1648590225,"volume":"0.15306726","buyTxId":"MM-P-16067016-63055580-3-12-0","sellTxId":"22ef2796dd9a7e22c141c600b013ff6e1fb3fadd"}
{"index": {"_index":"pob","_id":"3085323"}}
	{"id":3085323,"type":"sell","buyer":"richardcrill","seller":"he-index","symbol":"POB","quantity":"0.05800000","price":"0.02310000","timestamp":1648590372,"volume":"0.00133980","buyTxId":"MM-P-16067016-63055580-3-12-0","sellTxId":"7988b9f07947c96e9336cb5181e6f6a4a7acfa42"}
{"index": {"_index":"pob","_id":"3085390"}}
	{"id":3085390,"type":"sell","buyer":"richardcrill","seller":"operahoser","symbol":"POB","quantity":"0.61318871","price":"0.02310000","timestamp":1648591251,"volume":"0.01416466","buyTxId":"MM-P-16067016-63055580-3-12-0","sellTxId":"165e940ae44f810964d4d3ff995bf5e7010062b2"}
{"index": {"_index":"pob","_id":"3085415"}}
	{"id":3085415,"type":"sell","buyer":"richardcrill","seller":"elricmoonslayer","symbol":"POB","quantity":"1.61904641","price":"0.02310000","timestamp":1648591434,"volume":"0.03739997","buyTxId":"MM-P-16067016-63055580-3-12-0","sellTxId":"afc72052dd2677061e11f113994847e2d51b07dd"}
{"index": {"_index":"pob","_id":"3085425"}}
	{"id":3085425,"type":"sell","buyer":"richardcrill","seller":"technocrypton","symbol":"POB","quantity":"9.62632791","price":"0.02310000","timestamp":1648591491,"volume":"0.22236817","buyTxId":"MM-P-16067016-63055580-3-12-0","sellTxId":"f7e2fa02b7616a6e6e7b800a3caf772fa3834b5b"}
{"index": {"_index":"pob","_id":"3085519"}}
	{"id":3085519,"type":"sell","buyer":"richardcrill","seller":"melbourneswest","symbol":"POB","quantity":"4.995","price":"0.02310000","timestamp":1648592457,"volume":"0.11538450","buyTxId":"MM-P-16067016-63055580-3-12-0","sellTxId":"a3c799816bc06c5d09fa87768e08380f63becc7e"}
{"index": {"_index":"pob","_id":"3085720"}}
	{"id":3085720,"type":"sell","buyer":"richardcrill","seller":"dswap","symbol":"POB","quantity":"3.48075831","price":"0.02310000","timestamp":1648594686,"volume":"0.08040552","buyTxId":"MM-P-16067016-63055580-3-12-0","sellTxId":"7346d45767e270d403ba09131fc6b6da9af0cdc3"}
{"index": {"_index":"pob","_id":"3086012"}}
	{"id":3086012,"type":"sell","buyer":"richardcrill","seller":"taskmaster4450le","symbol":"POB","quantity":"89.70803149","price":"0.02310000","timestamp":1648597221,"volume":"2.07225553","buyTxId":"MM-P-16067016-63055580-3-12-0","sellTxId":"055d0a18db40b523ab5eecd8bc08d91299dad287"}
{"index": {"_index":"pob","_id":"3086071"}}
	{"id":3086071,"type":"sell","buyer":"richardcrill","seller":"melbourneswest","symbol":"POB","quantity":"3.859","price":"0.02310000","timestamp":1648597965,"volume":"0.08914290","buyTxId":"MM-P-16067016-63055580-3-12-0","sellTxId":"6d58725af8cf966ce2fc48407c524070b23494ac"}
{"index": {"_index":"pob","_id":"3086275"}}
	{"id":3086275,"type":"sell","buyer":"yintercept","seller":"xabi","symbol":"POB","quantity":"2.92190687","price":"0.02320000","timestamp":1648600983,"volume":"0.06778824","buyTxId":"9361ed408d474cf326b03e0ee024c9c360a2c90f","sellTxId":"528ddbb30f88a021ffe80d9ee896758264522b54"}
{"index": {"_index":"pob","_id":"3086317"}}
	{"id":3086317,"type":"sell","buyer":"yintercept","seller":"dhedge-drips","symbol":"POB","quantity":"2.67468277","price":"0.02320000","timestamp":1648601274,"volume":"0.06205264","buyTxId":"9361ed408d474cf326b03e0ee024c9c360a2c90f","sellTxId":"ed36b6f0b4201403b3ec24b60a1a2b6f26c666fb"}
{"index": {"_index":"pob","_id":"3086722"}}
	{"id":3086722,"type":"sell","buyer":"pob.curator","seller":"greenhouseradio","symbol":"POB","quantity":"1.81769409","price":"0.02321000","timestamp":1648607481,"volume":"0.04218868","buyTxId":"4f5062599d442d237312d6f02cf85124b6eac62a","sellTxId":"7e81c68c4a08b3b7b5b0a08d2ebd77a446613f92"}
{"index": {"_index":"pob","_id":"3086723"}}
	{"id":3086723,"type":"sell","buyer":"sunset.curator","seller":"greenhouseradio","symbol":"POB","quantity":"1.20812753","price":"0.02321000","timestamp":1648607481,"volume":"0.02804064","buyTxId":"aa13313005ed86745dac8adbe2792e02cf20d524","sellTxId":"7e81c68c4a08b3b7b5b0a08d2ebd77a446613f92"}
{"index": {"_index":"pob","_id":"3086725"}}
	{"id":3086725,"type":"buy","buyer":"ironshield","seller":"greenhouseradio","symbol":"POB","quantity":"4.97417838","price":"0.02321000","timestamp":1648607553,"volume":"0.11545068","buyTxId":"022ec469dad806b3da90aa22a70b84e9199781ad","sellTxId":"7e81c68c4a08b3b7b5b0a08d2ebd77a446613f92"}
{"index": {"_index":"pob","_id":"3086726"}}
	{"id":3086726,"type":"buy","buyer":"ironshield","seller":"richardcrill","symbol":"POB","quantity":"0.02582162","price":"0.02978000","timestamp":1648607553,"volume":"0.00076897","buyTxId":"022ec469dad806b3da90aa22a70b84e9199781ad","sellTxId":"MM-P-16072195-63060762-3-12-0"}
{"index": {"_index":"pob","_id":"3086773"}}
	{"id":3086773,"type":"sell","buyer":"yintercept","seller":"votebetting","symbol":"POB","quantity":"0.41150192","price":"0.02320000","timestamp":1648608339,"volume":"0.00954684","buyTxId":"9361ed408d474cf326b03e0ee024c9c360a2c90f","sellTxId":"efe60852a4c5540ad3a6613d285828efaf5ebf62"}
