{"index": {"_index":"pob","_id":"2800183"}}
	{"id":2800183,"type":"sell","buyer":"opidia","seller":"denmarkguy","symbol":"POB","quantity":"0.57454100","price":"0.03330000","timestamp":1645148127,"volume":"0.01913222","buyTxId":"be440c1b819f3331f8e996cec82c7a93847ef07f","sellTxId":"76f8f2eafe1cbe8fe9ac3a849517d08af7a4d43e"}
{"index": {"_index":"pob","_id":"2800265"}}
	{"id":2800265,"type":"sell","buyer":"opidia","seller":"tejimundo","symbol":"POB","quantity":"2.29804408","price":"0.03330000","timestamp":1645149309,"volume":"0.07652487","buyTxId":"be440c1b819f3331f8e996cec82c7a93847ef07f","sellTxId":"921939d485cded23d4f4ad763284659c9166f590"}
{"index": {"_index":"pob","_id":"2800351"}}
	{"id":2800351,"type":"sell","buyer":"opidia","seller":"pleo1542","symbol":"POB","quantity":"41.56260311","price":"0.03330000","timestamp":1645150905,"volume":"1.38403468","buyTxId":"be440c1b819f3331f8e996cec82c7a93847ef07f","sellTxId":"9fced8b45a6048113ac88586a2a214c809cc8906"}
{"index": {"_index":"pob","_id":"2800429"}}
	{"id":2800429,"type":"sell","buyer":"opidia","seller":"skylinebuds","symbol":"POB","quantity":"247.00000000","price":"0.03330000","timestamp":1645152075,"volume":"8.22510000","buyTxId":"be440c1b819f3331f8e996cec82c7a93847ef07f","sellTxId":"962d4e1ce4768e47080e6ce24d8588937400f1de"}
{"index": {"_index":"pob","_id":"2800473"}}
	{"id":2800473,"type":"sell","buyer":"opidia","seller":"curatorcat.leo","symbol":"POB","quantity":"5.54783942","price":"0.03330000","timestamp":1645152669,"volume":"0.18474305","buyTxId":"be440c1b819f3331f8e996cec82c7a93847ef07f","sellTxId":"a0afdf49ef2d7aa4c28379a167dbfc186f87ecc1"}
{"index": {"_index":"pob","_id":"2800710"}}
	{"id":2800710,"type":"sell","buyer":"opidia","seller":"zainalbakri","symbol":"POB","quantity":"4.13401270","price":"0.03330000","timestamp":1645156479,"volume":"0.13766262","buyTxId":"be440c1b819f3331f8e996cec82c7a93847ef07f","sellTxId":"144ec47425ce11021ead2a7e6f82bc0c415b5ec2"}
{"index": {"_index":"pob","_id":"2801160"}}
	{"id":2801160,"type":"sell","buyer":"opidia","seller":"readthisplease","symbol":"POB","quantity":"85.00000000","price":"0.03330000","timestamp":1645163742,"volume":"2.83050000","buyTxId":"be440c1b819f3331f8e996cec82c7a93847ef07f","sellTxId":"745e725c4e031214aa4aee532035bd106d244318"}
{"index": {"_index":"pob","_id":"2801285"}}
	{"id":2801285,"type":"sell","buyer":"yintercept","seller":"dswap","symbol":"POB","quantity":"0.95961716","price":"0.03333000","timestamp":1645165377,"volume":"0.03198404","buyTxId":"6cb1e3550c6a39f36e2f73debfb7b18bdc4bd872","sellTxId":"b989a31e895304a525466592294a419f41cd1836"}
{"index": {"_index":"pob","_id":"2801312"}}
	{"id":2801312,"type":"sell","buyer":"yintercept","seller":"ugochill","symbol":"POB","quantity":"0.05900000","price":"0.03333000","timestamp":1645165674,"volume":"0.00196647","buyTxId":"6cb1e3550c6a39f36e2f73debfb7b18bdc4bd872","sellTxId":"272ae2ebcea561f37cb2c40ac9ab5f3752646d13"}
{"index": {"_index":"pob","_id":"2801469"}}
	{"id":2801469,"type":"sell","buyer":"yintercept","seller":"vallone","symbol":"POB","quantity":"6.75215087","price":"0.03333000","timestamp":1645168809,"volume":"0.22504919","buyTxId":"6cb1e3550c6a39f36e2f73debfb7b18bdc4bd872","sellTxId":"a35850a98b17bfd3d37ee39cbcffe46350be6dea"}
{"index": {"_index":"pob","_id":"2801550"}}
	{"id":2801550,"type":"sell","buyer":"yintercept","seller":"globetrottergcc","symbol":"POB","quantity":"1.72923197","price":"0.03333000","timestamp":1645169910,"volume":"0.05763530","buyTxId":"6cb1e3550c6a39f36e2f73debfb7b18bdc4bd872","sellTxId":"4e70a90f1dec354042c2227c8aa4f180dda9df11"}
{"index": {"_index":"pob","_id":"2801642"}}
	{"id":2801642,"type":"buy","buyer":"master-lamps","seller":"globetrottergcc","symbol":"POB","quantity":"1.16517500","price":"0.03333000","timestamp":1645170921,"volume":"0.03883528","buyTxId":"86edc054dfa88f92d6a30cbbcac0d4a7d0ff2115","sellTxId":"4e70a90f1dec354042c2227c8aa4f180dda9df11"}
{"index": {"_index":"pob","_id":"2801658"}}
	{"id":2801658,"type":"sell","buyer":"opidia","seller":"finguru","symbol":"POB","quantity":"18.51780587","price":"0.03330000","timestamp":1645171131,"volume":"0.61664294","buyTxId":"be440c1b819f3331f8e996cec82c7a93847ef07f","sellTxId":"a5686adf718b4f66b229867d9c7afbc0d21af4da"}
{"index": {"_index":"pob","_id":"2801681"}}
	{"id":2801681,"type":"sell","buyer":"opidia","seller":"akertxu","symbol":"POB","quantity":"0.57784714","price":"0.03330000","timestamp":1645171320,"volume":"0.01924231","buyTxId":"be440c1b819f3331f8e996cec82c7a93847ef07f","sellTxId":"54ed3b21e2a9e4e5dfec34c15bef1181cb93df27"}
{"index": {"_index":"pob","_id":"2801749"}}
	{"id":2801749,"type":"buy","buyer":"pro100cryptoss","seller":"globetrottergcc","symbol":"POB","quantity":"0.00000049","price":"0.03333000","timestamp":1645172469,"volume":"0.00000002","buyTxId":"9596634ff6d0633c94fca7dfb90bd4bacd1f0534","sellTxId":"4e70a90f1dec354042c2227c8aa4f180dda9df11"}
{"index": {"_index":"pob","_id":"2801791"}}
	{"id":2801791,"type":"sell","buyer":"pro100cryptoss","seller":"gillianpearce","symbol":"POB","quantity":"50.00000000","price":"0.03333000","timestamp":1645173240,"volume":"1.66650000","buyTxId":"9596634ff6d0633c94fca7dfb90bd4bacd1f0534","sellTxId":"0988a8bac485cbd0218298e34a9c37294be98cdc"}
{"index": {"_index":"pob","_id":"2801862"}}
	{"id":2801862,"type":"buy","buyer":"offgridlife","seller":"master-lamps","symbol":"POB","quantity":"1.00000000","price":"0.04269599","timestamp":1645173597,"volume":"0.04269599","buyTxId":"ca7a0a4e93c2591ab60346d86d02b8fbbabcf1c7","sellTxId":"ba6cc223ab449e9b2accd36b4818927277ffb4b3"}
{"index": {"_index":"pob","_id":"2801863"}}
	{"id":2801863,"type":"buy","buyer":"offgridlife","seller":"master-lamps","symbol":"POB","quantity":"0.36860362","price":"0.04269599","timestamp":1645173600,"volume":"0.01573790","buyTxId":"70b754855d240ea7ea0dfaa4317a4360e811d6e5","sellTxId":"ba6cc223ab449e9b2accd36b4818927277ffb4b3"}
{"index": {"_index":"pob","_id":"2801864"}}
	{"id":2801864,"type":"buy","buyer":"offgridlife","seller":"richardcrill","symbol":"POB","quantity":"0.63139638","price":"0.04269600","timestamp":1645173600,"volume":"0.02695810","buyTxId":"70b754855d240ea7ea0dfaa4317a4360e811d6e5","sellTxId":"MM-P-14925403-61912866-3-11-0"}
{"index": {"_index":"pob","_id":"2801865"}}
	{"id":2801865,"type":"buy","buyer":"offgridlife","seller":"richardcrill","symbol":"POB","quantity":"1.00000000","price":"0.04269600","timestamp":1645173603,"volume":"0.04269600","buyTxId":"31044d24a8aa4839a288e9490ae536daf5770335","sellTxId":"MM-P-14925403-61912866-3-11-0"}
{"index": {"_index":"pob","_id":"2801866"}}
	{"id":2801866,"type":"buy","buyer":"offgridlife","seller":"richardcrill","symbol":"POB","quantity":"1.00000000","price":"0.04269600","timestamp":1645173606,"volume":"0.04269600","buyTxId":"f319ff5cd5918ea285a1b3e3748d65c931d146a2","sellTxId":"MM-P-14925403-61912866-3-11-0"}
{"index": {"_index":"pob","_id":"2801867"}}
	{"id":2801867,"type":"buy","buyer":"offgridlife","seller":"richardcrill","symbol":"POB","quantity":"1.00000000","price":"0.04269600","timestamp":1645173609,"volume":"0.04269600","buyTxId":"08705a19114fddb0ca81ea7b3933b41e943ef971","sellTxId":"MM-P-14925403-61912866-3-11-0"}
{"index": {"_index":"pob","_id":"2801868"}}
	{"id":2801868,"type":"buy","buyer":"offgridlife","seller":"richardcrill","symbol":"POB","quantity":"1.00000000","price":"0.04269600","timestamp":1645173615,"volume":"0.04269600","buyTxId":"3b6b2775566f698ebd4781bba21c15e740171cc0","sellTxId":"MM-P-14925403-61912866-3-11-0"}
{"index": {"_index":"pob","_id":"2801869"}}
	{"id":2801869,"type":"sell","buyer":"pro100cryptoss","seller":"oks2crypto","symbol":"POB","quantity":"0.11285619","price":"0.03333000","timestamp":1645173618,"volume":"0.00376150","buyTxId":"9596634ff6d0633c94fca7dfb90bd4bacd1f0534","sellTxId":"6595078ecd4a5a860ec6920bf29c8ee37b1444cb"}
{"index": {"_index":"pob","_id":"2801870"}}
	{"id":2801870,"type":"buy","buyer":"offgridlife","seller":"richardcrill","symbol":"POB","quantity":"1.00000000","price":"0.04269600","timestamp":1645173618,"volume":"0.04269600","buyTxId":"4de6b234f25562d1815f0736a5b2f1b5f2ea5e37","sellTxId":"MM-P-14925403-61912866-3-11-0"}
{"index": {"_index":"pob","_id":"2801871"}}
	{"id":2801871,"type":"buy","buyer":"offgridlife","seller":"richardcrill","symbol":"POB","quantity":"1.00000000","price":"0.04269600","timestamp":1645173621,"volume":"0.04269600","buyTxId":"aab529c947a66192103bf6ddcf13c418946b7368","sellTxId":"MM-P-14925403-61912866-3-11-0"}
{"index": {"_index":"pob","_id":"2801872"}}
	{"id":2801872,"type":"buy","buyer":"offgridlife","seller":"richardcrill","symbol":"POB","quantity":"1.00000000","price":"0.04269600","timestamp":1645173624,"volume":"0.04269600","buyTxId":"efeb3019c50d3f755380fa369d6ce8b760b14919","sellTxId":"MM-P-14925403-61912866-3-11-0"}
{"index": {"_index":"pob","_id":"2801873"}}
	{"id":2801873,"type":"buy","buyer":"offgridlife","seller":"richardcrill","symbol":"POB","quantity":"1.00000000","price":"0.04269600","timestamp":1645173627,"volume":"0.04269600","buyTxId":"58f2f7d9e481969da1368b8b968515c204ceb7e1","sellTxId":"MM-P-14925403-61912866-3-11-0"}
{"index": {"_index":"pob","_id":"2801874"}}
	{"id":2801874,"type":"buy","buyer":"offgridlife","seller":"richardcrill","symbol":"POB","quantity":"1.00000000","price":"0.04269600","timestamp":1645173633,"volume":"0.04269600","buyTxId":"1b70d8e688e5327a17c43562630f4d07d8a44bb7","sellTxId":"MM-P-14925403-61912866-3-11-0"}
{"index": {"_index":"pob","_id":"2801875"}}
	{"id":2801875,"type":"buy","buyer":"offgridlife","seller":"richardcrill","symbol":"POB","quantity":"1.00000000","price":"0.04269600","timestamp":1645173636,"volume":"0.04269600","buyTxId":"42a3fbd9d1d1888b273b6ac6f23c1972cbdbd981","sellTxId":"MM-P-14925403-61912866-3-11-0"}
{"index": {"_index":"pob","_id":"2801876"}}
	{"id":2801876,"type":"sell","buyer":"pro100cryptoss","seller":"fnvdesigns","symbol":"POB","quantity":"0.01184676","price":"0.03333000","timestamp":1645173663,"volume":"0.00039485","buyTxId":"9596634ff6d0633c94fca7dfb90bd4bacd1f0534","sellTxId":"ad62bb459f9901499e1b6d0e97387ed6e5186bba"}
{"index": {"_index":"pob","_id":"2801940"}}
	{"id":2801940,"type":"buy","buyer":"offgridlife","seller":"richardcrill","symbol":"POB","quantity":"1.00000000","price":"0.04269600","timestamp":1645173876,"volume":"0.04269600","buyTxId":"c66c149b56cc4ae204d67d8c55c44b7fce7cd410","sellTxId":"MM-P-14925403-61912866-3-11-0"}
{"index": {"_index":"pob","_id":"2801941"}}
	{"id":2801941,"type":"buy","buyer":"offgridlife","seller":"richardcrill","symbol":"POB","quantity":"1.00000000","price":"0.04269600","timestamp":1645173879,"volume":"0.04269600","buyTxId":"8d6329e486e2ab426d7bd8ff07f3dae268c3876d","sellTxId":"MM-P-14925403-61912866-3-11-0"}
{"index": {"_index":"pob","_id":"2801942"}}
	{"id":2801942,"type":"buy","buyer":"offgridlife","seller":"richardcrill","symbol":"POB","quantity":"1.00000000","price":"0.04269600","timestamp":1645173885,"volume":"0.04269600","buyTxId":"f9012c0e1b6337d410751b6febfd7458973ade43","sellTxId":"MM-P-14925403-61912866-3-11-0"}
{"index": {"_index":"pob","_id":"2801943"}}
	{"id":2801943,"type":"buy","buyer":"offgridlife","seller":"richardcrill","symbol":"POB","quantity":"1.00000000","price":"0.04269600","timestamp":1645173888,"volume":"0.04269600","buyTxId":"7bd9dfb558677158292ae99571d1baf7ad9ae95b","sellTxId":"MM-P-14925403-61912866-3-11-0"}
{"index": {"_index":"pob","_id":"2801944"}}
	{"id":2801944,"type":"buy","buyer":"offgridlife","seller":"richardcrill","symbol":"POB","quantity":"1.00000000","price":"0.04269600","timestamp":1645173891,"volume":"0.04269600","buyTxId":"91da46b63e213b11bc8372ee8dbbc3607fefde23","sellTxId":"MM-P-14925403-61912866-3-11-0"}
{"index": {"_index":"pob","_id":"2801945"}}
	{"id":2801945,"type":"buy","buyer":"offgridlife","seller":"richardcrill","symbol":"POB","quantity":"1.00000000","price":"0.04269600","timestamp":1645173894,"volume":"0.04269600","buyTxId":"cbf622679159c56dc0b720f925bcc2be36ee24a7","sellTxId":"MM-P-14925403-61912866-3-11-0"}
{"index": {"_index":"pob","_id":"2802077"}}
	{"id":2802077,"type":"sell","buyer":"pro100cryptoss","seller":"salvadornkpara","symbol":"POB","quantity":"79.54563621","price":"0.03470000","timestamp":1645175517,"volume":"2.76023358","buyTxId":"27a0099cc646a48afb19da00578a9002e66441a9","sellTxId":"0819bb2d2a34598de4b02159e09b6b64f8b5412f"}
{"index": {"_index":"pob","_id":"2802144"}}
	{"id":2802144,"type":"sell","buyer":"mamolya","seller":"dswap","symbol":"POB","quantity":"0.23668023","price":"0.03732000","timestamp":1645176849,"volume":"0.00883291","buyTxId":"9440f5fac4c4183fb4bb28a99bc2dd5844a5af15","sellTxId":"10763f00a9267da0b295d47d12794ad2a24fd44d"}
{"index": {"_index":"pob","_id":"2802155"}}
	{"id":2802155,"type":"sell","buyer":"mamolya","seller":"abimbola753","symbol":"POB","quantity":"5.73176954","price":"0.03732000","timestamp":1645177086,"volume":"0.21390964","buyTxId":"9440f5fac4c4183fb4bb28a99bc2dd5844a5af15","sellTxId":"28ca681471f19002ba421abd412768c9d1a188f0"}
{"index": {"_index":"pob","_id":"2802260"}}
	{"id":2802260,"type":"sell","buyer":"mamolya","seller":"gillianpearce","symbol":"POB","quantity":"50.00000000","price":"0.03732000","timestamp":1645178961,"volume":"1.86600000","buyTxId":"9440f5fac4c4183fb4bb28a99bc2dd5844a5af15","sellTxId":"af01394f485fdb7fc46c4c2872e3d50bae77cd32"}
{"index": {"_index":"pob","_id":"2802276"}}
	{"id":2802276,"type":"sell","buyer":"mamolya","seller":"dswap","symbol":"POB","quantity":"0.03593002","price":"0.03732000","timestamp":1645179414,"volume":"0.00134091","buyTxId":"9440f5fac4c4183fb4bb28a99bc2dd5844a5af15","sellTxId":"3c78b7e7ec9779c4f19157b2d9378fa32352532c"}
{"index": {"_index":"pob","_id":"2802383"}}
	{"id":2802383,"type":"sell","buyer":"mamolya","seller":"dswap","symbol":"POB","quantity":"0.03522112","price":"0.03732000","timestamp":1645180548,"volume":"0.00131445","buyTxId":"9440f5fac4c4183fb4bb28a99bc2dd5844a5af15","sellTxId":"2db3643ca33577b688b19a52d7d10744486ee229"}
{"index": {"_index":"pob","_id":"2802384"}}
	{"id":2802384,"type":"sell","buyer":"mamolya","seller":"chekohler","symbol":"POB","quantity":"3.96039909","price":"0.03732000","timestamp":1645180554,"volume":"0.14780209","buyTxId":"9440f5fac4c4183fb4bb28a99bc2dd5844a5af15","sellTxId":"3a55ae6b677cd8e2fa0186de8383147e595e5eca"}
{"index": {"_index":"pob","_id":"2802385"}}
	{"id":2802385,"type":"sell","buyer":"master-lamps","seller":"chekohler","symbol":"POB","quantity":"1.22971660","price":"0.03333001","timestamp":1645180554,"volume":"0.04098647","buyTxId":"fc6aa2c795bea688aaf3f51f47c2264fca0e66f8","sellTxId":"3a55ae6b677cd8e2fa0186de8383147e595e5eca"}
{"index": {"_index":"pob","_id":"2802424"}}
	{"id":2802424,"type":"sell","buyer":"master-lamps","seller":"clixmoney","symbol":"POB","quantity":"0.52347479","price":"0.03333001","timestamp":1645181022,"volume":"0.01744742","buyTxId":"fc6aa2c795bea688aaf3f51f47c2264fca0e66f8","sellTxId":"5b6ee28285fba3a6dc5e884a4126f02070d601d7"}
{"index": {"_index":"pob","_id":"2802428"}}
	{"id":2802428,"type":"sell","buyer":"opidia","seller":"clixmoney","symbol":"POB","quantity":"1.56446778","price":"0.03330000","timestamp":1645181064,"volume":"0.05209678","buyTxId":"be440c1b819f3331f8e996cec82c7a93847ef07f","sellTxId":"90c8194a13187dcb4edf4933d8ddd353faf723af"}
{"index": {"_index":"pob","_id":"2802525"}}
	{"id":2802525,"type":"sell","buyer":"opidia","seller":"shebe","symbol":"POB","quantity":"3.89716476","price":"0.03330000","timestamp":1645182684,"volume":"0.12977559","buyTxId":"be440c1b819f3331f8e996cec82c7a93847ef07f","sellTxId":"37c02c45e8e9c6f80f81a0ec49dc382dc61d183f"}
{"index": {"_index":"pob","_id":"2802757"}}
	{"id":2802757,"type":"sell","buyer":"opidia","seller":"luueetang","symbol":"POB","quantity":"6.07887791","price":"0.03330000","timestamp":1645186257,"volume":"0.20242663","buyTxId":"be440c1b819f3331f8e996cec82c7a93847ef07f","sellTxId":"e29d18663450878883268267e90a16e9c2c16285"}
{"index": {"_index":"pob","_id":"2802874"}}
	{"id":2802874,"type":"sell","buyer":"opidia","seller":"brofi-market","symbol":"POB","quantity":"10.20752886","price":"0.03330000","timestamp":1645186689,"volume":"0.33991071","buyTxId":"be440c1b819f3331f8e996cec82c7a93847ef07f","sellTxId":"1fb7e0bfa7567bab76a31c300b21f6fc0ddd933e"}
{"index": {"_index":"pob","_id":"2802897"}}
	{"id":2802897,"type":"sell","buyer":"opidia","seller":"alfarero","symbol":"POB","quantity":"0.01598456","price":"0.03330000","timestamp":1645186812,"volume":"0.00053229","buyTxId":"be440c1b819f3331f8e996cec82c7a93847ef07f","sellTxId":"4c0429a18f36a1f8808823f81b893d3ff4d603a5"}
{"index": {"_index":"pob","_id":"2802948"}}
	{"id":2802948,"type":"sell","buyer":"opidia","seller":"dswap","symbol":"POB","quantity":"2.79575159","price":"0.03330000","timestamp":1645187289,"volume":"0.09309853","buyTxId":"be440c1b819f3331f8e996cec82c7a93847ef07f","sellTxId":"a1133fdb3a9ff781433d82e5f1b7247256b2f892"}
{"index": {"_index":"pob","_id":"2802961"}}
	{"id":2802961,"type":"sell","buyer":"opidia","seller":"florenceboens","symbol":"POB","quantity":"0.04654450","price":"0.03330000","timestamp":1645187400,"volume":"0.00154993","buyTxId":"be440c1b819f3331f8e996cec82c7a93847ef07f","sellTxId":"ca4e8991eca330221c52e5e9a89e5a785aece079"}
{"index": {"_index":"pob","_id":"2802967"}}
	{"id":2802967,"type":"buy","buyer":"chesatochi","seller":"onlydoge","symbol":"POB","quantity":"0.02315039","price":"0.04185000","timestamp":1645187427,"volume":"0.00096884","buyTxId":"bce8d9ca3550e396dcd1b08f0e15896ae0029835","sellTxId":"257eece3efb7edded374f00db5eac299ea51d456"}
{"index": {"_index":"pob","_id":"2802968"}}
	{"id":2802968,"type":"buy","buyer":"chesatochi","seller":"master-lamps","symbol":"POB","quantity":"0.16684961","price":"0.04185000","timestamp":1645187427,"volume":"0.00698266","buyTxId":"bce8d9ca3550e396dcd1b08f0e15896ae0029835","sellTxId":"35ab15d3f47e8a3f8541e9ea4403e598753e608c"}
{"index": {"_index":"pob","_id":"2803043"}}
	{"id":2803043,"type":"sell","buyer":"opidia","seller":"dhedge-drips","symbol":"POB","quantity":"1.09366381","price":"0.03330000","timestamp":1645188387,"volume":"0.03641900","buyTxId":"be440c1b819f3331f8e996cec82c7a93847ef07f","sellTxId":"60fc8c7afd74d7d38127c1fa5836d1fd45a3439b"}
{"index": {"_index":"pob","_id":"2803764"}}
	{"id":2803764,"type":"sell","buyer":"opidia","seller":"cursephantom","symbol":"POB","quantity":"1.00000000","price":"0.03330000","timestamp":1645191243,"volume":"0.03330000","buyTxId":"be440c1b819f3331f8e996cec82c7a93847ef07f","sellTxId":"f324e5bd9963a557d3ab60a06d7d00f149f6d621"}
{"index": {"_index":"pob","_id":"2804076"}}
	{"id":2804076,"type":"sell","buyer":"richardcrill","seller":"jorgebgt","symbol":"POB","quantity":"56.37669232","price":"0.03330000","timestamp":1645193379,"volume":"1.87734385","buyTxId":"MM-P-14940338-61927818-3-11-0","sellTxId":"628e07164d5a403588b9e08a08639bb6d07360b8"}
{"index": {"_index":"pob","_id":"2804286"}}
	{"id":2804286,"type":"sell","buyer":"richardcrill","seller":"xabi","symbol":"POB","quantity":"6.85296970","price":"0.03330000","timestamp":1645195893,"volume":"0.22820389","buyTxId":"MM-P-14940338-61927818-3-11-0","sellTxId":"8ee324384b654a03c0f646d00b8061ae5af8ee2a"}
{"index": {"_index":"pob","_id":"2804385"}}
	{"id":2804385,"type":"sell","buyer":"richardcrill","seller":"cdwc","symbol":"POB","quantity":"0.80641084","price":"0.03330000","timestamp":1645196895,"volume":"0.02685348","buyTxId":"MM-P-14940338-61927818-3-11-0","sellTxId":"5b929c9424c336329bd0353dc8106b34c07503fe"}
{"index": {"_index":"pob","_id":"2804537"}}
	{"id":2804537,"type":"sell","buyer":"onlydoge","seller":"phortun","symbol":"POB","quantity":"0.00000880","price":"0.03330010","timestamp":1645198794,"volume":"0.00000029","buyTxId":"208d712963afb1aacb3c3a012103761319217285","sellTxId":"1cb741f600997898cc8e5f1815f313ec863bd278"}
{"index": {"_index":"pob","_id":"2804565"}}
	{"id":2804565,"type":"buy","buyer":"pjansen","seller":"phortun","symbol":"POB","quantity":"1.13905900","price":"0.03330010","timestamp":1645199208,"volume":"0.03793078","buyTxId":"bde6437936fb172c5548b14ba537b020d1b03fb7","sellTxId":"1cb741f600997898cc8e5f1815f313ec863bd278"}
{"index": {"_index":"pob","_id":"2804633"}}
	{"id":2804633,"type":"sell","buyer":"richardcrill","seller":"mehmetfix","symbol":"POB","quantity":"23.00000000","price":"0.03330000","timestamp":1645200288,"volume":"0.76590000","buyTxId":"MM-P-14940338-61927818-3-11-0","sellTxId":"9ecd238ea93a93891fd3e4d162c0696bab70a4a0"}
{"index": {"_index":"pob","_id":"2804671"}}
	{"id":2804671,"type":"buy","buyer":"opidia","seller":"phortun","symbol":"POB","quantity":"0.00000020","price":"0.03330010","timestamp":1645200672,"volume":"0.00000001","buyTxId":"a55e7ab6db5983dc340d909b0425cae5ed527eac","sellTxId":"1cb741f600997898cc8e5f1815f313ec863bd278"}
{"index": {"_index":"pob","_id":"2804702"}}
	{"id":2804702,"type":"sell","buyer":"opidia","seller":"insight.pob","symbol":"POB","quantity":"28.45500000","price":"0.03333000","timestamp":1645201089,"volume":"0.94840515","buyTxId":"262994eab08bd4b6779f8400937230ab59a89da4","sellTxId":"a506e98d58192cf793dba3c925d61ae5d5e409a4"}
{"index": {"_index":"pob","_id":"2804919"}}
	{"id":2804919,"type":"sell","buyer":"richardcrill","seller":"flipflopcrypto","symbol":"POB","quantity":"0.00198359","price":"0.03343000","timestamp":1645203534,"volume":"0.00006631","buyTxId":"MM-P-14943131-61930614-3-11-0","sellTxId":"c1ede6d0a59f886c9f97d61438ef8975bc218c32"}
{"index": {"_index":"pob","_id":"2804966"}}
	{"id":2804966,"type":"sell","buyer":"richardcrill","seller":"slobberchops","symbol":"POB","quantity":"20.59447947","price":"0.03343000","timestamp":1645203789,"volume":"0.68847345","buyTxId":"MM-P-14943131-61930614-3-11-0","sellTxId":"75c2e944aee9850ebda785a37deb813bddf7ad4b"}
{"index": {"_index":"pob","_id":"2805021"}}
	{"id":2805021,"type":"sell","buyer":"richardcrill","seller":"firstborn.pob","symbol":"POB","quantity":"5.44675184","price":"0.03343000","timestamp":1645204005,"volume":"0.18208491","buyTxId":"MM-P-14943131-61930614-3-11-0","sellTxId":"536486152e4930ad234b5953daf268d9678a3206"}
{"index": {"_index":"pob","_id":"2805025"}}
	{"id":2805025,"type":"buy","buyer":"hbelakon1975","seller":"kojiri","symbol":"POB","quantity":"0.37546750","price":"0.04000000","timestamp":1645204035,"volume":"0.0150187","buyTxId":"22595ecb9deaa578d14cfd84df8946479520da88","sellTxId":"fa232c45cc9bfe6b1811f75ec26567382673a2a7"}
{"index": {"_index":"pob","_id":"2805046"}}
	{"id":2805046,"type":"sell","buyer":"richardcrill","seller":"dswap","symbol":"POB","quantity":"0.28862900","price":"0.03343000","timestamp":1645204140,"volume":"0.00964887","buyTxId":"MM-P-14943131-61930614-3-11-0","sellTxId":"fb869ca46bbd5a374c0245f24c1b319cddc352e7"}
{"index": {"_index":"pob","_id":"2805273"}}
	{"id":2805273,"type":"sell","buyer":"richardcrill","seller":"josediccus","symbol":"POB","quantity":"17.44800351","price":"0.03343000","timestamp":1645206129,"volume":"0.58328676","buyTxId":"MM-P-14943131-61930614-3-11-0","sellTxId":"bc109f9739e8c07fc57e4f2ec31a1ba8e076cd8c"}
{"index": {"_index":"pob","_id":"2805622"}}
	{"id":2805622,"type":"sell","buyer":"richardcrill","seller":"ugochill","symbol":"POB","quantity":"0.01000000","price":"0.03343000","timestamp":1645210644,"volume":"0.00033430","buyTxId":"MM-P-14943131-61930614-3-11-0","sellTxId":"71ec77c6edf5014dd8edb4ef5b08cffaefe80e8b"}
{"index": {"_index":"pob","_id":"2805771"}}
	{"id":2805771,"type":"sell","buyer":"richardcrill","seller":"curatorcat.pal","symbol":"POB","quantity":"0.50472891","price":"0.03343000","timestamp":1645213137,"volume":"0.01687309","buyTxId":"MM-P-14943131-61930614-3-11-0","sellTxId":"e2245e8e0c3349edc4f080ca6a324d9261fa4b9c"}
{"index": {"_index":"pob","_id":"2805810"}}
	{"id":2805810,"type":"sell","buyer":"richardcrill","seller":"curatorcat.leo","symbol":"POB","quantity":"6.06721673","price":"0.03343000","timestamp":1645213596,"volume":"0.20282706","buyTxId":"MM-P-14943131-61930614-3-11-0","sellTxId":"edc62d16ebe9be6588dc3b69e210c8a51db9c064"}
{"index": {"_index":"pob","_id":"2805940"}}
	{"id":2805940,"type":"buy","buyer":"pjansen","seller":"sbi-tokens","symbol":"POB","quantity":"26.00000000","price":"0.03900000","timestamp":1645215222,"volume":"1.01400000","buyTxId":"9140c50a3cb39ad100601be5c5c5acf6cc5da5cf","sellTxId":"93ea66ca46a82f662aeda7bb8dc611c958211133"}
{"index": {"_index":"pob","_id":"2805953"}}
	{"id":2805953,"type":"buy","buyer":"pjansen","seller":"onlydoge","symbol":"POB","quantity":"0.00000880","price":"0.03832510","timestamp":1645215330,"volume":"0.00000034","buyTxId":"73140d0d5cc5786e969525672d5f15cae6bc8301","sellTxId":"d1a1935f4c3138a8263b1ba7f17f73c2b9e3e45c"}
{"index": {"_index":"pob","_id":"2805954"}}
	{"id":2805954,"type":"buy","buyer":"pjansen","seller":"sbi-tokens","symbol":"POB","quantity":"25.99999120","price":"0.03900000","timestamp":1645215330,"volume":"1.01399966","buyTxId":"73140d0d5cc5786e969525672d5f15cae6bc8301","sellTxId":"93ea66ca46a82f662aeda7bb8dc611c958211133"}
{"index": {"_index":"pob","_id":"2805958"}}
	{"id":2805958,"type":"buy","buyer":"pjansen","seller":"sbi-tokens","symbol":"POB","quantity":"26.00000000","price":"0.03900000","timestamp":1645215393,"volume":"1.01400000","buyTxId":"1134721b8a15aab3d830e5fbb7b40d0a4f7aa0dc","sellTxId":"93ea66ca46a82f662aeda7bb8dc611c958211133"}
{"index": {"_index":"pob","_id":"2805964"}}
	{"id":2805964,"type":"buy","buyer":"pjansen","seller":"sbi-tokens","symbol":"POB","quantity":"26.00000000","price":"0.03900000","timestamp":1645215465,"volume":"1.01400000","buyTxId":"21fc1c49aa39dfe1e957ad4cc249afbd9f399c34","sellTxId":"93ea66ca46a82f662aeda7bb8dc611c958211133"}
{"index": {"_index":"pob","_id":"2805968"}}
	{"id":2805968,"type":"buy","buyer":"pjansen","seller":"sbi-tokens","symbol":"POB","quantity":"26.00000000","price":"0.03900000","timestamp":1645215528,"volume":"1.01400000","buyTxId":"14cb9b69ead60838c2653c6831d8468333d032fe","sellTxId":"93ea66ca46a82f662aeda7bb8dc611c958211133"}
{"index": {"_index":"pob","_id":"2806014"}}
	{"id":2806014,"type":"sell","buyer":"sbi-tokens","seller":"fredrikaa","symbol":"POB","quantity":"38.67535236","price":"0.03400000","timestamp":1645215891,"volume":"1.31496198","buyTxId":"c42eb7c409704516a1eb600e9532cf4da16ce8a0","sellTxId":"197476674480ef21c22fe191c938df697b7820af"}
{"index": {"_index":"pob","_id":"2806164"}}
	{"id":2806164,"type":"sell","buyer":"sbi-tokens","seller":"deathwing","symbol":"POB","quantity":"0.025","price":"0.03400000","timestamp":1645217706,"volume":"0.00085000","buyTxId":"c42eb7c409704516a1eb600e9532cf4da16ce8a0","sellTxId":"61bd1ffc6ef1c2f03338f466ad05954f84d3651f-0"}
{"index": {"_index":"pob","_id":"2806344"}}
	{"id":2806344,"type":"sell","buyer":"sbi-tokens","seller":"stairway2heaven","symbol":"POB","quantity":"0.75036981","price":"0.03400000","timestamp":1645219437,"volume":"0.02551257","buyTxId":"c42eb7c409704516a1eb600e9532cf4da16ce8a0","sellTxId":"3d768401a3bfa157830f84e304a0bbfc1a8ed52f"}
{"index": {"_index":"pob","_id":"2806499"}}
	{"id":2806499,"type":"sell","buyer":"sbi-tokens","seller":"esthersanchez","symbol":"POB","quantity":"4.98908998","price":"0.03400000","timestamp":1645221435,"volume":"0.16962906","buyTxId":"c42eb7c409704516a1eb600e9532cf4da16ce8a0","sellTxId":"c8c1ea545058c995c95e5f7c5596347e4619c81d"}
{"index": {"_index":"pob","_id":"2806570"}}
	{"id":2806570,"type":"sell","buyer":"sbi-tokens","seller":"shebe","symbol":"POB","quantity":"2.54864719","price":"0.03400000","timestamp":1645222185,"volume":"0.08665400","buyTxId":"c42eb7c409704516a1eb600e9532cf4da16ce8a0","sellTxId":"2010234c897c702b648174e5553075b3f668e010"}
{"index": {"_index":"pob","_id":"2806624"}}
	{"id":2806624,"type":"sell","buyer":"sbi-tokens","seller":"gadrian","symbol":"POB","quantity":"4.39786744","price":"0.03400000","timestamp":1645223157,"volume":"0.14952749","buyTxId":"c42eb7c409704516a1eb600e9532cf4da16ce8a0","sellTxId":"e79d7c7d58b27b51894e774a2dc6c67d0b579f13"}
{"index": {"_index":"pob","_id":"2806739"}}
	{"id":2806739,"type":"sell","buyer":"sbi-tokens","seller":"tormenta","symbol":"POB","quantity":"0.83590079","price":"0.03400000","timestamp":1645225113,"volume":"0.02842063","buyTxId":"c42eb7c409704516a1eb600e9532cf4da16ce8a0","sellTxId":"7d6161e01e1295adf6e1e322fd8c41468c52d4c6"}
{"index": {"_index":"pob","_id":"2806759"}}
	{"id":2806759,"type":"sell","buyer":"sbi-tokens","seller":"he-index","symbol":"POB","quantity":"0.03900000","price":"0.03400000","timestamp":1645225338,"volume":"0.00132600","buyTxId":"c42eb7c409704516a1eb600e9532cf4da16ce8a0","sellTxId":"ad28f51371589b096822d4b4ef96c0382d7b3ea9"}
{"index": {"_index":"pob","_id":"2806813"}}
	{"id":2806813,"type":"sell","buyer":"sbi-tokens","seller":"kellyane","symbol":"POB","quantity":"1.04779539","price":"0.03400000","timestamp":1645226313,"volume":"0.03562504","buyTxId":"c42eb7c409704516a1eb600e9532cf4da16ce8a0","sellTxId":"898517ae76dfcf69ce4264f8a3b2565cf96fac68"}
{"index": {"_index":"pob","_id":"2806898"}}
	{"id":2806898,"type":"sell","buyer":"sbi-tokens","seller":"alfarero","symbol":"POB","quantity":"0.04910858","price":"0.03400000","timestamp":1645227567,"volume":"0.00166969","buyTxId":"c42eb7c409704516a1eb600e9532cf4da16ce8a0","sellTxId":"665362ee8a5b7f15c1ea569dadeb095bbf6282c4"}
{"index": {"_index":"pob","_id":"2806973"}}
	{"id":2806973,"type":"sell","buyer":"sbi-tokens","seller":"razackpulo.sport","symbol":"POB","quantity":"44.70000000","price":"0.03400000","timestamp":1645228545,"volume":"1.51980000","buyTxId":"c42eb7c409704516a1eb600e9532cf4da16ce8a0","sellTxId":"dcb2f7973c402c73d49938ccb5c8ca47a5728b80"}
{"index": {"_index":"pob","_id":"2807033"}}
	{"id":2807033,"type":"sell","buyer":"sbi-tokens","seller":"razackpulo.pob","symbol":"POB","quantity":"34.54181298","price":"0.03400000","timestamp":1645229064,"volume":"1.17442164","buyTxId":"c42eb7c409704516a1eb600e9532cf4da16ce8a0","sellTxId":"16d5f1ed88183b9ae3d8a24f0c38b0610ec90da6"}
{"index": {"_index":"pob","_id":"2807086"}}
	{"id":2807086,"type":"sell","buyer":"sbi-tokens","seller":"melbourneswest","symbol":"POB","quantity":"8","price":"0.03400000","timestamp":1645229586,"volume":"0.27200000","buyTxId":"c42eb7c409704516a1eb600e9532cf4da16ce8a0","sellTxId":"a18d493b6103a29e0688d8c6ecdcad407859d5b9"}
{"index": {"_index":"pob","_id":"2807203"}}
	{"id":2807203,"type":"sell","buyer":"sbi-tokens","seller":"stayten","symbol":"POB","quantity":"13.86949849","price":"0.03400000","timestamp":1645230981,"volume":"0.47156295","buyTxId":"c42eb7c409704516a1eb600e9532cf4da16ce8a0","sellTxId":"3360ec7e5952ef271aa4846cf7896f5ed949dc39"}
{"index": {"_index":"pob","_id":"2807397"}}
	{"id":2807397,"type":"sell","buyer":"sbi-tokens","seller":"ecobanker","symbol":"POB","quantity":"13.73413766","price":"0.03400000","timestamp":1645233009,"volume":"0.46696068","buyTxId":"c42eb7c409704516a1eb600e9532cf4da16ce8a0","sellTxId":"79abdbed3e6bc4ddc1eabc0ab95545b0a34363ba"}
{"index": {"_index":"pob","_id":"2807414"}}
	{"id":2807414,"type":"sell","buyer":"sbi-tokens","seller":"laritheghost","symbol":"POB","quantity":"0.93796056","price":"0.03400000","timestamp":1645233210,"volume":"0.03189066","buyTxId":"c42eb7c409704516a1eb600e9532cf4da16ce8a0","sellTxId":"d1e10f7f28ee58c695e623fc8c4fbe7cc03708e2"}
