{"index": {"_index":"pob","_id":"1077215"}}
	{"id":1077215,"type":"sell","buyer":"mmmmkkkk311","seller":"chubb149","symbol":"POB","quantity":"7.51861998","price":"1.79182029","timestamp":1621651617,"volume":"13.47201583","buyTxId":"MM-P-7158291-54100661-3-2-0","sellTxId":"11544e3d21f206de146f3199c3a529f6a18f5f66"}
{"index": {"_index":"pob","_id":"1077219"}}
	{"id":1077219,"type":"sell","buyer":"jeffjagoe","seller":"cflclosers","symbol":"POB","quantity":"2.69979908","price":"1.79000000","timestamp":1621652025,"volume":"4.83264035","buyTxId":"1bcf5867da927f9b470fef6492503c7790ceb50f","sellTxId":"7888d2b577b930319fb5e2e9ae221160eeb43f93"}
{"index": {"_index":"pob","_id":"1077304"}}
	{"id":1077304,"type":"sell","buyer":"freebornsociety","seller":"logicforce","symbol":"POB","quantity":"0.10096201","price":"1.64710046","timestamp":1621657215,"volume":"0.16629457","buyTxId":"MM-P-7159924-54102534-3-1-0","sellTxId":"ec274012dfecbc9be878ba2560cb1fe5ef11bd0c"}
{"index": {"_index":"pob","_id":"1077305"}}
	{"id":1077305,"type":"sell","buyer":"bluesniper","seller":"logicforce","symbol":"POB","quantity":"0.43752930","price":"1.64700046","timestamp":1621657215,"volume":"0.72061096","buyTxId":"MM-P-7159922-54102531-3-0-0","sellTxId":"ec274012dfecbc9be878ba2560cb1fe5ef11bd0c"}
{"index": {"_index":"pob","_id":"1077357"}}
	{"id":1077357,"type":"sell","buyer":"bluesniper","seller":"cryptomaniacsgr","symbol":"POB","quantity":"21.24056336","price":"1.64779057","timestamp":1621659348,"volume":"35.00000001","buyTxId":"MM-P-7160551-54103231-3-0-0","sellTxId":"03159123850beb13e3421fc1b715c3c666e38f79"}
{"index": {"_index":"pob","_id":"1077359"}}
	{"id":1077359,"type":"sell","buyer":"richardcrill","seller":"cryptomaniacsgr","symbol":"POB","quantity":"17.67000000","price":"1.64778056","timestamp":1621659435,"volume":"29.11628250","buyTxId":"MM-P-7160509-54103181-3-10-0","sellTxId":"b698c7a0db6e91a99610da3a89c146ed2223566b"}
{"index": {"_index":"pob","_id":"1077369"}}
	{"id":1077369,"type":"sell","buyer":"richardcrill","seller":"acesontop","symbol":"POB","quantity":"38.28809363","price":"1.64542013","timestamp":1621660761,"volume":"63.00000000","buyTxId":"MM-P-7160931-54103680-3-10-0","sellTxId":"2a66cc6cc5b9cab13b2e051d593cddf7d5e335a6"}
{"index": {"_index":"pob","_id":"1077398"}}
	{"id":1077398,"type":"sell","buyer":"bluesniper","seller":"leedsunited","symbol":"POB","quantity":"2.96791749","price":"1.64526016","timestamp":1621662039,"volume":"4.88299640","buyTxId":"MM-P-7161310-54104130-3-0-0","sellTxId":"a4517d631abcfca362c0f25b60a1bc936a7ed5cd"}
{"index": {"_index":"pob","_id":"1077473"}}
	{"id":1077473,"type":"buy","buyer":"anadolu","seller":"acesontop","symbol":"POB","quantity":"0.83979619","price":"1.64542013","timestamp":1621663389,"volume":"1.38181756","buyTxId":"e8378a00b3c95fb64583923f1688c1767fc203ee","sellTxId":"2a66cc6cc5b9cab13b2e051d593cddf7d5e335a6"}
{"index": {"_index":"pob","_id":"1077474"}}
	{"id":1077474,"type":"buy","buyer":"anadolu","seller":"he-index","symbol":"POB","quantity":"0.01400000","price":"1.64542013","timestamp":1621663389,"volume":"0.02303588","buyTxId":"e8378a00b3c95fb64583923f1688c1767fc203ee","sellTxId":"a1772706a1d7df24f20aa0dbac7e261e5144f854"}
{"index": {"_index":"pob","_id":"1077475"}}
	{"id":1077475,"type":"sell","buyer":"anadolu","seller":"josediccus","symbol":"POB","quantity":"9.43679360","price":"1.64550000","timestamp":1621663419,"volume":"15.52824387","buyTxId":"e8378a00b3c95fb64583923f1688c1767fc203ee","sellTxId":"6d4ddbe35cb8f2d59ecef1c573414879566fee84"}
{"index": {"_index":"pob","_id":"1077476"}}
	{"id":1077476,"type":"sell","buyer":"solovey6o2","seller":"jlordc","symbol":"POB","quantity":"3.50658460","price":"1.64550001","timestamp":1621663470,"volume":"5.77008499","buyTxId":"d71dbbd984f184275b3b005ff37dce9217064856","sellTxId":"36366ca92617a5b136153477dcdab62709bafec1"}
{"index": {"_index":"pob","_id":"1077523"}}
	{"id":1077523,"type":"sell","buyer":"solovey6o2","seller":"melbourneswest","symbol":"POB","quantity":"3.07928833","price":"1.64589013","timestamp":1621665036,"volume":"5.06817027","buyTxId":"01666dd194456afb9b4617e15ff0b95d2de228f7","sellTxId":"b5e2ca3f1d99a6ff5cbda400fb707f06246a49e1"}
{"index": {"_index":"pob","_id":"1077557"}}
	{"id":1077557,"type":"buy","buyer":"frot","seller":"solovey6o2","symbol":"POB","quantity":"13.25413136","price":"1.70599958","timestamp":1621666935,"volume":"22.61154253","buyTxId":"da4ddd784c5351d05e6b07a782c936614fd3ff7b","sellTxId":"dd5868bdda5fdbd6e70fca2214c14d9eb6f8fd09"}
{"index": {"_index":"pob","_id":"1077558"}}
	{"id":1077558,"type":"buy","buyer":"frot","seller":"freebornsociety","symbol":"POB","quantity":"10.00000000","price":"1.70599959","timestamp":1621666935,"volume":"17.05999590","buyTxId":"da4ddd784c5351d05e6b07a782c936614fd3ff7b","sellTxId":"MM-P-7162647-54105733-3-1-0"}
{"index": {"_index":"pob","_id":"1077559"}}
	{"id":1077559,"type":"buy","buyer":"frot","seller":"anadolu","symbol":"POB","quantity":"12.00000000","price":"1.70699969","timestamp":1621666935,"volume":"20.48399628","buyTxId":"da4ddd784c5351d05e6b07a782c936614fd3ff7b","sellTxId":"4c29e8c4b83590fac47db95e6e30a613c01d29fb"}
{"index": {"_index":"pob","_id":"1077560"}}
	{"id":1077560,"type":"buy","buyer":"frot","seller":"bluesniper","symbol":"POB","quantity":"14.74586864","price":"1.70990000","timestamp":1621666935,"volume":"25.21396079","buyTxId":"da4ddd784c5351d05e6b07a782c936614fd3ff7b","sellTxId":"MM-P-7162644-54105729-3-0-1"}
{"index": {"_index":"pob","_id":"1077601"}}
	{"id":1077601,"type":"sell","buyer":"mmmmkkkk311","seller":"melbourneswest","symbol":"POB","quantity":"1.64788985","price":"1.64660015","timestamp":1621669362,"volume":"2.71341567","buyTxId":"MM-P-7163335-54106557-3-2-0","sellTxId":"a7411f2c0b83a04140b269683ab8925613ded436"}
{"index": {"_index":"pob","_id":"1077604"}}
	{"id":1077604,"type":"sell","buyer":"solovey6o2","seller":"stickupboys","symbol":"POB","quantity":"2.00000000","price":"1.64659015","timestamp":1621669440,"volume":"3.29318030","buyTxId":"764e6fba34c066e496dc96d5f237b92f35c9c6bb","sellTxId":"03c89a240cd4b53376800334558525bf7ee14599"}
{"index": {"_index":"pob","_id":"1077610"}}
	{"id":1077610,"type":"buy","buyer":"bluesniper","seller":"melbourneswest","symbol":"POB","quantity":"0.75211015","price":"1.64660015","timestamp":1621669485,"volume":"1.23842469","buyTxId":"MM-P-7163402-54106629-3-0-0","sellTxId":"a7411f2c0b83a04140b269683ab8925613ded436"}
{"index": {"_index":"pob","_id":"1077611"}}
	{"id":1077611,"type":"sell","buyer":"mmmmkkkk311","seller":"marvinix","symbol":"POB","quantity":"5","price":"1.64671015","timestamp":1621669587,"volume":"8.23355075","buyTxId":"MM-P-7163429-54106657-3-2-0","sellTxId":"9b8354de6e50af2a3d9a84a9379688c8b6e29007"}
{"index": {"_index":"pob","_id":"1077639"}}
	{"id":1077639,"type":"sell","buyer":"solovey6o2","seller":"sipahikara","symbol":"POB","quantity":"0.43755000","price":"1.64704019","timestamp":1621670682,"volume":"0.72066244","buyTxId":"22fac4e023ac61c017e3be6a72b34717399ecb23","sellTxId":"fd0beabd50dc8a9e8906e01265591056c88b2e51"}
{"index": {"_index":"pob","_id":"1077651"}}
	{"id":1077651,"type":"sell","buyer":"mmmmkkkk311","seller":"thatcryptodave","symbol":"POB","quantity":"0.18595058","price":"1.64727022","timestamp":1621671093,"volume":"0.30631085","buyTxId":"MM-P-7163838-54107158-3-2-0","sellTxId":"34888b78c4efb8183d80ab537b66ada7d5ff4c97"}
{"index": {"_index":"pob","_id":"1077667"}}
	{"id":1077667,"type":"sell","buyer":"freebornsociety","seller":"gank","symbol":"POB","quantity":"3.90118287","price":"1.64759026","timestamp":1621671921,"volume":"6.42755090","buyTxId":"MM-P-7164049-54107431-3-1-0","sellTxId":"9e5ed8f891ae1c38546d671f230e0d3d7e49eaae"}
{"index": {"_index":"pob","_id":"1077670"}}
	{"id":1077670,"type":"buy","buyer":"frot","seller":"bluesniper","symbol":"POB","quantity":"0.25413136","price":"1.70990000","timestamp":1621672095,"volume":"0.43453921","buyTxId":"73a272325299407fd2d2551768fd4e2fc54f386d","sellTxId":"MM-P-7162644-54105729-3-0-1"}
{"index": {"_index":"pob","_id":"1077671"}}
	{"id":1077671,"type":"buy","buyer":"frot","seller":"coffeelovers","symbol":"POB","quantity":"13.74586864","price":"1.71000000","timestamp":1621672095,"volume":"23.50543537","buyTxId":"73a272325299407fd2d2551768fd4e2fc54f386d","sellTxId":"48033cd1c7a36cf2f1657470a0a817ba97ea00fe"}
{"index": {"_index":"pob","_id":"1077672"}}
	{"id":1077672,"type":"sell","buyer":"mmmmkkkk311","seller":"revisesociology","symbol":"POB","quantity":"3.50000000","price":"1.64772029","timestamp":1621672314,"volume":"5.76702102","buyTxId":"MM-P-7164160-54107554-3-2-0","sellTxId":"c00457a01f1e424048d33788a1875cfac4551607"}
{"index": {"_index":"pob","_id":"1077706"}}
	{"id":1077706,"type":"sell","buyer":"freebornsociety","seller":"ahmetay","symbol":"POB","quantity":"0.00484233","price":"1.64841035","timestamp":1621682538,"volume":"0.00798215","buyTxId":"MM-P-7164829-54110527-3-1-0","sellTxId":"5ff68319669dc850111c70ad2ae111eb02cb8cd4"}
{"index": {"_index":"pob","_id":"1077731"}}
	{"id":1077731,"type":"sell","buyer":"freebornsociety","seller":"juanmiguelsalas","symbol":"POB","quantity":"6.00000000","price":"1.64615009","timestamp":1621684263,"volume":"9.87690054","buyTxId":"MM-P-7165431-54111526-3-1-0","sellTxId":"35bf438601494264a89b4c02f1150c3c1bbdebd6"}
{"index": {"_index":"pob","_id":"1077732"}}
	{"id":1077732,"type":"sell","buyer":"freebornsociety","seller":"fredrikaa","symbol":"POB","quantity":"0.45412767","price":"1.64615009","timestamp":1621684272,"volume":"0.74756230","buyTxId":"MM-P-7165431-54111526-3-1-0","sellTxId":"15947f98f81ea1d706c2cf9c4e70bc7c1c69adc3"}
{"index": {"_index":"pob","_id":"1077733"}}
	{"id":1077733,"type":"sell","buyer":"solovey6o2","seller":"fredrikaa","symbol":"POB","quantity":"30.56109013","price":"1.64605009","timestamp":1621684272,"volume":"50.30508516","buyTxId":"fb5de20023d15b8ffd7b3bcd20ba3ebe5991b8a7","sellTxId":"15947f98f81ea1d706c2cf9c4e70bc7c1c69adc3"}
{"index": {"_index":"pob","_id":"1077736"}}
	{"id":1077736,"type":"buy","buyer":"offgridlife","seller":"chubb149","symbol":"POB","quantity":"0.01000000","price":"1.79182029","timestamp":1621684353,"volume":"0.01791820","buyTxId":"09e1e41c4f2426d699cab93510723471f0e23f28","sellTxId":"11544e3d21f206de146f3199c3a529f6a18f5f66"}
{"index": {"_index":"pob","_id":"1077737"}}
	{"id":1077737,"type":"buy","buyer":"offgridlife","seller":"chubb149","symbol":"POB","quantity":"0.01000000","price":"1.79182029","timestamp":1621684365,"volume":"0.01791820","buyTxId":"7c68bc28f6ddf4c6566717feba3e04d272e2daac","sellTxId":"11544e3d21f206de146f3199c3a529f6a18f5f66"}
{"index": {"_index":"pob","_id":"1077738"}}
	{"id":1077738,"type":"buy","buyer":"offgridlife","seller":"chubb149","symbol":"POB","quantity":"0.01000000","price":"1.79182029","timestamp":1621684374,"volume":"0.01791820","buyTxId":"81982ab6097fd56dd2a9046451f1b4b74ebaadde","sellTxId":"11544e3d21f206de146f3199c3a529f6a18f5f66"}
{"index": {"_index":"pob","_id":"1077739"}}
	{"id":1077739,"type":"buy","buyer":"offgridlife","seller":"solovey6o2","symbol":"POB","quantity":"0.01000000","price":"1.79182028","timestamp":1621684383,"volume":"0.01791820","buyTxId":"cf377cb2e973af66b8f50df08f101403d269a56f","sellTxId":"2b866d52c52d3d6adbea2c37b63efb9f569909a1"}
{"index": {"_index":"pob","_id":"1077764"}}
	{"id":1077764,"type":"sell","buyer":"richardcrill","seller":"stayten","symbol":"POB","quantity":"2.59933923","price":"1.64593008","timestamp":1621685301,"volume":"4.27833063","buyTxId":"MM-P-7165739-54111870-3-10-0","sellTxId":"5177287daf1802acc579aeea1e70f90ab7ddb6aa"}
{"index": {"_index":"pob","_id":"1077772"}}
	{"id":1077772,"type":"buy","buyer":"offgridlife","seller":"freebornsociety","symbol":"POB","quantity":"0.25000000","price":"1.79138025","timestamp":1621685406,"volume":"0.44784506","buyTxId":"b74757a8b202441dcea8cf738647df40ac291161","sellTxId":"MM-P-7165788-54111925-3-1-0"}
{"index": {"_index":"pob","_id":"1077775"}}
	{"id":1077775,"type":"buy","buyer":"offgridlife","seller":"freebornsociety","symbol":"POB","quantity":"0.25000000","price":"1.79138025","timestamp":1621685418,"volume":"0.44784506","buyTxId":"cde13e494890d2806308eb351217af3981f832ba","sellTxId":"MM-P-7165788-54111925-3-1-0"}
{"index": {"_index":"pob","_id":"1077784"}}
	{"id":1077784,"type":"sell","buyer":"solovey6o2","seller":"calumam","symbol":"POB","quantity":"123.71037828","price":"1.64603010","timestamp":1621685679,"volume":"203.63100633","buyTxId":"4ef28bed99a0034bf3a47b84adf5221b43505f96","sellTxId":"700d337109049bafc966c68d6de5e35653566894"}
{"index": {"_index":"pob","_id":"1077785"}}
	{"id":1077785,"type":"sell","buyer":"richardcrill","seller":"calumam","symbol":"POB","quantity":"26.28962172","price":"1.64603009","timestamp":1621685679,"volume":"43.27350841","buyTxId":"MM-P-7165831-54111970-3-10-0","sellTxId":"700d337109049bafc966c68d6de5e35653566894"}
{"index": {"_index":"pob","_id":"1077822"}}
	{"id":1077822,"type":"sell","buyer":"freebornsociety","seller":"ahmetay","symbol":"POB","quantity":"0.00292326","price":"1.64613009","timestamp":1621686603,"volume":"0.00481207","buyTxId":"MM-P-7165882-54112024-3-1-0","sellTxId":"e39f5e9e0cbbee23262e06d0f4f58ef14bdf5c07"}
{"index": {"_index":"pob","_id":"1077864"}}
	{"id":1077864,"type":"sell","buyer":"freebornsociety","seller":"tsnaks","symbol":"POB","quantity":"0.18814749","price":"1.64613009","timestamp":1621687944,"volume":"0.30971524","buyTxId":"MM-P-7165882-54112024-3-1-0","sellTxId":"310bd3945a0dc1baaa8fe4a42a9952257d037468"}
{"index": {"_index":"pob","_id":"1077890"}}
	{"id":1077890,"type":"sell","buyer":"freebornsociety","seller":"kevinnag58","symbol":"POB","quantity":"0.35304793","price":"1.64613009","timestamp":1621690059,"volume":"0.58116282","buyTxId":"MM-P-7165882-54112024-3-1-0","sellTxId":"dca85cf317f38ed8b3964e29eca859df31ad6d0d"}
{"index": {"_index":"pob","_id":"1077891"}}
	{"id":1077891,"type":"sell","buyer":"richardcrill","seller":"kevinnag58","symbol":"POB","quantity":"11.98428371","price":"1.64603009","timestamp":1621690059,"volume":"19.72649159","buyTxId":"MM-P-7165831-54111970-3-10-0","sellTxId":"dca85cf317f38ed8b3964e29eca859df31ad6d0d"}
{"index": {"_index":"pob","_id":"1077892"}}
	{"id":1077892,"type":"sell","buyer":"bluesniper","seller":"kevinnag58","symbol":"POB","quantity":"20.02586337","price":"1.64563004","timestamp":1621690059,"volume":"32.95516234","buyTxId":"MM-P-7165786-54111922-3-0-0","sellTxId":"dca85cf317f38ed8b3964e29eca859df31ad6d0d"}
{"index": {"_index":"pob","_id":"1077910"}}
	{"id":1077910,"type":"sell","buyer":"bluesniper","seller":"chireerocks","symbol":"POB","quantity":"0.45034020","price":"1.64573004","timestamp":1621690878,"volume":"0.74113840","buyTxId":"MM-P-7167300-54113718-3-0-0","sellTxId":"ac238608bfcc677a400f57fe2e4275267c3ad592"}
{"index": {"_index":"pob","_id":"1077912"}}
	{"id":1077912,"type":"sell","buyer":"bluesniper","seller":"mightyrocklee","symbol":"POB","quantity":"0.30370338","price":"1.64573004","timestamp":1621690971,"volume":"0.49981377","buyTxId":"MM-P-7167300-54113718-3-0-0","sellTxId":"82d3c769ef3c66d74452f6d80c4b18ca83917c3d"}
{"index": {"_index":"pob","_id":"1077913"}}
	{"id":1077913,"type":"sell","buyer":"richardcrill","seller":"mightyrocklee","symbol":"POB","quantity":"1.71258726","price":"1.64572004","timestamp":1621690971,"volume":"2.81843917","buyTxId":"MM-P-7167253-54113667-3-10-0","sellTxId":"82d3c769ef3c66d74452f6d80c4b18ca83917c3d"}
{"index": {"_index":"pob","_id":"1077931"}}
	{"id":1077931,"type":"buy","buyer":"offgridlife","seller":"amr008.cold","symbol":"POB","quantity":"0.10000000","price":"1.74407000","timestamp":1621691886,"volume":"0.17440700","buyTxId":"41dad572f7eb4a629a892e933ffc2066bd45d574","sellTxId":"ec2c93dde42eeca4584b554323a78695075d90b7"}
{"index": {"_index":"pob","_id":"1077932"}}
	{"id":1077932,"type":"buy","buyer":"offgridlife","seller":"amr008.cold","symbol":"POB","quantity":"0.10000000","price":"1.74407000","timestamp":1621691895,"volume":"0.17440700","buyTxId":"b8b8d1b599ddeae4ae9fbd431abc7702fe8a2c92","sellTxId":"ec2c93dde42eeca4584b554323a78695075d90b7"}
{"index": {"_index":"pob","_id":"1077933"}}
	{"id":1077933,"type":"buy","buyer":"offgridlife","seller":"solovey6o2","symbol":"POB","quantity":"0.10000000","price":"1.74406999","timestamp":1621691907,"volume":"0.17440700","buyTxId":"1911cb05e0e4e5982de0ff0d8ce0a6c82e5eed37","sellTxId":"3faedb0cdce0bb5c908e086e0cea0addefca61fa"}
{"index": {"_index":"pob","_id":"1077934"}}
	{"id":1077934,"type":"buy","buyer":"offgridlife","seller":"solovey6o2","symbol":"POB","quantity":"0.10000000","price":"1.74406999","timestamp":1621691916,"volume":"0.17440700","buyTxId":"2ad3884ec0c1f4a5184008894df168f0244feba9","sellTxId":"3faedb0cdce0bb5c908e086e0cea0addefca61fa"}
{"index": {"_index":"pob","_id":"1077935"}}
	{"id":1077935,"type":"buy","buyer":"offgridlife","seller":"solovey6o2","symbol":"POB","quantity":"0.10000000","price":"1.74406999","timestamp":1621691925,"volume":"0.17440700","buyTxId":"5f255e7a7e02f0c5774b72295d3621bcac90f955","sellTxId":"3faedb0cdce0bb5c908e086e0cea0addefca61fa"}
{"index": {"_index":"pob","_id":"1077943"}}
	{"id":1077943,"type":"sell","buyer":"richardcrill","seller":"ftfund","symbol":"POB","quantity":"1.96062564","price":"1.64572004","timestamp":1621692237,"volume":"3.22664091","buyTxId":"MM-P-7167253-54113667-3-10-0","sellTxId":"2bfc98e9260de3e6d7f5133d88c6bb4a3fac4bfc"}
{"index": {"_index":"pob","_id":"1077944"}}
	{"id":1077944,"type":"sell","buyer":"richardcrill","seller":"invest4free","symbol":"POB","quantity":"1.79000000","price":"1.64572004","timestamp":1621692288,"volume":"2.94583887","buyTxId":"MM-P-7167253-54113667-3-10-0","sellTxId":"0e08e6647740acc9bc820c3e14f66a865dcd43ac"}
{"index": {"_index":"pob","_id":"1077954"}}
	{"id":1077954,"type":"sell","buyer":"richardcrill","seller":"dkid14","symbol":"POB","quantity":"11.93478206","price":"1.64572004","timestamp":1621692897,"volume":"19.64131001","buyTxId":"MM-P-7167253-54113667-3-10-0","sellTxId":"0e67f6dbfd8b0586d7365e9326627fbbecbc5785"}
{"index": {"_index":"pob","_id":"1077957"}}
	{"id":1077957,"type":"sell","buyer":"richardcrill","seller":"maylenasland","symbol":"POB","quantity":"7.14200000","price":"1.64572004","timestamp":1621692990,"volume":"11.75373253","buyTxId":"MM-P-7167253-54113667-3-10-0","sellTxId":"4bc78c5943e8649bde634cb6dafb7c7778096c16"}
{"index": {"_index":"pob","_id":"1077986"}}
	{"id":1077986,"type":"sell","buyer":"richardcrill","seller":"thomashnblum","symbol":"POB","quantity":"13.74112119","price":"1.64572004","timestamp":1621693884,"volume":"22.61403851","buyTxId":"MM-P-7167253-54113667-3-10-0","sellTxId":"037a2fa2ab7d60f480258705ef0159ba822b2532"}
{"index": {"_index":"pob","_id":"1077998"}}
	{"id":1077998,"type":"buy","buyer":"offgridlife","seller":"thomashnblum","symbol":"POB","quantity":"0.01000000","price":"1.64572004","timestamp":1621694193,"volume":"0.01645720","buyTxId":"451d237a51df4500231b5303632b4b7976aeb216","sellTxId":"037a2fa2ab7d60f480258705ef0159ba822b2532"}
{"index": {"_index":"pob","_id":"1077999"}}
	{"id":1077999,"type":"buy","buyer":"offgridlife","seller":"thomashnblum","symbol":"POB","quantity":"0.01000000","price":"1.64572004","timestamp":1621694205,"volume":"0.01645720","buyTxId":"abc34843e433b095c31dfa0f1eb45bcadcfad8fb","sellTxId":"037a2fa2ab7d60f480258705ef0159ba822b2532"}
{"index": {"_index":"pob","_id":"1078000"}}
	{"id":1078000,"type":"buy","buyer":"offgridlife","seller":"thomashnblum","symbol":"POB","quantity":"0.01000000","price":"1.64572004","timestamp":1621694214,"volume":"0.01645720","buyTxId":"9a9859c35cf06b26c576f9753449cdcfa81118cf","sellTxId":"037a2fa2ab7d60f480258705ef0159ba822b2532"}
{"index": {"_index":"pob","_id":"1078001"}}
	{"id":1078001,"type":"buy","buyer":"offgridlife","seller":"thomashnblum","symbol":"POB","quantity":"0.01000000","price":"1.64572004","timestamp":1621694223,"volume":"0.01645720","buyTxId":"3e44cda5c8b5a4191ab16f2fa93f074c47d4e95c","sellTxId":"037a2fa2ab7d60f480258705ef0159ba822b2532"}
{"index": {"_index":"pob","_id":"1078002"}}
	{"id":1078002,"type":"buy","buyer":"offgridlife","seller":"thomashnblum","symbol":"POB","quantity":"0.01000000","price":"1.64572004","timestamp":1621694235,"volume":"0.01645720","buyTxId":"0b977b9563da7b9a87c3eadd746942d8d2efb48f","sellTxId":"037a2fa2ab7d60f480258705ef0159ba822b2532"}
{"index": {"_index":"pob","_id":"1078019"}}
	{"id":1078019,"type":"sell","buyer":"anadolu","seller":"nathen007","symbol":"POB","quantity":"0.52465981","price":"1.64562004","timestamp":1621694730,"volume":"0.86339070","buyTxId":"d82cde44195f42b47a12cfc6356161812406d508","sellTxId":"b0ff9c30611ee1f51a76d5611b5561483596777a"}
{"index": {"_index":"pob","_id":"1078022"}}
	{"id":1078022,"type":"sell","buyer":"anadolu","seller":"knowhow92","symbol":"POB","quantity":"24.47534019","price":"1.64562004","timestamp":1621694808,"volume":"40.27711030","buyTxId":"d82cde44195f42b47a12cfc6356161812406d508","sellTxId":"f48bc6e4653af5deb6f93a0982e615332e4441ee"}
{"index": {"_index":"pob","_id":"1078023"}}
	{"id":1078023,"type":"sell","buyer":"richardcrill","seller":"knowhow92","symbol":"POB","quantity":"6.76516846","price":"1.64560000","timestamp":1621694808,"volume":"11.13276122","buyTxId":"MM-P-7168417-54114965-3-10-0","sellTxId":"f48bc6e4653af5deb6f93a0982e615332e4441ee"}
{"index": {"_index":"pob","_id":"1078024"}}
	{"id":1078024,"type":"sell","buyer":"richardcrill","seller":"vanillavow","symbol":"POB","quantity":"0.00837252","price":"1.64560000","timestamp":1621694847,"volume":"0.01377782","buyTxId":"MM-P-7168417-54114965-3-10-0","sellTxId":"5052cdc27659ca2cc182e0724e89dc3c20121a8c"}
{"index": {"_index":"pob","_id":"1078025"}}
	{"id":1078025,"type":"sell","buyer":"anadolu","seller":"knowhow92","symbol":"POB","quantity":"4.21399140","price":"1.64550000","timestamp":1621694859,"volume":"6.93412285","buyTxId":"e8378a00b3c95fb64583923f1688c1767fc203ee","sellTxId":"9b2216dcb3e6a91291e0a5dfcd23ab68dd4b1b91"}
{"index": {"_index":"pob","_id":"1078035"}}
	{"id":1078035,"type":"buy","buyer":"onealfa.leo","seller":"vanillavow","symbol":"POB","quantity":"0.31567635","price":"1.64560000","timestamp":1621695126,"volume":"0.51947700","buyTxId":"cefc59a9a61c065418e04031485763a521f4427e","sellTxId":"5052cdc27659ca2cc182e0724e89dc3c20121a8c"}
{"index": {"_index":"pob","_id":"1078036"}}
	{"id":1078036,"type":"buy","buyer":"onealfa.leo","seller":"thomashnblum","symbol":"POB","quantity":"16.09053931","price":"1.64572004","timestamp":1621695126,"volume":"26.48052300","buyTxId":"cefc59a9a61c065418e04031485763a521f4427e","sellTxId":"037a2fa2ab7d60f480258705ef0159ba822b2532"}
{"index": {"_index":"pob","_id":"1078044"}}
	{"id":1078044,"type":"sell","buyer":"mmmmkkkk311","seller":"solairitas","symbol":"POB","quantity":"2.69540085","price":"1.64551010","timestamp":1621696089,"volume":"4.43530932","buyTxId":"MM-P-7168637-54115243-3-2-0","sellTxId":"70b62a1e001bb161682eb39fe09b996257674a0f"}
{"index": {"_index":"pob","_id":"1078046"}}
	{"id":1078046,"type":"sell","buyer":"mmmmkkkk311","seller":"marvinix","symbol":"POB","quantity":"7.59117705","price":"1.64551010","timestamp":1621696158,"volume":"12.49135851","buyTxId":"MM-P-7168637-54115243-3-2-0","sellTxId":"c4754b1448dc4bf77be19993eb369c1a5e3fcc10"}
{"index": {"_index":"pob","_id":"1078047"}}
	{"id":1078047,"type":"sell","buyer":"onealfa.leo","seller":"marvinix","symbol":"POB","quantity":"12.18282295","price":"1.64550010","timestamp":1621696158,"volume":"20.04683638","buyTxId":"c41317d6a08e60bffc19ebd94c2319f4894bbf97","sellTxId":"c4754b1448dc4bf77be19993eb369c1a5e3fcc10"}
{"index": {"_index":"pob","_id":"1078052"}}
	{"id":1078052,"type":"sell","buyer":"onealfa.leo","seller":"gungunkrishu","symbol":"POB","quantity":"8.30000000","price":"1.64550010","timestamp":1621696461,"volume":"13.65765083","buyTxId":"c41317d6a08e60bffc19ebd94c2319f4894bbf97","sellTxId":"18922bbed89195e2bdca8166736db25307d1c188"}
{"index": {"_index":"pob","_id":"1078059"}}
	{"id":1078059,"type":"sell","buyer":"onealfa.leo","seller":"leedsunited","symbol":"POB","quantity":"2.19406023","price":"1.64550010","timestamp":1621696998,"volume":"3.61032633","buyTxId":"c41317d6a08e60bffc19ebd94c2319f4894bbf97","sellTxId":"d70f96968bf1b15994bb191b039af8ff80a35153"}
{"index": {"_index":"pob","_id":"1078080"}}
	{"id":1078080,"type":"sell","buyer":"mmmmkkkk311","seller":"iamalivechalleng","symbol":"POB","quantity":"2.126","price":"1.64551010","timestamp":1621697712,"volume":"3.49835447","buyTxId":"MM-P-7169165-54115842-3-2-0","sellTxId":"6c4179c5e8d14bc49cf36193f966b67d052478af"}
{"index": {"_index":"pob","_id":"1078097"}}
	{"id":1078097,"type":"sell","buyer":"mmmmkkkk311","seller":"cibersk8","symbol":"POB","quantity":"0.02055402","price":"1.64551010","timestamp":1621698195,"volume":"0.03382185","buyTxId":"MM-P-7169165-54115842-3-2-0","sellTxId":"a3073e852b90df4f165c518fecd1d5eef99300b4"}
{"index": {"_index":"pob","_id":"1078100"}}
	{"id":1078100,"type":"sell","buyer":"mmmmkkkk311","seller":"clicmaster","symbol":"POB","quantity":"0.04646811","price":"1.64551010","timestamp":1621698315,"volume":"0.07646374","buyTxId":"MM-P-7169165-54115842-3-2-0","sellTxId":"0b5e6c6cea4269ed3e08e3ce750632d52c57c2c6"}
{"index": {"_index":"pob","_id":"1078103"}}
	{"id":1078103,"type":"sell","buyer":"anadolu","seller":"clicmaster","symbol":"POB","quantity":"20.92048795","price":"1.64551010","timestamp":1621698342,"volume":"34.42487422","buyTxId":"739f07037f1629a0ba2ce1dfdee07c2443eef224","sellTxId":"515292d69ce103210651e68a93e426d6b2ff797a"}
{"index": {"_index":"pob","_id":"1078112"}}
	{"id":1078112,"type":"sell","buyer":"anadolu","seller":"gubbatv","symbol":"POB","quantity":"6.62076615","price":"1.64551010","timestamp":1621698654,"volume":"10.89453757","buyTxId":"739f07037f1629a0ba2ce1dfdee07c2443eef224","sellTxId":"9bef363e7345f2a36dcc60decbe195384c553cc0"}
{"index": {"_index":"pob","_id":"1078142"}}
	{"id":1078142,"type":"sell","buyer":"anadolu","seller":"automaton","symbol":"POB","quantity":"4.00000000","price":"1.64551010","timestamp":1621699554,"volume":"6.58204040","buyTxId":"739f07037f1629a0ba2ce1dfdee07c2443eef224","sellTxId":"40a1b6c633d773abe7b40f252072e630f9d7e012"}
{"index": {"_index":"pob","_id":"1078143"}}
	{"id":1078143,"type":"sell","buyer":"anadolu","seller":"flaxz","symbol":"POB","quantity":"0.2","price":"1.64551010","timestamp":1621699566,"volume":"0.32910202","buyTxId":"739f07037f1629a0ba2ce1dfdee07c2443eef224","sellTxId":"3dc35a3312c2996fdbc36774b17ff8ccadbcac3a"}
{"index": {"_index":"pob","_id":"1078171"}}
	{"id":1078171,"type":"sell","buyer":"anadolu","seller":"dwinblood","symbol":"POB","quantity":"1.25874500","price":"1.64551010","timestamp":1621701435,"volume":"2.07127761","buyTxId":"739f07037f1629a0ba2ce1dfdee07c2443eef224","sellTxId":"e0bda6d9e42625ecbd79f1a7d531abf39c59f8ad"}
{"index": {"_index":"pob","_id":"1078172"}}
	{"id":1078172,"type":"sell","buyer":"anadolu","seller":"dwinblood","symbol":"POB","quantity":"0.00000090","price":"1.64551010","timestamp":1621701474,"volume":"0.00000148","buyTxId":"739f07037f1629a0ba2ce1dfdee07c2443eef224","sellTxId":"8b72ff2f467c0912612daa93b35d85a3a0e4669b"}
{"index": {"_index":"pob","_id":"1078173"}}
	{"id":1078173,"type":"sell","buyer":"onealfa.leo","seller":"dwinblood","symbol":"POB","quantity":"61.59899910","price":"1.64550010","timestamp":1621701474,"volume":"101.36115918","buyTxId":"c41317d6a08e60bffc19ebd94c2319f4894bbf97","sellTxId":"8b72ff2f467c0912612daa93b35d85a3a0e4669b"}
{"index": {"_index":"pob","_id":"1078195"}}
	{"id":1078195,"type":"sell","buyer":"mmmmkkkk311","seller":"brutalmonkey","symbol":"POB","quantity":"0.13100000","price":"1.64551010","timestamp":1621702338,"volume":"0.21556182","buyTxId":"MM-P-7170580-54117442-3-2-0","sellTxId":"9f70f5e194bce609b03b207047040742cd9810d9"}
{"index": {"_index":"pob","_id":"1078219"}}
	{"id":1078219,"type":"sell","buyer":"mmmmkkkk311","seller":"coininstant","symbol":"POB","quantity":"19.92357153","price":"1.64551010","timestamp":1621703082,"volume":"32.78443818","buyTxId":"MM-P-7170580-54117442-3-2-0","sellTxId":"30409a55a8b0f84aeb6e35dc1414d7cb9ebe2ff5"}
{"index": {"_index":"pob","_id":"1078241"}}
	{"id":1078241,"type":"sell","buyer":"onealfa.leo","seller":"rob23","symbol":"POB","quantity":"29.70701617","price":"1.64550010","timestamp":1621703121,"volume":"48.88289808","buyTxId":"c41317d6a08e60bffc19ebd94c2319f4894bbf97","sellTxId":"caf2118cb9c9d326f99688155859cf68feed252a"}
{"index": {"_index":"pob","_id":"1078243"}}
	{"id":1078243,"type":"sell","buyer":"onealfa.leo","seller":"justinparke","symbol":"POB","quantity":"8.04338553","price":"1.64550010","timestamp":1621703211,"volume":"13.23539169","buyTxId":"c41317d6a08e60bffc19ebd94c2319f4894bbf97","sellTxId":"ee8fe2d07c1659d2a07d6b3948a0ac11572253e8"}
{"index": {"_index":"pob","_id":"1078258"}}
	{"id":1078258,"type":"buy","buyer":"clicmaster","seller":"coininstant","symbol":"POB","quantity":"0.30000000","price":"1.64551000","timestamp":1621703475,"volume":"0.49365300","buyTxId":"c1da310c1df1508e82a759482c0a67784e34c8f7","sellTxId":"30409a55a8b0f84aeb6e35dc1414d7cb9ebe2ff5"}
{"index": {"_index":"pob","_id":"1078262"}}
	{"id":1078262,"type":"sell","buyer":"onealfa.leo","seller":"bitcoinflood","symbol":"POB","quantity":"44.00000000","price":"1.64550010","timestamp":1621703613,"volume":"72.40200440","buyTxId":"c41317d6a08e60bffc19ebd94c2319f4894bbf97","sellTxId":"dbbd297719fc4fcfa27ea8d876e96e466ada7b0a"}
{"index": {"_index":"pob","_id":"1078271"}}
	{"id":1078271,"type":"sell","buyer":"onealfa.leo","seller":"madmanmusic","symbol":"POB","quantity":"0.63971602","price":"1.64550010","timestamp":1621704012,"volume":"1.05265277","buyTxId":"c41317d6a08e60bffc19ebd94c2319f4894bbf97","sellTxId":"83c357865fbcc28738aa542a2452cc162b5dabff"}
{"index": {"_index":"pob","_id":"1078274"}}
	{"id":1078274,"type":"buy","buyer":"onealfa.leo","seller":"madmanmusic","symbol":"POB","quantity":"0.26990822","price":"1.64550010","timestamp":1621704045,"volume":"0.44413400","buyTxId":"fb6d87b0003e5d67c7756613a3fe0dfb5bc7f9d9","sellTxId":"83c357865fbcc28738aa542a2452cc162b5dabff"}
{"index": {"_index":"pob","_id":"1078276"}}
	{"id":1078276,"type":"buy","buyer":"mmmmkkkk311","seller":"coininstant","symbol":"POB","quantity":"3.38046859","price":"1.64551000","timestamp":1621704081,"volume":"5.56259487","buyTxId":"MM-P-7171207-54118140-3-2-0","sellTxId":"30409a55a8b0f84aeb6e35dc1414d7cb9ebe2ff5"}
{"index": {"_index":"pob","_id":"1078292"}}
	{"id":1078292,"type":"buy","buyer":"freebornsociety","seller":"thomashnblum","symbol":"POB","quantity":"0.32453781","price":"1.64572004","timestamp":1621704600,"volume":"0.53409838","buyTxId":"MM-P-7171356-54118313-3-1-0","sellTxId":"037a2fa2ab7d60f480258705ef0159ba822b2532"}
{"index": {"_index":"pob","_id":"1078299"}}
	{"id":1078299,"type":"sell","buyer":"freebornsociety","seller":"sportsgeek","symbol":"POB","quantity":"1.29008423","price":"1.64572010","timestamp":1621704798,"volume":"2.12311755","buyTxId":"MM-P-7171356-54118313-3-1-0","sellTxId":"420181bec5711d2e6656cc807569103518ce1ee7"}
{"index": {"_index":"pob","_id":"1078311"}}
	{"id":1078311,"type":"sell","buyer":"freebornsociety","seller":"bitcoinflood","symbol":"POB","quantity":"4.46174538","price":"1.64572010","timestamp":1621705155,"volume":"7.34278405","buyTxId":"MM-P-7171356-54118313-3-1-0","sellTxId":"8bcdb9fc46e611663a4c1ff182276e88314b9dfd"}
{"index": {"_index":"pob","_id":"1078312"}}
	{"id":1078312,"type":"sell","buyer":"bluesniper","seller":"bitcoinflood","symbol":"POB","quantity":"13.75132212","price":"1.64551010","timestamp":1621705155,"volume":"22.62793944","buyTxId":"MM-P-7171438-54118410-3-0-0","sellTxId":"8bcdb9fc46e611663a4c1ff182276e88314b9dfd"}
{"index": {"_index":"pob","_id":"1078355"}}
	{"id":1078355,"type":"sell","buyer":"mmmmkkkk311","seller":"uwelang","symbol":"POB","quantity":"2.54689762","price":"1.64552010","timestamp":1621706091,"volume":"4.19097123","buyTxId":"MM-P-7171650-54118640-3-2-0","sellTxId":"30994f96d8554aa6cc67e111d3171e4581429898"}
{"index": {"_index":"pob","_id":"1078360"}}
	{"id":1078360,"type":"sell","buyer":"bluesniper","seller":"elricmoonslayer","symbol":"POB","quantity":"1.92000000","price":"1.64551010","timestamp":1621706268,"volume":"3.15937939","buyTxId":"MM-P-7171438-54118410-3-0-0","sellTxId":"03534fb11286b6234df01b02fdaa4bf5565af0fd"}
{"index": {"_index":"pob","_id":"1078366"}}
	{"id":1078366,"type":"sell","buyer":"bluesniper","seller":"coininstant","symbol":"POB","quantity":"5.59867799","price":"1.64551010","timestamp":1621706343,"volume":"9.21268118","buyTxId":"MM-P-7171438-54118410-3-0-0","sellTxId":"8da31fad9ca5acf5f197f2f88ba28e08222a712b"}
{"index": {"_index":"pob","_id":"1078367"}}
	{"id":1078367,"type":"sell","buyer":"onealfa.leo","seller":"coininstant","symbol":"POB","quantity":"7.03554837","price":"1.64550010","timestamp":1621706364,"volume":"11.57699555","buyTxId":"fb6d87b0003e5d67c7756613a3fe0dfb5bc7f9d9","sellTxId":"7ba447afc8e5435f78e7f70c4569fe2089dd245c"}
{"index": {"_index":"pob","_id":"1078381"}}
	{"id":1078381,"type":"sell","buyer":"onealfa.leo","seller":"lbi-token","symbol":"POB","quantity":"58.69454341","price":"1.64550010","timestamp":1621706544,"volume":"96.58187705","buyTxId":"fb6d87b0003e5d67c7756613a3fe0dfb5bc7f9d9","sellTxId":"c2b6aded114098ab9a27bcdf046a827838f3cd24"}
{"index": {"_index":"pob","_id":"1078382"}}
	{"id":1078382,"type":"sell","buyer":"anadolu","seller":"lbi-token","symbol":"POB","quantity":"85.49541881","price":"1.64550000","timestamp":1621706544,"volume":"140.68271165","buyTxId":"e8378a00b3c95fb64583923f1688c1767fc203ee","sellTxId":"c2b6aded114098ab9a27bcdf046a827838f3cd24"}
{"index": {"_index":"pob","_id":"1078383"}}
	{"id":1078383,"type":"sell","buyer":"onealfa.leo","seller":"lbi-token","symbol":"POB","quantity":"25.92526043","price":"1.64502010","timestamp":1621706544,"volume":"42.64757451","buyTxId":"9ae9c9dc0d348ca302119be4dd3022a875d45d68","sellTxId":"c2b6aded114098ab9a27bcdf046a827838f3cd24"}
{"index": {"_index":"pob","_id":"1078387"}}
	{"id":1078387,"type":"sell","buyer":"bluesniper","seller":"anadolu","symbol":"POB","quantity":"12.63843101","price":"1.64503010","timestamp":1621706724,"volume":"20.79059943","buyTxId":"MM-P-7171982-54119009-3-0-0","sellTxId":"e70d5c736296113e3f53656bc93e8ce19f651572"}
{"index": {"_index":"pob","_id":"1078388"}}
	{"id":1078388,"type":"sell","buyer":"onealfa.leo","seller":"anadolu","symbol":"POB","quantity":"42.36156899","price":"1.64502010","timestamp":1621706724,"volume":"69.68563246","buyTxId":"9ae9c9dc0d348ca302119be4dd3022a875d45d68","sellTxId":"e70d5c736296113e3f53656bc93e8ce19f651572"}
{"index": {"_index":"pob","_id":"1078423"}}
	{"id":1078423,"type":"sell","buyer":"mmmmkkkk311","seller":"bramesta","symbol":"POB","quantity":"5.54","price":"1.64503010","timestamp":1621707747,"volume":"9.11346675","buyTxId":"MM-P-7172275-54119338-3-2-0","sellTxId":"ab4424100568c82a7f58b39779c4f0108a2a8e75"}
{"index": {"_index":"pob","_id":"1078425"}}
	{"id":1078425,"type":"buy","buyer":"mmmmkkkk311","seller":"uwelang","symbol":"POB","quantity":"37.45310238","price":"1.64552000","timestamp":1621707807,"volume":"61.62982903","buyTxId":"1990a67297d3e7a530e6e9547d9d9ee14cc04fa8","sellTxId":"30994f96d8554aa6cc67e111d3171e4581429898"}
{"index": {"_index":"pob","_id":"1078426"}}
	{"id":1078426,"type":"buy","buyer":"mmmmkkkk311","seller":"anadolu","symbol":"POB","quantity":"100.00000000","price":"1.70000000","timestamp":1621707807,"volume":"170.00000000","buyTxId":"1990a67297d3e7a530e6e9547d9d9ee14cc04fa8","sellTxId":"87894b6125e17f4d65de0feb787f319ca431452e"}
{"index": {"_index":"pob","_id":"1078427"}}
	{"id":1078427,"type":"sell","buyer":"mmmmkkkk311","seller":"solovey6o2","symbol":"POB","quantity":"0.54689762","price":"1.70001000","timestamp":1621707822,"volume":"0.92973142","buyTxId":"1990a67297d3e7a530e6e9547d9d9ee14cc04fa8","sellTxId":"d9fb1a535c6cf4d38ac6f66aa2827f5326f918a1"}
{"index": {"_index":"pob","_id":"1078506"}}
	{"id":1078506,"type":"sell","buyer":"mmmmkkkk311","seller":"celi130","symbol":"POB","quantity":"20.05956963","price":"1.64510010","timestamp":1621713390,"volume":"33.00000000","buyTxId":"MM-P-7173760-54121236-3-2-0","sellTxId":"74c36caee933e3e868ab37038f72b2fa8b101ef1"}
{"index": {"_index":"pob","_id":"1078507"}}
	{"id":1078507,"type":"sell","buyer":"bluesniper","seller":"celi130","symbol":"POB","quantity":"2.26401508","price":"1.64509010","timestamp":1621713390,"volume":"3.72450879","buyTxId":"MM-P-7173743-54121206-3-0-0","sellTxId":"74c36caee933e3e868ab37038f72b2fa8b101ef1"}
{"index": {"_index":"pob","_id":"1078508"}}
	{"id":1078508,"type":"sell","buyer":"solovey6o2","seller":"celi130","symbol":"POB","quantity":"2.67641529","price":"1.64508011","timestamp":1621713390,"volume":"4.40291756","buyTxId":"0737440ea95aac6a5972bc0c3cfb908f9e49f698","sellTxId":"74c36caee933e3e868ab37038f72b2fa8b101ef1"}
{"index": {"_index":"pob","_id":"1078519"}}
	{"id":1078519,"type":"sell","buyer":"mmmmkkkk311","seller":"teeygold","symbol":"POB","quantity":"20.06042321","price":"1.64503010","timestamp":1621714398,"volume":"33.00000000","buyTxId":"MM-P-7173833-54121336-3-2-0","sellTxId":"45d4f2d85d758f608bd83ae034dc7d51c70de3ab"}
{"index": {"_index":"pob","_id":"1078520"}}
	{"id":1078520,"type":"sell","buyer":"onealfa.leo","seller":"teeygold","symbol":"POB","quantity":"0.75657679","price":"1.64502010","timestamp":1621714398,"volume":"1.24458403","buyTxId":"9ae9c9dc0d348ca302119be4dd3022a875d45d68","sellTxId":"45d4f2d85d758f608bd83ae034dc7d51c70de3ab"}
{"index": {"_index":"pob","_id":"1078529"}}
	{"id":1078529,"type":"buy","buyer":"offgridlife","seller":"solovey6o2","symbol":"POB","quantity":"15.00000000","price":"1.69857985","timestamp":1621714689,"volume":"25.47869775","buyTxId":"be8b8d71c37d0a4a9083f19075b62707a469cfac","sellTxId":"85e383b032ae25fae4684ea34f8a143f35407591"}
{"index": {"_index":"pob","_id":"1078540"}}
	{"id":1078540,"type":"sell","buyer":"mmmmkkkk311","seller":"jerriz","symbol":"POB","quantity":"3.21551141","price":"1.64504011","timestamp":1621714992,"volume":"5.28964524","buyTxId":"MM-P-7174156-54121736-3-2-0","sellTxId":"88bc6437c474cdc1deda6bf4a5e2e0de5e873a38"}
{"index": {"_index":"pob","_id":"1078553"}}
	{"id":1078553,"type":"sell","buyer":"solovey6o2","seller":"tlundy47","symbol":"POB","quantity":"0.00040501","price":"1.64506014","timestamp":1621715640,"volume":"0.00066627","buyTxId":"5a5873d0c1e97024c1372899986266f0a90bba83","sellTxId":"e2b409007bd37e3f731bdc835bceee7a1c5377d9"}
{"index": {"_index":"pob","_id":"1078556"}}
	{"id":1078556,"type":"sell","buyer":"mmmmkkkk311","seller":"liaminit1","symbol":"POB","quantity":"1.71874414","price":"1.64507014","timestamp":1621715826,"volume":"2.82745466","buyTxId":"MM-P-7174444-54122036-3-2-0","sellTxId":"40de38989d846a2e539ff4db5a8ac347286d831d"}
{"index": {"_index":"pob","_id":"1078585"}}
	{"id":1078585,"type":"sell","buyer":"solovey6o2","seller":"maylenasland","symbol":"POB","quantity":"5.92564262","price":"1.64502011","timestamp":1621716594,"volume":"9.74780127","buyTxId":"693743510c33276e8fbb589b52782696a682415b","sellTxId":"6812af31d51dca5dd1ff5e646ad2048510ef9b27"}
{"index": {"_index":"pob","_id":"1078593"}}
	{"id":1078593,"type":"sell","buyer":"solovey6o2","seller":"arlettemsalase","symbol":"POB","quantity":"1.78670754","price":"1.64502011","timestamp":1621716657,"volume":"2.93916983","buyTxId":"693743510c33276e8fbb589b52782696a682415b","sellTxId":"f2ed01fb12ace439b7a45de0577330a820b467de"}
{"index": {"_index":"pob","_id":"1078603"}}
	{"id":1078603,"type":"sell","buyer":"solovey6o2","seller":"brofi-market","symbol":"POB","quantity":"8.28156998","price":"1.64503012","timestamp":1621716762,"volume":"13.62343206","buyTxId":"09e14c34ff56870912a605fcc27f80bff89cc006","sellTxId":"53c2b04077902fbeea9d1d8a2d313baba5d52916"}
{"index": {"_index":"pob","_id":"1078620"}}
	{"id":1078620,"type":"sell","buyer":"mmmmkkkk311","seller":"deathwing","symbol":"POB","quantity":"1.33994606","price":"1.64503011","timestamp":1621716906,"volume":"2.20425161","buyTxId":"MM-P-7174727-54122335-3-2-0","sellTxId":"dd21a43c2002aa69903d0cce5d53c22189a605ad-6"}
{"index": {"_index":"pob","_id":"1078639"}}
	{"id":1078639,"type":"sell","buyer":"mmmmkkkk311","seller":"stayten","symbol":"POB","quantity":"1.86132263","price":"1.64503011","timestamp":1621717476,"volume":"3.06193177","buyTxId":"MM-P-7174727-54122335-3-2-0","sellTxId":"63d6d6cafa3d169ea436a935e6583606049dd637"}
{"index": {"_index":"pob","_id":"1078645"}}
	{"id":1078645,"type":"sell","buyer":"mmmmkkkk311","seller":"cflclosers","symbol":"POB","quantity":"16.85915440","price":"1.64503011","timestamp":1621717731,"volume":"27.73381662","buyTxId":"MM-P-7174727-54122335-3-2-0","sellTxId":"cfe837b55fae386b5da85e56ce672970945cf00f"}
{"index": {"_index":"pob","_id":"1078646"}}
	{"id":1078646,"type":"sell","buyer":"onealfa.leo","seller":"cflclosers","symbol":"POB","quantity":"261.90320139","price":"1.64502010","timestamp":1621717767,"volume":"430.83603054","buyTxId":"9ae9c9dc0d348ca302119be4dd3022a875d45d68","sellTxId":"87ee5587fcaa68d92a50a103e5e9984e02908ee8"}
{"index": {"_index":"pob","_id":"1078689"}}
	{"id":1078689,"type":"sell","buyer":"mmmmkkkk311","seller":"enforcer48","symbol":"POB","quantity":"4.12700000","price":"1.64503010","timestamp":1621718994,"volume":"6.78903922","buyTxId":"MM-P-7175090-54122735-3-2-0","sellTxId":"379660225bb3be2b7d6fe9fd6beb3139ed355c01"}
{"index": {"_index":"pob","_id":"1078737"}}
	{"id":1078737,"type":"sell","buyer":"mmmmkkkk311","seller":"elricmoonslayer","symbol":"POB","quantity":"1.00000000","price":"1.64503010","timestamp":1621720725,"volume":"1.64503010","buyTxId":"MM-P-7175090-54122735-3-2-0","sellTxId":"ec6e3f5bd30bf1c373999d034318953c5a1046ee"}
{"index": {"_index":"pob","_id":"1078743"}}
	{"id":1078743,"type":"sell","buyer":"mmmmkkkk311","seller":"gank","symbol":"POB","quantity":"11.39177777","price":"1.64503010","timestamp":1621721184,"volume":"18.73981732","buyTxId":"MM-P-7175090-54122735-3-2-0","sellTxId":"450e273860d55e9cc83d6e69b1085c4d7af13619"}
{"index": {"_index":"pob","_id":"1078758"}}
	{"id":1078758,"type":"sell","buyer":"mmmmkkkk311","seller":"jlordc","symbol":"POB","quantity":"2.29947036","price":"1.64503010","timestamp":1621722069,"volume":"3.78269796","buyTxId":"MM-P-7175090-54122735-3-2-0","sellTxId":"ec001268ec298cca7690f5c6d3380688c3a2c9a8"}
{"index": {"_index":"pob","_id":"1078791"}}
	{"id":1078791,"type":"sell","buyer":"mmmmkkkk311","seller":"scooter77","symbol":"POB","quantity":"1.24217508","price":"1.64503010","timestamp":1621724142,"volume":"2.04341540","buyTxId":"MM-P-7175090-54122735-3-2-0","sellTxId":"bfadfece00e7d64345787385a79560f8d9f33896"}
{"index": {"_index":"pob","_id":"1078792"}}
	{"id":1078792,"type":"sell","buyer":"onealfa.leo","seller":"scooter77","symbol":"POB","quantity":"18.75782492","price":"1.64502010","timestamp":1621724142,"volume":"30.85699903","buyTxId":"9ae9c9dc0d348ca302119be4dd3022a875d45d68","sellTxId":"bfadfece00e7d64345787385a79560f8d9f33896"}
{"index": {"_index":"pob","_id":"1078794"}}
	{"id":1078794,"type":"sell","buyer":"mmmmkkkk311","seller":"scooter77","symbol":"POB","quantity":"12.75031645","price":"1.64503010","timestamp":1621724208,"volume":"20.97465434","buyTxId":"MM-P-7176836-54124832-3-2-0","sellTxId":"6c5d0a8558b16bdbad7ce5d09b79c5ebfbf9f7bc"}
{"index": {"_index":"pob","_id":"1078795"}}
	{"id":1078795,"type":"sell","buyer":"onealfa.leo","seller":"scooter77","symbol":"POB","quantity":"7.24968355","price":"1.64502010","timestamp":1621724208,"volume":"11.92587516","buyTxId":"9ae9c9dc0d348ca302119be4dd3022a875d45d68","sellTxId":"6c5d0a8558b16bdbad7ce5d09b79c5ebfbf9f7bc"}
{"index": {"_index":"pob","_id":"1078803"}}
	{"id":1078803,"type":"sell","buyer":"mmmmkkkk311","seller":"ftfund","symbol":"POB","quantity":"3.86438488","price":"1.64503010","timestamp":1621724997,"volume":"6.35702945","buyTxId":"MM-P-7176926-54124932-3-2-0","sellTxId":"f59ffdf1dffc3da0f5ba1b8bad2d9140b6363377"}
{"index": {"_index":"pob","_id":"1078814"}}
	{"id":1078814,"type":"sell","buyer":"mmmmkkkk311","seller":"mawit07","symbol":"POB","quantity":"2.21453221","price":"1.64503010","timestamp":1621725603,"volume":"3.64297214","buyTxId":"MM-P-7176926-54124932-3-2-0","sellTxId":"cf81014317ef5a8fe0003a508d5aa87cd060a93a"}
{"index": {"_index":"pob","_id":"1078815"}}
	{"id":1078815,"type":"sell","buyer":"onealfa.leo","seller":"mawit07","symbol":"POB","quantity":"5.79930845","price":"1.64502010","timestamp":1621725603,"volume":"9.53997897","buyTxId":"9ae9c9dc0d348ca302119be4dd3022a875d45d68","sellTxId":"cf81014317ef5a8fe0003a508d5aa87cd060a93a"}
{"index": {"_index":"pob","_id":"1078816"}}
	{"id":1078816,"type":"sell","buyer":"onealfa.leo","seller":"romirspc.tribe","symbol":"POB","quantity":"15","price":"1.64502010","timestamp":1621725765,"volume":"24.67530150","buyTxId":"9ae9c9dc0d348ca302119be4dd3022a875d45d68","sellTxId":"14b4cfbc1a58e98b18b555fcf3e27853e52d5abc"}
{"index": {"_index":"pob","_id":"1078826"}}
	{"id":1078826,"type":"sell","buyer":"onealfa.leo","seller":"bashadow","symbol":"POB","quantity":"5.00000000","price":"1.64502010","timestamp":1621726011,"volume":"8.22510050","buyTxId":"9ae9c9dc0d348ca302119be4dd3022a875d45d68","sellTxId":"73dac2e4d1bd42e519072068393c03c57f25a971"}
{"index": {"_index":"pob","_id":"1078829"}}
	{"id":1078829,"type":"sell","buyer":"onealfa.leo","seller":"romirspc.tribe","symbol":"POB","quantity":"18.4","price":"1.64502010","timestamp":1621726044,"volume":"30.26836984","buyTxId":"9ae9c9dc0d348ca302119be4dd3022a875d45d68","sellTxId":"8fee2b343eb4a1d583a64f74736ce67fe4ed946f"}
{"index": {"_index":"pob","_id":"1078831"}}
	{"id":1078831,"type":"sell","buyer":"onealfa.leo","seller":"freeztag","symbol":"POB","quantity":"3.32627084","price":"1.64502010","timestamp":1621726104,"volume":"5.47178239","buyTxId":"9ae9c9dc0d348ca302119be4dd3022a875d45d68","sellTxId":"98ad6b066ddcc6298b705e8415151eec4a9bc185"}
{"index": {"_index":"pob","_id":"1078849"}}
	{"id":1078849,"type":"sell","buyer":"bluesniper","seller":"thranax","symbol":"POB","quantity":"4.59434378","price":"1.64503010","timestamp":1621726584,"volume":"7.55783381","buyTxId":"MM-P-7177481-54125602-3-0-0","sellTxId":"1729eb925f4f064cfceb204a9dd9af08d7110a6c"}
{"index": {"_index":"pob","_id":"1078866"}}
	{"id":1078866,"type":"sell","buyer":"bluesniper","seller":"thranax","symbol":"POB","quantity":"3.73584727","price":"1.64503010","timestamp":1621727118,"volume":"6.14558121","buyTxId":"MM-P-7177481-54125602-3-0-0","sellTxId":"891b80a6fd98fc23e71574674526d84837e72b45"}
{"index": {"_index":"pob","_id":"1078877"}}
	{"id":1078877,"type":"sell","buyer":"bluesniper","seller":"coininstant","symbol":"POB","quantity":"12.94601539","price":"1.64503010","timestamp":1621727541,"volume":"21.29658499","buyTxId":"MM-P-7177481-54125602-3-0-0","sellTxId":"157f955159bb888068c6d72827e56765bf09b708"}
{"index": {"_index":"pob","_id":"1078878"}}
	{"id":1078878,"type":"sell","buyer":"onealfa.leo","seller":"coininstant","symbol":"POB","quantity":"15.35224692","price":"1.64502010","timestamp":1621727565,"volume":"25.25475476","buyTxId":"9ae9c9dc0d348ca302119be4dd3022a875d45d68","sellTxId":"f782b2e449de03c7f092ff0776483778b5e1588a"}
{"index": {"_index":"pob","_id":"1078921"}}
	{"id":1078921,"type":"buy","buyer":"frot","seller":"brofi-market","symbol":"POB","quantity":"5.24842759","price":"1.64503012","timestamp":1621728159,"volume":"8.63382147","buyTxId":"e99d315461d96bcfdc2002193691f54df6d08fe8","sellTxId":"53c2b04077902fbeea9d1d8a2d313baba5d52916"}
{"index": {"_index":"pob","_id":"1078922"}}
	{"id":1078922,"type":"buy","buyer":"frot","seller":"nirvana3003","symbol":"POB","quantity":"29.75157241","price":"1.64503012","timestamp":1621728159,"volume":"48.94223273","buyTxId":"e99d315461d96bcfdc2002193691f54df6d08fe8","sellTxId":"984aac06078fba1a50b2f8f79ee9a2c23854e660"}
{"index": {"_index":"pob","_id":"1078930"}}
	{"id":1078930,"type":"sell","buyer":"bluesniper","seller":"charcoalbuffet","symbol":"POB","quantity":"7.16031596","price":"1.64503010","timestamp":1621728495,"volume":"11.77893528","buyTxId":"MM-P-7177914-54126101-3-0-0","sellTxId":"8539a244a4c4b757481dafe2ede92e015337187a"}
{"index": {"_index":"pob","_id":"1078940"}}
	{"id":1078940,"type":"buy","buyer":"he-index","seller":"nirvana3003","symbol":"POB","quantity":"1.98800000","price":"1.64503012","timestamp":1621728735,"volume":"3.27031988","buyTxId":"55adf83924ecffdffbf1a48f52e18a4fd5436684","sellTxId":"984aac06078fba1a50b2f8f79ee9a2c23854e660"}
{"index": {"_index":"pob","_id":"1078943"}}
	{"id":1078943,"type":"sell","buyer":"bluesniper","seller":"andy4475","symbol":"POB","quantity":"1.04551360","price":"1.64503010","timestamp":1621728747,"volume":"1.71990134","buyTxId":"MM-P-7177914-54126101-3-0-0","sellTxId":"2a556f020d1441111ba545b7e85a33ca496f3399"}
{"index": {"_index":"pob","_id":"1078972"}}
	{"id":1078972,"type":"sell","buyer":"bluesniper","seller":"hallmann","symbol":"POB","quantity":"4.77243256","price":"1.64503010","timestamp":1621730781,"volume":"7.85079521","buyTxId":"MM-P-7177914-54126101-3-0-0","sellTxId":"00aaad1bc80e2deb4c1e8650bcfb873d995df195"}
{"index": {"_index":"pob","_id":"1078988"}}
	{"id":1078988,"type":"sell","buyer":"bluesniper","seller":"maylenasland","symbol":"POB","quantity":"2.22963270","price":"1.64503010","timestamp":1621731126,"volume":"3.66781290","buyTxId":"MM-P-7177914-54126101-3-0-0","sellTxId":"43a99fa39d3854821f2ebdca375934277959fef3"}
{"index": {"_index":"pob","_id":"1079002"}}
	{"id":1079002,"type":"sell","buyer":"bluesniper","seller":"metzli","symbol":"POB","quantity":"3.60754022","price":"1.64503010","timestamp":1621731681,"volume":"5.93451225","buyTxId":"MM-P-7177914-54126101-3-0-0","sellTxId":"280d3190abcba84d1baea73b91ed2089e335da40"}
{"index": {"_index":"pob","_id":"1079004"}}
	{"id":1079004,"type":"sell","buyer":"bluesniper","seller":"dajohns1420","symbol":"POB","quantity":"2.46077140","price":"1.64503010","timestamp":1621731741,"volume":"4.04804302","buyTxId":"MM-P-7177914-54126101-3-0-0","sellTxId":"1a8b2afcf33e8b378ace6f88e67e6e4bfcb7b843"}
{"index": {"_index":"pob","_id":"1079007"}}
	{"id":1079007,"type":"sell","buyer":"onealfa.leo","seller":"yayogerardo","symbol":"POB","quantity":"2.92686446","price":"1.64502010","timestamp":1621731825,"volume":"4.81475087","buyTxId":"9ae9c9dc0d348ca302119be4dd3022a875d45d68","sellTxId":"2cfb1f15e800d605207e2f63b1a942b3f1bea311"}
{"index": {"_index":"pob","_id":"1079010"}}
	{"id":1079010,"type":"sell","buyer":"onealfa.leo","seller":"jakiro12","symbol":"POB","quantity":"43.90719326","price":"1.64502010","timestamp":1621731966,"volume":"72.22821544","buyTxId":"9ae9c9dc0d348ca302119be4dd3022a875d45d68","sellTxId":"dcfb878021246bb758aef5e414fd3b09ffaf5f56"}
{"index": {"_index":"pob","_id":"1079015"}}
	{"id":1079015,"type":"sell","buyer":"ezrider","seller":"paulmoon410","symbol":"POB","quantity":"0.63540701","price":"1.64502003","timestamp":1621732155,"volume":"1.04525726","buyTxId":"f258c53e7c054a1568a526f621998150ae6b0912","sellTxId":"21e1d2bac57412279be619f83fda91d1958cf084"}
{"index": {"_index":"pob","_id":"1079018"}}
	{"id":1079018,"type":"sell","buyer":"ezrider","seller":"freebornsociety","symbol":"POB","quantity":"10.00000000","price":"1.64502003","timestamp":1621732203,"volume":"16.45020030","buyTxId":"f258c53e7c054a1568a526f621998150ae6b0912","sellTxId":"MM-P-7179181-54127504-3-1-0"}
{"index": {"_index":"pob","_id":"1079024"}}
	{"id":1079024,"type":"sell","buyer":"ezrider","seller":"freebornsociety","symbol":"POB","quantity":"10.00000000","price":"1.64502003","timestamp":1621732503,"volume":"16.45020030","buyTxId":"f258c53e7c054a1568a526f621998150ae6b0912","sellTxId":"MM-P-7179267-54127604-3-1-1"}
{"index": {"_index":"pob","_id":"1079030"}}
	{"id":1079030,"type":"sell","buyer":"ezrider","seller":"freebornsociety","symbol":"POB","quantity":"15.88659299","price":"1.64502003","timestamp":1621732803,"volume":"26.13376368","buyTxId":"f258c53e7c054a1568a526f621998150ae6b0912","sellTxId":"MM-P-7179343-54127704-3-1-1"}
{"index": {"_index":"pob","_id":"1079032"}}
	{"id":1079032,"type":"sell","buyer":"freebornsociety","seller":"dajohns1420","symbol":"POB","quantity":"9.37441410","price":"1.60010000","timestamp":1621732905,"volume":"15.00000000","buyTxId":"MM-P-7179343-54127704-3-1-0","sellTxId":"49536dcdb6921536c17ba93be1ab872b10e932e5"}
{"index": {"_index":"pob","_id":"1079033"}}
	{"id":1079033,"type":"sell","buyer":"he-index","seller":"dajohns1420","symbol":"POB","quantity":"7.14200000","price":"1.60000000","timestamp":1621732905,"volume":"11.42720000","buyTxId":"65b79ba3cfe6074ad417340a1ea4e6827deac3c5","sellTxId":"49536dcdb6921536c17ba93be1ab872b10e932e5"}
{"index": {"_index":"pob","_id":"1079034"}}
	{"id":1079034,"type":"sell","buyer":"master-lamps","seller":"dajohns1420","symbol":"POB","quantity":"0.92200000","price":"1.60000000","timestamp":1621732905,"volume":"1.47520000","buyTxId":"dbb5e008c5cc58056252b32584c9cb81199ed7e3","sellTxId":"49536dcdb6921536c17ba93be1ab872b10e932e5"}
{"index": {"_index":"pob","_id":"1079036"}}
	{"id":1079036,"type":"sell","buyer":"sondershausen","seller":"chubb149","symbol":"POB","quantity":"0.62970000","price":"1.55000000","timestamp":1621733133,"volume":"0.97603500","buyTxId":"f6b6ca45561cd87e5a5d736fe445ffcdb3c5f393","sellTxId":"be6eeb664984445ed6de372adca7ce9cfed6e062"}
{"index": {"_index":"pob","_id":"1079037"}}
	{"id":1079037,"type":"sell","buyer":"olddessauer","seller":"chubb149","symbol":"POB","quantity":"0.18740000","price":"1.55000000","timestamp":1621733133,"volume":"0.29047000","buyTxId":"118a8e0bd33027b6e14d1abe5f5cb6bbde5c6efc","sellTxId":"be6eeb664984445ed6de372adca7ce9cfed6e062"}
{"index": {"_index":"pob","_id":"1079041"}}
	{"id":1079041,"type":"sell","buyer":"he-index","seller":"chubb149","symbol":"POB","quantity":"1.00100000","price":"1.54604057","timestamp":1621733304,"volume":"1.54758661","buyTxId":"6e458213d5bb5c9787ddbbd9673b344683221e18","sellTxId":"5275fb6fc54a57f4cac6ca8577bc0e023eee8c99"}
{"index": {"_index":"pob","_id":"1079042"}}
	{"id":1079042,"type":"sell","buyer":"eirik","seller":"chubb149","symbol":"POB","quantity":"1.00000000","price":"1.45000000","timestamp":1621733304,"volume":"1.45000000","buyTxId":"26d9ff613cbeb62f033d975107187d1da6e7d4ef","sellTxId":"5275fb6fc54a57f4cac6ca8577bc0e023eee8c99"}
{"index": {"_index":"pob","_id":"1079062"}}
	{"id":1079062,"type":"buy","buyer":"georgeknowsall","seller":"chubb149","symbol":"POB","quantity":"0.50000000","price":"1.40011000","timestamp":1621733703,"volume":"0.70005500","buyTxId":"df412e459ce20b9f00e6f3eab9adfbea319f65bf","sellTxId":"5275fb6fc54a57f4cac6ca8577bc0e023eee8c99"}
{"index": {"_index":"pob","_id":"1079095"}}
	{"id":1079095,"type":"sell","buyer":"freebornsociety","seller":"tlundy47","symbol":"POB","quantity":"0.00003525","price":"1.40010511","timestamp":1621735224,"volume":"0.00004935","buyTxId":"MM-P-7179429-54127804-3-1-0","sellTxId":"2972517a1a682b633e699ce299b51f450a825166"}
{"index": {"_index":"pob","_id":"1079102"}}
	{"id":1079102,"type":"sell","buyer":"freebornsociety","seller":"dajohns1420","symbol":"POB","quantity":"10.71344611","price":"1.40010511","timestamp":1621735617,"volume":"14.99995064","buyTxId":"MM-P-7179429-54127804-3-1-0","sellTxId":"a21a5926d4b6b2bde0a639ee1121b06a529d6380"}
{"index": {"_index":"pob","_id":"1079103"}}
	{"id":1079103,"type":"sell","buyer":"bluesniper","seller":"dajohns1420","symbol":"POB","quantity":"24.99973036","price":"1.40001510","timestamp":1621735617,"volume":"35.00000000","buyTxId":"MM-P-7179523-54127901-3-0-0","sellTxId":"a21a5926d4b6b2bde0a639ee1121b06a529d6380"}
{"index": {"_index":"pob","_id":"1079104"}}
	{"id":1079104,"type":"sell","buyer":"onealfa.leo","seller":"dajohns1420","symbol":"POB","quantity":"23.28682353","price":"1.40000510","timestamp":1621735617,"volume":"32.60167170","buyTxId":"94efff3569840b9b190941fef47f7c169df889ad","sellTxId":"a21a5926d4b6b2bde0a639ee1121b06a529d6380"}
{"index": {"_index":"pob","_id":"1079115"}}
	{"id":1079115,"type":"sell","buyer":"freebornsociety","seller":"valor2s","symbol":"POB","quantity":"3.35767416","price":"1.40010510","timestamp":1621736244,"volume":"4.70109672","buyTxId":"MM-P-7180270-54128703-3-1-0","sellTxId":"5ef9ee3c3fc12ae0d1a5e4d88fd804964cf00ae7"}
{"index": {"_index":"pob","_id":"1079158"}}
	{"id":1079158,"type":"buy","buyer":"offgridlife","seller":"chubb149","symbol":"POB","quantity":"1.00000000","price":"1.40011000","timestamp":1621737414,"volume":"1.40011000","buyTxId":"9597af49df0248619e3c571b89ad62564f55ec1e","sellTxId":"5275fb6fc54a57f4cac6ca8577bc0e023eee8c99"}
{"index": {"_index":"pob","_id":"1079162"}}
	{"id":1079162,"type":"buy","buyer":"freebornsociety","seller":"chubb149","symbol":"POB","quantity":"10.23640579","price":"1.40011000","timestamp":1621737603,"volume":"14.33209411","buyTxId":"MM-P-7180816-54129303-3-1-0","sellTxId":"5275fb6fc54a57f4cac6ca8577bc0e023eee8c99"}
{"index": {"_index":"pob","_id":"1079167"}}
	{"id":1079167,"type":"buy","buyer":"richardcrill","seller":"chubb149","symbol":"POB","quantity":"2.26259421","price":"1.40011000","timestamp":1621737744,"volume":"3.16788078","buyTxId":"MM-P-7180859-54129350-3-10-0","sellTxId":"5275fb6fc54a57f4cac6ca8577bc0e023eee8c99"}
{"index": {"_index":"pob","_id":"1079186"}}
	{"id":1079186,"type":"sell","buyer":"solovey6o2","seller":"trumpman","symbol":"POB","quantity":"11.51686194","price":"1.40012511","timestamp":1621738011,"volume":"16.12504759","buyTxId":"eae09a66895514819232b327d165507bc126f505","sellTxId":"868bdcf3ccc206fa545bbca1c64bd4260f18ce5e"}
{"index": {"_index":"pob","_id":"1079187"}}
	{"id":1079187,"type":"sell","buyer":"bluesniper","seller":"trumpman","symbol":"POB","quantity":"11.48313806","price":"1.40012510","timestamp":1621738011,"volume":"16.07782982","buyTxId":"MM-P-7180902-54129400-3-0-0","sellTxId":"868bdcf3ccc206fa545bbca1c64bd4260f18ce5e"}
