{"index": {"_index":"pob","_id":"2215900"}}
	{"id":2215900,"type":"sell","buyer":"themarkymark","seller":"yayogerardo","symbol":"POB","quantity":"148.33090381","price":"0.05251000","timestamp":1639020633,"volume":"7.78885576","buyTxId":"30ef46939605dc0ea718df594757579a828737ad","sellTxId":"1c5cba2a0def14f5c607fcbd874b51c1d442d4c7"}
{"index": {"_index":"pob","_id":"2215954"}}
	{"id":2215954,"type":"sell","buyer":"themarkymark","seller":"barbarabezina","symbol":"POB","quantity":"0.79450791","price":"0.05251000","timestamp":1639021221,"volume":"0.04171961","buyTxId":"30ef46939605dc0ea718df594757579a828737ad","sellTxId":"2795531d6a536dd3547153e8dd45647119f4a669"}
{"index": {"_index":"pob","_id":"2216055"}}
	{"id":2216055,"type":"sell","buyer":"themarkymark","seller":"splinterbooster","symbol":"POB","quantity":"7.09534794","price":"0.05251000","timestamp":1639021956,"volume":"0.37257672","buyTxId":"30ef46939605dc0ea718df594757579a828737ad","sellTxId":"693c8e3050fad1a7d09da95b96672b52c50eed7f"}
{"index": {"_index":"pob","_id":"2216232"}}
	{"id":2216232,"type":"sell","buyer":"themarkymark","seller":"supertask","symbol":"POB","quantity":"50.96065201","price":"0.05251000","timestamp":1639023180,"volume":"2.67594384","buyTxId":"30ef46939605dc0ea718df594757579a828737ad","sellTxId":"d583c1f19ba1cf9252b31de3990e391d3deefccb"}
{"index": {"_index":"pob","_id":"2216258"}}
	{"id":2216258,"type":"sell","buyer":"themarkymark","seller":"karamyog","symbol":"POB","quantity":"0.34107150","price":"0.05251000","timestamp":1639023417,"volume":"0.01790966","buyTxId":"30ef46939605dc0ea718df594757579a828737ad","sellTxId":"a338d98f9063d6ac2198a81d99582f2e685962e4"}
{"index": {"_index":"pob","_id":"2216420"}}
	{"id":2216420,"type":"sell","buyer":"tezzmax","seller":"mawit07","symbol":"POB","quantity":"4.31938581","price":"0.05600000","timestamp":1639025055,"volume":"0.24188561","buyTxId":"47df495cc77e515bc0aa2786bde466a54ac5546f","sellTxId":"20e681859f17a82f6493c57174130babd35a8f9a"}
{"index": {"_index":"pob","_id":"2216497"}}
	{"id":2216497,"type":"sell","buyer":"tezzmax","seller":"coffeelovers","symbol":"POB","quantity":"13.00000000","price":"0.05600000","timestamp":1639025760,"volume":"0.72800000","buyTxId":"47df495cc77e515bc0aa2786bde466a54ac5546f","sellTxId":"442101a2ac2816589914b3cddc826152224d61ff"}
{"index": {"_index":"pob","_id":"2216538"}}
	{"id":2216538,"type":"sell","buyer":"tezzmax","seller":"teesart","symbol":"POB","quantity":"512.68061419","price":"0.05600000","timestamp":1639026123,"volume":"28.71011439","buyTxId":"47df495cc77e515bc0aa2786bde466a54ac5546f","sellTxId":"02f9d3c41156a5e4f0b824f7b3b29b4b0c257fea"}
{"index": {"_index":"pob","_id":"2216633"}}
	{"id":2216633,"type":"sell","buyer":"coininstant","seller":"sugandhaseth","symbol":"POB","quantity":"0.13132053","price":"0.05252000","timestamp":1639027170,"volume":"0.00689695","buyTxId":"5d2fcf926816ccdb813dac30699711b2b0e0b53c","sellTxId":"23fc13bee954f0ca3d677c359ba6109071d05dbf"}
{"index": {"_index":"pob","_id":"2216735"}}
	{"id":2216735,"type":"sell","buyer":"themarkymark","seller":"ugochill","symbol":"POB","quantity":"0.00198194","price":"0.05251000","timestamp":1639028493,"volume":"0.00010407","buyTxId":"30ef46939605dc0ea718df594757579a828737ad","sellTxId":"d8e1e37735bf1752d42f42806e9dedb06590df59"}
{"index": {"_index":"pob","_id":"2216784"}}
	{"id":2216784,"type":"sell","buyer":"themarkymark","seller":"clixmoney","symbol":"POB","quantity":"4.63770707","price":"0.05251000","timestamp":1639029012,"volume":"0.24352600","buyTxId":"30ef46939605dc0ea718df594757579a828737ad","sellTxId":"f54013f371246cad92457634920c0503c701eafd"}
{"index": {"_index":"pob","_id":"2216820"}}
	{"id":2216820,"type":"sell","buyer":"themarkymark","seller":"ratyanila","symbol":"POB","quantity":"1.06000000","price":"0.05251000","timestamp":1639029627,"volume":"0.05566060","buyTxId":"30ef46939605dc0ea718df594757579a828737ad","sellTxId":"94988dabfd631e4340d3870bc0d75341d86b7975"}
{"index": {"_index":"pob","_id":"2216863"}}
	{"id":2216863,"type":"buy","buyer":"trostparadox","seller":"sugandhaseth","symbol":"POB","quantity":"73.26278900","price":"0.05252000","timestamp":1639029948,"volume":"3.84776168","buyTxId":"d7488e4673bc1a11a3b22ac077593c8c5bc06a27","sellTxId":"23fc13bee954f0ca3d677c359ba6109071d05dbf"}
{"index": {"_index":"pob","_id":"2216911"}}
	{"id":2216911,"type":"buy","buyer":"magnacarta","seller":"sugandhaseth","symbol":"POB","quantity":"0.00000077","price":"0.05252000","timestamp":1639030101,"volume":"0.00000004","buyTxId":"8bda896e283b045821b7cc391afc15352cf50a75","sellTxId":"23fc13bee954f0ca3d677c359ba6109071d05dbf"}
{"index": {"_index":"pob","_id":"2216912"}}
	{"id":2216912,"type":"buy","buyer":"magnacarta","seller":"erhan92","symbol":"POB","quantity":"82.50296722","price":"0.06899873","timestamp":1639030101,"volume":"5.69259996","buyTxId":"8bda896e283b045821b7cc391afc15352cf50a75","sellTxId":"71573a89419ec3d5b0620ed70cb6beec69498ec8"}
{"index": {"_index":"pob","_id":"2217132"}}
	{"id":2217132,"type":"sell","buyer":"themarkymark","seller":"nuthman","symbol":"POB","quantity":"3.43656128","price":"0.05251000","timestamp":1639030875,"volume":"0.18045383","buyTxId":"30ef46939605dc0ea718df594757579a828737ad","sellTxId":"44fdbab235d02fb75d705c1e82a86575716c9ca0"}
{"index": {"_index":"pob","_id":"2217670"}}
	{"id":2217670,"type":"sell","buyer":"themarkymark","seller":"insight.pob","symbol":"POB","quantity":"12.00000000","price":"0.05251000","timestamp":1639034070,"volume":"0.63012000","buyTxId":"30ef46939605dc0ea718df594757579a828737ad","sellTxId":"572740d5591a79f90bd5e7e97e9d4c38d2cceecd"}
{"index": {"_index":"pob","_id":"2217709"}}
	{"id":2217709,"type":"sell","buyer":"themarkymark","seller":"insight.pob","symbol":"POB","quantity":"45.39000000","price":"0.05251000","timestamp":1639034349,"volume":"2.38342890","buyTxId":"30ef46939605dc0ea718df594757579a828737ad","sellTxId":"fbda078ed22177db331824f59e784d346492ea57"}
{"index": {"_index":"pob","_id":"2217774"}}
	{"id":2217774,"type":"sell","buyer":"themarkymark","seller":"stickupboys","symbol":"POB","quantity":"1.84187049","price":"0.05251000","timestamp":1639034655,"volume":"0.09671662","buyTxId":"30ef46939605dc0ea718df594757579a828737ad","sellTxId":"e09c4c2d704943d2e595feeb3424c806e438fc7e"}
{"index": {"_index":"pob","_id":"2217934"}}
	{"id":2217934,"type":"sell","buyer":"themarkymark","seller":"globetrottergcc","symbol":"POB","quantity":"2.91630252","price":"0.05251000","timestamp":1639035552,"volume":"0.15313505","buyTxId":"30ef46939605dc0ea718df594757579a828737ad","sellTxId":"8d409e1ab0b17cddf8c9d50d85332815964108ef"}
{"index": {"_index":"pob","_id":"2217992"}}
	{"id":2217992,"type":"sell","buyer":"themarkymark","seller":"abh12345","symbol":"POB","quantity":"32.97852074","price":"0.05251000","timestamp":1639035789,"volume":"1.73170212","buyTxId":"30ef46939605dc0ea718df594757579a828737ad","sellTxId":"f4db364ffdd65b1f0a4f1a4657352dd533e29fe7"}
{"index": {"_index":"pob","_id":"2218016"}}
	{"id":2218016,"type":"sell","buyer":"themarkymark","seller":"der-prophet","symbol":"POB","quantity":"1.02779264","price":"0.05251000","timestamp":1639035891,"volume":"0.05396939","buyTxId":"30ef46939605dc0ea718df594757579a828737ad","sellTxId":"1f53fabfa09d8b28437ee3c6951b367654cf2562"}
{"index": {"_index":"pob","_id":"2218100"}}
	{"id":2218100,"type":"sell","buyer":"themarkymark","seller":"nevies","symbol":"POB","quantity":"102.00000000","price":"0.05251000","timestamp":1639036272,"volume":"5.35602000","buyTxId":"30ef46939605dc0ea718df594757579a828737ad","sellTxId":"e0e6faa13df59969635b8ba6b15bbe6f7d417b0f"}
{"index": {"_index":"pob","_id":"2218111"}}
	{"id":2218111,"type":"sell","buyer":"themarkymark","seller":"barski","symbol":"POB","quantity":"0.40178742","price":"0.05251000","timestamp":1639036389,"volume":"0.02109786","buyTxId":"30ef46939605dc0ea718df594757579a828737ad","sellTxId":"477feb38425bbe86da182e05e0c370c6f0cd39ce"}
{"index": {"_index":"pob","_id":"2218112"}}
	{"id":2218112,"type":"sell","buyer":"themarkymark","seller":"clicmaster","symbol":"POB","quantity":"186.29760801","price":"0.05251000","timestamp":1639036389,"volume":"9.78248740","buyTxId":"30ef46939605dc0ea718df594757579a828737ad","sellTxId":"ed1689b8fb4349644dda0eed0431f72e74307137"}
{"index": {"_index":"pob","_id":"2218142"}}
	{"id":2218142,"type":"sell","buyer":"themarkymark","seller":"itharagaian","symbol":"POB","quantity":"0.17480000","price":"0.05251000","timestamp":1639036584,"volume":"0.00917875","buyTxId":"30ef46939605dc0ea718df594757579a828737ad","sellTxId":"640087a67b8caa0da11eacac07c46440b1f6f9e5"}
{"index": {"_index":"pob","_id":"2218497"}}
	{"id":2218497,"type":"sell","buyer":"marketroll","seller":"firstborn.pob","symbol":"POB","quantity":"22.00000000","price":"0.05251100","timestamp":1639038639,"volume":"1.15524200","buyTxId":"631b686c41fd7c093fa698145e5e5db526affa95","sellTxId":"79fc8eee857455f3ed947d62db907e726a4c398b"}
{"index": {"_index":"pob","_id":"2218505"}}
	{"id":2218505,"type":"sell","buyer":"marketroll","seller":"firstborn.pob","symbol":"POB","quantity":"0.73390469","price":"0.05251100","timestamp":1639038681,"volume":"0.03853807","buyTxId":"631b686c41fd7c093fa698145e5e5db526affa95","sellTxId":"482c65219ae70dfa53f875952abbe26a69e3d9be"}
{"index": {"_index":"pob","_id":"2218565"}}
	{"id":2218565,"type":"sell","buyer":"marketroll","seller":"fatherfaith","symbol":"POB","quantity":"1.26410000","price":"0.05251100","timestamp":1639039086,"volume":"0.06637916","buyTxId":"631b686c41fd7c093fa698145e5e5db526affa95","sellTxId":"9a927ed7b3087ea97eae077ff0b8e0b05f3d5443"}
{"index": {"_index":"pob","_id":"2218702"}}
	{"id":2218702,"type":"buy","buyer":"taseli","seller":"liotes.voter","symbol":"POB","quantity":"6.13426155","price":"0.06499501","timestamp":1639039962,"volume":"0.39869639","buyTxId":"fe37e9d49d0e5949ad27ff02d4c0c599a3532052","sellTxId":"b047b83ad8918694e87dfa131e241d4519586dc9"}
{"index": {"_index":"pob","_id":"2218703"}}
	{"id":2218703,"type":"buy","buyer":"taseli","seller":"master-lamps","symbol":"POB","quantity":"6.33549577","price":"0.06499959","timestamp":1639039962,"volume":"0.41180463","buyTxId":"fe37e9d49d0e5949ad27ff02d4c0c599a3532052","sellTxId":"c5f25ffd6aba9838580f0c692110f0e3100d7b54"}
{"index": {"_index":"pob","_id":"2218704"}}
	{"id":2218704,"type":"buy","buyer":"taseli","seller":"indiaunited","symbol":"POB","quantity":"39.00887235","price":"0.06500000","timestamp":1639039962,"volume":"2.53557670","buyTxId":"fe37e9d49d0e5949ad27ff02d4c0c599a3532052","sellTxId":"68588bc2e496fc1698f4a2d942e6f21f25f7326d"}
{"index": {"_index":"pob","_id":"2218705"}}
	{"id":2218705,"type":"buy","buyer":"taseli","seller":"erhan92","symbol":"POB","quantity":"23.97023551","price":"0.06899900","timestamp":1639039962,"volume":"1.65392228","buyTxId":"fe37e9d49d0e5949ad27ff02d4c0c599a3532052","sellTxId":"15c502e3820f822c7793869f7d7417d7c27d66b9"}
{"index": {"_index":"pob","_id":"2219037"}}
	{"id":2219037,"type":"sell","buyer":"erhan92","seller":"fermentedphil","symbol":"POB","quantity":"2.85679099","price":"0.05261000","timestamp":1639042716,"volume":"0.15029577","buyTxId":"3be5580d2e199c20c97cb49cc16e1453fda235f1","sellTxId":"96471be5704ca8f500a48e3469747ea8c8812850"}
{"index": {"_index":"pob","_id":"2219290"}}
	{"id":2219290,"type":"sell","buyer":"erhan92","seller":"clixmoney","symbol":"POB","quantity":"0.59003961","price":"0.05261000","timestamp":1639044360,"volume":"0.03104198","buyTxId":"3be5580d2e199c20c97cb49cc16e1453fda235f1","sellTxId":"96d6789ecb0b065fc8f2088981631b6101355315"}
{"index": {"_index":"pob","_id":"2219506"}}
	{"id":2219506,"type":"sell","buyer":"master-lamps","seller":"ugochill","symbol":"POB","quantity":"0.00791910","price":"0.05261021","timestamp":1639045599,"volume":"0.00041663","buyTxId":"58f7db14b966aabcdf1dd06779ebe9bcbb23be03","sellTxId":"a16452b88e6af16d7d702279e0e6da349096c16f"}
{"index": {"_index":"pob","_id":"2219881"}}
	{"id":2219881,"type":"sell","buyer":"master-lamps","seller":"tfranzini","symbol":"POB","quantity":"7.81954685","price":"0.05261021","timestamp":1639048188,"volume":"0.41138800","buyTxId":"58f7db14b966aabcdf1dd06779ebe9bcbb23be03","sellTxId":"21fd46e99f7c0d76fece48a3af0d5ba82864a0f0"}
{"index": {"_index":"pob","_id":"2219882"}}
	{"id":2219882,"type":"sell","buyer":"maarnio","seller":"tfranzini","symbol":"POB","quantity":"7.18045315","price":"0.05261021","timestamp":1639048188,"volume":"0.37776515","buyTxId":"09c79cb78996238f57c93b99237610e29c28ef17","sellTxId":"21fd46e99f7c0d76fece48a3af0d5ba82864a0f0"}
{"index": {"_index":"pob","_id":"2219904"}}
	{"id":2219904,"type":"sell","buyer":"maarnio","seller":"eve66","symbol":"POB","quantity":"7.75739296","price":"0.05261021","timestamp":1639048284,"volume":"0.40811807","buyTxId":"09c79cb78996238f57c93b99237610e29c28ef17","sellTxId":"0412511f8e06b4ad7d2983c6342fb0f0b5ee01ba"}
{"index": {"_index":"pob","_id":"2220199"}}
	{"id":2220199,"type":"sell","buyer":"maarnio","seller":"montpellier","symbol":"POB","quantity":"6.22500000","price":"0.05261021","timestamp":1639050444,"volume":"0.32749856","buyTxId":"09c79cb78996238f57c93b99237610e29c28ef17","sellTxId":"dd902951cc8a33831d1d1fbc747d0aa7b6019453"}
{"index": {"_index":"pob","_id":"2220230"}}
	{"id":2220230,"type":"sell","buyer":"maarnio","seller":"incredibility","symbol":"POB","quantity":"6.18600000","price":"0.05261021","timestamp":1639050819,"volume":"0.32544676","buyTxId":"09c79cb78996238f57c93b99237610e29c28ef17","sellTxId":"f9f5d94d460fb1fb8581179a9459fd4417e3c3b5"}
{"index": {"_index":"pob","_id":"2220302"}}
	{"id":2220302,"type":"sell","buyer":"maarnio","seller":"deffdon","symbol":"POB","quantity":"16.65115389","price":"0.05261021","timestamp":1639051311,"volume":"0.87602070","buyTxId":"09c79cb78996238f57c93b99237610e29c28ef17","sellTxId":"b015820ad541b0790610b4d7d3b4d45888ebe591"}
{"index": {"_index":"pob","_id":"2220303"}}
	{"id":2220303,"type":"sell","buyer":"erhan92","seller":"deffdon","symbol":"POB","quantity":"3.86784611","price":"0.05261000","timestamp":1639051311,"volume":"0.20348738","buyTxId":"3be5580d2e199c20c97cb49cc16e1453fda235f1","sellTxId":"b015820ad541b0790610b4d7d3b4d45888ebe591"}
{"index": {"_index":"pob","_id":"2220573"}}
	{"id":2220573,"type":"sell","buyer":"erhan92","seller":"alfarero","symbol":"POB","quantity":"0.79784534","price":"0.05261000","timestamp":1639052844,"volume":"0.04197464","buyTxId":"3be5580d2e199c20c97cb49cc16e1453fda235f1","sellTxId":"0d674ff1baa85f77db60993d0781f3689a6e0ae6"}
{"index": {"_index":"pob","_id":"2220915"}}
	{"id":2220915,"type":"sell","buyer":"erhan92","seller":"calumam","symbol":"POB","quantity":"125.88747795","price":"0.05261000","timestamp":1639055532,"volume":"6.62294021","buyTxId":"3be5580d2e199c20c97cb49cc16e1453fda235f1","sellTxId":"cb34a16a438cb0be871b206f675c07aacda16661"}
{"index": {"_index":"pob","_id":"2220916"}}
	{"id":2220916,"type":"sell","buyer":"anadolu","seller":"calumam","symbol":"POB","quantity":"153.68212030","price":"0.05260100","timestamp":1639055532,"volume":"8.08383321","buyTxId":"MM-P-12900211-59886998-3-1-0","sellTxId":"cb34a16a438cb0be871b206f675c07aacda16661"}
{"index": {"_index":"pob","_id":"2220917"}}
	{"id":2220917,"type":"sell","buyer":"infinitytcg","seller":"calumam","symbol":"POB","quantity":"100.00000000","price":"0.05260000","timestamp":1639055532,"volume":"5.26000000","buyTxId":"dcd961aedc97d7daf247a76806a4953c30cbadac","sellTxId":"cb34a16a438cb0be871b206f675c07aacda16661"}
{"index": {"_index":"pob","_id":"2220918"}}
	{"id":2220918,"type":"sell","buyer":"themarkymark","seller":"calumam","symbol":"POB","quantity":"1729.43040175","price":"0.05251000","timestamp":1639055532,"volume":"90.81239040","buyTxId":"30ef46939605dc0ea718df594757579a828737ad","sellTxId":"cb34a16a438cb0be871b206f675c07aacda16661"}
{"index": {"_index":"pob","_id":"2220943"}}
	{"id":2220943,"type":"sell","buyer":"themarkymark","seller":"inigo-montoya-jr","symbol":"POB","quantity":"116.75694350","price":"0.05251000","timestamp":1639055778,"volume":"6.13090710","buyTxId":"30ef46939605dc0ea718df594757579a828737ad","sellTxId":"b189b2e24d05f6d1a6f68526acd564f2302ce214"}
{"index": {"_index":"pob","_id":"2221021"}}
	{"id":2221021,"type":"sell","buyer":"themarkymark","seller":"luueetang","symbol":"POB","quantity":"0.58384538","price":"0.05251000","timestamp":1639056291,"volume":"0.03065772","buyTxId":"30ef46939605dc0ea718df594757579a828737ad","sellTxId":"57b5e820aefc0d6dfd652f0b092b8b972afb64d4"}
{"index": {"_index":"pob","_id":"2221338"}}
	{"id":2221338,"type":"buy","buyer":"magnacarta","seller":"master-lamps","symbol":"POB","quantity":"7.84891225","price":"0.06699750","timestamp":1639058445,"volume":"0.52585750","buyTxId":"895abb65380b92d7bf3eed654243a3053d9c71be","sellTxId":"5a2f0b18329e8d45485a9f9bed67152fd4a7e2cd"}
{"index": {"_index":"pob","_id":"2221339"}}
	{"id":2221339,"type":"buy","buyer":"magnacarta","seller":"infinitytcg","symbol":"POB","quantity":"50.00000000","price":"0.06700000","timestamp":1639058445,"volume":"3.35000000","buyTxId":"895abb65380b92d7bf3eed654243a3053d9c71be","sellTxId":"dab38712dd3807371b2dcb0a53a13ad3b6a6937f"}
{"index": {"_index":"pob","_id":"2221340"}}
	{"id":2221340,"type":"buy","buyer":"magnacarta","seller":"anadolu","symbol":"POB","quantity":"163.63364567","price":"0.06798200","timestamp":1639058445,"volume":"11.12414250","buyTxId":"895abb65380b92d7bf3eed654243a3053d9c71be","sellTxId":"MM-P-12901110-59887897-3-1-0"}
{"index": {"_index":"pob","_id":"2221378"}}
	{"id":2221378,"type":"sell","buyer":"themarkymark","seller":"josediccus","symbol":"POB","quantity":"19.76099379","price":"0.05251000","timestamp":1639058643,"volume":"1.03764978","buyTxId":"30ef46939605dc0ea718df594757579a828737ad","sellTxId":"4c5553fcff1205a3e2a2818b05610b01ec595561"}
{"index": {"_index":"pob","_id":"2221396"}}
	{"id":2221396,"type":"sell","buyer":"themarkymark","seller":"bilpcoinbpc","symbol":"POB","quantity":"0.04455090","price":"0.05251000","timestamp":1639058763,"volume":"0.00233937","buyTxId":"30ef46939605dc0ea718df594757579a828737ad","sellTxId":"822b6e27dcf66bdaa3aca2ba1edde21da05a686a"}
{"index": {"_index":"pob","_id":"2221688"}}
	{"id":2221688,"type":"sell","buyer":"anadolu","seller":"charcoalbuffet","symbol":"POB","quantity":"14.74206757","price":"0.05251109","timestamp":1639060395,"volume":"0.77412204","buyTxId":"MM-P-12901409-59888196-3-1-0","sellTxId":"bd599092b18927d85ede7c4327830e8701d94b30"}
{"index": {"_index":"pob","_id":"2221798"}}
	{"id":2221798,"type":"sell","buyer":"anadolu","seller":"ervin-lemark","symbol":"POB","quantity":"3.33373592","price":"0.05251109","timestamp":1639060980,"volume":"0.17505811","buyTxId":"MM-P-12901409-59888196-3-1-0","sellTxId":"d853c2504ba4a0f5ef9746ac2478be24935e5cee"}
{"index": {"_index":"pob","_id":"2221983"}}
	{"id":2221983,"type":"sell","buyer":"anadolu","seller":"elricmoonslayer","symbol":"POB","quantity":"2.37207666","price":"0.05251210","timestamp":1639062297,"volume":"0.12456273","buyTxId":"MM-P-12902209-59888996-3-1-0","sellTxId":"59db1d0f512f5a74ab3722bc96031b6c3fc216b7"}
{"index": {"_index":"pob","_id":"2222002"}}
	{"id":2222002,"type":"sell","buyer":"anadolu","seller":"numpypython","symbol":"POB","quantity":"3.42928880","price":"0.05251210","timestamp":1639062396,"volume":"0.18007916","buyTxId":"MM-P-12902209-59888996-3-1-0","sellTxId":"174bbaae6f67ed6120c7a44aff2eca9a80ef817c"}
{"index": {"_index":"pob","_id":"2222151"}}
	{"id":2222151,"type":"sell","buyer":"anadolu","seller":"bitcoinflood","symbol":"POB","quantity":"14.61224277","price":"0.05251210","timestamp":1639063392,"volume":"0.76731955","buyTxId":"MM-P-12902209-59888996-3-1-0","sellTxId":"d3c1355d2a086f37e0a5dc153974fd4372130c46"}
{"index": {"_index":"pob","_id":"2222401"}}
	{"id":2222401,"type":"sell","buyer":"anadolu","seller":"revisesociology","symbol":"POB","quantity":"28.00000000","price":"0.05251210","timestamp":1639064895,"volume":"1.47033880","buyTxId":"MM-P-12902209-59888996-3-1-0","sellTxId":"9ce8ebbac017f18002efec3db3fe49e56f99a9c9"}
{"index": {"_index":"pob","_id":"2222622"}}
	{"id":2222622,"type":"sell","buyer":"anadolu","seller":"brofi-market","symbol":"POB","quantity":"4.87481656","price":"0.05251210","timestamp":1639066620,"volume":"0.25598685","buyTxId":"MM-P-12902209-59888996-3-1-0","sellTxId":"6d4f0b5bc3e40d7609c051740ce3eb83b18bca1c"}
{"index": {"_index":"pob","_id":"2222689"}}
	{"id":2222689,"type":"sell","buyer":"anadolu","seller":"trumpikas","symbol":"POB","quantity":"10.16604436","price":"0.05251210","timestamp":1639066968,"volume":"0.53384034","buyTxId":"MM-P-12902209-59888996-3-1-0","sellTxId":"29ef99e344b5c9b7e70812c39e4469023843b679"}
{"index": {"_index":"pob","_id":"2222854"}}
	{"id":2222854,"type":"sell","buyer":"dsc-r2cornell","seller":"kevmcc","symbol":"POB","quantity":"1.66202219","price":"0.06799000","timestamp":1639067874,"volume":"0.11300089","buyTxId":"e062e614b439b1c2d56f778d0fb47cf4020158c4","sellTxId":"6c5707b2e031d49397af4b4592683d6b0a21876d"}
{"index": {"_index":"pob","_id":"2222935"}}
	{"id":2222935,"type":"sell","buyer":"anadolu","seller":"razackpulo.sport","symbol":"POB","quantity":"34.20000000","price":"0.05251210","timestamp":1639068279,"volume":"1.79591382","buyTxId":"MM-P-12902209-59888996-3-1-0","sellTxId":"99e387bc6038e16b24f5cb7d9c0b05b9a6ff126c"}
{"index": {"_index":"pob","_id":"2222993"}}
	{"id":2222993,"type":"sell","buyer":"anadolu","seller":"enforcer48","symbol":"POB","quantity":"4.25800000","price":"0.05251210","timestamp":1639068579,"volume":"0.22359652","buyTxId":"MM-P-12902209-59888996-3-1-0","sellTxId":"bf2909e38c6842808733d12ac039fa53220e8eba"}
{"index": {"_index":"pob","_id":"2223495"}}
	{"id":2223495,"type":"sell","buyer":"jburke.mp4","seller":"paulmoon410","symbol":"POB","quantity":"1.03148674","price":"0.06799000","timestamp":1639071081,"volume":"0.07013078","buyTxId":"1bfe10eabfb29a0a59a3d9944626f115fb3d92e4","sellTxId":"69a3cd75a6d13d93725bd37e2a946fbf7a7626b6"}
{"index": {"_index":"pob","_id":"2223868"}}
	{"id":2223868,"type":"sell","buyer":"jburke.mp4","seller":"jersteemit","symbol":"POB","quantity":"5.68282759","price":"0.06799000","timestamp":1639073742,"volume":"0.38637545","buyTxId":"1bfe10eabfb29a0a59a3d9944626f115fb3d92e4","sellTxId":"9272acdd49296bfe3ba6aee4c726add9a4df1e9e"}
{"index": {"_index":"pob","_id":"2223916"}}
	{"id":2223916,"type":"sell","buyer":"anadolu","seller":"kevinnag58","symbol":"POB","quantity":"66.38350495","price":"0.05251310","timestamp":1639073976,"volume":"3.48600363","buyTxId":"MM-P-12906105-59892892-3-1-0","sellTxId":"19b506f32a168e4050905c48b94fab25cd80a466"}
{"index": {"_index":"pob","_id":"2224135"}}
	{"id":2224135,"type":"sell","buyer":"anadolu","seller":"ugochill","symbol":"POB","quantity":"0.00609649","price":"0.05251310","timestamp":1639075455,"volume":"0.00032015","buyTxId":"MM-P-12906105-59892892-3-1-0","sellTxId":"a356489b9713c138c32de8dd5b83cfc45189540a"}
{"index": {"_index":"pob","_id":"2224166"}}
	{"id":2224166,"type":"sell","buyer":"anadolu","seller":"dhedge-drips","symbol":"POB","quantity":"0.52230178","price":"0.05251310","timestamp":1639075623,"volume":"0.02742769","buyTxId":"MM-P-12906105-59892892-3-1-0","sellTxId":"21a9d08cf737b4ea971a66b53f66d00e8693bbdc"}
{"index": {"_index":"pob","_id":"2224207"}}
	{"id":2224207,"type":"sell","buyer":"anadolu","seller":"andy-plays","symbol":"POB","quantity":"1.00000000","price":"0.05251310","timestamp":1639075893,"volume":"0.05251310","buyTxId":"MM-P-12906105-59892892-3-1-0","sellTxId":"3a4c6cbc3cfaf76f91eb0d638355fa77dafbaf19"}
{"index": {"_index":"pob","_id":"2224218"}}
	{"id":2224218,"type":"sell","buyer":"anadolu","seller":"automaton","symbol":"POB","quantity":"1.65648256","price":"0.05251310","timestamp":1639075962,"volume":"0.08698703","buyTxId":"MM-P-12906105-59892892-3-1-0","sellTxId":"36d5b83979cd27406646e76c3fedf1dda4e0c37f"}
{"index": {"_index":"pob","_id":"2224348"}}
	{"id":2224348,"type":"sell","buyer":"anadolu","seller":"mehmetfix","symbol":"POB","quantity":"5.00000000","price":"0.05251310","timestamp":1639076841,"volume":"0.26256550","buyTxId":"MM-P-12906105-59892892-3-1-0","sellTxId":"cbac7cda4c926d874de816b8fc22770d1e296791"}
{"index": {"_index":"pob","_id":"2224841"}}
	{"id":2224841,"type":"sell","buyer":"eirik","seller":"zirochka","symbol":"POB","quantity":"0.00417654","price":"0.05350000","timestamp":1639080522,"volume":"0.00022344","buyTxId":"f45622f3e3c23cfa435cfb7cd85086033c745312","sellTxId":"6f550ad78934c21925d5759ec84d3975e04a1fef"}
{"index": {"_index":"pob","_id":"2224863"}}
	{"id":2224863,"type":"buy","buyer":"andy4475","seller":"dhedge-drips","symbol":"POB","quantity":"0.52230178","price":"0.06798900","timestamp":1639080594,"volume":"0.03551078","buyTxId":"24f9c8b924d56a515cb85284b7b63bd86542abc8","sellTxId":"1770d30392a0f58f6e1db6b975a886cad879d9fb"}
{"index": {"_index":"pob","_id":"2224864"}}
	{"id":2224864,"type":"buy","buyer":"andy4475","seller":"jersteemit","symbol":"POB","quantity":"30.84122693","price":"0.06799000","timestamp":1639080594,"volume":"2.09689502","buyTxId":"24f9c8b924d56a515cb85284b7b63bd86542abc8","sellTxId":"9272acdd49296bfe3ba6aee4c726add9a4df1e9e"}
{"index": {"_index":"pob","_id":"2224874"}}
	{"id":2224874,"type":"buy","buyer":"andy4475","seller":"lebah","symbol":"POB","quantity":"5.40000000","price":"0.06799389","timestamp":1639080669,"volume":"0.36716701","buyTxId":"e2fbf304a3103d387896cf4a7363602defab2136","sellTxId":"43233652fb8a2ad99d84e3952c0e533d2c3a8e26"}
{"index": {"_index":"pob","_id":"2224875"}}
	{"id":2224875,"type":"buy","buyer":"andy4475","seller":"erhan92","symbol":"POB","quantity":"30.00000000","price":"0.06799489","timestamp":1639080669,"volume":"2.03984670","buyTxId":"e2fbf304a3103d387896cf4a7363602defab2136","sellTxId":"8fe831b672f7b534c3e84be07239d2fc24a22774"}
{"index": {"_index":"pob","_id":"2224876"}}
	{"id":2224876,"type":"buy","buyer":"andy4475","seller":"brofi-market","symbol":"POB","quantity":"4.87481656","price":"0.06799489","timestamp":1639080669,"volume":"0.33146262","buyTxId":"e2fbf304a3103d387896cf4a7363602defab2136","sellTxId":"1783fa76ea718dda8cafa207b21800abf3df261c"}
{"index": {"_index":"pob","_id":"2224877"}}
	{"id":2224877,"type":"buy","buyer":"andy4475","seller":"barski","symbol":"POB","quantity":"0.21168492","price":"0.06799490","timestamp":1639080669,"volume":"0.01439349","buyTxId":"e2fbf304a3103d387896cf4a7363602defab2136","sellTxId":"0380f4637b372db7f100e77c967f47b2df9db00c"}
{"index": {"_index":"pob","_id":"2224878"}}
	{"id":2224878,"type":"buy","buyer":"andy4475","seller":"ctpsb","symbol":"POB","quantity":"3.28000000","price":"0.06799490","timestamp":1639080669,"volume":"0.22302327","buyTxId":"e2fbf304a3103d387896cf4a7363602defab2136","sellTxId":"364bd64ace8d74a137f90020143bd4d93361548c"}
{"index": {"_index":"pob","_id":"2224879"}}
	{"id":2224879,"type":"buy","buyer":"andy4475","seller":"vancouverpics","symbol":"POB","quantity":"1.29715465","price":"0.06799900","timestamp":1639080669,"volume":"0.08820522","buyTxId":"e2fbf304a3103d387896cf4a7363602defab2136","sellTxId":"7638341b181ddc52392b253c87493ec76855a5c2"}
{"index": {"_index":"pob","_id":"2224880"}}
	{"id":2224880,"type":"buy","buyer":"andy4475","seller":"infinitytcg","symbol":"POB","quantity":"38.00000000","price":"0.06800000","timestamp":1639080669,"volume":"2.58400000","buyTxId":"e2fbf304a3103d387896cf4a7363602defab2136","sellTxId":"da0c2573c8f9d92a61696cedcddbfa975d5b7b6f"}
{"index": {"_index":"pob","_id":"2224927"}}
	{"id":2224927,"type":"buy","buyer":"andy4475","seller":"anadolu","symbol":"POB","quantity":"200.00000000","price":"0.06899800","timestamp":1639080873,"volume":"13.79960000","buyTxId":"0425941e36084f5e0a47bc977ad4fa49bb01d421","sellTxId":"MM-P-12908601-59895388-3-1-0"}
{"index": {"_index":"pob","_id":"2224928"}}
	{"id":2224928,"type":"buy","buyer":"andy4475","seller":"erhan92","symbol":"POB","quantity":"29.93029710","price":"0.06899900","timestamp":1639080873,"volume":"2.06516057","buyTxId":"0425941e36084f5e0a47bc977ad4fa49bb01d421","sellTxId":"15c502e3820f822c7793869f7d7417d7c27d66b9"}
{"index": {"_index":"pob","_id":"2224929"}}
	{"id":2224929,"type":"buy","buyer":"andy4475","seller":"infinitytcg","symbol":"POB","quantity":"30.06970290","price":"0.06900000","timestamp":1639080873,"volume":"2.07480950","buyTxId":"0425941e36084f5e0a47bc977ad4fa49bb01d421","sellTxId":"7afe51fe2e13279584d5a3ba930ce585c8792601"}
{"index": {"_index":"pob","_id":"2224940"}}
	{"id":2224940,"type":"buy","buyer":"andy4475","seller":"infinitytcg","symbol":"POB","quantity":"49.00000000","price":"0.06900000","timestamp":1639080954,"volume":"3.38100000","buyTxId":"c786e14f0bbc317a0d0c74ba00d77462e1db4958","sellTxId":"7afe51fe2e13279584d5a3ba930ce585c8792601"}
{"index": {"_index":"pob","_id":"2224954"}}
	{"id":2224954,"type":"buy","buyer":"andy4475","seller":"infinitytcg","symbol":"POB","quantity":"0.93029710","price":"0.06900000","timestamp":1639081062,"volume":"0.06419050","buyTxId":"3ac39af7c026e8c4b931eaa6f21d42c8e903b006","sellTxId":"7afe51fe2e13279584d5a3ba930ce585c8792601"}
{"index": {"_index":"pob","_id":"2224955"}}
	{"id":2224955,"type":"buy","buyer":"andy4475","seller":"gimmetricks1","symbol":"POB","quantity":"3.24807587","price":"0.07000000","timestamp":1639081062,"volume":"0.22736531","buyTxId":"3ac39af7c026e8c4b931eaa6f21d42c8e903b006","sellTxId":"9111ca6c00176117b17dcf2c8ad42614a04c4f14"}
{"index": {"_index":"pob","_id":"2224956"}}
	{"id":2224956,"type":"buy","buyer":"andy4475","seller":"bala41288","symbol":"POB","quantity":"17.02358907","price":"0.07000000","timestamp":1639081062,"volume":"1.19165123","buyTxId":"3ac39af7c026e8c4b931eaa6f21d42c8e903b006","sellTxId":"2a75260cd75e8534f37937bd1f8e22738b6015ea"}
{"index": {"_index":"pob","_id":"2224957"}}
	{"id":2224957,"type":"buy","buyer":"andy4475","seller":"liotes.voter","symbol":"POB","quantity":"1.79803796","price":"0.07999501","timestamp":1639081062,"volume":"0.14383406","buyTxId":"3ac39af7c026e8c4b931eaa6f21d42c8e903b006","sellTxId":"a3d92b08278c02299c99a37d6ac0df3afb62fb2f"}
{"index": {"_index":"pob","_id":"2225080"}}
	{"id":2225080,"type":"sell","buyer":"eirik","seller":"chireerocks","symbol":"POB","quantity":"2.91433457","price":"0.05350000","timestamp":1639081929,"volume":"0.15591690","buyTxId":"f45622f3e3c23cfa435cfb7cd85086033c745312","sellTxId":"2475eaa59c34e317c29edc0fdef149d0bcea622e"}
{"index": {"_index":"pob","_id":"2225127"}}
	{"id":2225127,"type":"sell","buyer":"eirik","seller":"savagetobi","symbol":"POB","quantity":"10.98732885","price":"0.05350000","timestamp":1639082208,"volume":"0.58782209","buyTxId":"f45622f3e3c23cfa435cfb7cd85086033c745312","sellTxId":"00dfdaad5bf0765c3987035d39d5b95dcd170713"}
{"index": {"_index":"pob","_id":"2225273"}}
	{"id":2225273,"type":"sell","buyer":"eirik","seller":"deathwing","symbol":"POB","quantity":"0.025","price":"0.05350000","timestamp":1639083306,"volume":"0.00133750","buyTxId":"f45622f3e3c23cfa435cfb7cd85086033c745312","sellTxId":"4d82841129d64924d8629073790e2187fe6e0937-0"}
{"index": {"_index":"pob","_id":"2225284"}}
	{"id":2225284,"type":"sell","buyer":"eirik","seller":"magnacarta","symbol":"POB","quantity":"11.06916004","price":"0.05350000","timestamp":1639083378,"volume":"0.59220006","buyTxId":"f45622f3e3c23cfa435cfb7cd85086033c745312","sellTxId":"120ff4648b3800bb49b69dac3ee31972a1349e76"}
{"index": {"_index":"pob","_id":"2225285"}}
	{"id":2225285,"type":"sell","buyer":"anadolu","seller":"magnacarta","symbol":"POB","quantity":"2.91790121","price":"0.05252010","timestamp":1639083378,"volume":"0.15324846","buyTxId":"MM-P-12909399-59896187-3-1-0","sellTxId":"120ff4648b3800bb49b69dac3ee31972a1349e76"}
{"index": {"_index":"pob","_id":"2225387"}}
	{"id":2225387,"type":"sell","buyer":"anadolu","seller":"urun","symbol":"POB","quantity":"190.42867399","price":"0.05251310","timestamp":1639084152,"volume":"10.00000000","buyTxId":"MM-P-12909599-59896387-3-1-0","sellTxId":"41ed68ca04302186729a8f6f2b956f7bbe0a6281"}
{"index": {"_index":"pob","_id":"2225388"}}
	{"id":2225388,"type":"sell","buyer":"maarnio","seller":"urun","symbol":"POB","quantity":"72.80844900","price":"0.05251210","timestamp":1639084152,"volume":"3.82332455","buyTxId":"abe3eddb71833989f6ec8e6126a1ffb8c297f5f7","sellTxId":"41ed68ca04302186729a8f6f2b956f7bbe0a6281"}
{"index": {"_index":"pob","_id":"2225389"}}
	{"id":2225389,"type":"sell","buyer":"mamolya","seller":"urun","symbol":"POB","quantity":"18.00000000","price":"0.05251110","timestamp":1639084152,"volume":"0.94519980","buyTxId":"6646c9b14b61c05d00ebb94e46f51e4dbae45565","sellTxId":"41ed68ca04302186729a8f6f2b956f7bbe0a6281"}
{"index": {"_index":"pob","_id":"2225390"}}
	{"id":2225390,"type":"sell","buyer":"master-lamps","seller":"urun","symbol":"POB","quantity":"10.01000000","price":"0.05251009","timestamp":1639084152,"volume":"0.52562600","buyTxId":"3aa679f6595c0529572f4a25af9218715c344531","sellTxId":"41ed68ca04302186729a8f6f2b956f7bbe0a6281"}
{"index": {"_index":"pob","_id":"2225391"}}
	{"id":2225391,"type":"sell","buyer":"rentmoney","seller":"urun","symbol":"POB","quantity":"74.31617492","price":"0.05250000","timestamp":1639084152,"volume":"3.90159918","buyTxId":"1bcc389fb6f18024152f2e15b49e1f1500fe6e3d","sellTxId":"41ed68ca04302186729a8f6f2b956f7bbe0a6281"}
{"index": {"_index":"pob","_id":"2225915"}}
	{"id":2225915,"type":"sell","buyer":"infinitytcg","seller":"erhan92","symbol":"POB","quantity":"10.00000000","price":"0.05300000","timestamp":1639088385,"volume":"0.53000000","buyTxId":"b72cb8d949d405d4fb3240f2f9c95dee77c32400","sellTxId":"6c8f7cad2137f8aaa64e8bde777634e77d8abe93"}
{"index": {"_index":"pob","_id":"2226000"}}
	{"id":2226000,"type":"sell","buyer":"infinitytcg","seller":"he-index","symbol":"POB","quantity":"0.05700000","price":"0.05300000","timestamp":1639089066,"volume":"0.00302100","buyTxId":"b72cb8d949d405d4fb3240f2f9c95dee77c32400","sellTxId":"c085e1c7b75daa30b0a1e7c8de1c076f6d8236d9"}
{"index": {"_index":"pob","_id":"2226240"}}
	{"id":2226240,"type":"sell","buyer":"infinitytcg","seller":"ugochill","symbol":"POB","quantity":"0.00364384","price":"0.05300000","timestamp":1639091454,"volume":"0.00019312","buyTxId":"b72cb8d949d405d4fb3240f2f9c95dee77c32400","sellTxId":"0e942275c63731dfe02f06ec1ab04f76cb9520bb"}
{"index": {"_index":"pob","_id":"2226399"}}
	{"id":2226399,"type":"sell","buyer":"steemincome","seller":"magnacarta","symbol":"POB","quantity":"0.001","price":"0.05310000","timestamp":1639092831,"volume":"0.00005310","buyTxId":"aef9e9dec6cc6f634b5a45c498bd4c0b5fa98dc8","sellTxId":"ded3b236107fc1e15a1b526c7cc19e7ae0a7ee1d"}
{"index": {"_index":"pob","_id":"2226442"}}
	{"id":2226442,"type":"sell","buyer":"steemincome","seller":"damla","symbol":"POB","quantity":"15.08529350","price":"0.05310000","timestamp":1639093101,"volume":"0.80102908","buyTxId":"aef9e9dec6cc6f634b5a45c498bd4c0b5fa98dc8","sellTxId":"56398eb680988c491f9a908b8aeac424ff8ad02d"}
{"index": {"_index":"pob","_id":"2226521"}}
	{"id":2226521,"type":"sell","buyer":"steemincome","seller":"antoniojoseha","symbol":"POB","quantity":"1.85253399","price":"0.05310000","timestamp":1639093842,"volume":"0.09836955","buyTxId":"aef9e9dec6cc6f634b5a45c498bd4c0b5fa98dc8","sellTxId":"eac31c71f28d8485c5faee3c915550d4fa9b9ffc"}
{"index": {"_index":"pob","_id":"2226522"}}
	{"id":2226522,"type":"sell","buyer":"steemincome","seller":"candy49","symbol":"POB","quantity":"1.27904288","price":"0.05310000","timestamp":1639093842,"volume":"0.06791718","buyTxId":"aef9e9dec6cc6f634b5a45c498bd4c0b5fa98dc8","sellTxId":"645db9b68c46143070cd9aaece0492a3f0d78105"}
{"index": {"_index":"pob","_id":"2226666"}}
	{"id":2226666,"type":"sell","buyer":"steemincome","seller":"andy4475","symbol":"POB","quantity":"3.59070556","price":"0.05310000","timestamp":1639094772,"volume":"0.19066647","buyTxId":"aef9e9dec6cc6f634b5a45c498bd4c0b5fa98dc8","sellTxId":"881e2cd6fc9f8e3c6f0d10e39a6b6436314d6df9"}
{"index": {"_index":"pob","_id":"2227237"}}
	{"id":2227237,"type":"sell","buyer":"steemincome","seller":"tejimundo","symbol":"POB","quantity":"0.52429335","price":"0.05310000","timestamp":1639098849,"volume":"0.02783998","buyTxId":"aef9e9dec6cc6f634b5a45c498bd4c0b5fa98dc8","sellTxId":"487efb92a8ea81276e18010102e91ca15f3e3dc5"}
{"index": {"_index":"pob","_id":"2227419"}}
	{"id":2227419,"type":"sell","buyer":"holovision.cash","seller":"yahia-lababidi","symbol":"POB","quantity":"0.42000000","price":"0.06000000","timestamp":1639100373,"volume":"0.02520000","buyTxId":"367fdaf43249941b8758fac056d897bb9ee5ecd7","sellTxId":"da60b1176701a247940522631fc80b3c70b1cf56"}
{"index": {"_index":"pob","_id":"2227495"}}
	{"id":2227495,"type":"sell","buyer":"steemincome","seller":"felipejoys.pob","symbol":"POB","quantity":"49.00000000","price":"0.05310000","timestamp":1639100958,"volume":"2.60190000","buyTxId":"aef9e9dec6cc6f634b5a45c498bd4c0b5fa98dc8","sellTxId":"22a2de4214f1539bb7561dad80451d0fa961b1cb"}
{"index": {"_index":"pob","_id":"2227572"}}
	{"id":2227572,"type":"sell","buyer":"steemincome","seller":"forexbrokr","symbol":"POB","quantity":"3.57893194","price":"0.05310000","timestamp":1639101786,"volume":"0.19004129","buyTxId":"aef9e9dec6cc6f634b5a45c498bd4c0b5fa98dc8","sellTxId":"a0569b09043644400c4cc13f29ceb402a02c9bc9"}
{"index": {"_index":"pob","_id":"2227579"}}
	{"id":2227579,"type":"sell","buyer":"steemincome","seller":"gubbatv","symbol":"POB","quantity":"19.40456695","price":"0.05310000","timestamp":1639101837,"volume":"1.03038251","buyTxId":"aef9e9dec6cc6f634b5a45c498bd4c0b5fa98dc8","sellTxId":"2a5513feea72bbe4aa9ef1f259072734d6ed452b"}
{"index": {"_index":"pob","_id":"2227730"}}
	{"id":2227730,"type":"buy","buyer":"thatcryptodave","seller":"yahia-lababidi","symbol":"POB","quantity":"4.37073102","price":"0.06000000","timestamp":1639103343,"volume":"0.26224386","buyTxId":"d9f09db02c833f41ca83c4ac089249cb137a6264","sellTxId":"da60b1176701a247940522631fc80b3c70b1cf56"}
{"index": {"_index":"pob","_id":"2228140"}}
	{"id":2228140,"type":"buy","buyer":"steemincome","seller":"yahia-lababidi","symbol":"POB","quantity":"18.35302062","price":"0.06000000","timestamp":1639106484,"volume":"1.10118124","buyTxId":"75187d885d37dd0cc1897ef079ffe1a78d612bad","sellTxId":"da60b1176701a247940522631fc80b3c70b1cf56"}
