{"index": {"_index":"pob","_id":"3351073"}}
	{"id":3351073,"type":"sell","buyer":"opidia","seller":"schlees","symbol":"POB","quantity":"19.32698989","price":"0.02290000","timestamp":1651719144,"volume":"0.44258807","buyTxId":"ba72bcc7017f0f42ec0c975b655106d9c55f95ff","sellTxId":"1b026c5d23c24d1906f8ce5137ddb236bc828605"}
{"index": {"_index":"pob","_id":"3351171"}}
	{"id":3351171,"type":"sell","buyer":"opidia","seller":"pjansen","symbol":"POB","quantity":"21.87948665","price":"0.02290000","timestamp":1651720581,"volume":"0.50104024","buyTxId":"ba72bcc7017f0f42ec0c975b655106d9c55f95ff","sellTxId":"4aaabea99145eb8d17cdf9c4a8c2237ab4d54367"}
{"index": {"_index":"pob","_id":"3351461"}}
	{"id":3351461,"type":"sell","buyer":"opidia","seller":"xplosive","symbol":"POB","quantity":"0.55645062","price":"0.02290000","timestamp":1651724997,"volume":"0.01274272","buyTxId":"ba72bcc7017f0f42ec0c975b655106d9c55f95ff","sellTxId":"92fb368023db15462fc7f304d47896562f9513d2"}
{"index": {"_index":"pob","_id":"3351571"}}
	{"id":3351571,"type":"sell","buyer":"opidia","seller":"pjansen","symbol":"POB","quantity":"21.97960474","price":"0.02290000","timestamp":1651727454,"volume":"0.50333295","buyTxId":"ba72bcc7017f0f42ec0c975b655106d9c55f95ff","sellTxId":"57a9ed2470be35f396739fca4744d0065cc7b5f3"}
{"index": {"_index":"pob","_id":"3351579"}}
	{"id":3351579,"type":"sell","buyer":"opidia","seller":"pjansen","symbol":"POB","quantity":"21.95290997","price":"0.02290000","timestamp":1651727547,"volume":"0.50272164","buyTxId":"ba72bcc7017f0f42ec0c975b655106d9c55f95ff","sellTxId":"27705700f5c0a899828027a006c693efdbda20f7"}
{"index": {"_index":"pob","_id":"3351585"}}
	{"id":3351585,"type":"sell","buyer":"opidia","seller":"pjansen","symbol":"POB","quantity":"21.92626381","price":"0.02290000","timestamp":1651727646,"volume":"0.50211144","buyTxId":"ba72bcc7017f0f42ec0c975b655106d9c55f95ff","sellTxId":"42baad1f833b1f22e888d5f058ed6a87a697b023"}
{"index": {"_index":"pob","_id":"3351589"}}
	{"id":3351589,"type":"sell","buyer":"opidia","seller":"pjansen","symbol":"POB","quantity":"21.89966617","price":"0.02290000","timestamp":1651727745,"volume":"0.50150236","buyTxId":"ba72bcc7017f0f42ec0c975b655106d9c55f95ff","sellTxId":"2bf0d0d2a3e2d80c41bec60e2276db6a107b941a"}
{"index": {"_index":"pob","_id":"3351612"}}
	{"id":3351612,"type":"sell","buyer":"opidia","seller":"repayme4568","symbol":"POB","quantity":"88.47448000","price":"0.02290000","timestamp":1651728177,"volume":"2.02606559","buyTxId":"ba72bcc7017f0f42ec0c975b655106d9c55f95ff","sellTxId":"72265558dc82dd5f90a2b8ef28e1cb0a9b6ac999"}
{"index": {"_index":"pob","_id":"3351624"}}
	{"id":3351624,"type":"sell","buyer":"opidia","seller":"steem82868","symbol":"POB","quantity":"0.02531109","price":"0.02290000","timestamp":1651728318,"volume":"0.00057962","buyTxId":"ba72bcc7017f0f42ec0c975b655106d9c55f95ff","sellTxId":"5b176f477c1848417b8b6a985325d49bb631a34d"}
{"index": {"_index":"pob","_id":"3351675"}}
	{"id":3351675,"type":"sell","buyer":"opidia","seller":"pjansen","symbol":"POB","quantity":"21.8971385","price":"0.02290000","timestamp":1651728939,"volume":"0.50144447","buyTxId":"ba72bcc7017f0f42ec0c975b655106d9c55f95ff","sellTxId":"6e865a3c86b33b751a8635af681fc8b0f7193c48"}
{"index": {"_index":"pob","_id":"3351678"}}
	{"id":3351678,"type":"sell","buyer":"opidia","seller":"alexvan","symbol":"POB","quantity":"41.49266974","price":"0.02290000","timestamp":1651729098,"volume":"0.95018214","buyTxId":"ba72bcc7017f0f42ec0c975b655106d9c55f95ff","sellTxId":"c50e456af4baa1d83ec1603ea5ee4bc7fbc9f2b7"}
{"index": {"_index":"pob","_id":"3351760"}}
	{"id":3351760,"type":"sell","buyer":"opidia","seller":"teesart","symbol":"POB","quantity":"263.65987967","price":"0.02290000","timestamp":1651730283,"volume":"6.03781124","buyTxId":"ba72bcc7017f0f42ec0c975b655106d9c55f95ff","sellTxId":"cf4dac65cfa305652250be72b9b1fc0071d18946"}
{"index": {"_index":"pob","_id":"3351772"}}
	{"id":3351772,"type":"sell","buyer":"opidia","seller":"beemd","symbol":"POB","quantity":"75.10198080","price":"0.02290000","timestamp":1651730556,"volume":"1.71983536","buyTxId":"ba72bcc7017f0f42ec0c975b655106d9c55f95ff","sellTxId":"7f742718eafd99ac6a8b832c74545a5cb58ea198"}
{"index": {"_index":"pob","_id":"3351831"}}
	{"id":3351831,"type":"sell","buyer":"opidia","seller":"khang572","symbol":"POB","quantity":"15.37756597","price":"0.02290000","timestamp":1651731444,"volume":"0.35214626","buyTxId":"ba72bcc7017f0f42ec0c975b655106d9c55f95ff","sellTxId":"ba8a8097de30c86ab239593e687bdb3ffddc2c4c"}
{"index": {"_index":"pob","_id":"3351852"}}
	{"id":3351852,"type":"sell","buyer":"opidia","seller":"hive-photography","symbol":"POB","quantity":"31.74488194","price":"0.02290000","timestamp":1651731759,"volume":"0.72695780","buyTxId":"ba72bcc7017f0f42ec0c975b655106d9c55f95ff","sellTxId":"1207595f0f38c83a07f22d454a8cbfc5dee11d52"}
{"index": {"_index":"pob","_id":"3351858"}}
	{"id":3351858,"type":"sell","buyer":"opidia","seller":"hiveclick","symbol":"POB","quantity":"10.02433555","price":"0.02290000","timestamp":1651731825,"volume":"0.22955728","buyTxId":"ba72bcc7017f0f42ec0c975b655106d9c55f95ff","sellTxId":"5dbfbb279a3f91120272e35c3121cc9e6b096f19"}
{"index": {"_index":"pob","_id":"3351992"}}
	{"id":3351992,"type":"buy","buyer":"pjansen","seller":"quicktrades","symbol":"POB","quantity":"0.70765786","price":"0.02290001","timestamp":1651733862,"volume":"0.01620537","buyTxId":"dc422d3f48bcfaed3a8b4e071d182406a627c022","sellTxId":"9b2d076d339eeef960b921214ab498e502844eb3"}
{"index": {"_index":"pob","_id":"3351993"}}
	{"id":3351993,"type":"buy","buyer":"pjansen","seller":"droida","symbol":"POB","quantity":"0.31934578","price":"0.02290002","timestamp":1651733862,"volume":"0.00731302","buyTxId":"dc422d3f48bcfaed3a8b4e071d182406a627c022","sellTxId":"a2b73f2d57b78243aa9dbe11d769b1136263f19c"}
{"index": {"_index":"pob","_id":"3351994"}}
	{"id":3351994,"type":"buy","buyer":"pjansen","seller":"richardcrill","symbol":"POB","quantity":"32.61348736","price":"0.02290003","timestamp":1651733862,"volume":"0.74684984","buyTxId":"dc422d3f48bcfaed3a8b4e071d182406a627c022","sellTxId":"MM-P-17087733-64077412-3-12-0"}
{"index": {"_index":"pob","_id":"3352002"}}
	{"id":3352002,"type":"buy","buyer":"pjansen","seller":"richardcrill","symbol":"POB","quantity":"0.02700417","price":"0.02290003","timestamp":1651733961,"volume":"0.00061840","buyTxId":"4d3f6c3a7247db0d4c0d5a96011db7ed7cc068ba","sellTxId":"MM-P-17087733-64077412-3-12-0"}
{"index": {"_index":"pob","_id":"3352003"}}
	{"id":3352003,"type":"buy","buyer":"pjansen","seller":"quicktrades","symbol":"POB","quantity":"0.74329169","price":"0.02300001","timestamp":1651733961,"volume":"0.01709572","buyTxId":"4d3f6c3a7247db0d4c0d5a96011db7ed7cc068ba","sellTxId":"2ee3149a575d114b8d7a0767c1320576f07d053e"}
{"index": {"_index":"pob","_id":"3352004"}}
	{"id":3352004,"type":"buy","buyer":"pjansen","seller":"vagabondspirit","symbol":"POB","quantity":"0.60546032","price":"0.02300001","timestamp":1651733961,"volume":"0.01392559","buyTxId":"4d3f6c3a7247db0d4c0d5a96011db7ed7cc068ba","sellTxId":"af67dbfef3989b7f797e49d94f7a64636d6b448c"}
{"index": {"_index":"pob","_id":"3352005"}}
	{"id":3352005,"type":"buy","buyer":"pjansen","seller":"droida","symbol":"POB","quantity":"0.30477451","price":"0.02300002","timestamp":1651733961,"volume":"0.00700982","buyTxId":"4d3f6c3a7247db0d4c0d5a96011db7ed7cc068ba","sellTxId":"62018e78cbe6baea4a1afc8b23335787cfbc0609"}
{"index": {"_index":"pob","_id":"3352006"}}
	{"id":3352006,"type":"buy","buyer":"pjansen","seller":"meesterbrain","symbol":"POB","quantity":"98.31946931","price":"0.02300003","timestamp":1651733961,"volume":"2.26135074","buyTxId":"4d3f6c3a7247db0d4c0d5a96011db7ed7cc068ba","sellTxId":"e4d6a8d976c730fff560f3fca7fff7304c2b50ea"}
{"index": {"_index":"pob","_id":"3352012"}}
	{"id":3352012,"type":"buy","buyer":"pjansen","seller":"meesterbrain","symbol":"POB","quantity":"55.25562900","price":"0.02300003","timestamp":1651734042,"volume":"1.27088112","buyTxId":"88079d1c4727689af495d8ed4e670121e87fd487","sellTxId":"e4d6a8d976c730fff560f3fca7fff7304c2b50ea"}
{"index": {"_index":"pob","_id":"3352086"}}
	{"id":3352086,"type":"sell","buyer":"opidia","seller":"steem82868","symbol":"POB","quantity":"0.13091551","price":"0.02290000","timestamp":1651734768,"volume":"0.00299797","buyTxId":"ba72bcc7017f0f42ec0c975b655106d9c55f95ff","sellTxId":"bbd28c2895a6534dabace70de23a4b1a5ce611ff"}
{"index": {"_index":"pob","_id":"3352200"}}
	{"id":3352200,"type":"sell","buyer":"opidia","seller":"cliffagreen","symbol":"POB","quantity":"1.02871238","price":"0.02290000","timestamp":1651735869,"volume":"0.02355751","buyTxId":"ba72bcc7017f0f42ec0c975b655106d9c55f95ff","sellTxId":"9fe68c8a66f9bbd086173f0ea51e26238a434d50"}
{"index": {"_index":"pob","_id":"3352211"}}
	{"id":3352211,"type":"sell","buyer":"opidia","seller":"ourpick","symbol":"POB","quantity":"39.75310631","price":"0.02290000","timestamp":1651736067,"volume":"0.91034613","buyTxId":"ba72bcc7017f0f42ec0c975b655106d9c55f95ff","sellTxId":"42ff07c18fc50d8c7f883207c3227a85ca2363e6"}
{"index": {"_index":"pob","_id":"3352239"}}
	{"id":3352239,"type":"sell","buyer":"opidia","seller":"liotes.voter","symbol":"POB","quantity":"19.80144250","price":"0.02290000","timestamp":1651736430,"volume":"0.45345303","buyTxId":"ba72bcc7017f0f42ec0c975b655106d9c55f95ff","sellTxId":"cac3f30b5131ed9c95feba01f5e0ccb6a74be03e"}
{"index": {"_index":"pob","_id":"3352312"}}
	{"id":3352312,"type":"sell","buyer":"opidia","seller":"projectmamabg","symbol":"POB","quantity":"0.85967268","price":"0.02290000","timestamp":1651737615,"volume":"0.01968650","buyTxId":"ba72bcc7017f0f42ec0c975b655106d9c55f95ff","sellTxId":"6c6c21df6d4414df2fe28c5fa4ad62463299ae21"}
{"index": {"_index":"pob","_id":"3352420"}}
	{"id":3352420,"type":"buy","buyer":"pjansen","seller":"meesterbrain","symbol":"POB","quantity":"0.00000036","price":"0.02300003","timestamp":1651739670,"volume":"0.00000001","buyTxId":"d622a1965cb9606d7457b7cff8b761e364f2a7fe","sellTxId":"e4d6a8d976c730fff560f3fca7fff7304c2b50ea"}
{"index": {"_index":"pob","_id":"3352421"}}
	{"id":3352421,"type":"buy","buyer":"pjansen","seller":"master-lamps","symbol":"POB","quantity":"1.09635565","price":"0.02374500","timestamp":1651739670,"volume":"0.02603296","buyTxId":"d622a1965cb9606d7457b7cff8b761e364f2a7fe","sellTxId":"804b85d46c9a0cc2f4ecea2ab45985efb73c7685"}
{"index": {"_index":"pob","_id":"3352422"}}
	{"id":3352422,"type":"buy","buyer":"pjansen","seller":"master-lamps","symbol":"POB","quantity":"8.40884664","price":"0.02374500","timestamp":1651739670,"volume":"0.19966806","buyTxId":"d622a1965cb9606d7457b7cff8b761e364f2a7fe","sellTxId":"1a9ecc7c4dbdf9d74a110b81ae21f0d3d7c87b15"}
{"index": {"_index":"pob","_id":"3352423"}}
	{"id":3352423,"type":"buy","buyer":"pjansen","seller":"master-lamps","symbol":"POB","quantity":"0.72708614","price":"0.02374500","timestamp":1651739670,"volume":"0.01726466","buyTxId":"d622a1965cb9606d7457b7cff8b761e364f2a7fe","sellTxId":"7a5dd85b7e3703bb229f3e3e4ddfbd992b16ec96"}
{"index": {"_index":"pob","_id":"3352424"}}
	{"id":3352424,"type":"buy","buyer":"pjansen","seller":"quicktrades","symbol":"POB","quantity":"1.64804492","price":"0.02374508","timestamp":1651739670,"volume":"0.03913296","buyTxId":"d622a1965cb9606d7457b7cff8b761e364f2a7fe","sellTxId":"8269ba2ac42804d2bc69a2eb64262aa3aed85841"}
{"index": {"_index":"pob","_id":"3352425"}}
	{"id":3352425,"type":"buy","buyer":"pjansen","seller":"droida","symbol":"POB","quantity":"0.64570066","price":"0.02374509","timestamp":1651739670,"volume":"0.01533222","buyTxId":"d622a1965cb9606d7457b7cff8b761e364f2a7fe","sellTxId":"ea0c9fcb6aa31d79b3a0edbc331349c9f6ad4f7a"}
{"index": {"_index":"pob","_id":"3352426"}}
	{"id":3352426,"type":"buy","buyer":"pjansen","seller":"ben.haase","symbol":"POB","quantity":"0.35609605","price":"0.02374510","timestamp":1651739670,"volume":"0.00845554","buyTxId":"d622a1965cb9606d7457b7cff8b761e364f2a7fe","sellTxId":"7fc2d635114871dd4eef259c8749fdcd6d1b1e72"}
{"index": {"_index":"pob","_id":"3352427"}}
	{"id":3352427,"type":"buy","buyer":"pjansen","seller":"anadolu","symbol":"POB","quantity":"8.12224737","price":"0.02389900","timestamp":1651739670,"volume":"0.19411359","buyTxId":"d622a1965cb9606d7457b7cff8b761e364f2a7fe","sellTxId":"MM-P-17113978-64103668-3-9-1"}
{"index": {"_index":"pob","_id":"3352470"}}
	{"id":3352470,"type":"buy","buyer":"pjansen","seller":"anadolu","symbol":"POB","quantity":"20.92137746","price":"0.02389900","timestamp":1651739823,"volume":"0.5","buyTxId":"65f6ac3452d59f88dc27df0739eab2d657d82601","sellTxId":"MM-P-17113978-64103668-3-9-1"}
{"index": {"_index":"pob","_id":"3352475"}}
	{"id":3352475,"type":"buy","buyer":"pjansen","seller":"richardcrill","symbol":"POB","quantity":"21.00928610","price":"0.02379900","timestamp":1651739910,"volume":"0.5","buyTxId":"fc4016b55e2843caeaf87873ad12f1eaa0b53f02","sellTxId":"MM-P-17114058-64103748-3-12-0"}
{"index": {"_index":"pob","_id":"3352482"}}
	{"id":3352482,"type":"buy","buyer":"pjansen","seller":"richardcrill","symbol":"POB","quantity":"21.00928610","price":"0.02379900","timestamp":1651740003,"volume":"0.5","buyTxId":"71d6552d1140f40f6f6abbb8efd4a3845570011c","sellTxId":"MM-P-17114058-64103748-3-12-0"}
{"index": {"_index":"pob","_id":"3352489"}}
	{"id":3352489,"type":"sell","buyer":"opidia","seller":"yeckingo1","symbol":"POB","quantity":"7.24210338","price":"0.02290000","timestamp":1651740063,"volume":"0.16584417","buyTxId":"ba72bcc7017f0f42ec0c975b655106d9c55f95ff","sellTxId":"e80e9c82facae0034993fd86010b2b507edb01ea"}
{"index": {"_index":"pob","_id":"3352491"}}
	{"id":3352491,"type":"buy","buyer":"pjansen","seller":"richardcrill","symbol":"POB","quantity":"21.00928610","price":"0.02379900","timestamp":1651740096,"volume":"0.5","buyTxId":"8a44cc53bab796125566e221fbb99f72d34c6245","sellTxId":"MM-P-17114058-64103748-3-12-0"}
{"index": {"_index":"pob","_id":"3352504"}}
	{"id":3352504,"type":"buy","buyer":"pjansen","seller":"richardcrill","symbol":"POB","quantity":"21.00928610","price":"0.02379900","timestamp":1651740180,"volume":"0.5","buyTxId":"a9eea9a4a2bf279a1d7d685b6b151fb86613f66e","sellTxId":"MM-P-17114058-64103748-3-12-0"}
{"index": {"_index":"pob","_id":"3352513"}}
	{"id":3352513,"type":"buy","buyer":"pjansen","seller":"richardcrill","symbol":"POB","quantity":"21.00928610","price":"0.02379900","timestamp":1651740267,"volume":"0.5","buyTxId":"8d5605f8e31b9c13aaeb45ee2e182bbf83d9c980","sellTxId":"MM-P-17114058-64103748-3-12-0"}
{"index": {"_index":"pob","_id":"3352523"}}
	{"id":3352523,"type":"buy","buyer":"pjansen","seller":"richardcrill","symbol":"POB","quantity":"21.00928610","price":"0.02379900","timestamp":1651740399,"volume":"0.5","buyTxId":"50387637178dc3c66d88bb41bc826c02365c0bb6","sellTxId":"MM-P-17114058-64103748-3-12-0"}
{"index": {"_index":"pob","_id":"3352535"}}
	{"id":3352535,"type":"buy","buyer":"pjansen","seller":"richardcrill","symbol":"POB","quantity":"21.00928610","price":"0.02379900","timestamp":1651740558,"volume":"0.5","buyTxId":"82fd8576b57017b361998167a1f0b460469bf59f","sellTxId":"MM-P-17114058-64103748-3-12-0"}
{"index": {"_index":"pob","_id":"3352548"}}
	{"id":3352548,"type":"buy","buyer":"pjansen","seller":"richardcrill","symbol":"POB","quantity":"21.00928610","price":"0.02379900","timestamp":1651740642,"volume":"0.5","buyTxId":"533bfd922b088aa5980873811e60db7b5deabb6a","sellTxId":"MM-P-17114058-64103748-3-12-0"}
{"index": {"_index":"pob","_id":"3352550"}}
	{"id":3352550,"type":"buy","buyer":"pjansen","seller":"richardcrill","symbol":"POB","quantity":"21.00928610","price":"0.02379900","timestamp":1651740726,"volume":"0.5","buyTxId":"41ee5d9920eb117970c76160995224ff79f485bd","sellTxId":"MM-P-17114058-64103748-3-12-0"}
{"index": {"_index":"pob","_id":"3352553"}}
	{"id":3352553,"type":"buy","buyer":"phortun","seller":"richardcrill","symbol":"POB","quantity":"10.19671918","price":"0.02379900","timestamp":1651740792,"volume":"0.24267172","buyTxId":"5390eaf0f06a52a17c0ddb6296400c905d444013","sellTxId":"MM-P-17114058-64103748-3-12-0"}
{"index": {"_index":"pob","_id":"3352556"}}
	{"id":3352556,"type":"buy","buyer":"pjansen","seller":"richardcrill","symbol":"POB","quantity":"21.00928610","price":"0.02379900","timestamp":1651740822,"volume":"0.5","buyTxId":"2767e52201d4cf606bd740b730f36df5c702cea4","sellTxId":"MM-P-17114058-64103748-3-12-0"}
{"index": {"_index":"pob","_id":"3352560"}}
	{"id":3352560,"type":"buy","buyer":"pjansen","seller":"richardcrill","symbol":"POB","quantity":"21.00928610","price":"0.02379900","timestamp":1651740906,"volume":"0.5","buyTxId":"d8f71295ad102dc5381510c91693eff99a1865b1","sellTxId":"MM-P-17114058-64103748-3-12-0"}
{"index": {"_index":"pob","_id":"3352567"}}
	{"id":3352567,"type":"buy","buyer":"pjansen","seller":"richardcrill","symbol":"POB","quantity":"21.00928610","price":"0.02379900","timestamp":1651740990,"volume":"0.5","buyTxId":"e50a9f575e3d50da9bd6d401b085cb309923065d","sellTxId":"MM-P-17114058-64103748-3-12-0"}
{"index": {"_index":"pob","_id":"3352650"}}
	{"id":3352650,"type":"sell","buyer":"opidia","seller":"jacksonizer","symbol":"POB","quantity":"18.82943294","price":"0.02290000","timestamp":1651741836,"volume":"0.43119401","buyTxId":"ba72bcc7017f0f42ec0c975b655106d9c55f95ff","sellTxId":"b7e46c473d55957abd78f566298df58fe869d13c"}
{"index": {"_index":"pob","_id":"3352711"}}
	{"id":3352711,"type":"sell","buyer":"opidia","seller":"jdike","symbol":"POB","quantity":"2.42972976","price":"0.02290000","timestamp":1651742376,"volume":"0.05564081","buyTxId":"ba72bcc7017f0f42ec0c975b655106d9c55f95ff","sellTxId":"0b571d6fc81346e11bfdc7cf4f81b1abba2a4c6d"}
{"index": {"_index":"pob","_id":"3352721"}}
	{"id":3352721,"type":"sell","buyer":"opidia","seller":"lebah","symbol":"POB","quantity":"8.60000000","price":"0.02290000","timestamp":1651742442,"volume":"0.19694000","buyTxId":"ba72bcc7017f0f42ec0c975b655106d9c55f95ff","sellTxId":"1cb10b5b31b22455c29af2fddad1067bd39a11cc"}
{"index": {"_index":"pob","_id":"3352731"}}
	{"id":3352731,"type":"sell","buyer":"opidia","seller":"pjansen","symbol":"POB","quantity":"132.43128601","price":"0.02290000","timestamp":1651742499,"volume":"3.03267645","buyTxId":"ba72bcc7017f0f42ec0c975b655106d9c55f95ff","sellTxId":"798bc394f068bd0b5bc3624b6c0de1f77f2ac25a"}
{"index": {"_index":"pob","_id":"3352746"}}
	{"id":3352746,"type":"sell","buyer":"opidia","seller":"ugochill","symbol":"POB","quantity":"0.05000000","price":"0.02290000","timestamp":1651742604,"volume":"0.00114500","buyTxId":"ba72bcc7017f0f42ec0c975b655106d9c55f95ff","sellTxId":"6346dc77ff56fb695ff1129333d9e5aa3c6ef929"}
{"index": {"_index":"pob","_id":"3352815"}}
	{"id":3352815,"type":"sell","buyer":"opidia","seller":"dswap","symbol":"POB","quantity":"0.31166807","price":"0.02290000","timestamp":1651743258,"volume":"0.00713720","buyTxId":"ba72bcc7017f0f42ec0c975b655106d9c55f95ff","sellTxId":"966b837f01fd817c4a725d24945d4ecd05f64025"}
{"index": {"_index":"pob","_id":"3352936"}}
	{"id":3352936,"type":"sell","buyer":"opidia","seller":"beyondhorizonmm","symbol":"POB","quantity":"43.00000000","price":"0.02290000","timestamp":1651744809,"volume":"0.98470000","buyTxId":"ba72bcc7017f0f42ec0c975b655106d9c55f95ff","sellTxId":"ec32f21b83428bd756f7ac9c347c5c1b3112e1ad"}
{"index": {"_index":"pob","_id":"3353003"}}
	{"id":3353003,"type":"sell","buyer":"opidia","seller":"beemd","symbol":"POB","quantity":"11.32568651","price":"0.02290000","timestamp":1651745379,"volume":"0.25935822","buyTxId":"ba72bcc7017f0f42ec0c975b655106d9c55f95ff","sellTxId":"ea4fa648cd069540b78a8d40b8654941c2305b06"}
{"index": {"_index":"pob","_id":"3353017"}}
	{"id":3353017,"type":"sell","buyer":"opidia","seller":"mad-runner","symbol":"POB","quantity":"31.11397286","price":"0.02290000","timestamp":1651745532,"volume":"0.71250998","buyTxId":"ba72bcc7017f0f42ec0c975b655106d9c55f95ff","sellTxId":"7b49568c29894db9aaeab2a08c8a6d4648989f8d"}
{"index": {"_index":"pob","_id":"3353361"}}
	{"id":3353361,"type":"sell","buyer":"opidia","seller":"chireerocks","symbol":"POB","quantity":"15.53535025","price":"0.02290000","timestamp":1651749597,"volume":"0.35575952","buyTxId":"ba72bcc7017f0f42ec0c975b655106d9c55f95ff","sellTxId":"be54c1fba609ce24eac31197a413736e2a72123c"}
{"index": {"_index":"pob","_id":"3353474"}}
	{"id":3353474,"type":"sell","buyer":"opidia","seller":"mengene","symbol":"POB","quantity":"4.40670465","price":"0.02290000","timestamp":1651750572,"volume":"0.10091354","buyTxId":"ba72bcc7017f0f42ec0c975b655106d9c55f95ff","sellTxId":"1ab36ceed64efdcb4dc4231e774c81e705fa1e3a"}
{"index": {"_index":"pob","_id":"3353496"}}
	{"id":3353496,"type":"sell","buyer":"opidia","seller":"memeisfun","symbol":"POB","quantity":"208.69090819","price":"0.02290000","timestamp":1651750956,"volume":"4.77902180","buyTxId":"ba72bcc7017f0f42ec0c975b655106d9c55f95ff","sellTxId":"0b21f08190f70ca8e228872edb5e04fb5248db6a"}
{"index": {"_index":"pob","_id":"3353497"}}
	{"id":3353497,"type":"sell","buyer":"opidia","seller":"memeisfun","symbol":"POB","quantity":"41.30909181","price":"0.02290000","timestamp":1651750956,"volume":"0.94597820","buyTxId":"2e15946da601fea8deaf3f7af82ccd4a3af9180d","sellTxId":"0b21f08190f70ca8e228872edb5e04fb5248db6a"}
{"index": {"_index":"pob","_id":"3353520"}}
	{"id":3353520,"type":"sell","buyer":"opidia","seller":"gotgame","symbol":"POB","quantity":"3.24707482","price":"0.02290000","timestamp":1651751124,"volume":"0.07435801","buyTxId":"2e15946da601fea8deaf3f7af82ccd4a3af9180d","sellTxId":"69350ea2ce68142aa634fca85acdd4be17c77e76"}
{"index": {"_index":"pob","_id":"3353529"}}
	{"id":3353529,"type":"sell","buyer":"opidia","seller":"sonfecisinan","symbol":"POB","quantity":"0.31292940","price":"0.02290000","timestamp":1651751265,"volume":"0.00716608","buyTxId":"2e15946da601fea8deaf3f7af82ccd4a3af9180d","sellTxId":"7848674929fc89504d28c5015fee0d525ed42455"}
{"index": {"_index":"pob","_id":"3353537"}}
	{"id":3353537,"type":"sell","buyer":"opidia","seller":"andy4475","symbol":"POB","quantity":"46.97703658","price":"0.02290000","timestamp":1651751364,"volume":"1.07577414","buyTxId":"2e15946da601fea8deaf3f7af82ccd4a3af9180d","sellTxId":"47b5bbf1446275bbfca95720dd01f35230ad73f7"}
{"index": {"_index":"pob","_id":"3353664"}}
	{"id":3353664,"type":"buy","buyer":"chesatochi","seller":"sonfecisinan","symbol":"POB","quantity":"0.02589024","price":"0.02290013","timestamp":1651752579,"volume":"0.00059289","buyTxId":"fc86c8160eaa456a81af8f76c56d866e056b4654","sellTxId":"b5ccc6d72c3f6d9c2b37281922bbbd8f140d83a2"}
{"index": {"_index":"pob","_id":"3353665"}}
	{"id":3353665,"type":"buy","buyer":"chesatochi","seller":"knowhow92","symbol":"POB","quantity":"0.83575551","price":"0.02290013","timestamp":1651752579,"volume":"0.01913891","buyTxId":"fc86c8160eaa456a81af8f76c56d866e056b4654","sellTxId":"0a45db56af792cbe435aad1e8551ceb444c2cdf4"}
{"index": {"_index":"pob","_id":"3353703"}}
	{"id":3353703,"type":"sell","buyer":"opidia","seller":"clixmoney","symbol":"POB","quantity":"5.97535694","price":"0.02290000","timestamp":1651752924,"volume":"0.13683567","buyTxId":"2e15946da601fea8deaf3f7af82ccd4a3af9180d","sellTxId":"0b1456c2aac52f01f2857d1620fbe8a73852c447"}
{"index": {"_index":"pob","_id":"3353721"}}
	{"id":3353721,"type":"sell","buyer":"opidia","seller":"ruralio","symbol":"POB","quantity":"3.99102836","price":"0.02290000","timestamp":1651753083,"volume":"0.09139455","buyTxId":"2e15946da601fea8deaf3f7af82ccd4a3af9180d","sellTxId":"ee6e504687a0c8c6e222f2afd648654f239e08ec"}
{"index": {"_index":"pob","_id":"3353734"}}
	{"id":3353734,"type":"sell","buyer":"opidia","seller":"maonx","symbol":"POB","quantity":"238.18968727","price":"0.02290000","timestamp":1651753182,"volume":"5.45454384","buyTxId":"2e15946da601fea8deaf3f7af82ccd4a3af9180d","sellTxId":"7a9fbcbc37706312deb19b31aa8c1683c0cbc521"}
{"index": {"_index":"pob","_id":"3353784"}}
	{"id":3353784,"type":"sell","buyer":"opidia","seller":"richardcrill","symbol":"POB","quantity":"133.57858084","price":"0.02290000","timestamp":1651754001,"volume":"3.05894950","buyTxId":"2e15946da601fea8deaf3f7af82ccd4a3af9180d","sellTxId":"MM-P-17118747-64108440-3-12-0"}
{"index": {"_index":"pob","_id":"3353819"}}
	{"id":3353819,"type":"buy","buyer":"pjansen","seller":"onlydoge","symbol":"POB","quantity":"107.50702200","price":"0.02288000","timestamp":1651754382,"volume":"2.45976066","buyTxId":"1dea61ade4e62c176e8bb7148708c8e1182d478f","sellTxId":"cafe38ac4d358678c19ea88a247985e5d5fa09fd"}
{"index": {"_index":"pob","_id":"3353832"}}
	{"id":3353832,"type":"buy","buyer":"pjansen","seller":"anadolu","symbol":"POB","quantity":"150.00000000","price":"0.02288900","timestamp":1651754430,"volume":"3.43335000","buyTxId":"58f57768635ac06905e59982c86fa88294a56bb7","sellTxId":"MM-P-17118867-64108560-3-9-1"}
{"index": {"_index":"pob","_id":"3353838"}}
	{"id":3353838,"type":"sell","buyer":"lebah","seller":"travelr78","symbol":"POB","quantity":"3.67783241","price":"0.01510000","timestamp":1651754571,"volume":"0.05553527","buyTxId":"c4661f7d9fa14305d80586530662d795727079e6","sellTxId":"87bc87ecbb55780a050468def2769a77a2e07969"}
{"index": {"_index":"pob","_id":"3354230"}}
	{"id":3354230,"type":"buy","buyer":"bionicpainter","seller":"steem82868","symbol":"POB","quantity":"0.01967787","price":"0.02260000","timestamp":1651758918,"volume":"0.00044472","buyTxId":"32fea127461ea1dd9fdb347c4d9479d0a93c256d","sellTxId":"f0368817b821ad14302e1c802036d664a22c55dd"}
{"index": {"_index":"pob","_id":"3354231"}}
	{"id":3354231,"type":"buy","buyer":"bionicpainter","seller":"richardcrill","symbol":"POB","quantity":"84.26384268","price":"0.02278900","timestamp":1651758918,"volume":"1.92028871","buyTxId":"32fea127461ea1dd9fdb347c4d9479d0a93c256d","sellTxId":"MM-P-17118947-64108640-3-12-0"}
{"index": {"_index":"pob","_id":"3354235"}}
	{"id":3354235,"type":"buy","buyer":"bionicpainter","seller":"richardcrill","symbol":"POB","quantity":"89.70555215","price":"0.02278900","timestamp":1651758960,"volume":"2.04429983","buyTxId":"7896d9b8f2a66d21c5220517e6a7a079626f978d","sellTxId":"MM-P-17118947-64108640-3-12-0"}
{"index": {"_index":"pob","_id":"3354242"}}
	{"id":3354242,"type":"buy","buyer":"bionicpainter","seller":"richardcrill","symbol":"POB","quantity":"95.54165255","price":"0.02278900","timestamp":1651759014,"volume":"2.17729872","buyTxId":"ee00633181fe2f9977648af2f307fb3a984b5139","sellTxId":"MM-P-17118947-64108640-3-12-0"}
{"index": {"_index":"pob","_id":"3354250"}}
	{"id":3354250,"type":"buy","buyer":"bionicpainter","seller":"richardcrill","symbol":"POB","quantity":"63.48895200","price":"0.02278900","timestamp":1651759062,"volume":"1.44684973","buyTxId":"f9a9edc51886d2cbdbdac395510208a324af4bfe","sellTxId":"MM-P-17118947-64108640-3-12-0"}
{"index": {"_index":"pob","_id":"3354254"}}
	{"id":3354254,"type":"buy","buyer":"bionicpainter","seller":"mamolya","symbol":"POB","quantity":"2.74722231","price":"0.02211100","timestamp":1651759119,"volume":"0.06074383","buyTxId":"4a669e1006a697271f1fb5694401e313cc2b7c00","sellTxId":"61ba84d9b90ca97469dd4bfdecf619b0e31c8945"}
{"index": {"_index":"pob","_id":"3354255"}}
	{"id":3354255,"type":"buy","buyer":"bionicpainter","seller":"richardcrill","symbol":"POB","quantity":"0.00000062","price":"0.02278900","timestamp":1651759119,"volume":"0.00000001","buyTxId":"4a669e1006a697271f1fb5694401e313cc2b7c00","sellTxId":"MM-P-17118947-64108640-3-12-0"}
{"index": {"_index":"pob","_id":"3354256"}}
	{"id":3354256,"type":"buy","buyer":"bionicpainter","seller":"anadolu","symbol":"POB","quantity":"101.06316123","price":"0.02287400","timestamp":1651759119,"volume":"2.31171875","buyTxId":"4a669e1006a697271f1fb5694401e313cc2b7c00","sellTxId":"MM-P-17120361-64110055-3-9-0"}
{"index": {"_index":"pob","_id":"3354257"}}
	{"id":3354257,"type":"buy","buyer":"bionicpainter","seller":"anadolu","symbol":"POB","quantity":"108.18516743","price":"0.02287400","timestamp":1651759155,"volume":"2.47462752","buyTxId":"334ab7ea842178e6cba9a1c1dfb8f42e3324dc62","sellTxId":"MM-P-17120361-64110055-3-9-0"}
{"index": {"_index":"pob","_id":"3354266"}}
	{"id":3354266,"type":"buy","buyer":"bionicpainter","seller":"knowhow92","symbol":"POB","quantity":"24.72468400","price":"0.02290013","timestamp":1651759221,"volume":"0.56619848","buyTxId":"5aa642def07d849420a9aaf843de380e4e76e1ac","sellTxId":"0a45db56af792cbe435aad1e8551ceb444c2cdf4"}
{"index": {"_index":"pob","_id":"3354275"}}
	{"id":3354275,"type":"sell","buyer":"mamolya","seller":"petra67","symbol":"POB","quantity":"3.00000000","price":"0.01989900","timestamp":1651759380,"volume":"0.05969700","buyTxId":"83fd4a8523dbd45f556561e9b85443ea2ad67865","sellTxId":"1378b4dbc3bd75d378cf0feb83597d4f8ed40a23"}
{"index": {"_index":"pob","_id":"3354472"}}
	{"id":3354472,"type":"buy","buyer":"pjansen","seller":"petra67","symbol":"POB","quantity":"7.14523570","price":"0.01652683","timestamp":1651761579,"volume":"0.11808810","buyTxId":"92fb656b746ae5cd1086556af1c08cf20975bd7d","sellTxId":"1378b4dbc3bd75d378cf0feb83597d4f8ed40a23"}
{"index": {"_index":"pob","_id":"3354473"}}
	{"id":3354473,"type":"buy","buyer":"pjansen","seller":"knowhow92","symbol":"POB","quantity":"0.00000092","price":"0.02290013","timestamp":1651761579,"volume":"0.00000002","buyTxId":"92fb656b746ae5cd1086556af1c08cf20975bd7d","sellTxId":"0a45db56af792cbe435aad1e8551ceb444c2cdf4"}
{"index": {"_index":"pob","_id":"3354474"}}
	{"id":3354474,"type":"buy","buyer":"pjansen","seller":"anadolu","symbol":"POB","quantity":"99.80738938","price":"0.02319200","timestamp":1651761579,"volume":"2.31473297","buyTxId":"92fb656b746ae5cd1086556af1c08cf20975bd7d","sellTxId":"MM-P-17121260-64110954-3-9-0"}
{"index": {"_index":"pob","_id":"3354479"}}
	{"id":3354479,"type":"buy","buyer":"pjansen","seller":"anadolu","symbol":"POB","quantity":"100.00000000","price":"0.02319200","timestamp":1651761645,"volume":"2.31920000","buyTxId":"0d1a07ec1d622bebd43fe5a5474f5ab4f78cf1ca","sellTxId":"MM-P-17121260-64110954-3-9-0"}
{"index": {"_index":"pob","_id":"3354501"}}
	{"id":3354501,"type":"buy","buyer":"pjansen","seller":"anadolu","symbol":"POB","quantity":"100.00000000","price":"0.02319200","timestamp":1651761735,"volume":"2.31920000","buyTxId":"6696a8c4a7ee89effeabafd5f3210a091193cf06","sellTxId":"MM-P-17121260-64110954-3-9-0"}
{"index": {"_index":"pob","_id":"3354604"}}
	{"id":3354604,"type":"sell","buyer":"mamolya","seller":"miketr","symbol":"POB","quantity":"3.33000000","price":"0.01989000","timestamp":1651762854,"volume":"0.06623370","buyTxId":"d5ac22ea7ce061933025d2ef53046cceb9288512","sellTxId":"2edce5d6a2d0ca585f260a5fa4bcb9cc6a445060"}
{"index": {"_index":"pob","_id":"3354810"}}
	{"id":3354810,"type":"buy","buyer":"pjansen","seller":"dwinblood","symbol":"POB","quantity":"6.33202362","price":"0.02200000","timestamp":1651764840,"volume":"0.13930452","buyTxId":"8acc79b548d2a200429a9329698c182fb6d640a7","sellTxId":"7b08bd1fc47cfe5c8020b96d55ae6d6f2996d9f1"}
{"index": {"_index":"pob","_id":"3354811"}}
	{"id":3354811,"type":"buy","buyer":"pjansen","seller":"mamolya","symbol":"POB","quantity":"3.00000000","price":"0.02233110","timestamp":1651764840,"volume":"0.06699330","buyTxId":"8acc79b548d2a200429a9329698c182fb6d640a7","sellTxId":"f474da5ee420ee5395c1d376996320ea8898076d"}
{"index": {"_index":"pob","_id":"3354812"}}
	{"id":3354812,"type":"buy","buyer":"pjansen","seller":"richardcrill","symbol":"POB","quantity":"13.05343022","price":"0.02250000","timestamp":1651764840,"volume":"0.29370218","buyTxId":"8acc79b548d2a200429a9329698c182fb6d640a7","sellTxId":"MM-P-17122338-64112032-3-12-0"}
{"index": {"_index":"pob","_id":"3354817"}}
	{"id":3354817,"type":"buy","buyer":"pjansen","seller":"richardcrill","symbol":"POB","quantity":"22.22222222","price":"0.02250000","timestamp":1651764942,"volume":"0.5","buyTxId":"7b8c488b180c07826055a81fa93c0f5013d2bb3a","sellTxId":"MM-P-17122338-64112032-3-12-0"}
{"index": {"_index":"pob","_id":"3354824"}}
	{"id":3354824,"type":"buy","buyer":"pjansen","seller":"richardcrill","symbol":"POB","quantity":"22.22222222","price":"0.02250000","timestamp":1651765038,"volume":"0.5","buyTxId":"71e4d98abed2711ef719c5c56e56111045420f7a","sellTxId":"MM-P-17122338-64112032-3-12-0"}
{"index": {"_index":"pob","_id":"3354832"}}
	{"id":3354832,"type":"buy","buyer":"pjansen","seller":"richardcrill","symbol":"POB","quantity":"22.22222222","price":"0.02250000","timestamp":1651765137,"volume":"0.5","buyTxId":"c348131b9d716f622354e6ecb6795e77689fb070","sellTxId":"MM-P-17122338-64112032-3-12-0"}
{"index": {"_index":"pob","_id":"3354842"}}
	{"id":3354842,"type":"buy","buyer":"pjansen","seller":"richardcrill","symbol":"POB","quantity":"22.22222222","price":"0.02250000","timestamp":1651765239,"volume":"0.5","buyTxId":"c77e0eb4184896ae6ca6beb2f4943e9caa61b73a","sellTxId":"MM-P-17122338-64112032-3-12-0"}
{"index": {"_index":"pob","_id":"3354849"}}
	{"id":3354849,"type":"buy","buyer":"pjansen","seller":"richardcrill","symbol":"POB","quantity":"5.01030734","price":"0.02250000","timestamp":1651765338,"volume":"0.11273192","buyTxId":"2c9cdfe2acc9e018c7bcda7119dca0fbd548925e","sellTxId":"MM-P-17122338-64112032-3-12-0"}
{"index": {"_index":"pob","_id":"3354850"}}
	{"id":3354850,"type":"buy","buyer":"pjansen","seller":"anadolu","symbol":"POB","quantity":"17.14789585","price":"0.02258400","timestamp":1651765338,"volume":"0.38726808","buyTxId":"2c9cdfe2acc9e018c7bcda7119dca0fbd548925e","sellTxId":"MM-P-17122457-64112151-3-9-0"}
{"index": {"_index":"pob","_id":"3354858"}}
	{"id":3354858,"type":"buy","buyer":"pjansen","seller":"anadolu","symbol":"POB","quantity":"22.13956783","price":"0.02258400","timestamp":1651765446,"volume":"0.5","buyTxId":"3ed61a5d78234fd1cbc5bb24ec7c521a68ed8e75","sellTxId":"MM-P-17122457-64112151-3-9-0"}
{"index": {"_index":"pob","_id":"3355035"}}
	{"id":3355035,"type":"sell","buyer":"mamolya","seller":"therealsnowjon","symbol":"POB","quantity":"3.83000000","price":"0.01899000","timestamp":1651767267,"volume":"0.07273170","buyTxId":"a19b9252fd4b35a4b4b15d5df5c9caee778041be","sellTxId":"5611706eab3c39afb4bd198201caf228a8db6162"}
{"index": {"_index":"pob","_id":"3355041"}}
	{"id":3355041,"type":"sell","buyer":"anadolu","seller":"torrecoin90","symbol":"POB","quantity":"0.51334466","price":"0.01512100","timestamp":1651767327,"volume":"0.00776228","buyTxId":"MM-P-17122358-64112052-3-9-0","sellTxId":"7b6fa0ad39e5a5333da1dc59749d8bbd955f70bf"}
{"index": {"_index":"pob","_id":"3355053"}}
	{"id":3355053,"type":"sell","buyer":"anadolu","seller":"therealsnowjon","symbol":"POB","quantity":"42.23812492","price":"0.01512100","timestamp":1651767471,"volume":"0.63868269","buyTxId":"MM-P-17122358-64112052-3-9-0","sellTxId":"c3a33eaa6f5cc6081f6168b5a99c3de0305afdc0"}
{"index": {"_index":"pob","_id":"3355633"}}
	{"id":3355633,"type":"sell","buyer":"yintercept","seller":"curatorcat.pal","symbol":"POB","quantity":"0.53235310","price":"0.01530000","timestamp":1651772418,"volume":"0.00814500","buyTxId":"5244db1f12f64289cf69b21d49d9aec0e08c0e3b","sellTxId":"ee6438177e1355283f05527fd44e85e99f7e934d"}
{"index": {"_index":"pob","_id":"3355888"}}
	{"id":3355888,"type":"sell","buyer":"yintercept","seller":"finguru","symbol":"POB","quantity":"11.87431393","price":"0.01530000","timestamp":1651774416,"volume":"0.18167700","buyTxId":"5244db1f12f64289cf69b21d49d9aec0e08c0e3b","sellTxId":"35d9ffbbd715750004294008ed2fe8db61e5e8bc"}
{"index": {"_index":"pob","_id":"3356253"}}
	{"id":3356253,"type":"sell","buyer":"yintercept","seller":"lisamgentile1961","symbol":"POB","quantity":"0.26883297","price":"0.01530000","timestamp":1651777506,"volume":"0.00411314","buyTxId":"5244db1f12f64289cf69b21d49d9aec0e08c0e3b","sellTxId":"497e2838105953ffa36542af7507bcf813a54ed2"}
{"index": {"_index":"pob","_id":"3356378"}}
	{"id":3356378,"type":"buy","buyer":"pjansen","seller":"lisamgentile1961","symbol":"POB","quantity":"1.45305446","price":"0.01523248","timestamp":1651778262,"volume":"0.02213362","buyTxId":"dade078d315644b46c72e76ce29d383c012e6d3d","sellTxId":"497e2838105953ffa36542af7507bcf813a54ed2"}
{"index": {"_index":"pob","_id":"3356379"}}
	{"id":3356379,"type":"buy","buyer":"pjansen","seller":"beemd","symbol":"POB","quantity":"19.69087018","price":"0.02212000","timestamp":1651778262,"volume":"0.43556205","buyTxId":"dade078d315644b46c72e76ce29d383c012e6d3d","sellTxId":"c2720c9bb7d7d1b35ab9f413db6d938a3c1a5f0a"}
{"index": {"_index":"pob","_id":"3356380"}}
	{"id":3356380,"type":"buy","buyer":"pjansen","seller":"mamolya","symbol":"POB","quantity":"1.91240585","price":"0.02212100","timestamp":1651778262,"volume":"0.04230433","buyTxId":"dade078d315644b46c72e76ce29d383c012e6d3d","sellTxId":"6be2e2a3d4311d6bd75c80906fe06efc396ccb0e"}
{"index": {"_index":"pob","_id":"3356396"}}
	{"id":3356396,"type":"sell","buyer":"onlydoge","seller":"eddiespino","symbol":"POB","quantity":"86.67313120","price":"0.01522000","timestamp":1651778418,"volume":"1.31916506","buyTxId":"0b369d530c88d58b6aabf67c02e4b3af00c28822","sellTxId":"2ef3a188aad0d6fd2e5f871e6f4391d66c00be98"}
{"index": {"_index":"pob","_id":"3356446"}}
	{"id":3356446,"type":"sell","buyer":"yintercept","seller":"metzli","symbol":"POB","quantity":"20.22904052","price":"0.01530000","timestamp":1651778856,"volume":"0.30950432","buyTxId":"0d0a0c863d690656fc27b5a96298ddeb7226f95f","sellTxId":"47f5ff1e65a6fc1f083bcc1a5a18dbf9dcbb3e3e"}
{"index": {"_index":"pob","_id":"3356448"}}
	{"id":3356448,"type":"sell","buyer":"onlydoge","seller":"metzli","symbol":"POB","quantity":"46.72804484","price":"0.01522000","timestamp":1651778880,"volume":"0.71120084","buyTxId":"0b369d530c88d58b6aabf67c02e4b3af00c28822","sellTxId":"80fddb1727168f4ba0b8c50d07e8cdd23961cdbd"}
{"index": {"_index":"pob","_id":"3356546"}}
	{"id":3356546,"type":"buy","buyer":"chesatochi","seller":"mamolya","symbol":"POB","quantity":"1.41759415","price":"0.02212100","timestamp":1651779720,"volume":"0.03135860","buyTxId":"e6be506978fc67708edf39d11b47ff08fa95cf44","sellTxId":"6be2e2a3d4311d6bd75c80906fe06efc396ccb0e"}
{"index": {"_index":"pob","_id":"3356547"}}
	{"id":3356547,"type":"buy","buyer":"chesatochi","seller":"yintercept","symbol":"POB","quantity":"12.67550000","price":"0.02220000","timestamp":1651779720,"volume":"0.28139610","buyTxId":"e6be506978fc67708edf39d11b47ff08fa95cf44","sellTxId":"8f637401fefb68c7288cbd6652cdb7fc9f37b529"}
{"index": {"_index":"pob","_id":"3356548"}}
	{"id":3356548,"type":"buy","buyer":"chesatochi","seller":"anadolu","symbol":"POB","quantity":"2.32965294","price":"0.02388700","timestamp":1651779720,"volume":"0.05564842","buyTxId":"e6be506978fc67708edf39d11b47ff08fa95cf44","sellTxId":"MM-P-17127244-64116943-3-9-1"}
{"index": {"_index":"pob","_id":"3356869"}}
	{"id":3356869,"type":"sell","buyer":"onlydoge","seller":"toofasteddie","symbol":"POB","quantity":"4.80288960","price":"0.01522000","timestamp":1651783245,"volume":"0.07309998","buyTxId":"0b369d530c88d58b6aabf67c02e4b3af00c28822","sellTxId":"5029cf0c0752dca4890b995d68ff32541bcd1c64"}
{"index": {"_index":"pob","_id":"3356993"}}
	{"id":3356993,"type":"sell","buyer":"anadolu","seller":"deathwing","symbol":"POB","quantity":"0.025","price":"0.01522101","timestamp":1651784106,"volume":"0.00038053","buyTxId":"MM-P-17128743-64118442-3-9-0","sellTxId":"8a4256968de3b49f53e2a4c4c46394909a915363-1"}
{"index": {"_index":"pob","_id":"3357121"}}
	{"id":3357121,"type":"sell","buyer":"anadolu","seller":"rphspinheiro","symbol":"POB","quantity":"6.33051011","price":"0.01522101","timestamp":1651785597,"volume":"0.09635676","buyTxId":"MM-P-17128743-64118442-3-9-0","sellTxId":"57ff08f0ae49ba8ad69bf5b7ef1710340f501a4f"}
{"index": {"_index":"pob","_id":"3357254"}}
	{"id":3357254,"type":"sell","buyer":"anadolu","seller":"agog","symbol":"POB","quantity":"0.24188943","price":"0.01522101","timestamp":1651787013,"volume":"0.00368180","buyTxId":"MM-P-17128743-64118442-3-9-0","sellTxId":"e61e2ab24f4cd6d8f853a15abf84925f7adff39a"}
{"index": {"_index":"pob","_id":"3357355"}}
	{"id":3357355,"type":"sell","buyer":"anadolu","seller":"cflclosers","symbol":"POB","quantity":"1.58777242","price":"0.01522101","timestamp":1651787604,"volume":"0.02416750","buyTxId":"MM-P-17128743-64118442-3-9-0","sellTxId":"9919819f25b99e08d43408f6934c6a87c82a316d"}
{"index": {"_index":"pob","_id":"3357373"}}
	{"id":3357373,"type":"sell","buyer":"anadolu","seller":"automaton","symbol":"POB","quantity":"3.15000000","price":"0.01522101","timestamp":1651787703,"volume":"0.04794618","buyTxId":"MM-P-17128743-64118442-3-9-0","sellTxId":"ec8b6838e05a93940de7792adf428ea693d2a1ee"}
{"index": {"_index":"pob","_id":"3357432"}}
	{"id":3357432,"type":"sell","buyer":"anadolu","seller":"he-index","symbol":"POB","quantity":"0.09200000","price":"0.01522101","timestamp":1651788135,"volume":"0.00140033","buyTxId":"MM-P-17128743-64118442-3-9-0","sellTxId":"7533ec546b83c46e41d0d8d0b0e471060af4b501"}
{"index": {"_index":"pob","_id":"3357467"}}
	{"id":3357467,"type":"sell","buyer":"anadolu","seller":"dswap","symbol":"POB","quantity":"1.902","price":"0.01522101","timestamp":1651788387,"volume":"0.02895036","buyTxId":"MM-P-17128743-64118442-3-9-0","sellTxId":"89fb53c6447600585b9f75f33770e5b7dfd88df9"}
{"index": {"_index":"pob","_id":"3357616"}}
	{"id":3357616,"type":"sell","buyer":"mamolya","seller":"andy4475","symbol":"POB","quantity":"4.40000000","price":"0.01899000","timestamp":1651789872,"volume":"0.08355600","buyTxId":"db94dfc848a7ce9a5a10fcdc2e3eee95c1e1c1f8","sellTxId":"9c6e154f022802db597edda1c263f1a72f25c685"}
{"index": {"_index":"pob","_id":"3357740"}}
	{"id":3357740,"type":"sell","buyer":"liaminit1","seller":"ugochill","symbol":"POB","quantity":"0.02743480","price":"0.01700000","timestamp":1651791255,"volume":"0.00046639","buyTxId":"3698acdb7ad59d8f836011be031284b4af6f4d0e","sellTxId":"fcc6ede10b7f1c22440366598d9c903c9ba27400"}
{"index": {"_index":"pob","_id":"3357753"}}
	{"id":3357753,"type":"sell","buyer":"liaminit1","seller":"blockheadgames","symbol":"POB","quantity":"71.55158622","price":"0.01700000","timestamp":1651791330,"volume":"1.21637697","buyTxId":"3698acdb7ad59d8f836011be031284b4af6f4d0e","sellTxId":"1b2e29707ded30b1b666b14370f94aa84f7490eb"}
{"index": {"_index":"pob","_id":"3357777"}}
	{"id":3357777,"type":"sell","buyer":"liaminit1","seller":"charcoalbuffet","symbol":"POB","quantity":"18.39170806","price":"0.01700000","timestamp":1651791912,"volume":"0.31265904","buyTxId":"3698acdb7ad59d8f836011be031284b4af6f4d0e","sellTxId":"3f102243a5c815adb704bd9648f843e2ecfa48e0"}
{"index": {"_index":"pob","_id":"3357988"}}
	{"id":3357988,"type":"sell","buyer":"liaminit1","seller":"taskmaster4450le","symbol":"POB","quantity":"104.20515386","price":"0.01700000","timestamp":1651794459,"volume":"1.77148761","buyTxId":"3698acdb7ad59d8f836011be031284b4af6f4d0e","sellTxId":"3b6ac144a84c8868b0ec35cd09a1ee99cc511aaa"}
{"index": {"_index":"pob","_id":"3357989"}}
	{"id":3357989,"type":"sell","buyer":"anadolu","seller":"taskmaster4450le","symbol":"POB","quantity":"11.80667441","price":"0.01531300","timestamp":1651794459,"volume":"0.18079561","buyTxId":"MM-P-17132132-64121833-3-9-0","sellTxId":"3b6ac144a84c8868b0ec35cd09a1ee99cc511aaa"}
{"index": {"_index":"pob","_id":"3358056"}}
	{"id":3358056,"type":"buy","buyer":"ugochill","seller":"mamolya","symbol":"POB","quantity":"3.83000000","price":"0.02210100","timestamp":1651795212,"volume":"0.08464683","buyTxId":"6909530ded7387b3798bb7320db7a1d3dd65a33f","sellTxId":"65461ef2225283ac4a87a10a425108e21892badf"}
{"index": {"_index":"pob","_id":"3358057"}}
	{"id":3358057,"type":"buy","buyer":"ugochill","seller":"yintercept","symbol":"POB","quantity":"1.17000000","price":"0.02220000","timestamp":1651795212,"volume":"0.02597400","buyTxId":"6909530ded7387b3798bb7320db7a1d3dd65a33f","sellTxId":"de1118f52686c7166cfeb0206e94ece2d78002e8"}
{"index": {"_index":"pob","_id":"3358250"}}
	{"id":3358250,"type":"sell","buyer":"liaminit1","seller":"decentropia","symbol":"POB","quantity":"0.11545766","price":"0.01700000","timestamp":1651797630,"volume":"0.00196278","buyTxId":"10127d323ee7b756e232bd155b3c2a8599a712bd","sellTxId":"dfa830b347ee13c92551bdeb752610072364c957"}
{"index": {"_index":"pob","_id":"3358621"}}
	{"id":3358621,"type":"sell","buyer":"liaminit1","seller":"taskmaster4450","symbol":"POB","quantity":"100.71402823","price":"0.01700000","timestamp":1651801524,"volume":"1.71213848","buyTxId":"10127d323ee7b756e232bd155b3c2a8599a712bd","sellTxId":"68d261aa434fff85f6b0bcb871493967884d8f0c"}
{"index": {"_index":"pob","_id":"3358741"}}
	{"id":3358741,"type":"buy","buyer":"felixgarciap","seller":"coininstant","symbol":"POB","quantity":"16.80201176","price":"0.02210000","timestamp":1651802943,"volume":"0.37132446","buyTxId":"6317166f3e74418e9d187d20e896f2414e16084e","sellTxId":"6d2a99d6d04cae2106a79385ad56493487bc9bf5"}
{"index": {"_index":"pob","_id":"3358901"}}
	{"id":3358901,"type":"sell","buyer":"liaminit1","seller":"atyh","symbol":"POB","quantity":"1.91950247","price":"0.01700000","timestamp":1651805022,"volume":"0.03263154","buyTxId":"10127d323ee7b756e232bd155b3c2a8599a712bd","sellTxId":"1d76e5849799ffd2ae097452b9b6ad8d57bd68e8"}
