{"index": {"_index":"pob","_id":"1506157"}}
	{"id":1506157,"type":"sell","buyer":"anadolu","seller":"hive.pizza","symbol":"POB","quantity":"1.87721678","price":"0.23100000","timestamp":1631241108,"volume":"0.43363708","buyTxId":"8f41547f26ed5c325b0d540ed45d8fdef1296272","sellTxId":"43639844a2cc6bb9d2121cb141697a32369bc66a"}
{"index": {"_index":"pob","_id":"1506167"}}
	{"id":1506167,"type":"sell","buyer":"edicted","seller":"cliffagreen","symbol":"POB","quantity":"0.46115869","price":"0.24000000","timestamp":1631241279,"volume":"0.11067809","buyTxId":"4ed77a759d028ad6d4363985a29a01605b9b1095","sellTxId":"51cf303825b8f70556c9f3ff51ced147b64dbf3d"}
{"index": {"_index":"pob","_id":"1506174"}}
	{"id":1506174,"type":"sell","buyer":"edicted","seller":"he-index","symbol":"POB","quantity":"0.05500000","price":"0.24000000","timestamp":1631241369,"volume":"0.01320000","buyTxId":"4ed77a759d028ad6d4363985a29a01605b9b1095","sellTxId":"c6ecebd57d30ed45f220110343f7e4d8c267d8f5"}
{"index": {"_index":"pob","_id":"1506202"}}
	{"id":1506202,"type":"sell","buyer":"edicted","seller":"he-index","symbol":"POB","quantity":"0.06000000","price":"0.24000000","timestamp":1631241969,"volume":"0.01440000","buyTxId":"4ed77a759d028ad6d4363985a29a01605b9b1095","sellTxId":"61ac14917887a089975932009759634e4cded947"}
{"index": {"_index":"pob","_id":"1506239"}}
	{"id":1506239,"type":"sell","buyer":"edicted","seller":"he-index","symbol":"POB","quantity":"0.06800000","price":"0.24000000","timestamp":1631242569,"volume":"0.01632000","buyTxId":"4ed77a759d028ad6d4363985a29a01605b9b1095","sellTxId":"52c173ea7155dbe9567d088d411e372760d4a494"}
{"index": {"_index":"pob","_id":"1506249"}}
	{"id":1506249,"type":"sell","buyer":"edicted","seller":"numpypython","symbol":"POB","quantity":"0.34727520","price":"0.24000000","timestamp":1631242761,"volume":"0.08334605","buyTxId":"4ed77a759d028ad6d4363985a29a01605b9b1095","sellTxId":"b93ad93608ddb8565cbe80dc96290c07d6a82e07"}
{"index": {"_index":"pob","_id":"1506344"}}
	{"id":1506344,"type":"buy","buyer":"thatcryptodave","seller":"fireguardian","symbol":"POB","quantity":"2.49900000","price":"0.30880000","timestamp":1631244879,"volume":"0.77169120","buyTxId":"dda8dd7ac8bcec719f98f840e27ff0da114876cc","sellTxId":"1dd7a90d97e9c063024ba6beb4130acfe622e626"}
{"index": {"_index":"pob","_id":"1506371"}}
	{"id":1506371,"type":"sell","buyer":"ctime","seller":"thelogicaldude","symbol":"POB","quantity":"14.74270709","price":"0.24007007","timestamp":1631245515,"volume":"3.53928272","buyTxId":"MM-P-10306861-57290895-3-48-0","sellTxId":"186a8a4ebcceb094321d0767d967cb7b4b285001"}
{"index": {"_index":"pob","_id":"1506410"}}
	{"id":1506410,"type":"buy","buyer":"captainquack22","seller":"fireguardian","symbol":"POB","quantity":"5.69948186","price":"0.30880000","timestamp":1631246691,"volume":"1.76","buyTxId":"1513e2dc74765d1e0ce2ecd29d8099842f10a56d","sellTxId":"1dd7a90d97e9c063024ba6beb4130acfe622e626"}
{"index": {"_index":"pob","_id":"1506411"}}
	{"id":1506411,"type":"sell","buyer":"ctime","seller":"skyple","symbol":"POB","quantity":"2.57","price":"0.24015015","timestamp":1631246781,"volume":"0.61718589","buyTxId":"MM-P-10307259-57291293-3-48-0","sellTxId":"2608fadcef8e63eccfa03bfd4e14fb55fa29efd9"}
{"index": {"_index":"pob","_id":"1506480"}}
	{"id":1506480,"type":"sell","buyer":"solovey6o2","seller":"fanelisf19","symbol":"POB","quantity":"17.88522710","price":"0.24024025","timestamp":1631248176,"volume":"4.29675143","buyTxId":"799ebdbb6b766657914eda45f9cdd6367f2219a7","sellTxId":"c4414745e067fb6379bcdcd1db46ac30c117c036"}
{"index": {"_index":"pob","_id":"1506488"}}
	{"id":1506488,"type":"sell","buyer":"solovey6o2","seller":"jongolson","symbol":"POB","quantity":"4.92991244","price":"0.24025026","timestamp":1631248356,"volume":"1.18441275","buyTxId":"94e35c3d6aa316f41b3b7a8e0b0ddeb63e952661","sellTxId":"31c64098f451923836a1ecf8d9f7fb268072ae52"}
{"index": {"_index":"pob","_id":"1506519"}}
	{"id":1506519,"type":"sell","buyer":"ctime","seller":"coffeelovers","symbol":"POB","quantity":"10.17478619","price":"0.24033033","timestamp":1631249457,"volume":"2.44530972","buyTxId":"MM-P-10308158-57292192-3-48-0","sellTxId":"faec3411330b2bb94df5f9730496213194f41f0f"}
{"index": {"_index":"pob","_id":"1506575"}}
	{"id":1506575,"type":"buy","buyer":"looking","seller":"trostparadox","symbol":"POB","quantity":"15.86091668","price":"0.25000000","timestamp":1631251305,"volume":"3.96522917","buyTxId":"bb3dedf714e1e00d3c181b46a2656355799f1fa2","sellTxId":"e45bb0de693150b2918ff0356354dbb1396ca777"}
{"index": {"_index":"pob","_id":"1506592"}}
	{"id":1506592,"type":"buy","buyer":"xyba","seller":"solovey6o2","symbol":"POB","quantity":"1188.01388400","price":"0.25999999","timestamp":1631251680,"volume":"308.88359796","buyTxId":"35dec8fb4f8b2f5ec9ff3db0f0917cc4d3674f22","sellTxId":"81871580bdbb041db6eff9fca30195a2c939d061"}
{"index": {"_index":"pob","_id":"1506594"}}
	{"id":1506594,"type":"sell","buyer":"solovey6o2","seller":"filoriologo","symbol":"POB","quantity":"5.49660175","price":"0.24048049","timestamp":1631251731,"volume":"1.32182548","buyTxId":"7c685220d753bc365b8be05686a82d7fb9a05588","sellTxId":"7e199b25e2da993783b1b3c06180fd3a25760397"}
{"index": {"_index":"pob","_id":"1506618"}}
	{"id":1506618,"type":"sell","buyer":"solovey6o2","seller":"cursephantom","symbol":"POB","quantity":"0.01117900","price":"0.30000001","timestamp":1631252514,"volume":"0.00335370","buyTxId":"1faeebb15bcd499c1df635bc15f4c8252c885a1a","sellTxId":"fb11984423bbf477d1d1ecb7bce168c81988c82b"}
{"index": {"_index":"pob","_id":"1506620"}}
	{"id":1506620,"type":"sell","buyer":"solovey6o2","seller":"trostparadox","symbol":"POB","quantity":"1700.00000000","price":"0.30000001","timestamp":1631252523,"volume":"510.00001700","buyTxId":"1faeebb15bcd499c1df635bc15f4c8252c885a1a","sellTxId":"90f8b50169e6cb69c44e57df1ab6b8c52e8d1ee6"}
{"index": {"_index":"pob","_id":"1506650"}}
	{"id":1506650,"type":"sell","buyer":"ctime","seller":"dresden","symbol":"POB","quantity":"38.88968390","price":"0.24053053","timestamp":1631253186,"volume":"9.35415628","buyTxId":"MM-P-10309153-57293189-3-48-0","sellTxId":"1658b684fea2a4d629aa237e7147ac2eb2eb9c51"}
{"index": {"_index":"pob","_id":"1506653"}}
	{"id":1506653,"type":"sell","buyer":"ctime","seller":"dresden","symbol":"POB","quantity":"0.12285749","price":"0.24053053","timestamp":1631253249,"volume":"0.02955098","buyTxId":"MM-P-10309153-57293189-3-48-0","sellTxId":"9167a8836dfb8ffeb5d249de191d2eb5343e4628"}
{"index": {"_index":"pob","_id":"1506663"}}
	{"id":1506663,"type":"sell","buyer":"ctime","seller":"finguru","symbol":"POB","quantity":"173.64039066","price":"0.24053053","timestamp":1631253405,"volume":"41.76581519","buyTxId":"MM-P-10309153-57293189-3-48-0","sellTxId":"f4431c9748c2cbc08023546b4bcfa9b5f42c2c90"}
{"index": {"_index":"pob","_id":"1506667"}}
	{"id":1506667,"type":"buy","buyer":"xyba","seller":"solovey6o2","symbol":"POB","quantity":"1705.50778100","price":"0.25999999","timestamp":1631253459,"volume":"443.43200600","buyTxId":"42100bed5ac78059483bfa3ae77eb198aa8357f1","sellTxId":"b69304632a30bcad3851d55d862875ccfa1bf76b"}
{"index": {"_index":"pob","_id":"1506669"}}
	{"id":1506669,"type":"buy","buyer":"shepz1","seller":"solovey6o2","symbol":"POB","quantity":"0.00000030","price":"0.25999999","timestamp":1631253513,"volume":"0.00000008","buyTxId":"26e331f1fa8307f1ae2fc5b022cd304815d0d4a6","sellTxId":"b69304632a30bcad3851d55d862875ccfa1bf76b"}
{"index": {"_index":"pob","_id":"1506671"}}
	{"id":1506671,"type":"buy","buyer":"xyba","seller":"nonsowrites","symbol":"POB","quantity":"62.95024300","price":"0.30000000","timestamp":1631253525,"volume":"18.88507290","buyTxId":"169aedeb317d0ba76c48372f77444f669a34af4c","sellTxId":"8c7382a13fe8fcc93beaa65825fc891340a68393"}
{"index": {"_index":"pob","_id":"1506677"}}
	{"id":1506677,"type":"buy","buyer":"shepz1","seller":"nonsowrites","symbol":"POB","quantity":"0.00000025","price":"0.30000000","timestamp":1631253696,"volume":"0.00000008","buyTxId":"93c4628a0cde3ec432f88b7b4ce932b64ac3e167","sellTxId":"8c7382a13fe8fcc93beaa65825fc891340a68393"}
{"index": {"_index":"pob","_id":"1506678"}}
	{"id":1506678,"type":"buy","buyer":"shepz1","seller":"fireguardian","symbol":"POB","quantity":"1.80151814","price":"0.30880000","timestamp":1631253696,"volume":"0.55630880","buyTxId":"93c4628a0cde3ec432f88b7b4ce932b64ac3e167","sellTxId":"1dd7a90d97e9c063024ba6beb4130acfe622e626"}
{"index": {"_index":"pob","_id":"1506679"}}
	{"id":1506679,"type":"buy","buyer":"shepz1","seller":"dibblers.dabs","symbol":"POB","quantity":"20.50000000","price":"0.30890000","timestamp":1631253696,"volume":"6.33245000","buyTxId":"93c4628a0cde3ec432f88b7b4ce932b64ac3e167","sellTxId":"6493dd20d0fc7d0c8c14ecd6892402f97d44584c"}
{"index": {"_index":"pob","_id":"1506680"}}
	{"id":1506680,"type":"buy","buyer":"shepz1","seller":"fireguardian","symbol":"POB","quantity":"10.00000000","price":"0.30900000","timestamp":1631253696,"volume":"3.09000000","buyTxId":"93c4628a0cde3ec432f88b7b4ce932b64ac3e167","sellTxId":"991249a32d0644baafe92171123a8ae42dd252db"}
{"index": {"_index":"pob","_id":"1506681"}}
	{"id":1506681,"type":"buy","buyer":"shepz1","seller":"fireguardian","symbol":"POB","quantity":"10.00000000","price":"0.31000000","timestamp":1631253696,"volume":"3.10000000","buyTxId":"93c4628a0cde3ec432f88b7b4ce932b64ac3e167","sellTxId":"948f64d5d67fc719b1099c509b7ffd6f796072aa"}
{"index": {"_index":"pob","_id":"1506684"}}
	{"id":1506684,"type":"sell","buyer":"shepz1","seller":"clayboyn","symbol":"POB","quantity":"3.92747447","price":"0.31000000","timestamp":1631253819,"volume":"1.21751709","buyTxId":"93c4628a0cde3ec432f88b7b4ce932b64ac3e167","sellTxId":"ae06633c830302e63bad9c3a0c0e5d6e424695c1"}
{"index": {"_index":"pob","_id":"1506716"}}
	{"id":1506716,"type":"sell","buyer":"shepz1","seller":"gimme-your-coinz","symbol":"POB","quantity":"3.77100714","price":"0.31000000","timestamp":1631254353,"volume":"1.16901221","buyTxId":"93c4628a0cde3ec432f88b7b4ce932b64ac3e167","sellTxId":"208bcd3504392f102cd2226f85b2a07a06015894"}
{"index": {"_index":"pob","_id":"1506771"}}
	{"id":1506771,"type":"buy","buyer":"shepz1","seller":"gimme-your-coinz","symbol":"POB","quantity":"0.00000286","price":"0.30000000","timestamp":1631255562,"volume":"0.00000086","buyTxId":"195e1a049045429b05ca631046c30c0df2e99a89","sellTxId":"208bcd3504392f102cd2226f85b2a07a06015894"}
{"index": {"_index":"pob","_id":"1506772"}}
	{"id":1506772,"type":"buy","buyer":"shepz1","seller":"pablodare","symbol":"POB","quantity":"3.33106073","price":"0.30000000","timestamp":1631255562,"volume":"0.99931822","buyTxId":"195e1a049045429b05ca631046c30c0df2e99a89","sellTxId":"ef0c634457b4250f82b0fcb6cee96a307610e787"}
{"index": {"_index":"pob","_id":"1506784"}}
	{"id":1506784,"type":"sell","buyer":"gimme-your-coinz","seller":"alexvan","symbol":"POB","quantity":"24.11949405","price":"0.30000001","timestamp":1631255883,"volume":"7.23584846","buyTxId":"9d6ef922e2eb15c499f33b865b1cb9a654fdf94f","sellTxId":"461360bf9d0c4765ab6fe04638ef5d4c04703a98"}
{"index": {"_index":"pob","_id":"1506793"}}
	{"id":1506793,"type":"sell","buyer":"gimme-your-coinz","seller":"jersteemit","symbol":"POB","quantity":"1.80460000","price":"0.30000001","timestamp":1631256144,"volume":"0.54138002","buyTxId":"9d6ef922e2eb15c499f33b865b1cb9a654fdf94f","sellTxId":"f289923fbe7c6e2a6af1a7f1d19064d3441e8a57"}
{"index": {"_index":"pob","_id":"1506853"}}
	{"id":1506853,"type":"sell","buyer":"shepz1","seller":"globetrottergcc","symbol":"POB","quantity":"0.84788220","price":"0.30000000","timestamp":1631256783,"volume":"0.25436466","buyTxId":"195e1a049045429b05ca631046c30c0df2e99a89","sellTxId":"3f514bcf2a58b5e39973b8d36d60c24b8d04a711"}
{"index": {"_index":"pob","_id":"1506856"}}
	{"id":1506856,"type":"sell","buyer":"shepz1","seller":"tonytrillions","symbol":"POB","quantity":"0.00739479","price":"0.30000000","timestamp":1631256816,"volume":"0.00221844","buyTxId":"195e1a049045429b05ca631046c30c0df2e99a89","sellTxId":"7d51892b8957fd407a1464ed23650cd47b531829"}
{"index": {"_index":"pob","_id":"1506948"}}
	{"id":1506948,"type":"sell","buyer":"shepz1","seller":"insight.pob","symbol":"POB","quantity":"6.81000000","price":"0.30000000","timestamp":1631259075,"volume":"2.04300000","buyTxId":"195e1a049045429b05ca631046c30c0df2e99a89","sellTxId":"e83f6462207dc243baa5ebdba852ee674d052207"}
{"index": {"_index":"pob","_id":"1506970"}}
	{"id":1506970,"type":"sell","buyer":"shepz1","seller":"trostnandia.pob","symbol":"POB","quantity":"0.00365942","price":"0.30000000","timestamp":1631260203,"volume":"0.00109782","buyTxId":"195e1a049045429b05ca631046c30c0df2e99a89","sellTxId":"04617e3e6900457148d440b6b0017395ecf9a887"}
{"index": {"_index":"pob","_id":"1506971"}}
	{"id":1506971,"type":"sell","buyer":"ctime","seller":"aiovo","symbol":"POB","quantity":"1.60000000","price":"0.24053053","timestamp":1631260263,"volume":"0.38484885","buyTxId":"MM-P-10309153-57293189-3-48-0","sellTxId":"7c1e2c8f77a897ea58f60515c0328681a2601a7f"}
{"index": {"_index":"pob","_id":"1507003"}}
	{"id":1507003,"type":"buy","buyer":"frot","seller":"trostnandia.pob","symbol":"POB","quantity":"2.78641887","price":"0.30000000","timestamp":1631261172,"volume":"0.83592566","buyTxId":"10d4e1910010d83c4d881d0ae0af4982ba21b7c5","sellTxId":"04617e3e6900457148d440b6b0017395ecf9a887"}
{"index": {"_index":"pob","_id":"1507004"}}
	{"id":1507004,"type":"buy","buyer":"frot","seller":"skylinebuds","symbol":"POB","quantity":"4.70000000","price":"0.31900000","timestamp":1631261172,"volume":"1.49930000","buyTxId":"10d4e1910010d83c4d881d0ae0af4982ba21b7c5","sellTxId":"2c74c7a5ce921931a4d26af3870b678be9ee97e0"}
{"index": {"_index":"pob","_id":"1507005"}}
	{"id":1507005,"type":"buy","buyer":"frot","seller":"michlo","symbol":"POB","quantity":"0.00829872","price":"0.31900000","timestamp":1631261172,"volume":"0.00264729","buyTxId":"10d4e1910010d83c4d881d0ae0af4982ba21b7c5","sellTxId":"3e67c9c34d9150ff2aeda95b94c6ec80bf058b4a"}
{"index": {"_index":"pob","_id":"1507006"}}
	{"id":1507006,"type":"buy","buyer":"frot","seller":"stayoutoftherz","symbol":"POB","quantity":"3.07759288","price":"0.32000000","timestamp":1631261172,"volume":"0.98482972","buyTxId":"10d4e1910010d83c4d881d0ae0af4982ba21b7c5","sellTxId":"a6d8f21961b58acee43e828571ee60dcd72c71ee"}
{"index": {"_index":"pob","_id":"1507007"}}
	{"id":1507007,"type":"buy","buyer":"frot","seller":"rentmoney","symbol":"POB","quantity":"28.33122342","price":"0.33999000","timestamp":1631261172,"volume":"9.63233265","buyTxId":"10d4e1910010d83c4d881d0ae0af4982ba21b7c5","sellTxId":"d53714e91a3585e108eaa67141b9035571a77381"}
{"index": {"_index":"pob","_id":"1507008"}}
	{"id":1507008,"type":"buy","buyer":"frot","seller":"bitukoyo","symbol":"POB","quantity":"161.09646611","price":"0.34000000","timestamp":1631261172,"volume":"54.77279848","buyTxId":"10d4e1910010d83c4d881d0ae0af4982ba21b7c5","sellTxId":"6cf27fa3dbab2489bfb03ceb4030fec8ce7f98f8"}
{"index": {"_index":"pob","_id":"1507014"}}
	{"id":1507014,"type":"sell","buyer":"ctime","seller":"risingstargame","symbol":"POB","quantity":"4.00000000","price":"0.24053053","timestamp":1631261364,"volume":"0.96212212","buyTxId":"MM-P-10309153-57293189-3-48-0","sellTxId":"1795de7e9b62e2e69e5fbc2c9d86d84836d285fe"}
{"index": {"_index":"pob","_id":"1507027"}}
	{"id":1507027,"type":"sell","buyer":"ctime","seller":"brofi-market","symbol":"POB","quantity":"4.12367656","price":"0.24053053","timestamp":1631261598,"volume":"0.99187011","buyTxId":"MM-P-10309153-57293189-3-48-0","sellTxId":"9f6e9f788dda968b4c57864da99dd1dd93918355"}
{"index": {"_index":"pob","_id":"1507078"}}
	{"id":1507078,"type":"buy","buyer":"mistakili","seller":"bitukoyo","symbol":"POB","quantity":"61.14936500","price":"0.34000000","timestamp":1631262528,"volume":"20.79078410","buyTxId":"c0603ab514536f01316f3cade532bc479ea422b1","sellTxId":"6cf27fa3dbab2489bfb03ceb4030fec8ce7f98f8"}
{"index": {"_index":"pob","_id":"1507121"}}
	{"id":1507121,"type":"sell","buyer":"ctime","seller":"clixmoney","symbol":"POB","quantity":"0.27575527","price":"0.24053053","timestamp":1631263500,"volume":"0.06632756","buyTxId":"MM-P-10309153-57293189-3-48-0","sellTxId":"77df853db545c3028bbd5de1ea658f29770a5b8d"}
{"index": {"_index":"pob","_id":"1507128"}}
	{"id":1507128,"type":"sell","buyer":"richardcrill","seller":"clixmoney","symbol":"POB","quantity":"2.92045852","price":"0.24039019","timestamp":1631263809,"volume":"0.70204958","buyTxId":"MM-P-10312336-57296380-3-11-0","sellTxId":"b91f4bf36dabd339b2f11f8fbb3ecfd2bda26f56"}
{"index": {"_index":"pob","_id":"1507136"}}
	{"id":1507136,"type":"sell","buyer":"richardcrill","seller":"itharagaian","symbol":"POB","quantity":"0.08070000","price":"0.24039019","timestamp":1631264025,"volume":"0.01939949","buyTxId":"MM-P-10312336-57296380-3-11-0","sellTxId":"140e95d75829fbf03aea2bcc20832d9f0a45d91b"}
{"index": {"_index":"pob","_id":"1507154"}}
	{"id":1507154,"type":"sell","buyer":"richardcrill","seller":"cryptoandcoffee","symbol":"POB","quantity":"2.00000000","price":"0.24039019","timestamp":1631264661,"volume":"0.48078038","buyTxId":"MM-P-10312336-57296380-3-11-0","sellTxId":"62dd426a552c0482d8a0e4aa00e87c7c14e951a6"}
{"index": {"_index":"pob","_id":"1507158"}}
	{"id":1507158,"type":"buy","buyer":"ugochill","seller":"bitukoyo","symbol":"POB","quantity":"0.19000000","price":"0.34000000","timestamp":1631264730,"volume":"0.06460000","buyTxId":"c15273da55d5ed1ed919fa853c2d9fc42ffeeb20","sellTxId":"6cf27fa3dbab2489bfb03ceb4030fec8ce7f98f8"}
{"index": {"_index":"pob","_id":"1507178"}}
	{"id":1507178,"type":"buy","buyer":"memeisfun","seller":"bitukoyo","symbol":"POB","quantity":"28.25756488","price":"0.34000000","timestamp":1631265774,"volume":"9.60757206","buyTxId":"5945def110fa31b9aac370623ed3f575633ffb43","sellTxId":"6cf27fa3dbab2489bfb03ceb4030fec8ce7f98f8"}
{"index": {"_index":"pob","_id":"1507351"}}
	{"id":1507351,"type":"sell","buyer":"richardcrill","seller":"ahmetay","symbol":"POB","quantity":"1.61696731","price":"0.28010001","timestamp":1631270088,"volume":"0.45291256","buyTxId":"MM-P-10314922-57298970-3-11-0","sellTxId":"55876bf283df9a6b51b3237e60922b00ff98c490"}
{"index": {"_index":"pob","_id":"1507352"}}
	{"id":1507352,"type":"sell","buyer":"richardcrill","seller":"tonytrillions","symbol":"POB","quantity":"0.00897634","price":"0.28010001","timestamp":1631270100,"volume":"0.00251427","buyTxId":"MM-P-10314922-57298970-3-11-0","sellTxId":"29950f145c866c4a9f970f45902ae0543fc82e45"}
{"index": {"_index":"pob","_id":"1507366"}}
	{"id":1507366,"type":"sell","buyer":"richardcrill","seller":"jacoalberts","symbol":"POB","quantity":"35.00000000","price":"0.28010001","timestamp":1631270559,"volume":"9.80350035","buyTxId":"MM-P-10314922-57298970-3-11-0","sellTxId":"4a96c3aa36eb0eaf917d6356a14eabe59952fa2d"}
{"index": {"_index":"pob","_id":"1507386"}}
	{"id":1507386,"type":"sell","buyer":"richardcrill","seller":"tommyl33","symbol":"POB","quantity":"5.61316972","price":"0.28010001","timestamp":1631270781,"volume":"1.57224889","buyTxId":"MM-P-10314922-57298970-3-11-0","sellTxId":"92d57fb4c9b3e91d38ff17473bbda20c162981c2"}
{"index": {"_index":"pob","_id":"1507397"}}
	{"id":1507397,"type":"sell","buyer":"richardcrill","seller":"andy4475","symbol":"POB","quantity":"1.74846551","price":"0.28010001","timestamp":1631270979,"volume":"0.48974521","buyTxId":"MM-P-10314922-57298970-3-11-0","sellTxId":"50834ba544e33a543ec1b42b8ab1897dd9778c2a"}
{"index": {"_index":"pob","_id":"1507408"}}
	{"id":1507408,"type":"sell","buyer":"richardcrill","seller":"scooter77","symbol":"POB","quantity":"12.05624775","price":"0.28010001","timestamp":1631271144,"volume":"3.37695512","buyTxId":"MM-P-10314922-57298970-3-11-0","sellTxId":"825ea4d689314e838511b33f57a0e637dacce46f"}
{"index": {"_index":"pob","_id":"1507409"}}
	{"id":1507409,"type":"sell","buyer":"solovey6o2","seller":"scooter77","symbol":"POB","quantity":"15.66891676","price":"0.28004005","timestamp":1631271144,"volume":"4.38792423","buyTxId":"48200ace483fc051c391e3aa9a0632d51c0bf06c","sellTxId":"825ea4d689314e838511b33f57a0e637dacce46f"}
{"index": {"_index":"pob","_id":"1507443"}}
	{"id":1507443,"type":"sell","buyer":"insight.pob","seller":"fabiolalove","symbol":"POB","quantity":"10.00000000","price":"0.29000000","timestamp":1631271633,"volume":"2.90000000","buyTxId":"7abc55ca20757974bbd2969ece7546f084ac8fb9","sellTxId":"b6984673531509d9d3369fca0c915e930fa52cb3"}
{"index": {"_index":"pob","_id":"1507444"}}
	{"id":1507444,"type":"sell","buyer":"solovey6o2","seller":"fabiolalove","symbol":"POB","quantity":"2.03872957","price":"0.28006007","timestamp":1631271633,"volume":"0.57096675","buyTxId":"9cd8ac9dbea335cb2e161306dd8f696c2c037f6b","sellTxId":"b6984673531509d9d3369fca0c915e930fa52cb3"}
{"index": {"_index":"pob","_id":"1507459"}}
	{"id":1507459,"type":"sell","buyer":"solovey6o2","seller":"feanorgu","symbol":"POB","quantity":"0.28738477","price":"0.28007008","timestamp":1631271828,"volume":"0.08048788","buyTxId":"c7f3fab194cb407d337b3b4f03b7261871488d39","sellTxId":"aadfdcb2e89275f9109278cda4eca40a3c079c82"}
{"index": {"_index":"pob","_id":"1507514"}}
	{"id":1507514,"type":"sell","buyer":"insight.pob","seller":"insight.pob","symbol":"POB","quantity":"1.00000000","price":"0.28100000","timestamp":1631273019,"volume":"0.28100000","buyTxId":"3afc378f1ad15cbbe90db65486d351366b900dd2","sellTxId":"7ed9dfbd7a78d831593d3a40854ceeacee892706"}
{"index": {"_index":"pob","_id":"1507515"}}
	{"id":1507515,"type":"sell","buyer":"ctime","seller":"insight.pob","symbol":"POB","quantity":"43.79604114","price":"0.28011011","timestamp":1631273019,"volume":"12.26771390","buyTxId":"MM-P-10315918-57299966-3-48-0","sellTxId":"7ed9dfbd7a78d831593d3a40854ceeacee892706"}
{"index": {"_index":"pob","_id":"1507516"}}
	{"id":1507516,"type":"sell","buyer":"bluesniper","seller":"insight.pob","symbol":"POB","quantity":"4.10395886","price":"0.28011011","timestamp":1631273019,"volume":"1.14956037","buyTxId":"MM-P-10315966-57300014-3-8-0","sellTxId":"7ed9dfbd7a78d831593d3a40854ceeacee892706"}
{"index": {"_index":"pob","_id":"1507614"}}
	{"id":1507614,"type":"sell","buyer":"solovey6o2","seller":"insight.pob","symbol":"POB","quantity":"40.00000000","price":"0.28014015","timestamp":1631273943,"volume":"11.20560600","buyTxId":"c4043444d141e27ad22e7d195531cf0ece762cf7","sellTxId":"d13f94008fac564db0ebd0b897ba9fc5f4011371"}
{"index": {"_index":"pob","_id":"1507625"}}
	{"id":1507625,"type":"sell","buyer":"solovey6o2","seller":"captainquack22","symbol":"POB","quantity":"0.16","price":"0.28014015","timestamp":1631274102,"volume":"0.04482242","buyTxId":"c4043444d141e27ad22e7d195531cf0ece762cf7","sellTxId":"0a9d77e78574ca491a71521f35dbd7ad3df4cef0"}
{"index": {"_index":"pob","_id":"1507738"}}
	{"id":1507738,"type":"sell","buyer":"solovey6o2","seller":"globetrottergcc","symbol":"POB","quantity":"4.10183685","price":"0.28506007","timestamp":1631276508,"volume":"1.16926990","buyTxId":"7bfabc6185b18e4e832ac8595d6a92614bb6ecf0","sellTxId":"8f7b5c7beb733fdd83fff243cd26408ae15c208c"}
{"index": {"_index":"pob","_id":"1507743"}}
	{"id":1507743,"type":"sell","buyer":"solovey6o2","seller":"hirohurl","symbol":"POB","quantity":"0.64944018","price":"0.28506007","timestamp":1631276535,"volume":"0.18512946","buyTxId":"7bfabc6185b18e4e832ac8595d6a92614bb6ecf0","sellTxId":"4edf95d6437f513c0e22ba3fe929c71e20d74162"}
{"index": {"_index":"pob","_id":"1507821"}}
	{"id":1507821,"type":"sell","buyer":"ctime","seller":"dhedge-drips","symbol":"POB","quantity":"0.44182249","price":"0.28512012","timestamp":1631278023,"volume":"0.12597248","buyTxId":"MM-P-10317617-57301666-3-48-0","sellTxId":"31d0a19fff9f081d36d69f85b1daccf544ea66d9"}
{"index": {"_index":"pob","_id":"1507831"}}
	{"id":1507831,"type":"buy","buyer":"offgridlife","seller":"kemmyb","symbol":"POB","quantity":"0.01000000","price":"0.30000000","timestamp":1631278131,"volume":"0.00300000","buyTxId":"ae6d82584f4edab03da7ac281a8be3dc7c67eeee","sellTxId":"55a0f1c974c52ebf63e2cf7ed48204a2e80175a5"}
{"index": {"_index":"pob","_id":"1507832"}}
	{"id":1507832,"type":"buy","buyer":"offgridlife","seller":"kemmyb","symbol":"POB","quantity":"0.01000000","price":"0.30000000","timestamp":1631278134,"volume":"0.00300000","buyTxId":"78b889f63548a4ef731f6e2a1f731a786afbe63a","sellTxId":"55a0f1c974c52ebf63e2cf7ed48204a2e80175a5"}
{"index": {"_index":"pob","_id":"1507833"}}
	{"id":1507833,"type":"buy","buyer":"offgridlife","seller":"kemmyb","symbol":"POB","quantity":"0.01000000","price":"0.30000000","timestamp":1631278137,"volume":"0.00300000","buyTxId":"e0a2c3d8d1e5004328bfa8f9758e629a9e866cab","sellTxId":"55a0f1c974c52ebf63e2cf7ed48204a2e80175a5"}
{"index": {"_index":"pob","_id":"1507834"}}
	{"id":1507834,"type":"buy","buyer":"offgridlife","seller":"kemmyb","symbol":"POB","quantity":"0.01000000","price":"0.30000000","timestamp":1631278143,"volume":"0.00300000","buyTxId":"9cd5f0d43f4e8298728493879b8e0027956a93c5","sellTxId":"55a0f1c974c52ebf63e2cf7ed48204a2e80175a5"}
{"index": {"_index":"pob","_id":"1507835"}}
	{"id":1507835,"type":"buy","buyer":"offgridlife","seller":"kemmyb","symbol":"POB","quantity":"0.01000000","price":"0.30000000","timestamp":1631278146,"volume":"0.00300000","buyTxId":"34ff039f3cf2a6d742953d55abbfbe11a1e6809a","sellTxId":"55a0f1c974c52ebf63e2cf7ed48204a2e80175a5"}
{"index": {"_index":"pob","_id":"1507836"}}
	{"id":1507836,"type":"buy","buyer":"offgridlife","seller":"kemmyb","symbol":"POB","quantity":"0.01000000","price":"0.30000000","timestamp":1631278149,"volume":"0.00300000","buyTxId":"9cb83c30bb249052edf73ea223865e8176f35827","sellTxId":"55a0f1c974c52ebf63e2cf7ed48204a2e80175a5"}
{"index": {"_index":"pob","_id":"1507837"}}
	{"id":1507837,"type":"buy","buyer":"offgridlife","seller":"kemmyb","symbol":"POB","quantity":"0.01000000","price":"0.30000000","timestamp":1631278152,"volume":"0.00300000","buyTxId":"7f08241f73494af8e7ad26caa03a2dfd3436e911","sellTxId":"55a0f1c974c52ebf63e2cf7ed48204a2e80175a5"}
{"index": {"_index":"pob","_id":"1507838"}}
	{"id":1507838,"type":"buy","buyer":"offgridlife","seller":"kemmyb","symbol":"POB","quantity":"0.01000000","price":"0.30000000","timestamp":1631278155,"volume":"0.00300000","buyTxId":"5e1b4968626fcec4cda5cc4ddd62615a69fa929d","sellTxId":"55a0f1c974c52ebf63e2cf7ed48204a2e80175a5"}
{"index": {"_index":"pob","_id":"1507852"}}
	{"id":1507852,"type":"buy","buyer":"offgridlife","seller":"kemmyb","symbol":"POB","quantity":"6.92000000","price":"0.30000000","timestamp":1631278365,"volume":"2.07600000","buyTxId":"410f936b7f59fec56373c3871e01f142746c071a","sellTxId":"55a0f1c974c52ebf63e2cf7ed48204a2e80175a5"}
{"index": {"_index":"pob","_id":"1507853"}}
	{"id":1507853,"type":"buy","buyer":"offgridlife","seller":"dhedge-drips","symbol":"POB","quantity":"0.44182249","price":"0.30000000","timestamp":1631278365,"volume":"0.13254675","buyTxId":"410f936b7f59fec56373c3871e01f142746c071a","sellTxId":"87c88ab6d59297058853bbad0751a679863da174"}
{"index": {"_index":"pob","_id":"1507856"}}
	{"id":1507856,"type":"buy","buyer":"offgridlife","seller":"kemmyb","symbol":"POB","quantity":"5.00000000","price":"0.31500000","timestamp":1631278413,"volume":"1.57500000","buyTxId":"e30534c5f026b067f0622b780da6a334ef216c5d","sellTxId":"69035ba51c5d6b91da83e7dab1c39207730532ac"}
{"index": {"_index":"pob","_id":"1507905"}}
	{"id":1507905,"type":"buy","buyer":"evernoticethat","seller":"kemmyb","symbol":"POB","quantity":"2.00000000","price":"0.31500000","timestamp":1631280147,"volume":"0.63000000","buyTxId":"04de6987acd1527469b0489c24213dc3871a1f39","sellTxId":"69035ba51c5d6b91da83e7dab1c39207730532ac"}
{"index": {"_index":"pob","_id":"1507914"}}
	{"id":1507914,"type":"buy","buyer":"evernoticethat","seller":"pialejoana","symbol":"POB","quantity":"7.80000000","price":"0.31600000","timestamp":1631280276,"volume":"2.46480000","buyTxId":"499adfa971c970b217c9e295b2b8b8323ade12e2","sellTxId":"6585bf37d07bc3d38ee0a12511c1f33633c15858"}
{"index": {"_index":"pob","_id":"1507915"}}
	{"id":1507915,"type":"buy","buyer":"evernoticethat","seller":"specialfeelings","symbol":"POB","quantity":"1.04315118","price":"0.31750000","timestamp":1631280276,"volume":"0.33120050","buyTxId":"499adfa971c970b217c9e295b2b8b8323ade12e2","sellTxId":"368939e03a2812ac6a905d96d3df36d42c630072"}
{"index": {"_index":"pob","_id":"1507941"}}
	{"id":1507941,"type":"sell","buyer":"offgridlife","seller":"tonytrillions","symbol":"POB","quantity":"0.09387697","price":"0.31000000","timestamp":1631280915,"volume":"0.02910186","buyTxId":"410f936b7f59fec56373c3871e01f142746c071a","sellTxId":"21901e6c3033bd4e513bc8c2246253d3c43b599c"}
{"index": {"_index":"pob","_id":"1507993"}}
	{"id":1507993,"type":"sell","buyer":"offgridlife","seller":"readthisplease","symbol":"POB","quantity":"2.54430054","price":"0.31000000","timestamp":1631282280,"volume":"0.78873317","buyTxId":"410f936b7f59fec56373c3871e01f142746c071a","sellTxId":"e42a2b43ea15a4b3a8fb3b6ebcf28c547cdd101c"}
{"index": {"_index":"pob","_id":"1507994"}}
	{"id":1507994,"type":"sell","buyer":"ctime","seller":"readthisplease","symbol":"POB","quantity":"19.17094081","price":"0.28526026","timestamp":1631282280,"volume":"5.46870756","buyTxId":"MM-P-10319015-57303064-3-48-0","sellTxId":"e42a2b43ea15a4b3a8fb3b6ebcf28c547cdd101c"}
{"index": {"_index":"pob","_id":"1507995"}}
	{"id":1507995,"type":"sell","buyer":"bluesniper","seller":"readthisplease","symbol":"POB","quantity":"18.28475865","price":"0.28526026","timestamp":1631282280,"volume":"5.21591501","buyTxId":"MM-P-10319063-57303112-3-8-0","sellTxId":"e42a2b43ea15a4b3a8fb3b6ebcf28c547cdd101c"}
{"index": {"_index":"pob","_id":"1508000"}}
	{"id":1508000,"type":"sell","buyer":"solovey6o2","seller":"chinorf","symbol":"POB","quantity":"0.68503252","price":"0.28526027","timestamp":1631282382,"volume":"0.19541256","buyTxId":"47ea8bc55ea5e4180330e5fbf025895aefb1b8ed","sellTxId":"de7d832c2a65b5b8c0be6194354e52c38db0cdd7"}
{"index": {"_index":"pob","_id":"1508070"}}
	{"id":1508070,"type":"sell","buyer":"bluesniper","seller":"trumpman","symbol":"POB","quantity":"17.22770910","price":"0.28528028","timestamp":1631283306,"volume":"4.91472568","buyTxId":"MM-P-10319262-57303311-3-8-0","sellTxId":"f66c1bef8c45ca0b7e34ca038fdc2d79fb14f019"}
{"index": {"_index":"pob","_id":"1508104"}}
	{"id":1508104,"type":"sell","buyer":"solovey6o2","seller":"stayten","symbol":"POB","quantity":"0.96691211","price":"0.28529030","timestamp":1631283669,"volume":"0.27585065","buyTxId":"21ade514b637ff1d6045dadb150b190dd07c93c0","sellTxId":"d4dfddaa86f1da86d66da24ff8f6247cf1693d22"}
{"index": {"_index":"pob","_id":"1508111"}}
	{"id":1508111,"type":"sell","buyer":"solovey6o2","seller":"derangedvisions","symbol":"POB","quantity":"38.35532073","price":"0.28530031","timestamp":1631283903,"volume":"10.94278489","buyTxId":"abe2f0605431b6106f05feb07c9a560a82642f6d","sellTxId":"5c113b01eb134c83ee7de3ed8a5770ea3a5ab32a"}
{"index": {"_index":"pob","_id":"1508144"}}
	{"id":1508144,"type":"buy","buyer":"anadolu","seller":"solovey6o2","symbol":"POB","quantity":"63.59134064","price":"0.29999999","timestamp":1631284353,"volume":"19.07740156","buyTxId":"06a29ad8a208cf764b50818bff99d7ec6a4210d5","sellTxId":"00c76fb624ac5e3071a47eb17d336d08efcd2b94"}
{"index": {"_index":"pob","_id":"1508145"}}
	{"id":1508145,"type":"buy","buyer":"anadolu","seller":"solovey6o2","symbol":"POB","quantity":"39.32223236","price":"0.29999999","timestamp":1631284353,"volume":"11.79666931","buyTxId":"06a29ad8a208cf764b50818bff99d7ec6a4210d5","sellTxId":"34a96f4294fa3a098c207a60217fcc1cb090c5cd"}
{"index": {"_index":"pob","_id":"1508156"}}
	{"id":1508156,"type":"buy","buyer":"tipy","seller":"solovey6o2","symbol":"POB","quantity":"0.00000048","price":"0.29999999","timestamp":1631284386,"volume":"0.00000014","buyTxId":"7f4ab745c3787571821d6857d0076712a067f5cb","sellTxId":"34a96f4294fa3a098c207a60217fcc1cb090c5cd"}
{"index": {"_index":"pob","_id":"1508157"}}
	{"id":1508157,"type":"buy","buyer":"anadolu","seller":"anggreklestari","symbol":"POB","quantity":"68.00000000","price":"0.30000000","timestamp":1631284419,"volume":"20.40000000","buyTxId":"6ba08ab2d22fa0193b9ef1313ced88da3d816f9e","sellTxId":"4198cc2e182cd49344075cfae3d93e4c6790c697"}
{"index": {"_index":"pob","_id":"1508173"}}
	{"id":1508173,"type":"sell","buyer":"tipy","seller":"bilpcoinbpc","symbol":"POB","quantity":"0.00287972","price":"0.29999999","timestamp":1631285121,"volume":"0.00086392","buyTxId":"7f4ab745c3787571821d6857d0076712a067f5cb","sellTxId":"8d7af72413f90296ef1b816e1af55148398f09ff"}
{"index": {"_index":"pob","_id":"1508225"}}
	{"id":1508225,"type":"sell","buyer":"bilpcoinbpc","seller":"gubbatv","symbol":"POB","quantity":"0.50000000","price":"0.28600000","timestamp":1631285895,"volume":"0.14300000","buyTxId":"e67c3675a706ab5d781fb983a09219adc04bd3b8","sellTxId":"cb38beddbd02927bcd1c5c1fe3828529788e4005"}
{"index": {"_index":"pob","_id":"1508238"}}
	{"id":1508238,"type":"sell","buyer":"bluesniper","seller":"kevmcc","symbol":"POB","quantity":"0.10870113","price":"0.28536036","timestamp":1631286006,"volume":"0.03101899","buyTxId":"MM-P-10320158-57304207-3-8-0","sellTxId":"7631506c4ffff0a1668da07ca7eea22f26940933"}
{"index": {"_index":"pob","_id":"1508255"}}
	{"id":1508255,"type":"sell","buyer":"solovey6o2","seller":"josediccus","symbol":"POB","quantity":"26.00000000","price":"0.28537038","timestamp":1631286249,"volume":"7.41962988","buyTxId":"c53d26de3f3c0e51b62939547585ad82503a2f29","sellTxId":"8d66007593fc63525794d7149a46d50a80265b36"}
{"index": {"_index":"pob","_id":"1508264"}}
	{"id":1508264,"type":"sell","buyer":"solovey6o2","seller":"acesontop","symbol":"POB","quantity":"44.76624872","price":"0.28537038","timestamp":1631286345,"volume":"12.77496141","buyTxId":"c53d26de3f3c0e51b62939547585ad82503a2f29","sellTxId":"059cbd2234ee66806a058e5897c0eeb5cecd0d82"}
{"index": {"_index":"pob","_id":"1508284"}}
	{"id":1508284,"type":"sell","buyer":"bluesniper","seller":"alinalazareva","symbol":"POB","quantity":"0.68004250","price":"0.28539039","timestamp":1631286807,"volume":"0.19407759","buyTxId":"MM-P-10320558-57304607-3-8-0","sellTxId":"a98284325c4fb37487de04c34c0d34becc8e658c"}
{"index": {"_index":"pob","_id":"1508285"}}
	{"id":1508285,"type":"sell","buyer":"bluesniper","seller":"bitcoinflood","symbol":"POB","quantity":"11.78659895","price":"0.28539039","timestamp":1631286816,"volume":"3.36378207","buyTxId":"MM-P-10320558-57304607-3-8-0","sellTxId":"24c905f092c192271a11429273679a091d85c474"}
{"index": {"_index":"pob","_id":"1508300"}}
	{"id":1508300,"type":"buy","buyer":"tipy","seller":"gubbatv","symbol":"POB","quantity":"0.00138010","price":"0.28600000","timestamp":1631287032,"volume":"0.00039471","buyTxId":"16d52d3c40b340ab59f08f2ea896de0760840d5a","sellTxId":"cb38beddbd02927bcd1c5c1fe3828529788e4005"}
{"index": {"_index":"pob","_id":"1508329"}}
	{"id":1508329,"type":"sell","buyer":"solovey6o2","seller":"dudeontheweb","symbol":"POB","quantity":"3.00000000","price":"0.28542043","timestamp":1631287767,"volume":"0.85626129","buyTxId":"72e9026fe0575bfcbb21f6de9dcf7715e39352ea","sellTxId":"7017f90cc5e81102b18a0dfd505988e36709bd88"}
{"index": {"_index":"pob","_id":"1508350"}}
	{"id":1508350,"type":"sell","buyer":"solovey6o2","seller":"omaira74","symbol":"POB","quantity":"3.15260588","price":"0.28543044","timestamp":1631288205,"volume":"0.89984968","buyTxId":"c1b7d9502a281f69a49eeaa09189a24f18fa1ac0","sellTxId":"01e8371da29a8b4aecfb9b048e0a783ce9c6c01c"}
{"index": {"_index":"pob","_id":"1508353"}}
	{"id":1508353,"type":"sell","buyer":"solovey6o2","seller":"piaabao","symbol":"POB","quantity":"19.05198452","price":"0.28543044","timestamp":1631288214,"volume":"5.43801632","buyTxId":"c1b7d9502a281f69a49eeaa09189a24f18fa1ac0","sellTxId":"9edf68d13913cf669f20fd835d727713a12a8f15"}
{"index": {"_index":"pob","_id":"1508372"}}
	{"id":1508372,"type":"buy","buyer":"anadolu","seller":"gubbatv","symbol":"POB","quantity":"3.24091320","price":"0.28600000","timestamp":1631288400,"volume":"0.92690118","buyTxId":"dfeceec41b0129ae452e00992b9ce8f30cbc472b","sellTxId":"cb38beddbd02927bcd1c5c1fe3828529788e4005"}
{"index": {"_index":"pob","_id":"1508373"}}
	{"id":1508373,"type":"sell","buyer":"anadolu","seller":"tonytrillions","symbol":"POB","quantity":"0.89482147","price":"0.28600000","timestamp":1631288409,"volume":"0.25591894","buyTxId":"dfeceec41b0129ae452e00992b9ce8f30cbc472b","sellTxId":"bb4fa3f7d73e7634c7c00812420bcf2615de559c"}
{"index": {"_index":"pob","_id":"1508421"}}
	{"id":1508421,"type":"sell","buyer":"bluesniper","seller":"piaabao","symbol":"POB","quantity":"15.06121389","price":"0.28605005","timestamp":1631289762,"volume":"4.30826099","buyTxId":"MM-P-10321557-57305606-3-8-0","sellTxId":"c99a034e8d95ea7157d5b85ad921592d94ea40cb"}
{"index": {"_index":"pob","_id":"1508462"}}
	{"id":1508462,"type":"sell","buyer":"bluesniper","seller":"davidbolu34","symbol":"POB","quantity":"0.63276000","price":"0.28606006","timestamp":1631290170,"volume":"0.18100736","buyTxId":"MM-P-10321656-57305705-3-8-0","sellTxId":"741d7fb71d7915441ccda5f350c37c877e4a9d5d"}
{"index": {"_index":"pob","_id":"1508507"}}
	{"id":1508507,"type":"buy","buyer":"tipy","seller":"specialfeelings","symbol":"POB","quantity":"0.00203593","price":"0.29500000","timestamp":1631290875,"volume":"0.00060060","buyTxId":"af101985b908ad7fe4298dbc2fc3df31175941f1","sellTxId":"8a4a425bcda2721e201bdf6f58f58872dbe5b641"}
{"index": {"_index":"pob","_id":"1508598"}}
	{"id":1508598,"type":"sell","buyer":"solovey6o2","seller":"kevinnag58","symbol":"POB","quantity":"20.62730829","price":"0.28611012","timestamp":1631291829,"volume":"5.90168165","buyTxId":"e3ab5009d693e498045cd9179503013a9c51bef8","sellTxId":"14a89e8751cc46c942e1aea0a8a33635284cef15"}
{"index": {"_index":"pob","_id":"1508613"}}
	{"id":1508613,"type":"sell","buyer":"solovey6o2","seller":"thranax","symbol":"POB","quantity":"216.23837994","price":"0.28612013","timestamp":1631291988,"volume":"61.87015338","buyTxId":"34b73ffd63fd82b0a009449677a0e5596548762c","sellTxId":"64a24c60e1680971a5286eb9d8bb55c3244f4f73"}
{"index": {"_index":"pob","_id":"1508759"}}
	{"id":1508759,"type":"buy","buyer":"ugochill","seller":"specialfeelings","symbol":"POB","quantity":"0.06050000","price":"0.29500000","timestamp":1631293266,"volume":"0.01784750","buyTxId":"9b840a0f72067c128b8067bc11d2fc6f716eccf2","sellTxId":"8a4a425bcda2721e201bdf6f58f58872dbe5b641"}
{"index": {"_index":"pob","_id":"1508924"}}
	{"id":1508924,"type":"sell","buyer":"bilpcoinbpc","seller":"slobberchops","symbol":"POB","quantity":"1.00000000","price":"0.28534000","timestamp":1631295231,"volume":"0.28534000","buyTxId":"fc1f59d0a8d9124b3931e8b975b228037456d2aa","sellTxId":"d245d3d4fb1a50bdb2164dad7330074bb36cbb28"}
{"index": {"_index":"pob","_id":"1508930"}}
	{"id":1508930,"type":"sell","buyer":"solovey6o2","seller":"slobberchops","symbol":"POB","quantity":"0.47309532","price":"0.28509010","timestamp":1631295285,"volume":"0.13487479","buyTxId":"83a80ead06773a0ceb4ace6cc6bffc3f91839070","sellTxId":"f60836a163e3757455fd0a33e37d120e2f166833"}
{"index": {"_index":"pob","_id":"1509031"}}
	{"id":1509031,"type":"sell","buyer":"solovey6o2","seller":"darth-azrael","symbol":"POB","quantity":"2.00000000","price":"0.28513014","timestamp":1631296305,"volume":"0.57026028","buyTxId":"4169a1861e70ab4c9ab53ce60308e026baecc925","sellTxId":"50d8384f21e8ee9bc05f245783857a5924409e0b"}
{"index": {"_index":"pob","_id":"1509035"}}
	{"id":1509035,"type":"sell","buyer":"solovey6o2","seller":"chireerocks","symbol":"POB","quantity":"3.42595984","price":"0.28513014","timestamp":1631296443,"volume":"0.97684441","buyTxId":"4169a1861e70ab4c9ab53ce60308e026baecc925","sellTxId":"fcf8a0480204ac1b1d3366bde563863ac973f11f"}
{"index": {"_index":"pob","_id":"1509047"}}
	{"id":1509047,"type":"sell","buyer":"solovey6o2","seller":"cryptoandcoffee","symbol":"POB","quantity":"2.00000000","price":"0.28513014","timestamp":1631296506,"volume":"0.57026028","buyTxId":"4169a1861e70ab4c9ab53ce60308e026baecc925","sellTxId":"1dc3ee76a5c9b3e6eefe65ef3299def457a6beea"}
{"index": {"_index":"pob","_id":"1509061"}}
	{"id":1509061,"type":"buy","buyer":"yintercept","seller":"specialfeelings","symbol":"POB","quantity":"2.50248592","price":"0.29500000","timestamp":1631296695,"volume":"0.73823335","buyTxId":"0a2e4a6eac319666576bd4d7d3538826db24f222","sellTxId":"8a4a425bcda2721e201bdf6f58f58872dbe5b641"}
{"index": {"_index":"pob","_id":"1509083"}}
	{"id":1509083,"type":"sell","buyer":"yintercept","seller":"deniskj","symbol":"POB","quantity":"3.33751408","price":"0.29500000","timestamp":1631296980,"volume":"0.98456665","buyTxId":"0a2e4a6eac319666576bd4d7d3538826db24f222","sellTxId":"b03630d7238b79232d9cd610089e1b94fcefae1f"}
{"index": {"_index":"pob","_id":"1509084"}}
	{"id":1509084,"type":"sell","buyer":"solovey6o2","seller":"deniskj","symbol":"POB","quantity":"13.51696764","price":"0.28515016","timestamp":1631296980,"volume":"3.85436549","buyTxId":"4c36f517a15b85bd35a9a030b71eeff5f8c2d13a","sellTxId":"b03630d7238b79232d9cd610089e1b94fcefae1f"}
{"index": {"_index":"pob","_id":"1509087"}}
	{"id":1509087,"type":"sell","buyer":"solovey6o2","seller":"pantera1","symbol":"POB","quantity":"23.67664813","price":"0.28515016","timestamp":1631297016,"volume":"6.75140000","buyTxId":"4c36f517a15b85bd35a9a030b71eeff5f8c2d13a","sellTxId":"f46e2a20471c54040b4d23187424642ce5efb126"}
{"index": {"_index":"pob","_id":"1509101"}}
	{"id":1509101,"type":"sell","buyer":"solovey6o2","seller":"thomashnblum","symbol":"POB","quantity":"167.50545867","price":"0.28516017","timestamp":1631297241,"volume":"47.76588507","buyTxId":"ba0ae63677a20a434d2a6ea9abf260849bc9b926","sellTxId":"b100e4e150ad8b9e06bb2eea330dc589c848934e"}
{"index": {"_index":"pob","_id":"1509202"}}
	{"id":1509202,"type":"buy","buyer":"ugochill","seller":"bilpcoinbpc","symbol":"POB","quantity":"0.03600000","price":"0.29999999","timestamp":1631298480,"volume":"0.01080000","buyTxId":"cb93c2f8dbbd684f6d0d8e6b5a622f957f75180b","sellTxId":"8d7af72413f90296ef1b816e1af55148398f09ff"}
{"index": {"_index":"pob","_id":"1509219"}}
	{"id":1509219,"type":"sell","buyer":"solovey6o2","seller":"cwow2","symbol":"POB","quantity":"12.88457130","price":"0.28521022","timestamp":1631298729,"volume":"3.67481142","buyTxId":"2e656088230ab97738a451eed4126a24deb4ac72","sellTxId":"c92880f63068d860ae864c70ad1b937953a2aa06"}
{"index": {"_index":"pob","_id":"1509230"}}
	{"id":1509230,"type":"sell","buyer":"solovey6o2","seller":"memehive","symbol":"POB","quantity":"18.50000000","price":"0.28521022","timestamp":1631298873,"volume":"5.27638907","buyTxId":"2e656088230ab97738a451eed4126a24deb4ac72","sellTxId":"ed345ebef18d3e328bdfd4d8c7b9af3d94d1220b"}
{"index": {"_index":"pob","_id":"1509254"}}
	{"id":1509254,"type":"sell","buyer":"solovey6o2","seller":"gaboamc2393","symbol":"POB","quantity":"0.18972891","price":"0.28522023","timestamp":1631299101,"volume":"0.05411452","buyTxId":"f8883a8857b9361a54a9188ed6800bb6f6660ca8","sellTxId":"42359d2fc9fd4411efb906efb90d00403dbbf1f3"}
{"index": {"_index":"pob","_id":"1509332"}}
	{"id":1509332,"type":"buy","buyer":"droida","seller":"bilpcoinbpc","symbol":"POB","quantity":"0.96112028","price":"0.29999999","timestamp":1631300172,"volume":"0.28833607","buyTxId":"df9ee5ee2f09c763320b930690356c64d6908bad","sellTxId":"8d7af72413f90296ef1b816e1af55148398f09ff"}
{"index": {"_index":"pob","_id":"1509376"}}
	{"id":1509376,"type":"sell","buyer":"solovey6o2","seller":"twicejoy","symbol":"POB","quantity":"0.84712380","price":"0.28527028","timestamp":1631300613,"volume":"0.24165924","buyTxId":"496addc2ecfb5274e7a3f7abebc6472bbcc5b549","sellTxId":"06501e67a1c535857853a73341cb86a757cb2759"}
{"index": {"_index":"pob","_id":"1509400"}}
	{"id":1509400,"type":"sell","buyer":"solovey6o2","seller":"lionsuit","symbol":"POB","quantity":"0.09850324","price":"0.28528029","timestamp":1631300940,"volume":"0.02810103","buyTxId":"c480453998fae40db6c324d9eb3e2fed06d22e8e","sellTxId":"6cded66dc940e20b224c65701ba7c9c4b401e7e0"}
{"index": {"_index":"pob","_id":"1509421"}}
	{"id":1509421,"type":"sell","buyer":"solovey6o2","seller":"liaminit1","symbol":"POB","quantity":"0.50220837","price":"0.28530031","timestamp":1631301474,"volume":"0.14328020","buyTxId":"c0c145df346c83ecdd9d9ab1e438f9968ddf8e05","sellTxId":"cb047abc4098730955de016ae6ccdb98479bbacc"}
{"index": {"_index":"pob","_id":"1509434"}}
	{"id":1509434,"type":"buy","buyer":"yintercept","seller":"bilpcoinbpc","symbol":"POB","quantity":"1.00000000","price":"0.30000000","timestamp":1631301672,"volume":"0.30000000","buyTxId":"2445d7f5851cdf806878a75e6ac7f832c8b28053","sellTxId":"1777a9f1ccf056349ba504a89fc53b351b0a0701"}
{"index": {"_index":"pob","_id":"1509488"}}
	{"id":1509488,"type":"sell","buyer":"yintercept","seller":"mykos","symbol":"POB","quantity":"0.73958759","price":"0.30000000","timestamp":1631302704,"volume":"0.22187628","buyTxId":"2445d7f5851cdf806878a75e6ac7f832c8b28053","sellTxId":"2d729f89db1f8abee5cd07ba71ba1975f26683d4"}
{"index": {"_index":"pob","_id":"1509512"}}
	{"id":1509512,"type":"sell","buyer":"yintercept","seller":"andy4475","symbol":"POB","quantity":"0.63041241","price":"0.30000000","timestamp":1631303064,"volume":"0.18912372","buyTxId":"2445d7f5851cdf806878a75e6ac7f832c8b28053","sellTxId":"4fd2b1a83e0f952857af8454ac3e2d207f148667"}
{"index": {"_index":"pob","_id":"1509513"}}
	{"id":1509513,"type":"sell","buyer":"solovey6o2","seller":"andy4475","symbol":"POB","quantity":"0.39531342","price":"0.28535036","timestamp":1631303064,"volume":"0.11280283","buyTxId":"cd3690eaf621c64c7270f0ee2c00d05049e98c9c","sellTxId":"4fd2b1a83e0f952857af8454ac3e2d207f148667"}
{"index": {"_index":"pob","_id":"1509519"}}
	{"id":1509519,"type":"sell","buyer":"ctime","seller":"brunonacif","symbol":"POB","quantity":"1.41976111","price":"0.28536036","timestamp":1631303184,"volume":"0.40514354","buyTxId":"MM-P-10325997-57310047-3-48-0","sellTxId":"b79ecdcbcbe810295d5beec86cd2ba1b80805b3d"}
{"index": {"_index":"pob","_id":"1509523"}}
	{"id":1509523,"type":"sell","buyer":"solovey6o2","seller":"fireguardian","symbol":"POB","quantity":"27","price":"0.28536037","timestamp":1631303247,"volume":"7.70472999","buyTxId":"92563cf7e087db8716b443a639908992f14409fa","sellTxId":"f704bc03a42e0bdb0d4202cae6e08d04d04973e0"}
{"index": {"_index":"pob","_id":"1509527"}}
	{"id":1509527,"type":"sell","buyer":"solovey6o2","seller":"tonytrillions","symbol":"POB","quantity":"0.00832866","price":"0.28536037","timestamp":1631303295,"volume":"0.00237667","buyTxId":"92563cf7e087db8716b443a639908992f14409fa","sellTxId":"395b154312264d1aeb9c7a0a518412d246b1de41"}
{"index": {"_index":"pob","_id":"1509541"}}
	{"id":1509541,"type":"buy","buyer":"uyobong","seller":"nazavzhdy","symbol":"POB","quantity":"0.10000000","price":"0.30895000","timestamp":1631303460,"volume":"0.03089500","buyTxId":"6172075d835ea6f7331a013bb788c1419ef439ca","sellTxId":"acbf9e54cc4eff8e84d69c978d2a4638f378d973"}
{"index": {"_index":"pob","_id":"1509715"}}
	{"id":1509715,"type":"sell","buyer":"uyobong","seller":"team-mexico","symbol":"POB","quantity":"7.00060146","price":"0.28600000","timestamp":1631305968,"volume":"2.00217202","buyTxId":"09c3860c19b3db22245155249d5c10cd03b31496","sellTxId":"d98a1351a2ce2fae487b61435a241a203a6bc143"}
{"index": {"_index":"pob","_id":"1509725"}}
	{"id":1509725,"type":"sell","buyer":"uyobong","seller":"darth-cryptic","symbol":"POB","quantity":"1.00000000","price":"0.28600000","timestamp":1631306133,"volume":"0.28600000","buyTxId":"09c3860c19b3db22245155249d5c10cd03b31496","sellTxId":"a42353385de1254bb72ffdaf8970f47ba87847f6"}
{"index": {"_index":"pob","_id":"1509742"}}
	{"id":1509742,"type":"sell","buyer":"uyobong","seller":"offgridlife","symbol":"POB","quantity":"6.50000000","price":"0.28600000","timestamp":1631306301,"volume":"1.85900000","buyTxId":"09c3860c19b3db22245155249d5c10cd03b31496","sellTxId":"0b4f313396bb9017d92de164121459b5bb2ee967"}
{"index": {"_index":"pob","_id":"1509800"}}
	{"id":1509800,"type":"sell","buyer":"uyobong","seller":"liaminit1","symbol":"POB","quantity":"3.43734900","price":"0.28600000","timestamp":1631306751,"volume":"0.98308181","buyTxId":"09c3860c19b3db22245155249d5c10cd03b31496","sellTxId":"61418cd50b41dc9d565352d4dd93ea6c9d20aac7"}
{"index": {"_index":"pob","_id":"1509808"}}
	{"id":1509808,"type":"sell","buyer":"uyobong","seller":"justinparke","symbol":"POB","quantity":"3.54403902","price":"0.28600000","timestamp":1631306865,"volume":"1.01359516","buyTxId":"09c3860c19b3db22245155249d5c10cd03b31496","sellTxId":"a9f67e715b21a1ffbd2229f37f89cf01f4f58be8"}
{"index": {"_index":"pob","_id":"1509897"}}
	{"id":1509897,"type":"sell","buyer":"uyobong","seller":"flipflopcrypto","symbol":"POB","quantity":"0.02253934","price":"0.28600000","timestamp":1631308437,"volume":"0.00644625","buyTxId":"09c3860c19b3db22245155249d5c10cd03b31496","sellTxId":"c1cfa9fcaf5ce820132322a0acff81d9b9301383"}
{"index": {"_index":"pob","_id":"1510043"}}
	{"id":1510043,"type":"sell","buyer":"uyobong","seller":"pixelfan","symbol":"POB","quantity":"0.74235246","price":"0.28600000","timestamp":1631311296,"volume":"0.21231280","buyTxId":"09c3860c19b3db22245155249d5c10cd03b31496","sellTxId":"a5683767e39ce8b29ee2309e8e5b8993c93c65b2"}
{"index": {"_index":"pob","_id":"1510081"}}
	{"id":1510081,"type":"sell","buyer":"uyobong","seller":"thomashnblum","symbol":"POB","quantity":"12.75311872","price":"0.28600000","timestamp":1631312094,"volume":"3.64739195","buyTxId":"09c3860c19b3db22245155249d5c10cd03b31496","sellTxId":"6ffa8b0debf863addf6ab574284b0fa3b22a6b06"}
{"index": {"_index":"pob","_id":"1510093"}}
	{"id":1510093,"type":"sell","buyer":"solovey6o2","seller":"mightyrocklee","symbol":"POB","quantity":"2.47338104","price":"0.28566067","timestamp":1631312301,"volume":"0.70654769","buyTxId":"bdd222f45f53c6da809179b0e59a8d64e0ab4794","sellTxId":"de100f6baa20c42f2af734c937a2a933e484914a"}
{"index": {"_index":"pob","_id":"1510100"}}
	{"id":1510100,"type":"sell","buyer":"mmmmkkkk311","seller":"thomashnblum","symbol":"POB","quantity":"25.84426739","price":"0.28567067","timestamp":1631312469,"volume":"7.38294918","buyTxId":"MM-P-10329085-57313137-3-18-0","sellTxId":"72cd0721b08114e1290757bc15d949c1206f3072"}
{"index": {"_index":"pob","_id":"1510101"}}
	{"id":1510101,"type":"sell","buyer":"ctime","seller":"thomashnblum","symbol":"POB","quantity":"37.16992138","price":"0.28567067","timestamp":1631312469,"volume":"10.61835634","buyTxId":"MM-P-10329085-57313137-3-48-0","sellTxId":"72cd0721b08114e1290757bc15d949c1206f3072"}
{"index": {"_index":"pob","_id":"1510147"}}
	{"id":1510147,"type":"buy","buyer":"shepz1","seller":"joemark","symbol":"POB","quantity":"12.00000000","price":"0.30000000","timestamp":1631313075,"volume":"3.60000000","buyTxId":"3eb78274ddcceed422f1978adaa53b5c24a6e3c6","sellTxId":"610bb431bb567633bd82d353d6258c1caab34c79"}
{"index": {"_index":"pob","_id":"1510173"}}
	{"id":1510173,"type":"sell","buyer":"ctime","seller":"victoriabsb","symbol":"POB","quantity":"1.82778224","price":"0.28571071","timestamp":1631313666,"volume":"0.52221696","buyTxId":"MM-P-10329485-57313537-3-48-0","sellTxId":"f1e38d0055dac8cc5fe39db9e871ba2c287948bd"}
{"index": {"_index":"pob","_id":"1510181"}}
	{"id":1510181,"type":"sell","buyer":"solovey6o2","seller":"thelogicaldude","symbol":"POB","quantity":"1.27821284","price":"0.28571072","timestamp":1631313744,"volume":"0.36519911","buyTxId":"7a9274b8b09096025830c680d8fef7499dbf8eb5","sellTxId":"b78529f04d8d1e881712d7c76e696f90cfa472ff"}
{"index": {"_index":"pob","_id":"1510217"}}
	{"id":1510217,"type":"sell","buyer":"solovey6o2","seller":"andy4475","symbol":"POB","quantity":"0.59674985","price":"0.28574075","timestamp":1631314599,"volume":"0.17051575","buyTxId":"9464a127af1ba21ed5445a6b4ed5b3805c2b039a","sellTxId":"815af90584aeef3b117db570878deaed206e1218"}
{"index": {"_index":"pob","_id":"1510275"}}
	{"id":1510275,"type":"sell","buyer":"solovey6o2","seller":"zainalbakri","symbol":"POB","quantity":"0.14134690","price":"0.28579080","timestamp":1631316078,"volume":"0.04039564","buyTxId":"90d56781c5e24d403bd18641acbe12e8fdb56058","sellTxId":"a5e7d4ebebd058c0003c785a61471eb7923bd892"}
{"index": {"_index":"pob","_id":"1510403"}}
	{"id":1510403,"type":"sell","buyer":"solovey6o2","seller":"sugandhaseth","symbol":"POB","quantity":"36.00000000","price":"0.28587088","timestamp":1631318547,"volume":"10.29135168","buyTxId":"e36282bd669e3096e80cc52d9e4ccfe5f9c9e0fc","sellTxId":"c1b12c435177801ae9191f9eb9aa06e6483d31d7"}
{"index": {"_index":"pob","_id":"1510528"}}
	{"id":1510528,"type":"sell","buyer":"solovey6o2","seller":"morzex","symbol":"POB","quantity":"0.03552051","price":"0.28601002","timestamp":1631319771,"volume":"0.01015922","buyTxId":"ea57ea06810eb4cf98369b3a26049ee88811168a","sellTxId":"9bd7d6fefa6cab1a92de67cfbb82223490f2e063"}
{"index": {"_index":"pob","_id":"1510540"}}
	{"id":1510540,"type":"sell","buyer":"ctime","seller":"jorgecitoxxxx","symbol":"POB","quantity":"0.29223402","price":"0.28602002","timestamp":1631319972,"volume":"0.08358478","buyTxId":"MM-P-10331578-57315633-3-48-0","sellTxId":"5ef749eb574b8a560da8bcab5a63b10536ca05a4"}
{"index": {"_index":"pob","_id":"1510573"}}
	{"id":1510573,"type":"sell","buyer":"ctime","seller":"hirohurl","symbol":"POB","quantity":"2.12948610","price":"0.28602002","timestamp":1631320689,"volume":"0.60907566","buyTxId":"MM-P-10331578-57315633-3-48-0","sellTxId":"4899898c0c1d98793c105da79b2d09d19f7188ac"}
{"index": {"_index":"pob","_id":"1510623"}}
	{"id":1510623,"type":"sell","buyer":"ctime","seller":"elianaicgomes","symbol":"POB","quantity":"19.16718495","price":"0.28602002","timestamp":1631321427,"volume":"5.48219862","buyTxId":"MM-P-10331578-57315633-3-48-0","sellTxId":"561d0acf3587f8a231d270d9f6a926e40cbaab6d"}
{"index": {"_index":"pob","_id":"1510638"}}
	{"id":1510638,"type":"sell","buyer":"ctime","seller":"barbarabezina","symbol":"POB","quantity":"3.07940861","price":"0.28602002","timestamp":1631321742,"volume":"0.88077251","buyTxId":"MM-P-10331578-57315633-3-48-0","sellTxId":"4ed90202c0b13743b5e359a9bbd1ce134f15ba9d"}
{"index": {"_index":"pob","_id":"1510684"}}
	{"id":1510684,"type":"sell","buyer":"yintercept","seller":"cristina-zac","symbol":"POB","quantity":"1.10000000","price":"0.29000000","timestamp":1631322789,"volume":"0.31900000","buyTxId":"18584b61994ba90b3d890a4a44c2019b0c55ddbd","sellTxId":"c55d551ff0f60bd4497d6d12d155b59b5971d3fd"}
{"index": {"_index":"pob","_id":"1510693"}}
	{"id":1510693,"type":"sell","buyer":"yintercept","seller":"finguru","symbol":"POB","quantity":"2.75000000","price":"0.29000000","timestamp":1631322951,"volume":"0.79750000","buyTxId":"18584b61994ba90b3d890a4a44c2019b0c55ddbd","sellTxId":"dc904228d2e5d39ed210feef41564f3445b78850"}
{"index": {"_index":"pob","_id":"1510697"}}
	{"id":1510697,"type":"sell","buyer":"richardcrill","seller":"lovesports","symbol":"POB","quantity":"5.35000000","price":"0.28612002","timestamp":1631323116,"volume":"1.53074211","buyTxId":"MM-P-10332476-57316533-3-11-0","sellTxId":"8376f691c839c534e74a6315cd737c72c5c01cdd"}
{"index": {"_index":"pob","_id":"1510698"}}
	{"id":1510698,"type":"sell","buyer":"richardcrill","seller":"finguru","symbol":"POB","quantity":"2.56210316","price":"0.28612002","timestamp":1631323146,"volume":"0.73306901","buyTxId":"MM-P-10332476-57316533-3-11-0","sellTxId":"3421b4efb571e03e291bb4cc18225df8285c9dd3"}
{"index": {"_index":"pob","_id":"1510702"}}
	{"id":1510702,"type":"sell","buyer":"richardcrill","seller":"news-poster","symbol":"POB","quantity":"6.10000000","price":"0.28612002","timestamp":1631323275,"volume":"1.74533212","buyTxId":"MM-P-10332476-57316533-3-11-0","sellTxId":"2ed16536e87b828e070cadf2c4e98d3f88baf846"}
{"index": {"_index":"pob","_id":"1510713"}}
	{"id":1510713,"type":"sell","buyer":"richardcrill","seller":"lapacodo","symbol":"POB","quantity":"5.98000000","price":"0.28612002","timestamp":1631323452,"volume":"1.71099772","buyTxId":"MM-P-10332476-57316533-3-11-0","sellTxId":"17520614a153e4f5eb0c1d00ffd2bfd8ac0c5872"}
{"index": {"_index":"pob","_id":"1510752"}}
	{"id":1510752,"type":"buy","buyer":"flipflopcrypto","seller":"joemark","symbol":"POB","quantity":"12.91111726","price":"0.30000000","timestamp":1631324538,"volume":"3.87333518","buyTxId":"75e71b273c0a118e3488285a53e000d7e8974a24","sellTxId":"610bb431bb567633bd82d353d6258c1caab34c79"}
{"index": {"_index":"pob","_id":"1510753"}}
	{"id":1510753,"type":"sell","buyer":"flipflopcrypto","seller":"lunaticpandora","symbol":"POB","quantity":"17.08888274","price":"0.30000000","timestamp":1631324589,"volume":"5.12666482","buyTxId":"75e71b273c0a118e3488285a53e000d7e8974a24","sellTxId":"67407f227e2018143e75f772d0e11224276dd3ce"}
{"index": {"_index":"pob","_id":"1510754"}}
	{"id":1510754,"type":"sell","buyer":"richardcrill","seller":"lunaticpandora","symbol":"POB","quantity":"49.09691864","price":"0.28612002","timestamp":1631324589,"volume":"14.04761134","buyTxId":"MM-P-10332476-57316533-3-11-0","sellTxId":"67407f227e2018143e75f772d0e11224276dd3ce"}
{"index": {"_index":"pob","_id":"1510755"}}
	{"id":1510755,"type":"sell","buyer":"ctime","seller":"lunaticpandora","symbol":"POB","quantity":"105.61215718","price":"0.28602002","timestamp":1631324589,"volume":"30.20719131","buyTxId":"MM-P-10331578-57315633-3-48-0","sellTxId":"67407f227e2018143e75f772d0e11224276dd3ce"}
{"index": {"_index":"pob","_id":"1510848"}}
	{"id":1510848,"type":"sell","buyer":"ctime","seller":"razackpulo.sport","symbol":"POB","quantity":"30.00000000","price":"0.28602002","timestamp":1631327334,"volume":"8.58060060","buyTxId":"MM-P-10331578-57315633-3-48-0","sellTxId":"7c197f89ea92a6b3ae32fa14d246dfbf3686fbeb"}
