{"index": {"_index":"pob","_id":"3290113"}}
	{"id":3290113,"type":"sell","buyer":"faireye","seller":"bitcoinflood","symbol":"POB","quantity":"6.95184728","price":"0.00780006","timestamp":1651029201,"volume":"0.05422483","buyTxId":"c5a38019cd63af874a01b103c110d1f1460b9e64","sellTxId":"1c7919639c86183ac1a44599f80b227d9e170d6b"}
{"index": {"_index":"pob","_id":"3290221"}}
	{"id":3290221,"type":"buy","buyer":"frawdielp","seller":"sbi-tokens","symbol":"POB","quantity":"303.93872846","price":"0.01900000","timestamp":1651030404,"volume":"5.77483584","buyTxId":"240b8bf290cbd035c6437524f7a347c8093fa539","sellTxId":"7538a863e03aefff4c750d4e91838feaef21e7a8"}
{"index": {"_index":"pob","_id":"3290222"}}
	{"id":3290222,"type":"buy","buyer":"frawdielp","seller":"steem82868","symbol":"POB","quantity":"1.64268506","price":"0.02000000","timestamp":1651030404,"volume":"0.03285370","buyTxId":"240b8bf290cbd035c6437524f7a347c8093fa539","sellTxId":"029f02161069a0b85079b96d983e2e281e9e0801"}
{"index": {"_index":"pob","_id":"3290223"}}
	{"id":3290223,"type":"buy","buyer":"frawdielp","seller":"steem82868","symbol":"POB","quantity":"0.00408741","price":"0.02000000","timestamp":1651030404,"volume":"0.00008175","buyTxId":"240b8bf290cbd035c6437524f7a347c8093fa539","sellTxId":"6a0232d33bae0858fc4c3329b0e4f4561b02ed6d"}
{"index": {"_index":"pob","_id":"3290298"}}
	{"id":3290298,"type":"sell","buyer":"lebah","seller":"solistyle2","symbol":"POB","quantity":"10.37230327","price":"0.00900000","timestamp":1651031391,"volume":"0.09335073","buyTxId":"0adb9673a34f92c699335f7a205ab773e8d1bd98","sellTxId":"10740e7f1ddd6fec469b8d51104c98ccb29ea97d"}
{"index": {"_index":"pob","_id":"3290876"}}
	{"id":3290876,"type":"sell","buyer":"yintercept","seller":"nrg","symbol":"POB","quantity":"45.22940543","price":"0.00920000","timestamp":1651040067,"volume":"0.41611053","buyTxId":"a38a943c26bdd9a1c11e989a08f1f3d13c7b1c9c","sellTxId":"26bbcef587195eed59d71bb1d2b1f7a49c7dcc2e-16"}
{"index": {"_index":"pob","_id":"3290877"}}
	{"id":3290877,"type":"sell","buyer":"faireye","seller":"nrg","symbol":"POB","quantity":"30.00738131","price":"0.00910000","timestamp":1651040067,"volume":"0.27306717","buyTxId":"90ed6c077eebbffabf9f15092f547c569368175c","sellTxId":"26bbcef587195eed59d71bb1d2b1f7a49c7dcc2e-16"}
{"index": {"_index":"pob","_id":"3290878"}}
	{"id":3290878,"type":"sell","buyer":"lebah","seller":"nrg","symbol":"POB","quantity":"36.27177521","price":"0.00900000","timestamp":1651040067,"volume":"0.32644598","buyTxId":"0adb9673a34f92c699335f7a205ab773e8d1bd98","sellTxId":"26bbcef587195eed59d71bb1d2b1f7a49c7dcc2e-16"}
{"index": {"_index":"pob","_id":"3290926"}}
	{"id":3290926,"type":"buy","buyer":"azj26","seller":"oks2crypto","symbol":"POB","quantity":"0.16381501","price":"0.00920001","timestamp":1651040841,"volume":"0.00150710","buyTxId":"a64130d053a0794089e408af3e9651e8d383334d","sellTxId":"29b769ce5d336d4526544d42b1b38faf98939055"}
{"index": {"_index":"pob","_id":"3290927"}}
	{"id":3290927,"type":"buy","buyer":"azj26","seller":"steem82868","symbol":"POB","quantity":"0.02592516","price":"0.02000000","timestamp":1651040862,"volume":"0.00051850","buyTxId":"6e10d340f1b4dd411f26e02e5bb367bbac2ae802","sellTxId":"19af6263a2d950f72db3e784fe193c3df61cd9b5"}
{"index": {"_index":"pob","_id":"3291023"}}
	{"id":3291023,"type":"sell","buyer":"azj26","seller":"hive-143869","symbol":"POB","quantity":"1.60000000","price":"0.00910000","timestamp":1651042158,"volume":"0.01456000","buyTxId":"39ee1dd4bdf5901e153de250186ceb7176e6ff1e","sellTxId":"2da8f16a8035de972487cc99546d11bb32c1d6df"}
{"index": {"_index":"pob","_id":"3291189"}}
	{"id":3291189,"type":"sell","buyer":"lebah","seller":"dswap","symbol":"POB","quantity":"0.0007646","price":"0.00950000","timestamp":1651043859,"volume":"0.00000726","buyTxId":"6900d1194d7649506d3412b1b27f46fb9ea5ff1f","sellTxId":"639c55aaf173e6ac3f52412ad8f8f3bef66858f5"}
{"index": {"_index":"pob","_id":"3291243"}}
	{"id":3291243,"type":"sell","buyer":"lebah","seller":"delcarmat","symbol":"POB","quantity":"17.3651873","price":"0.00950000","timestamp":1651044501,"volume":"0.16496928","buyTxId":"6900d1194d7649506d3412b1b27f46fb9ea5ff1f","sellTxId":"628edb79bb333a8da51cd59f2e1c485f2e0771b6"}
{"index": {"_index":"pob","_id":"3291430"}}
	{"id":3291430,"type":"sell","buyer":"lebah","seller":"ugochill","symbol":"POB","quantity":"0.04000000","price":"0.00950000","timestamp":1651047378,"volume":"0.00038000","buyTxId":"6900d1194d7649506d3412b1b27f46fb9ea5ff1f","sellTxId":"d9bf0179d70e0201fb27c00b6a32355977589b23"}
{"index": {"_index":"pob","_id":"3291438"}}
	{"id":3291438,"type":"sell","buyer":"lebah","seller":"florenceboens","symbol":"POB","quantity":"0.18150000","price":"0.00950000","timestamp":1651047438,"volume":"0.00172425","buyTxId":"6900d1194d7649506d3412b1b27f46fb9ea5ff1f","sellTxId":"ee11fd2977a699ccb33b877932ac6ffe0064cdca"}
{"index": {"_index":"pob","_id":"3291469"}}
	{"id":3291469,"type":"sell","buyer":"lebah","seller":"isiksenpalvoja","symbol":"POB","quantity":"1.72204300","price":"0.00950000","timestamp":1651047954,"volume":"0.01635941","buyTxId":"6900d1194d7649506d3412b1b27f46fb9ea5ff1f","sellTxId":"1a7b10b17f2fb513cf0e9c0b2cfd331b07bb2883"}
{"index": {"_index":"pob","_id":"3291704"}}
	{"id":3291704,"type":"sell","buyer":"gimme-your-coinz","seller":"dswap","symbol":"POB","quantity":"0.32858221","price":"0.00990102","timestamp":1651050570,"volume":"0.00325330","buyTxId":"a74ddfb60f6116d23282e89a9de53908bdd5379e","sellTxId":"dd830954bbd802e30310937073745dc88ebebc4c"}
{"index": {"_index":"pob","_id":"3292192"}}
	{"id":3292192,"type":"sell","buyer":"gimme-your-coinz","seller":"mr-kerad","symbol":"POB","quantity":"1.53993668","price":"0.00991718","timestamp":1651055370,"volume":"0.01527183","buyTxId":"1b4f00ee17f9f7dd171c655cb43f39bd399716b5","sellTxId":"926baf96e6a745647debb0e5abaf34371bd4bd14"}
{"index": {"_index":"pob","_id":"3292242"}}
	{"id":3292242,"type":"buy","buyer":"chesatochi","seller":"take-my-coinz","symbol":"POB","quantity":"16.49312643","price":"0.02248468","timestamp":1651055988,"volume":"0.37084267","buyTxId":"0ab195525332194dee679adff2101e63a6dc38e7","sellTxId":"ab5997d101b025a94e4065a557fd07ead9cab364"}
{"index": {"_index":"pob","_id":"3292332"}}
	{"id":3292332,"type":"buy","buyer":"frawdielp","seller":"eirik","symbol":"POB","quantity":"99.99999999","price":"0.02100000","timestamp":1651057413,"volume":"2.10000000","buyTxId":"a55e1eaa5e47962c05d5dbb30dfb8a08bfe42716","sellTxId":"c375e8c4e1d52f0135d7729058709729e0f5a388"}
{"index": {"_index":"pob","_id":"3292333"}}
	{"id":3292333,"type":"buy","buyer":"frawdielp","seller":"eirik","symbol":"POB","quantity":"140.00000000","price":"0.02000000","timestamp":1651057446,"volume":"2.80000000","buyTxId":"42aaa7bcf609ab604445b675fc519c084cf4c3b4","sellTxId":"a1002c875168eb1107aa457963e40625b8db11ef"}
{"index": {"_index":"pob","_id":"3292334"}}
	{"id":3292334,"type":"buy","buyer":"frawdielp","seller":"take-my-coinz","symbol":"POB","quantity":"44.40000000","price":"0.02099998","timestamp":1651057446,"volume":"0.93239911","buyTxId":"42aaa7bcf609ab604445b675fc519c084cf4c3b4","sellTxId":"f00e05060b1077b9d4328f346e54db7013f6fcf5"}
{"index": {"_index":"pob","_id":"3292340"}}
	{"id":3292340,"type":"buy","buyer":"frawdielp","seller":"take-my-coinz","symbol":"POB","quantity":"44.40000000","price":"0.02099998","timestamp":1651057476,"volume":"0.93239911","buyTxId":"3b1165043ef8423e6b971959a8e1a31df57b644c","sellTxId":"cec7942c9ff742bc0967cd0eb1809a6e935ab4e6"}
{"index": {"_index":"pob","_id":"3292341"}}
	{"id":3292341,"type":"buy","buyer":"frawdielp","seller":"eirik","symbol":"POB","quantity":"80.00000000","price":"0.02100000","timestamp":1651057476,"volume":"1.68000000","buyTxId":"3b1165043ef8423e6b971959a8e1a31df57b644c","sellTxId":"b1b58af569e4f9d7722d37364eaa122999160687"}
{"index": {"_index":"pob","_id":"3292542"}}
	{"id":3292542,"type":"sell","buyer":"anadolu","seller":"josediccus","symbol":"POB","quantity":"58.31602969","price":"0.01100101","timestamp":1651059819,"volume":"0.64153523","buyTxId":"MM-P-16888106-63877628-3-9-0","sellTxId":"1692473ee491cac61446771a098507e62a304471"}
{"index": {"_index":"pob","_id":"3292585"}}
	{"id":3292585,"type":"sell","buyer":"gimme-your-coinz","seller":"sugandhaseth","symbol":"POB","quantity":"9.29214756","price":"0.01100203","timestamp":1651060389,"volume":"0.10223249","buyTxId":"c644c578ecf4b12076e265d34231aab3298f68b5","sellTxId":"ab0201240ccc8ac5cddfc8a94af230aca9f40fd8"}
{"index": {"_index":"pob","_id":"3292622"}}
	{"id":3292622,"type":"buy","buyer":"oople","seller":"take-my-coinz","symbol":"POB","quantity":"1.50000000","price":"0.02246836","timestamp":1651060911,"volume":"0.03370254","buyTxId":"716f1cfda12842fb800c03874f3f43187348cc5b","sellTxId":"8e738275388058432e25996a48579ed7bb56a735"}
{"index": {"_index":"pob","_id":"3292631"}}
	{"id":3292631,"type":"sell","buyer":"gimme-your-coinz","seller":"repayme4568","symbol":"POB","quantity":"33.30000000","price":"0.01100405","timestamp":1651061004,"volume":"0.36643487","buyTxId":"70352099e3750fe5980807778fe3a55dd715a2c2","sellTxId":"04e6e1a54e3a82dede31fe220e293e97149c4b67"}
{"index": {"_index":"pob","_id":"3292632"}}
	{"id":3292632,"type":"sell","buyer":"gimme-your-coinz","seller":"repayme4568","symbol":"POB","quantity":"33.30000000","price":"0.01100405","timestamp":1651061004,"volume":"0.36643487","buyTxId":"b2a504811af51b5288bb1537e0b93c48e4baab2c","sellTxId":"04e6e1a54e3a82dede31fe220e293e97149c4b67"}
{"index": {"_index":"pob","_id":"3292633"}}
	{"id":3292633,"type":"buy","buyer":"gimme-your-coinz","seller":"repayme4568","symbol":"POB","quantity":"21.40000000","price":"0.01100405","timestamp":1651061016,"volume":"0.23548667","buyTxId":"fc214de03a0e32be3d2c122e9a9b874c1c57d763","sellTxId":"04e6e1a54e3a82dede31fe220e293e97149c4b67"}
{"index": {"_index":"pob","_id":"3292804"}}
	{"id":3292804,"type":"buy","buyer":"pjansen","seller":"andy4475","symbol":"POB","quantity":"22.43399300","price":"0.02000000","timestamp":1651063437,"volume":"0.44867986","buyTxId":"47fa7b8f76332339db009599577e54b27d2649a1","sellTxId":"af27fbada1cc9aafb29f0d7a27191d1a951b7d3e"}
{"index": {"_index":"pob","_id":"3292847"}}
	{"id":3292847,"type":"sell","buyer":"gimme-your-coinz","seller":"poliwalt10","symbol":"POB","quantity":"1.43008002","price":"0.01101011","timestamp":1651064142,"volume":"0.01574534","buyTxId":"9b882921ba2535425ce807c75aebb15f590b356f","sellTxId":"31e5c563adbe50cd9d458d1e5e4e505fbc27f7a8"}
{"index": {"_index":"pob","_id":"3292925"}}
	{"id":3292925,"type":"buy","buyer":"frawdielp","seller":"take-my-coinz","symbol":"POB","quantity":"44.40000000","price":"0.02245320","timestamp":1651065324,"volume":"0.99692208","buyTxId":"a33aa922f7218846889173791fe18e43bdb46ca2","sellTxId":"fd09d2b467681dee6e137974d4d256495f756483"}
{"index": {"_index":"pob","_id":"3292926"}}
	{"id":3292926,"type":"buy","buyer":"frawdielp","seller":"anadolu","symbol":"POB","quantity":"94.80478888","price":"0.02245322","timestamp":1651065324,"volume":"2.12867278","buyTxId":"a33aa922f7218846889173791fe18e43bdb46ca2","sellTxId":"MM-P-16889898-63879420-3-9-1"}
{"index": {"_index":"pob","_id":"3292927"}}
	{"id":3292927,"type":"buy","buyer":"frawdielp","seller":"kemmyb","symbol":"POB","quantity":"6.00000000","price":"0.02250000","timestamp":1651065324,"volume":"0.13500000","buyTxId":"a33aa922f7218846889173791fe18e43bdb46ca2","sellTxId":"3e5b990aab5e6ce3bfc50b014b7f8fc4d5bfa40b"}
{"index": {"_index":"pob","_id":"3292928"}}
	{"id":3292928,"type":"buy","buyer":"frawdielp","seller":"richardcrill","symbol":"POB","quantity":"124.58852345","price":"0.02279062","timestamp":1651065324,"volume":"2.83944969","buyTxId":"a33aa922f7218846889173791fe18e43bdb46ca2","sellTxId":"MM-P-16885309-63874825-3-12-0"}
{"index": {"_index":"pob","_id":"3292929"}}
	{"id":3292929,"type":"buy","buyer":"frawdielp","seller":"kemmyb","symbol":"POB","quantity":"7.00000000","price":"0.02280000","timestamp":1651065324,"volume":"0.15960000","buyTxId":"a33aa922f7218846889173791fe18e43bdb46ca2","sellTxId":"e7a2e06942cda30a15c395b8731bffdadad0a2e3"}
{"index": {"_index":"pob","_id":"3292930"}}
	{"id":3292930,"type":"buy","buyer":"frawdielp","seller":"kemmyb","symbol":"POB","quantity":"6.99999999","price":"0.02280000","timestamp":1651065324,"volume":"0.15960000","buyTxId":"a33aa922f7218846889173791fe18e43bdb46ca2","sellTxId":"6ee74ca14dd6e8aba9d7e7980b58e6a7a5f75b3f"}
{"index": {"_index":"pob","_id":"3292976"}}
	{"id":3292976,"type":"buy","buyer":"pjansen","seller":"kemmyb","symbol":"POB","quantity":"7.00000000","price":"0.02300000","timestamp":1651065972,"volume":"0.16100000","buyTxId":"5e5254ae1991ba0c870db9d95ece7afd70ad1620","sellTxId":"ac8ab8dab887418b6cd85f85ad11fde2f46db3b5"}
{"index": {"_index":"pob","_id":"3292977"}}
	{"id":3292977,"type":"buy","buyer":"pjansen","seller":"tokutaro22","symbol":"POB","quantity":"14.51750700","price":"0.02300000","timestamp":1651065972,"volume":"0.33390266","buyTxId":"5e5254ae1991ba0c870db9d95ece7afd70ad1620","sellTxId":"b1380c5c175677c237f21f0ba83c5bd06c070d19"}
{"index": {"_index":"pob","_id":"3293213"}}
	{"id":3293213,"type":"sell","buyer":"gimme-your-coinz","seller":"toofasteddie","symbol":"POB","quantity":"14.37342086","price":"0.01107607","timestamp":1651068978,"volume":"0.15920102","buyTxId":"a61558dae0dae30900d4d8e1f54f78243de5ed4b","sellTxId":"48015ae1ce3a20d099be58db6be6245466085491"}
{"index": {"_index":"pob","_id":"3293267"}}
	{"id":3293267,"type":"buy","buyer":"bhattg","seller":"take-my-coinz","symbol":"POB","quantity":"44.40000000","price":"0.02299998","timestamp":1651069650,"volume":"1.02119911","buyTxId":"395e78504b76673f139e61add87c555a698ead13","sellTxId":"214686b97ef551eb2913747144f90b8985e33c6e"}
{"index": {"_index":"pob","_id":"3293268"}}
	{"id":3293268,"type":"sell","buyer":"bhattg","seller":"take-my-coinz","symbol":"POB","quantity":"22.20000000","price":"0.02299998","timestamp":1651069662,"volume":"0.51059956","buyTxId":"395e78504b76673f139e61add87c555a698ead13","sellTxId":"ee6e879d77e890a7ddd4986a9b61efb367a21110"}
{"index": {"_index":"pob","_id":"3293269"}}
	{"id":3293269,"type":"sell","buyer":"bhattg","seller":"take-my-coinz","symbol":"POB","quantity":"22.20000000","price":"0.02299998","timestamp":1651069674,"volume":"0.51059956","buyTxId":"395e78504b76673f139e61add87c555a698ead13","sellTxId":"adf5c010de23f655de86f2c9ad5d0244a541a2bc"}
{"index": {"_index":"pob","_id":"3293275"}}
	{"id":3293275,"type":"sell","buyer":"bhattg","seller":"take-my-coinz","symbol":"POB","quantity":"22.20000000","price":"0.02299998","timestamp":1651069683,"volume":"0.51059956","buyTxId":"395e78504b76673f139e61add87c555a698ead13","sellTxId":"ed7a05fbdaeb51240f3be28f1e520b8bf79266c5"}
{"index": {"_index":"pob","_id":"3293327"}}
	{"id":3293327,"type":"sell","buyer":"bhattg","seller":"offgridlife","symbol":"POB","quantity":"24.50630772","price":"0.02299998","timestamp":1651070217,"volume":"0.56364459","buyTxId":"395e78504b76673f139e61add87c555a698ead13","sellTxId":"62cabd568c5241a93c1fae9de28b330511cfbfb9"}
{"index": {"_index":"pob","_id":"3293404"}}
	{"id":3293404,"type":"sell","buyer":"bhattg","seller":"papar","symbol":"POB","quantity":"6.70779665","price":"0.02299998","timestamp":1651070736,"volume":"0.15427919","buyTxId":"395e78504b76673f139e61add87c555a698ead13","sellTxId":"4d7f570c39bd21f41070bc2a7a70ebbc2831220a"}
{"index": {"_index":"pob","_id":"3293494"}}
	{"id":3293494,"type":"sell","buyer":"bhattg","seller":"melbourneswest","symbol":"POB","quantity":"6","price":"0.02299998","timestamp":1651071201,"volume":"0.13799988","buyTxId":"395e78504b76673f139e61add87c555a698ead13","sellTxId":"e470a86b6ee40f81faa3cc8765da756086e37a79"}
{"index": {"_index":"pob","_id":"3293669"}}
	{"id":3293669,"type":"sell","buyer":"bhattg","seller":"jlufer","symbol":"POB","quantity":"20.31335733","price":"0.02299998","timestamp":1651072983,"volume":"0.46720681","buyTxId":"395e78504b76673f139e61add87c555a698ead13","sellTxId":"a1c5f066f5c8923d9609cf8efb8b0f64148ac514"}
{"index": {"_index":"pob","_id":"3293680"}}
	{"id":3293680,"type":"sell","buyer":"bhattg","seller":"lebah","symbol":"POB","quantity":"1.90000000","price":"0.02299998","timestamp":1651073265,"volume":"0.04369996","buyTxId":"395e78504b76673f139e61add87c555a698ead13","sellTxId":"475c42126c43fa097a22aae1311ff98507f9dda0"}
{"index": {"_index":"pob","_id":"3293696"}}
	{"id":3293696,"type":"sell","buyer":"bhattg","seller":"twicejoy","symbol":"POB","quantity":"10.19733050","price":"0.02299998","timestamp":1651073490,"volume":"0.23453840","buyTxId":"395e78504b76673f139e61add87c555a698ead13","sellTxId":"da2584e202f5427e5ff84ced4ef6f4648302b688"}
{"index": {"_index":"pob","_id":"3294096"}}
	{"id":3294096,"type":"sell","buyer":"bhattg","seller":"automaton","symbol":"POB","quantity":"6.61310000","price":"0.02299998","timestamp":1651077189,"volume":"0.15210117","buyTxId":"395e78504b76673f139e61add87c555a698ead13","sellTxId":"8ada1535dbeddcdbc77fea96016faf9269bba7d9"}
{"index": {"_index":"pob","_id":"3294097"}}
	{"id":3294097,"type":"sell","buyer":"bhattg","seller":"denmarkguy","symbol":"POB","quantity":"0.95157034","price":"0.02299998","timestamp":1651077207,"volume":"0.02188610","buyTxId":"395e78504b76673f139e61add87c555a698ead13","sellTxId":"f609e1566a8c8e50d3dc2de5b1ffa512f623a2a0"}
{"index": {"_index":"pob","_id":"3294129"}}
	{"id":3294129,"type":"sell","buyer":"bhattg","seller":"saulos","symbol":"POB","quantity":"6.70725815","price":"0.02299998","timestamp":1651077486,"volume":"0.15426680","buyTxId":"395e78504b76673f139e61add87c555a698ead13","sellTxId":"62dc7e9cb07faac57faa35c0b0ee35ee6250a4a8"}
{"index": {"_index":"pob","_id":"3294313"}}
	{"id":3294313,"type":"sell","buyer":"bhattg","seller":"esmeesmith","symbol":"POB","quantity":"0.62507603","price":"0.02299998","timestamp":1651078872,"volume":"0.01437674","buyTxId":"395e78504b76673f139e61add87c555a698ead13","sellTxId":"9c5e01f85d23b55a4eb0c4e83555d8086c95a640"}
{"index": {"_index":"pob","_id":"3294317"}}
	{"id":3294317,"type":"sell","buyer":"bhattg","seller":"beyondhorizonmm","symbol":"POB","quantity":"4.47820328","price":"0.02299998","timestamp":1651078905,"volume":"0.10299858","buyTxId":"395e78504b76673f139e61add87c555a698ead13","sellTxId":"19681e3d53ba8bb31547889bc4c8ac4c95c2f874"}
{"index": {"_index":"pob","_id":"3294672"}}
	{"id":3294672,"type":"sell","buyer":"lebah","seller":"emergingabove","symbol":"POB","quantity":"0.00329486","price":"0.01300000","timestamp":1651081845,"volume":"0.00004283","buyTxId":"fa04e896913ed1b5e99c427f0d2b2efcc9a99766","sellTxId":"72a027201e8df0cb616a515c8f0c4fec1d0b18ba"}
{"index": {"_index":"pob","_id":"3294970"}}
	{"id":3294970,"type":"buy","buyer":"opidia","seller":"onlydoge","symbol":"POB","quantity":"95.19276000","price":"0.02290000","timestamp":1651083969,"volume":"2.17991420","buyTxId":"1f9c86e76da7734fb5567a5a108334d6a5ec3a8a","sellTxId":"68b57be2a8147c151d9aa22313032a08c28af0d6"}
{"index": {"_index":"pob","_id":"3294978"}}
	{"id":3294978,"type":"buy","buyer":"opidia","seller":"beyondhorizonmm","symbol":"POB","quantity":"10.91245200","price":"0.02299998","timestamp":1651084017,"volume":"0.25098618","buyTxId":"10d6c7099c2452244c5ca9bcce85a2cf7b1929ff","sellTxId":"19681e3d53ba8bb31547889bc4c8ac4c95c2f874"}
{"index": {"_index":"pob","_id":"3294980"}}
	{"id":3294980,"type":"buy","buyer":"opidia","seller":"tokutaro22","symbol":"POB","quantity":"0.00000050","price":"0.02300000","timestamp":1651084038,"volume":"0.00000001","buyTxId":"ee118a07570ff747c73e87281a5a31337f4044d1","sellTxId":"b1380c5c175677c237f21f0ba83c5bd06c070d19"}
{"index": {"_index":"pob","_id":"3294981"}}
	{"id":3294981,"type":"buy","buyer":"opidia","seller":"tdctunes","symbol":"POB","quantity":"36.41725150","price":"0.02300000","timestamp":1651084038,"volume":"0.83759678","buyTxId":"ee118a07570ff747c73e87281a5a31337f4044d1","sellTxId":"855afdbdd6fa1976c96883605c843aed114b1fe4"}
{"index": {"_index":"pob","_id":"3294995"}}
	{"id":3294995,"type":"buy","buyer":"opidia","seller":"master-lamps","symbol":"POB","quantity":"386.95664300","price":"0.02299997","timestamp":1651084077,"volume":"8.89999118","buyTxId":"79679ca9f6e679ad2bf0911a1cfaa5c57d12c45b","sellTxId":"98e9a232c2b273b66465f3dd040fe9cf8b39a9b1"}
{"index": {"_index":"pob","_id":"3295000"}}
	{"id":3295000,"type":"buy","buyer":"opidia","seller":"master-lamps","symbol":"POB","quantity":"0.00000068","price":"0.02299997","timestamp":1651084134,"volume":"0.00000002","buyTxId":"2fc86e38040753b8b957b0ffb6b8fff263e107d7","sellTxId":"98e9a232c2b273b66465f3dd040fe9cf8b39a9b1"}
{"index": {"_index":"pob","_id":"3295001"}}
	{"id":3295001,"type":"buy","buyer":"opidia","seller":"tdctunes","symbol":"POB","quantity":"0.00000066","price":"0.02300000","timestamp":1651084134,"volume":"0.00000002","buyTxId":"2fc86e38040753b8b957b0ffb6b8fff263e107d7","sellTxId":"855afdbdd6fa1976c96883605c843aed114b1fe4"}
{"index": {"_index":"pob","_id":"3295002"}}
	{"id":3295002,"type":"buy","buyer":"opidia","seller":"yintercept","symbol":"POB","quantity":"47.80792866","price":"0.02360000","timestamp":1651084134,"volume":"1.12826711","buyTxId":"2fc86e38040753b8b957b0ffb6b8fff263e107d7","sellTxId":"0e60fb17fb0e452a795f3b9374a80d89d4ed95c5"}
{"index": {"_index":"pob","_id":"3295053"}}
	{"id":3295053,"type":"sell","buyer":"onlydoge","seller":"elricmoonslayer","symbol":"POB","quantity":"2.34373919","price":"0.02301000","timestamp":1651084623,"volume":"0.05392944","buyTxId":"a89ce37749321ca31ee2ef26f7265c8f654933a4","sellTxId":"b2f0f1b6ec3fc2900b717cb69b17e7d7b5ad04d7"}
{"index": {"_index":"pob","_id":"3295146"}}
	{"id":3295146,"type":"sell","buyer":"onlydoge","seller":"master-lamps","symbol":"POB","quantity":"0.04801479","price":"0.02301000","timestamp":1651085553,"volume":"0.00110482","buyTxId":"a89ce37749321ca31ee2ef26f7265c8f654933a4","sellTxId":"ef8ff65f78b5867f0cbcdecfd0a6b517fd42b0c9"}
{"index": {"_index":"pob","_id":"3295214"}}
	{"id":3295214,"type":"sell","buyer":"onlydoge","seller":"quinnertronics","symbol":"POB","quantity":"2.44503457","price":"0.02301000","timestamp":1651085988,"volume":"0.05626025","buyTxId":"a89ce37749321ca31ee2ef26f7265c8f654933a4","sellTxId":"9d89df8104b3ff11aef9c8924a28f25ab5bac035"}
{"index": {"_index":"pob","_id":"3295261"}}
	{"id":3295261,"type":"sell","buyer":"onlydoge","seller":"beemd","symbol":"POB","quantity":"30.53005505","price":"0.02301000","timestamp":1651086402,"volume":"0.70249657","buyTxId":"a89ce37749321ca31ee2ef26f7265c8f654933a4","sellTxId":"0ec47001124be3edd4aebff5814b889d89d162db"}
{"index": {"_index":"pob","_id":"3295508"}}
	{"id":3295508,"type":"sell","buyer":"onlydoge","seller":"underlock","symbol":"POB","quantity":"14.35231018","price":"0.02301000","timestamp":1651088754,"volume":"0.33024666","buyTxId":"a89ce37749321ca31ee2ef26f7265c8f654933a4","sellTxId":"dbe180d6b19ce50ae5241cba7a26261bb9a7fc6d"}
{"index": {"_index":"pob","_id":"3295519"}}
	{"id":3295519,"type":"sell","buyer":"onlydoge","seller":"alucian","symbol":"POB","quantity":"28.48943142","price":"0.02301000","timestamp":1651088862,"volume":"0.65554182","buyTxId":"a89ce37749321ca31ee2ef26f7265c8f654933a4","sellTxId":"df7d22c0ae2b3eef8c7916226207e8bc8d96238a"}
{"index": {"_index":"pob","_id":"3295525"}}
	{"id":3295525,"type":"sell","buyer":"onlydoge","seller":"curatorcat.pal","symbol":"POB","quantity":"0.85777427","price":"0.02301000","timestamp":1651088913,"volume":"0.01973739","buyTxId":"a89ce37749321ca31ee2ef26f7265c8f654933a4","sellTxId":"ce45b4c27caf3ce64bbe49b12461a70772a8ace2"}
{"index": {"_index":"pob","_id":"3295554"}}
	{"id":3295554,"type":"sell","buyer":"onlydoge","seller":"ukyron3","symbol":"POB","quantity":"7.85236053","price":"0.02301000","timestamp":1651089144,"volume":"0.18068281","buyTxId":"a89ce37749321ca31ee2ef26f7265c8f654933a4","sellTxId":"34b35ceebe6481c10e69ac6f38c6bdd24a2b5066"}
{"index": {"_index":"pob","_id":"3295555"}}
	{"id":3295555,"type":"sell","buyer":"opidia","seller":"ukyron3","symbol":"POB","quantity":"15.25616883","price":"0.02300000","timestamp":1651089144,"volume":"0.35089188","buyTxId":"1b7e208b44e651fa32bd83d62371d96a69b7f4ee","sellTxId":"34b35ceebe6481c10e69ac6f38c6bdd24a2b5066"}
{"index": {"_index":"pob","_id":"3295625"}}
	{"id":3295625,"type":"sell","buyer":"opidia","seller":"master-lamps","symbol":"POB","quantity":"2.10775229","price":"0.02300000","timestamp":1651089879,"volume":"0.04847830","buyTxId":"1b7e208b44e651fa32bd83d62371d96a69b7f4ee","sellTxId":"e826bf556710eb4a42f3c60fbd4fa5c7cb1d21eb"}
{"index": {"_index":"pob","_id":"3295667"}}
	{"id":3295667,"type":"sell","buyer":"opidia","seller":"ben.haase","symbol":"POB","quantity":"0.55206403","price":"0.02300000","timestamp":1651090377,"volume":"0.01269747","buyTxId":"1b7e208b44e651fa32bd83d62371d96a69b7f4ee","sellTxId":"17c02d454e63f99d1290f852795fccec459eb124"}
{"index": {"_index":"pob","_id":"3295774"}}
	{"id":3295774,"type":"sell","buyer":"opidia","seller":"beemd","symbol":"POB","quantity":"48.72870366","price":"0.02300000","timestamp":1651091463,"volume":"1.12076018","buyTxId":"1b7e208b44e651fa32bd83d62371d96a69b7f4ee","sellTxId":"4dae36f53d75d8bf5a75f7546383be975c07ae74"}
{"index": {"_index":"pob","_id":"3295805"}}
	{"id":3295805,"type":"sell","buyer":"opidia","seller":"dwinblood","symbol":"POB","quantity":"5.06446076","price":"0.02300000","timestamp":1651091910,"volume":"0.11648260","buyTxId":"1b7e208b44e651fa32bd83d62371d96a69b7f4ee","sellTxId":"36815bb48c2f6d6453bc0a06224bc70416d73055"}
{"index": {"_index":"pob","_id":"3295843"}}
	{"id":3295843,"type":"sell","buyer":"opidia","seller":"kemmyb","symbol":"POB","quantity":"50.00000000","price":"0.02300000","timestamp":1651092249,"volume":"1.15000000","buyTxId":"1b7e208b44e651fa32bd83d62371d96a69b7f4ee","sellTxId":"3aa31e35d921cf54aca24b961e723b55b9d01eee"}
{"index": {"_index":"pob","_id":"3295891"}}
	{"id":3295891,"type":"sell","buyer":"opidia","seller":"corporateay","symbol":"POB","quantity":"441.0264227","price":"0.02300000","timestamp":1651092591,"volume":"10.14360772","buyTxId":"1b7e208b44e651fa32bd83d62371d96a69b7f4ee","sellTxId":"7831203fc2250ede2bc67472083b9e846cb52c2c"}
{"index": {"_index":"pob","_id":"3295914"}}
	{"id":3295914,"type":"sell","buyer":"opidia","seller":"deathwing","symbol":"POB","quantity":"0.025","price":"0.02300000","timestamp":1651092906,"volume":"0.00057500","buyTxId":"1b7e208b44e651fa32bd83d62371d96a69b7f4ee","sellTxId":"a7afb598044969f04d289201c8232aa0cae8d1d7-0"}
{"index": {"_index":"pob","_id":"3295964"}}
	{"id":3295964,"type":"sell","buyer":"opidia","seller":"dswap","symbol":"POB","quantity":"0.41470363","price":"0.02300000","timestamp":1651093584,"volume":"0.00953818","buyTxId":"1b7e208b44e651fa32bd83d62371d96a69b7f4ee","sellTxId":"fe9389b016bb0c20687c7b5fff9db55664aebf14"}
{"index": {"_index":"pob","_id":"3296020"}}
	{"id":3296020,"type":"sell","buyer":"opidia","seller":"slobberchops","symbol":"POB","quantity":"23.62040369","price":"0.02300000","timestamp":1651094124,"volume":"0.54326928","buyTxId":"1b7e208b44e651fa32bd83d62371d96a69b7f4ee","sellTxId":"d2fe700ed2aed31839974262dfe4dafacb80330c"}
{"index": {"_index":"pob","_id":"3296122"}}
	{"id":3296122,"type":"sell","buyer":"opidia","seller":"beemd","symbol":"POB","quantity":"6.30752626","price":"0.02300000","timestamp":1651095213,"volume":"0.14507310","buyTxId":"1b7e208b44e651fa32bd83d62371d96a69b7f4ee","sellTxId":"2cc49f86c5c2294aa803376891c62034bfc44740"}
{"index": {"_index":"pob","_id":"3296195"}}
	{"id":3296195,"type":"sell","buyer":"opidia","seller":"he-index","symbol":"POB","quantity":"0.11700000","price":"0.02300000","timestamp":1651096866,"volume":"0.00269100","buyTxId":"1b7e208b44e651fa32bd83d62371d96a69b7f4ee","sellTxId":"29efa3042a140bca9ad087949cc8f148964220f9"}
{"index": {"_index":"pob","_id":"3296334"}}
	{"id":3296334,"type":"sell","buyer":"opidia","seller":"elevator09","symbol":"POB","quantity":"1.62162461","price":"0.02300000","timestamp":1651098495,"volume":"0.03729737","buyTxId":"1b7e208b44e651fa32bd83d62371d96a69b7f4ee","sellTxId":"cff6b91a554a5efceab80171f3b5550ccdf798ed"}
{"index": {"_index":"pob","_id":"3296525"}}
	{"id":3296525,"type":"sell","buyer":"opidia","seller":"bitcoinflood","symbol":"POB","quantity":"6.98360033","price":"0.02300000","timestamp":1651099479,"volume":"0.16062281","buyTxId":"1b7e208b44e651fa32bd83d62371d96a69b7f4ee","sellTxId":"be503d3c598c4af39e4bcd87fcd109cf53c1653c"}
{"index": {"_index":"pob","_id":"3296556"}}
	{"id":3296556,"type":"sell","buyer":"opidia","seller":"lebah","symbol":"POB","quantity":"24.00000000","price":"0.02300000","timestamp":1651099755,"volume":"0.55200000","buyTxId":"1b7e208b44e651fa32bd83d62371d96a69b7f4ee","sellTxId":"781113dc660d6d1f9a334f1bf0226e3813ff50c2"}
{"index": {"_index":"pob","_id":"3296579"}}
	{"id":3296579,"type":"sell","buyer":"opidia","seller":"niallon11","symbol":"POB","quantity":"51.90379195","price":"0.02300000","timestamp":1651100016,"volume":"1.19378721","buyTxId":"1b7e208b44e651fa32bd83d62371d96a69b7f4ee","sellTxId":"14558810d8e652ac6e7d249c88586d0680a24c47"}
{"index": {"_index":"pob","_id":"3296679"}}
	{"id":3296679,"type":"sell","buyer":"opidia","seller":"andy4475","symbol":"POB","quantity":"29.63574044","price":"0.02300000","timestamp":1651100910,"volume":"0.68162203","buyTxId":"1b7e208b44e651fa32bd83d62371d96a69b7f4ee","sellTxId":"a346b3dc80da8b94dd4a8f268b9f2dddf97e95cb"}
{"index": {"_index":"pob","_id":"3296704"}}
	{"id":3296704,"type":"sell","buyer":"opidia","seller":"sonfecisinan","symbol":"POB","quantity":"1.42094573","price":"0.02300000","timestamp":1651101249,"volume":"0.03268175","buyTxId":"1b7e208b44e651fa32bd83d62371d96a69b7f4ee","sellTxId":"bd954587b738e0e0364d145cd9099feffaafee88"}
{"index": {"_index":"pob","_id":"3296923"}}
	{"id":3296923,"type":"sell","buyer":"opidia","seller":"andy4475","symbol":"POB","quantity":"41.74111754","price":"0.02300000","timestamp":1651104063,"volume":"0.96004570","buyTxId":"1b7e208b44e651fa32bd83d62371d96a69b7f4ee","sellTxId":"6798150bb7725e82b2c25fe4d32e73c578078192"}
{"index": {"_index":"pob","_id":"3297296"}}
	{"id":3297296,"type":"sell","buyer":"opidia","seller":"andy4475","symbol":"POB","quantity":"58.06415253","price":"0.02300000","timestamp":1651107432,"volume":"1.33547551","buyTxId":"1b7e208b44e651fa32bd83d62371d96a69b7f4ee","sellTxId":"21fe2bbe22660bc9e2625b1438cf947c7de588f9"}
{"index": {"_index":"pob","_id":"3297406"}}
	{"id":3297406,"type":"sell","buyer":"opidia","seller":"melbourneswest","symbol":"POB","quantity":"17.105","price":"0.02300000","timestamp":1651108776,"volume":"0.39341500","buyTxId":"1b7e208b44e651fa32bd83d62371d96a69b7f4ee","sellTxId":"d73606a8685c8e1f7e1a7f600dc745d62055c7b6"}
{"index": {"_index":"pob","_id":"3297492"}}
	{"id":3297492,"type":"sell","buyer":"opidia","seller":"memeisfun","symbol":"POB","quantity":"742.23978183","price":"0.02300000","timestamp":1651110018,"volume":"17.07151498","buyTxId":"1b7e208b44e651fa32bd83d62371d96a69b7f4ee","sellTxId":"5dafd439e65001d4dcf644f7307c426bd8ae9f05"}
{"index": {"_index":"pob","_id":"3297531"}}
	{"id":3297531,"type":"sell","buyer":"opidia","seller":"melbourneswest","symbol":"POB","quantity":"5.272","price":"0.02300000","timestamp":1651110447,"volume":"0.12125600","buyTxId":"1b7e208b44e651fa32bd83d62371d96a69b7f4ee","sellTxId":"557d0aab1bb1a01ba0b2097538fc0bbc02e7bbf2"}
{"index": {"_index":"pob","_id":"3297758"}}
	{"id":3297758,"type":"sell","buyer":"opidia","seller":"steem82868","symbol":"POB","quantity":"9.76926895","price":"0.02300000","timestamp":1651112994,"volume":"0.22469319","buyTxId":"1b7e208b44e651fa32bd83d62371d96a69b7f4ee","sellTxId":"bbe349e28dd32c80d3164f1cb5528401aacc6499"}
{"index": {"_index":"pob","_id":"3297820"}}
	{"id":3297820,"type":"sell","buyer":"opidia","seller":"decentropia","symbol":"POB","quantity":"0.06689397","price":"0.02300000","timestamp":1651113792,"volume":"0.00153856","buyTxId":"1b7e208b44e651fa32bd83d62371d96a69b7f4ee","sellTxId":"ffabae2f46d299c1ea8e85349b85cc4226dcaee0"}
