{"index": {"_index":"pob","_id":"1058700"}}
	{"id":1058700,"type":"sell","buyer":"ctime","seller":"amr008","symbol":"POB","quantity":"19.65321859","price":"1.31699030","timestamp":1621134060,"volume":"25.88309825","buyTxId":"MM-P-6998990-53928365-3-23-0","sellTxId":"26527d419e386274f545bef620888e1f099c4a16"}
{"index": {"_index":"pob","_id":"1058722"}}
	{"id":1058722,"type":"sell","buyer":"ctime","seller":"melbourneswest","symbol":"POB","quantity":"13.03149878","price":"1.31706034","timestamp":1621135290,"volume":"17.16327021","buyTxId":"MM-P-6999352-53928765-3-23-0","sellTxId":"80ba18d4e929d3362ec50daf4291432b1663535f"}
{"index": {"_index":"pob","_id":"1058732"}}
	{"id":1058732,"type":"sell","buyer":"ctime","seller":"he-index","symbol":"POB","quantity":"0.11500000","price":"1.31710036","timestamp":1621135866,"volume":"0.15146654","buyTxId":"MM-P-6999533-53928964-3-23-0","sellTxId":"61e6bee2740bc54ec53503750a3e7c02514d58eb"}
{"index": {"_index":"pob","_id":"1058735"}}
	{"id":1058735,"type":"sell","buyer":"ctime","seller":"simplegame","symbol":"POB","quantity":"1.43118808","price":"1.31712037","timestamp":1621136193,"volume":"1.88504697","buyTxId":"MM-P-6999630-53929064-3-23-0","sellTxId":"624c6883ca9ba88c33afd30997b9e32c3a18168c"}
{"index": {"_index":"pob","_id":"1058745"}}
	{"id":1058745,"type":"sell","buyer":"solovey6o2","seller":"holybread","symbol":"POB","quantity":"0.54698479","price":"1.31718041","timestamp":1621137204,"volume":"0.72047765","buyTxId":"4e6c3af1a72a28e5548efee610653c94d5cbbcd6","sellTxId":"44751d098b89cd38092c2ad12c52cceef736f127"}
{"index": {"_index":"pob","_id":"1058848"}}
	{"id":1058848,"type":"sell","buyer":"mmmmkkkk311","seller":"stayten","symbol":"POB","quantity":"1.47325312","price":"1.31699034","timestamp":1621141293,"volume":"1.94026013","buyTxId":"MM-P-7001250-53930762-3-2-0","sellTxId":"1ee4acaca6473c7300b717cad1d1a2295319860f"}
{"index": {"_index":"pob","_id":"1058952"}}
	{"id":1058952,"type":"sell","buyer":"ctime","seller":"darkflame","symbol":"POB","quantity":"4.00000000","price":"1.31827014","timestamp":1621145496,"volume":"5.27308056","buyTxId":"MM-P-7002500-53932162-3-23-0","sellTxId":"02e423d91a694127794e820cc26f27bce3e9fd53"}
{"index": {"_index":"pob","_id":"1058957"}}
	{"id":1058957,"type":"sell","buyer":"solovey6o2","seller":"fullcoverbetting","symbol":"POB","quantity":"0.44537970","price":"1.31837016","timestamp":1621145619,"volume":"0.58717531","buyTxId":"5ba0c221e8963cc6231c7cf98bb759a8d32647f9","sellTxId":"2f8af58d2afde2904fcb538e80db14139b5efe08"}
{"index": {"_index":"pob","_id":"1058964"}}
	{"id":1058964,"type":"sell","buyer":"solovey6o2","seller":"flexyg","symbol":"POB","quantity":"7.643","price":"1.31838017","timestamp":1621146318,"volume":"10.07637964","buyTxId":"79032e1a076d3821f85135a3f3c856e55795134d","sellTxId":"0a38d1f98ee1948fe25555801bcf2fe44ad5a9dc"}
{"index": {"_index":"pob","_id":"1058997"}}
	{"id":1058997,"type":"sell","buyer":"ctime","seller":"failingforwards","symbol":"POB","quantity":"17.01483538","price":"1.31842020","timestamp":1621147284,"volume":"22.43270266","buyTxId":"MM-P-7003027-53932761-3-23-0","sellTxId":"d5833c350e12854bd311a4c3dce211c37f81a3ca"}
{"index": {"_index":"pob","_id":"1059008"}}
	{"id":1059008,"type":"sell","buyer":"solovey6o2","seller":"leedsunited","symbol":"POB","quantity":"5.23145621","price":"1.31844022","timestamp":1621147800,"volume":"6.89736228","buyTxId":"22e5a8617f467823bb37a720f4373364d8750542","sellTxId":"fdce3ce630d96e2b40ef5dd5231454ef6d2ad69f"}
{"index": {"_index":"pob","_id":"1059012"}}
	{"id":1059012,"type":"sell","buyer":"solovey6o2","seller":"cwow2","symbol":"POB","quantity":"0.61687332","price":"1.31847024","timestamp":1621148367,"volume":"0.81332911","buyTxId":"e847daa609df84809670788e6f63bb6a559332ca","sellTxId":"296f4b839eedda2db82bf6cda5e8ad6a080da3be"}
{"index": {"_index":"pob","_id":"1059099"}}
	{"id":1059099,"type":"sell","buyer":"solovey6o2","seller":"taseli","symbol":"POB","quantity":"0.44003045","price":"1.31821011","timestamp":1621151298,"volume":"0.58005259","buyTxId":"5e964b35419088b8f8907393074e0d90428dd318","sellTxId":"c41836b093b03b7adbd1b332146c899155d0b6f0"}
{"index": {"_index":"pob","_id":"1059116"}}
	{"id":1059116,"type":"sell","buyer":"mrtats","seller":"achim03","symbol":"POB","quantity":"3.76300000","price":"1.31850000","timestamp":1621152300,"volume":"4.96151550","buyTxId":"b8cef08a0249926c658e6d269727500faea0d6fb","sellTxId":"98e1fdf58029f96f2eaa9251a467720681b43468"}
{"index": {"_index":"pob","_id":"1059121"}}
	{"id":1059121,"type":"buy","buyer":"onealfa.leo","seller":"solovey6o2","symbol":"POB","quantity":"94.06976987","price":"1.59769879","timestamp":1621152432,"volume":"150.29515750","buyTxId":"e1c5ad2e2e5b70a6c1b1575a373ea4065936301c","sellTxId":"46c2ba0316fb0dc2f3c20f15edd8bd57e733c269"}
{"index": {"_index":"pob","_id":"1059122"}}
	{"id":1059122,"type":"buy","buyer":"onealfa.leo","seller":"mmmmkkkk311","symbol":"POB","quantity":"15.00000000","price":"1.59769880","timestamp":1621152432,"volume":"23.96548200","buyTxId":"e1c5ad2e2e5b70a6c1b1575a373ea4065936301c","sellTxId":"MM-P-7004564-53934459-3-2-1"}
{"index": {"_index":"pob","_id":"1059123"}}
	{"id":1059123,"type":"buy","buyer":"onealfa.leo","seller":"freebornsociety","symbol":"POB","quantity":"5.00000000","price":"1.59770881","timestamp":1621152432,"volume":"7.98854405","buyTxId":"e1c5ad2e2e5b70a6c1b1575a373ea4065936301c","sellTxId":"MM-P-7004535-53934427-3-1-1"}
{"index": {"_index":"pob","_id":"1059124"}}
	{"id":1059124,"type":"buy","buyer":"onealfa.leo","seller":"barski","symbol":"POB","quantity":"1.09541731","price":"1.59831000","timestamp":1621152432,"volume":"1.75081645","buyTxId":"e1c5ad2e2e5b70a6c1b1575a373ea4065936301c","sellTxId":"27e962c3f5e8e76923089fef2bae87dde909957a"}
{"index": {"_index":"pob","_id":"1059162"}}
	{"id":1059162,"type":"sell","buyer":"solovey6o2","seller":"gamsam","symbol":"POB","quantity":"6.19","price":"1.32000001","timestamp":1621153848,"volume":"8.17080006","buyTxId":"237c068106546d1afc33d6cb3e8d494aeba0e054","sellTxId":"2af7a54f5b4c569783b45c968307805462259158"}
{"index": {"_index":"pob","_id":"1059164"}}
	{"id":1059164,"type":"sell","buyer":"onealfa.leo","seller":"mawit07","symbol":"POB","quantity":"10.37478424","price":"1.32111000","timestamp":1621153968,"volume":"13.70623121","buyTxId":"41000c2030fea7f2cd795b44f782ae74b5f865df","sellTxId":"f1ab8513fd47bd6f3928a3e5b445cf673444b403"}
{"index": {"_index":"pob","_id":"1059170"}}
	{"id":1059170,"type":"buy","buyer":"onealfa.leo","seller":"solovey6o2","symbol":"POB","quantity":"6.19000000","price":"1.49999999","timestamp":1621154145,"volume":"9.28499994","buyTxId":"0a6833e8cdd24d8354b1774503f216399a1fc0c9","sellTxId":"95aed5e41b79c5aef103b1d14173d9425d4ea282"}
{"index": {"_index":"pob","_id":"1059171"}}
	{"id":1059171,"type":"buy","buyer":"onealfa.leo","seller":"tgd-links","symbol":"POB","quantity":"4.00000000","price":"1.50000000","timestamp":1621154145,"volume":"6.00000000","buyTxId":"0a6833e8cdd24d8354b1774503f216399a1fc0c9","sellTxId":"72f8a7d445ae0383dd2bcdf28054ed357da44b0e"}
{"index": {"_index":"pob","_id":"1059172"}}
	{"id":1059172,"type":"buy","buyer":"onealfa.leo","seller":"barski","symbol":"POB","quantity":"0.51883132","price":"1.59831000","timestamp":1621154145,"volume":"0.82925329","buyTxId":"0a6833e8cdd24d8354b1774503f216399a1fc0c9","sellTxId":"27e962c3f5e8e76923089fef2bae87dde909957a"}
{"index": {"_index":"pob","_id":"1059173"}}
	{"id":1059173,"type":"buy","buyer":"onealfa.leo","seller":"ironshield","symbol":"POB","quantity":"3.21697847","price":"1.59890000","timestamp":1621154145,"volume":"5.14362688","buyTxId":"0a6833e8cdd24d8354b1774503f216399a1fc0c9","sellTxId":"a52c6c6ec3337ea822ab238eaf7235bf0b0558ec"}
{"index": {"_index":"pob","_id":"1059174"}}
	{"id":1059174,"type":"buy","buyer":"onealfa.leo","seller":"freebornsociety","symbol":"POB","quantity":"5.00000000","price":"1.59965997","timestamp":1621154145,"volume":"7.99829985","buyTxId":"0a6833e8cdd24d8354b1774503f216399a1fc0c9","sellTxId":"MM-P-7004625-53934527-3-1-1"}
{"index": {"_index":"pob","_id":"1059175"}}
	{"id":1059175,"type":"buy","buyer":"onealfa.leo","seller":"anadolu","symbol":"POB","quantity":"14.00000000","price":"1.59966997","timestamp":1621154145,"volume":"22.39537958","buyTxId":"0a6833e8cdd24d8354b1774503f216399a1fc0c9","sellTxId":"03f908f1ccc1936fe4ac0c60edbb6d70f65cdd47"}
{"index": {"_index":"pob","_id":"1059176"}}
	{"id":1059176,"type":"buy","buyer":"onealfa.leo","seller":"coininstant","symbol":"POB","quantity":"54.74131649","price":"1.59969000","timestamp":1621154145,"volume":"87.56913658","buyTxId":"0a6833e8cdd24d8354b1774503f216399a1fc0c9","sellTxId":"25e1413aeb869bf52896515c966c3f0a71f74372"}
{"index": {"_index":"pob","_id":"1059177"}}
	{"id":1059177,"type":"buy","buyer":"onealfa.leo","seller":"mmmmkkkk311","symbol":"POB","quantity":"7.07957449","price":"1.59992998","timestamp":1621154145,"volume":"11.32682347","buyTxId":"0a6833e8cdd24d8354b1774503f216399a1fc0c9","sellTxId":"MM-P-7005034-53934959-3-2-1"}
{"index": {"_index":"pob","_id":"1059178"}}
	{"id":1059178,"type":"buy","buyer":"onealfa.leo","seller":"dhedge-drips","symbol":"POB","quantity":"1.53281943","price":"1.59997998","timestamp":1621154145,"volume":"2.45248041","buyTxId":"0a6833e8cdd24d8354b1774503f216399a1fc0c9","sellTxId":"c8e1a1fe219983b56756a38b7aab67a3c73875c9"}
{"index": {"_index":"pob","_id":"1059185"}}
	{"id":1059185,"type":"sell","buyer":"solovey6o2","seller":"ahmetay","symbol":"POB","quantity":"1.50546611","price":"1.49999997","timestamp":1621154247,"volume":"2.25819912","buyTxId":"395d2339f988636862fdfebdfa02d74b5d14c8a1","sellTxId":"f93f341e71ce4c4de88519a5af97a00b21b28cc6"}
{"index": {"_index":"pob","_id":"1059192"}}
	{"id":1059192,"type":"buy","buyer":"onealfa.leo","seller":"dhedge-drips","symbol":"POB","quantity":"0.55876064","price":"1.59997998","timestamp":1621154514,"volume":"0.89400584","buyTxId":"0e4d6120cd9cd270be507629ea206034e479a653","sellTxId":"c8e1a1fe219983b56756a38b7aab67a3c73875c9"}
{"index": {"_index":"pob","_id":"1059193"}}
	{"id":1059193,"type":"buy","buyer":"onealfa.leo","seller":"brofi-market","symbol":"POB","quantity":"19.52032029","price":"1.60000000","timestamp":1621154514,"volume":"31.23251246","buyTxId":"0e4d6120cd9cd270be507629ea206034e479a653","sellTxId":"3551eec33f0fc0320719f811ea0d8de654965b16"}
{"index": {"_index":"pob","_id":"1059194"}}
	{"id":1059194,"type":"buy","buyer":"onealfa.leo","seller":"freebornsociety","symbol":"POB","quantity":"5.00000000","price":"1.65479000","timestamp":1621154514,"volume":"8.27395000","buyTxId":"0e4d6120cd9cd270be507629ea206034e479a653","sellTxId":"MM-P-7005178-53935127-3-1-1"}
{"index": {"_index":"pob","_id":"1059195"}}
	{"id":1059195,"type":"buy","buyer":"onealfa.leo","seller":"skylinebuds","symbol":"POB","quantity":"17.00000000","price":"1.65480000","timestamp":1621154514,"volume":"28.13160000","buyTxId":"0e4d6120cd9cd270be507629ea206034e479a653","sellTxId":"de78013c70ba0e6ecad50789847136cbabdae3b0"}
{"index": {"_index":"pob","_id":"1059196"}}
	{"id":1059196,"type":"buy","buyer":"onealfa.leo","seller":"scooter77","symbol":"POB","quantity":"20.00000000","price":"1.65510000","timestamp":1621154514,"volume":"33.10200000","buyTxId":"0e4d6120cd9cd270be507629ea206034e479a653","sellTxId":"743a0c71c97c76f620fb91b66e90d47adaf2ad42"}
{"index": {"_index":"pob","_id":"1059197"}}
	{"id":1059197,"type":"buy","buyer":"onealfa.leo","seller":"elricmoonslayer","symbol":"POB","quantity":"16.83000000","price":"1.65525985","timestamp":1621154514,"volume":"27.85802328","buyTxId":"0e4d6120cd9cd270be507629ea206034e479a653","sellTxId":"896465d1817a2528cc10a8e7826c7d1358e7f678"}
{"index": {"_index":"pob","_id":"1059198"}}
	{"id":1059198,"type":"buy","buyer":"onealfa.leo","seller":"faireye","symbol":"POB","quantity":"71.22229532","price":"1.66500000","timestamp":1621154514,"volume":"118.58512171","buyTxId":"0e4d6120cd9cd270be507629ea206034e479a653","sellTxId":"050db7979dd48c9c9ed355a30ad0d8b2c00c7c64"}
{"index": {"_index":"pob","_id":"1059199"}}
	{"id":1059199,"type":"buy","buyer":"onealfa.leo","seller":"dalz","symbol":"POB","quantity":"52.00000000","price":"1.67000000","timestamp":1621154514,"volume":"86.84000000","buyTxId":"0e4d6120cd9cd270be507629ea206034e479a653","sellTxId":"6fa6407fe66f20db0a7ca8dc259c406fb46eb309"}
{"index": {"_index":"pob","_id":"1059200"}}
	{"id":1059200,"type":"buy","buyer":"onealfa.leo","seller":"fredrikaa","symbol":"POB","quantity":"3.38026532","price":"1.68870000","timestamp":1621154514,"volume":"5.70825405","buyTxId":"0e4d6120cd9cd270be507629ea206034e479a653","sellTxId":"ddb6475d9883961204793179eea28918a593cddc"}
{"index": {"_index":"pob","_id":"1059201"}}
	{"id":1059201,"type":"buy","buyer":"onealfa.leo","seller":"fredrikaa","symbol":"POB","quantity":"30.83571985","price":"1.68870000","timestamp":1621154514,"volume":"52.07228011","buyTxId":"0e4d6120cd9cd270be507629ea206034e479a653","sellTxId":"b812862f7e24abe2d341a136869620f2bda43bc9"}
{"index": {"_index":"pob","_id":"1059202"}}
	{"id":1059202,"type":"buy","buyer":"onealfa.leo","seller":"idiosyncratic1","symbol":"POB","quantity":"4.78388462","price":"1.68890000","timestamp":1621154514,"volume":"8.07950273","buyTxId":"0e4d6120cd9cd270be507629ea206034e479a653","sellTxId":"fe83f4f7fa98ad37a4a0af5d4e8262a87abddc78"}
{"index": {"_index":"pob","_id":"1059203"}}
	{"id":1059203,"type":"buy","buyer":"onealfa.leo","seller":"notacinephile","symbol":"POB","quantity":"4.60000000","price":"1.68900000","timestamp":1621154514,"volume":"7.76940000","buyTxId":"0e4d6120cd9cd270be507629ea206034e479a653","sellTxId":"9b15203ab1dbf265941f8cdc269d44fef55092f3"}
{"index": {"_index":"pob","_id":"1059204"}}
	{"id":1059204,"type":"buy","buyer":"onealfa.leo","seller":"skylinebuds","symbol":"POB","quantity":"15.81367629","price":"1.70000000","timestamp":1621154514,"volume":"26.88324969","buyTxId":"0e4d6120cd9cd270be507629ea206034e479a653","sellTxId":"a495c90caf4aa00113f4ee269e7540ce8965022d"}
{"index": {"_index":"pob","_id":"1059205"}}
	{"id":1059205,"type":"buy","buyer":"onealfa.leo","seller":"scooter77","symbol":"POB","quantity":"20.00000000","price":"1.74900000","timestamp":1621154514,"volume":"34.98000000","buyTxId":"0e4d6120cd9cd270be507629ea206034e479a653","sellTxId":"eb63ca655e253936ed89d44bf773b646fd416011"}
{"index": {"_index":"pob","_id":"1059206"}}
	{"id":1059206,"type":"buy","buyer":"onealfa.leo","seller":"liotes.voter","symbol":"POB","quantity":"5.43000000","price":"1.74997501","timestamp":1621154514,"volume":"9.50236430","buyTxId":"0e4d6120cd9cd270be507629ea206034e479a653","sellTxId":"66094c6884c0e3a9f704fa1f62452ece8fa6e8f1"}
{"index": {"_index":"pob","_id":"1059207"}}
	{"id":1059207,"type":"buy","buyer":"onealfa.leo","seller":"failingforwards","symbol":"POB","quantity":"33.15961627","price":"1.75176140","timestamp":1621154514,"volume":"58.08773583","buyTxId":"0e4d6120cd9cd270be507629ea206034e479a653","sellTxId":"970cfca83eef01c9e80745c1ff6fed59d081cd15"}
{"index": {"_index":"pob","_id":"1059209"}}
	{"id":1059209,"type":"buy","buyer":"onealfa.leo","seller":"failingforwards","symbol":"POB","quantity":"0.32395020","price":"1.75176140","timestamp":1621154571,"volume":"0.56748346","buyTxId":"97d6ca8cbbc1cdcd2434855ef3ce248759476dca","sellTxId":"970cfca83eef01c9e80745c1ff6fed59d081cd15"}
{"index": {"_index":"pob","_id":"1059210"}}
	{"id":1059210,"type":"buy","buyer":"onealfa.leo","seller":"mineopoly","symbol":"POB","quantity":"23.00000000","price":"1.77000000","timestamp":1621154571,"volume":"40.71000000","buyTxId":"97d6ca8cbbc1cdcd2434855ef3ce248759476dca","sellTxId":"bad86e28b6db8033ba0b7bd33e3046129f9e37af"}
{"index": {"_index":"pob","_id":"1059211"}}
	{"id":1059211,"type":"buy","buyer":"onealfa.leo","seller":"liotes.voter","symbol":"POB","quantity":"7.84400000","price":"1.79825501","timestamp":1621154571,"volume":"14.10551230","buyTxId":"97d6ca8cbbc1cdcd2434855ef3ce248759476dca","sellTxId":"77a269d047031c5ce53bf0cb93b0754169339a72"}
{"index": {"_index":"pob","_id":"1059212"}}
	{"id":1059212,"type":"buy","buyer":"onealfa.leo","seller":"brofi-market","symbol":"POB","quantity":"15.69434756","price":"1.79826000","timestamp":1621154571,"volume":"28.22251744","buyTxId":"97d6ca8cbbc1cdcd2434855ef3ce248759476dca","sellTxId":"9c4edbe7c49eaca4865ec57a3f2f75cef8cfe26a"}
{"index": {"_index":"pob","_id":"1059213"}}
	{"id":1059213,"type":"buy","buyer":"onealfa.leo","seller":"coininstant","symbol":"POB","quantity":"0.07959000","price":"1.79827000","timestamp":1621154571,"volume":"0.14312431","buyTxId":"97d6ca8cbbc1cdcd2434855ef3ce248759476dca","sellTxId":"956ddce0a8b6923faef2fcaaf1ded71ec9ca0b3c"}
{"index": {"_index":"pob","_id":"1059214"}}
	{"id":1059214,"type":"buy","buyer":"onealfa.leo","seller":"nirvana3003","symbol":"POB","quantity":"35.00000000","price":"1.79827000","timestamp":1621154571,"volume":"62.93945000","buyTxId":"97d6ca8cbbc1cdcd2434855ef3ce248759476dca","sellTxId":"cc7dd20b602b7798c2342d194bf7b2f66a294f74"}
{"index": {"_index":"pob","_id":"1059215"}}
	{"id":1059215,"type":"buy","buyer":"onealfa.leo","seller":"coininstant","symbol":"POB","quantity":"1.00000000","price":"1.79890000","timestamp":1621154571,"volume":"1.79890000","buyTxId":"97d6ca8cbbc1cdcd2434855ef3ce248759476dca","sellTxId":"8d2f57e3abd03003d8f31457e0fa2383496ee78e"}
{"index": {"_index":"pob","_id":"1059216"}}
	{"id":1059216,"type":"buy","buyer":"onealfa.leo","seller":"bashadow","symbol":"POB","quantity":"1.93607729","price":"1.81450012","timestamp":1621154571,"volume":"3.51301249","buyTxId":"97d6ca8cbbc1cdcd2434855ef3ce248759476dca","sellTxId":"d5ba32bfc062e4a226cc1b6baaf3f7f9b6018ec9"}
{"index": {"_index":"pob","_id":"1059224"}}
	{"id":1059224,"type":"sell","buyer":"freebornsociety","seller":"teeygold","symbol":"POB","quantity":"7.56349537","price":"1.32214003","timestamp":1621154985,"volume":"10.00000000","buyTxId":"MM-P-7005342-53935327-3-1-0","sellTxId":"63df83540d4007e0302fb4353452c6d4abfe74ba"}
{"index": {"_index":"pob","_id":"1059225"}}
	{"id":1059225,"type":"sell","buyer":"solovey6o2","seller":"teeygold","symbol":"POB","quantity":"4.01494425","price":"1.32213004","timestamp":1621154985,"volume":"5.30827840","buyTxId":"dd99c6425958be4f6121966eee7331836991dd71","sellTxId":"63df83540d4007e0302fb4353452c6d4abfe74ba"}
{"index": {"_index":"pob","_id":"1059245"}}
	{"id":1059245,"type":"buy","buyer":"mrtats","seller":"solovey6o2","symbol":"POB","quantity":"5.52041035","price":"1.81413500","timestamp":1621155891,"volume":"10.01476963","buyTxId":"b80b3d0778b899b35ba086b60bac13503b853577","sellTxId":"2f7c6069f746866eca4c0539dbf1e4ffae24995e"}
{"index": {"_index":"pob","_id":"1059246"}}
	{"id":1059246,"type":"buy","buyer":"mrtats","seller":"liotes.voter","symbol":"POB","quantity":"2.65898965","price":"1.81413501","timestamp":1621155891,"volume":"4.82376622","buyTxId":"b80b3d0778b899b35ba086b60bac13503b853577","sellTxId":"1b98216ce89f68629a59e5492874e39fc52ec974"}
{"index": {"_index":"pob","_id":"1059282"}}
	{"id":1059282,"type":"sell","buyer":"solovey6o2","seller":"khazrakh","symbol":"POB","quantity":"3.10122955","price":"1.32268511","timestamp":1621156722,"volume":"4.10195015","buyTxId":"1f1dadacbd9e919e2a80107f264445c00fceca37","sellTxId":"0ea440fec9b427976c59c9538dcbe430bfa25452"}
{"index": {"_index":"pob","_id":"1059331"}}
	{"id":1059331,"type":"sell","buyer":"freebornsociety","seller":"stickupboys","symbol":"POB","quantity":"3.00000000","price":"1.32340532","timestamp":1621159185,"volume":"3.97021596","buyTxId":"MM-P-7006611-53936722-3-1-0","sellTxId":"ae1adccac4282dc9910faf8440e182d45d8aedc9"}
{"index": {"_index":"pob","_id":"1059332"}}
	{"id":1059332,"type":"sell","buyer":"freebornsociety","seller":"kevinnag58","symbol":"POB","quantity":"4.55626402","price":"1.32340532","timestamp":1621159191,"volume":"6.02978404","buyTxId":"MM-P-7006611-53936722-3-1-0","sellTxId":"8144342ae2a40388e8d3031b0756d03c37ef3047"}
{"index": {"_index":"pob","_id":"1059333"}}
	{"id":1059333,"type":"sell","buyer":"solovey6o2","seller":"kevinnag58","symbol":"POB","quantity":"15.44373598","price":"1.32339532","timestamp":1621159191,"volume":"20.43816792","buyTxId":"b6e9caa70837a5742b14f72a6c8a1987784fd652","sellTxId":"8144342ae2a40388e8d3031b0756d03c37ef3047"}
{"index": {"_index":"pob","_id":"1059379"}}
	{"id":1059379,"type":"sell","buyer":"solovey6o2","seller":"ctpsb","symbol":"POB","quantity":"9.00000000","price":"1.32285519","timestamp":1621161642,"volume":"11.90569671","buyTxId":"7a9f6f4cc9113b5deb2068ebe368bcaea2efde4e","sellTxId":"c42b8f381d57e9feb7c516a7b3dfb1a2c385e930"}
{"index": {"_index":"pob","_id":"1059412"}}
	{"id":1059412,"type":"sell","buyer":"freebornsociety","seller":"jlordc","symbol":"POB","quantity":"0.93484182","price":"1.32356537","timestamp":1621163673,"volume":"1.23732426","buyTxId":"MM-P-7007982-53938219-3-1-0","sellTxId":"eda259e6355722026771b57a6a16181f35b0e027"}
{"index": {"_index":"pob","_id":"1059430"}}
	{"id":1059430,"type":"sell","buyer":"freebornsociety","seller":"scooter77","symbol":"POB","quantity":"7.12490090","price":"1.32229499","timestamp":1621164321,"volume":"9.42122076","buyTxId":"MM-P-7008181-53938418-3-1-0","sellTxId":"16b9b008bf02cca1a81ed9e9654f771dbe4e4c84"}
{"index": {"_index":"pob","_id":"1059431"}}
	{"id":1059431,"type":"sell","buyer":"liotes.voter","seller":"scooter77","symbol":"POB","quantity":"2.87509910","price":"1.32228499","timestamp":1621164321,"volume":"3.80170038","buyTxId":"94308b8d12671263453bf2c17f5190f2bdbde607","sellTxId":"16b9b008bf02cca1a81ed9e9654f771dbe4e4c84"}
{"index": {"_index":"pob","_id":"1059432"}}
	{"id":1059432,"type":"buy","buyer":"solovey6o2","seller":"tlundy47","symbol":"POB","quantity":"0.00017916","price":"1.32229499","timestamp":1621164351,"volume":"0.00023690","buyTxId":"d6599352cb118ca3073fd803eb1ec560dba693c4","sellTxId":"757160081c8503e91c4ee297f526dbf6042d6790"}
{"index": {"_index":"pob","_id":"1059445"}}
	{"id":1059445,"type":"buy","buyer":"leosoph","seller":"solovey6o2","symbol":"POB","quantity":"13.00000000","price":"1.69995995","timestamp":1621164954,"volume":"22.09947935","buyTxId":"ca8d0f2cc7d31b8597ef00beaf0399f004471c93","sellTxId":"c91e0140fbef789129583b395b836075c0f57508"}
{"index": {"_index":"pob","_id":"1059458"}}
	{"id":1059458,"type":"sell","buyer":"ctime","seller":"tommyl33","symbol":"POB","quantity":"13.19642291","price":"1.32274508","timestamp":1621165578,"volume":"17.45550348","buyTxId":"MM-P-7008610-53938849-3-23-0","sellTxId":"da43b5e0ab3a20acd89ebedbe9ebfd1dbfaaa6a0"}
{"index": {"_index":"pob","_id":"1059461"}}
	{"id":1059461,"type":"sell","buyer":"solovey6o2","seller":"liaminit1","symbol":"POB","quantity":"0.86418994","price":"1.32274509","timestamp":1621165734,"volume":"1.14310300","buyTxId":"0b9b7a764282a05a4684db9a58c698420472e22b","sellTxId":"a0729c05ef2060fae3d2a1db68c2a0901187bb5b"}
{"index": {"_index":"pob","_id":"1059463"}}
	{"id":1059463,"type":"sell","buyer":"solovey6o2","seller":"clixmoney","symbol":"POB","quantity":"11.02668731","price":"1.32275510","timestamp":1621166013,"volume":"14.58560688","buyTxId":"53c3d524fe4b51a00fff5eefbdda4d061b7d5663","sellTxId":"ae21535141b97cf67667353763503079251d49a2"}
{"index": {"_index":"pob","_id":"1059469"}}
	{"id":1059469,"type":"sell","buyer":"solovey6o2","seller":"kevinnag58","symbol":"POB","quantity":"30.08691323","price":"1.32302301","timestamp":1621166322,"volume":"39.80567850","buyTxId":"0c6aa7de7bee18a6e1a7e7e2905cdb881e886cea","sellTxId":"0408b64cb18846c57d4fcbd492d0be76601cfd62"}
{"index": {"_index":"pob","_id":"1059499"}}
	{"id":1059499,"type":"sell","buyer":"solovey6o2","seller":"espandorr","symbol":"POB","quantity":"28.00000000","price":"1.32324305","timestamp":1621166955,"volume":"37.05080540","buyTxId":"e71f7507c74d346c888abdf5b8a362f7eb3d5307","sellTxId":"3917a793ced342530873b07d90b28ad2f3454a77"}
{"index": {"_index":"pob","_id":"1059512"}}
	{"id":1059512,"type":"sell","buyer":"cookaiss","seller":"andy4475","symbol":"POB","quantity":"4.00000000","price":"1.32400000","timestamp":1621168095,"volume":"5.29600000","buyTxId":"f92481bc2403fe6116a721cc64a3727231603bbd","sellTxId":"9f01c032516bc38673c96db7d932549c38b2bc4e"}
{"index": {"_index":"pob","_id":"1059513"}}
	{"id":1059513,"type":"sell","buyer":"ctime","seller":"andy4475","symbol":"POB","quantity":"1.38881233","price":"1.32314302","timestamp":1621168095,"volume":"1.83759734","buyTxId":"MM-P-7009405-53939646-3-23-0","sellTxId":"9f01c032516bc38673c96db7d932549c38b2bc4e"}
{"index": {"_index":"pob","_id":"1059532"}}
	{"id":1059532,"type":"buy","buyer":"offgridlife","seller":"solovey6o2","symbol":"POB","quantity":"0.10000000","price":"1.69982979","timestamp":1621168833,"volume":"0.16998298","buyTxId":"dd28360841595b141c55eb28793ce726ffa58a48","sellTxId":"77e37989faa579aa07629468e4f6f8a07c2da361"}
{"index": {"_index":"pob","_id":"1059533"}}
	{"id":1059533,"type":"buy","buyer":"offgridlife","seller":"solovey6o2","symbol":"POB","quantity":"0.10000000","price":"1.69982979","timestamp":1621168845,"volume":"0.16998298","buyTxId":"4e33576e902bee026b2fbbce904a7f8ed9c92be9","sellTxId":"77e37989faa579aa07629468e4f6f8a07c2da361"}
{"index": {"_index":"pob","_id":"1059536"}}
	{"id":1059536,"type":"buy","buyer":"offgridlife","seller":"solovey6o2","symbol":"POB","quantity":"0.10000000","price":"1.69982979","timestamp":1621168854,"volume":"0.16998298","buyTxId":"7fde73a168ac37f2adb9cce56eccf5c4a030ec15","sellTxId":"77e37989faa579aa07629468e4f6f8a07c2da361"}
{"index": {"_index":"pob","_id":"1059537"}}
	{"id":1059537,"type":"buy","buyer":"offgridlife","seller":"solovey6o2","symbol":"POB","quantity":"0.10000000","price":"1.69982979","timestamp":1621168863,"volume":"0.16998298","buyTxId":"933a103b643679fe2320514ae6f80bcab3345cb6","sellTxId":"77e37989faa579aa07629468e4f6f8a07c2da361"}
{"index": {"_index":"pob","_id":"1059539"}}
	{"id":1059539,"type":"sell","buyer":"ctime","seller":"invest4free","symbol":"POB","quantity":"1.70000000","price":"1.32317305","timestamp":1621169043,"volume":"2.24939419","buyTxId":"MM-P-7009703-53939946-3-23-0","sellTxId":"6206839de2764c9a3bb743e87679d842a5f6d42d"}
{"index": {"_index":"pob","_id":"1059606"}}
	{"id":1059606,"type":"buy","buyer":"onealfa.leo","seller":"solovey6o2","symbol":"POB","quantity":"84.12293517","price":"1.65314299","timestamp":1621171572,"volume":"139.06724057","buyTxId":"89115deb73967bb0e39072b2f0de46a1d1753a16","sellTxId":"67d72c647060485bbb7666de5046c3820fd57e50"}
{"index": {"_index":"pob","_id":"1059607"}}
	{"id":1059607,"type":"buy","buyer":"onealfa.leo","seller":"freebornsociety","symbol":"POB","quantity":"5.00000000","price":"1.65314300","timestamp":1621171572,"volume":"8.26571500","buyTxId":"89115deb73967bb0e39072b2f0de46a1d1753a16","sellTxId":"MM-P-7010567-53940812-3-1-1"}
{"index": {"_index":"pob","_id":"1059608"}}
	{"id":1059608,"type":"buy","buyer":"onealfa.leo","seller":"trumpman","symbol":"POB","quantity":"40.93211216","price":"1.65315301","timestamp":1621171572,"volume":"67.66704443","buyTxId":"89115deb73967bb0e39072b2f0de46a1d1753a16","sellTxId":"9c1f98947eb1289f114fe71bf657931fd7adb2a9"}
{"index": {"_index":"pob","_id":"1059627"}}
	{"id":1059627,"type":"sell","buyer":"ctime","seller":"amr008","symbol":"POB","quantity":"16.78588682","price":"1.32342404","timestamp":1621172184,"volume":"22.21484615","buyTxId":"MM-P-7010798-53941044-3-23-0","sellTxId":"0b6b6c1582b711d37d583b0599c6c6d53f9a12aa"}
{"index": {"_index":"pob","_id":"1059661"}}
	{"id":1059661,"type":"sell","buyer":"freebornsociety","seller":"liaminit1","symbol":"POB","quantity":"1.44548661","price":"1.32345407","timestamp":1621172709,"volume":"1.91303514","buyTxId":"MM-P-7010965-53941211-3-1-0","sellTxId":"f8139ad5e8a798f854f4fc50c07a6bff52bea4dc"}
{"index": {"_index":"pob","_id":"1059663"}}
	{"id":1059663,"type":"buy","buyer":"ezrider","seller":"gungunkrishu","symbol":"POB","quantity":"6.70000000","price":"1.60000000","timestamp":1621173126,"volume":"10.72000000","buyTxId":"8478e7d51134f8c7a7e58386d8899c2507fb0bdc","sellTxId":"fd76b991ffa52f530915a8f31899a765f8bd3151"}
{"index": {"_index":"pob","_id":"1059664"}}
	{"id":1059664,"type":"buy","buyer":"ezrider","seller":"trumpman","symbol":"POB","quantity":"0.06788784","price":"1.65315301","timestamp":1621173126,"volume":"0.11222899","buyTxId":"8478e7d51134f8c7a7e58386d8899c2507fb0bdc","sellTxId":"9c1f98947eb1289f114fe71bf657931fd7adb2a9"}
{"index": {"_index":"pob","_id":"1059665"}}
	{"id":1059665,"type":"buy","buyer":"ezrider","seller":"yonnathang","symbol":"POB","quantity":"2.50600000","price":"1.69984982","timestamp":1621173126,"volume":"4.25982365","buyTxId":"8478e7d51134f8c7a7e58386d8899c2507fb0bdc","sellTxId":"6fcf9960d33ec92e9a77a6298ba7d494a49082c8"}
{"index": {"_index":"pob","_id":"1059666"}}
	{"id":1059666,"type":"buy","buyer":"ezrider","seller":"anadolu","symbol":"POB","quantity":"20.00000000","price":"1.69999999","timestamp":1621173126,"volume":"33.99999980","buyTxId":"8478e7d51134f8c7a7e58386d8899c2507fb0bdc","sellTxId":"c6072ce4a338b5b970b3f349c834dfa29237f44d"}
{"index": {"_index":"pob","_id":"1059667"}}
	{"id":1059667,"type":"buy","buyer":"ezrider","seller":"freebornsociety","symbol":"POB","quantity":"5.00000000","price":"1.74846000","timestamp":1621173126,"volume":"8.74230000","buyTxId":"8478e7d51134f8c7a7e58386d8899c2507fb0bdc","sellTxId":"MM-P-7011064-53941311-3-1-1"}
{"index": {"_index":"pob","_id":"1059668"}}
	{"id":1059668,"type":"buy","buyer":"ezrider","seller":"rentmoney","symbol":"POB","quantity":"17.00000000","price":"1.74850000","timestamp":1621173126,"volume":"29.72450000","buyTxId":"8478e7d51134f8c7a7e58386d8899c2507fb0bdc","sellTxId":"e2d52d020ed774a27bbf494bad1a97746c40facd"}
{"index": {"_index":"pob","_id":"1059669"}}
	{"id":1059669,"type":"buy","buyer":"ezrider","seller":"fredrikaa","symbol":"POB","quantity":"45.32101049","price":"1.74900000","timestamp":1621173126,"volume":"79.26644735","buyTxId":"8478e7d51134f8c7a7e58386d8899c2507fb0bdc","sellTxId":"0fa6b018c867bd4c706b2b5ec1b86fe7c402a10c"}
{"index": {"_index":"pob","_id":"1059675"}}
	{"id":1059675,"type":"sell","buyer":"solovey6o2","seller":"ftfund","symbol":"POB","quantity":"78.74543939","price":"1.79827002","timestamp":1621173507,"volume":"141.60556287","buyTxId":"b48c93a6f3c8b889a9dd9a3a81d1e7c5c1f0fad8","sellTxId":"4e5d2b4cc6d72536493c0fb7afa2c8d9d3340bb1"}
{"index": {"_index":"pob","_id":"1059676"}}
	{"id":1059676,"type":"sell","buyer":"ctime","seller":"ftfund","symbol":"POB","quantity":"19.46315059","price":"1.79827001","timestamp":1621173537,"volume":"35.00000001","buyTxId":"MM-P-7011195-53941442-3-23-0","sellTxId":"522ab7461040ef3965bdbc169c1ddfed81b76dc6"}
{"index": {"_index":"pob","_id":"1059677"}}
	{"id":1059677,"type":"sell","buyer":"ezrider","seller":"ftfund","symbol":"POB","quantity":"111.40510167","price":"1.79826000","timestamp":1621173576,"volume":"200.33533813","buyTxId":"8478e7d51134f8c7a7e58386d8899c2507fb0bdc","sellTxId":"9fc0bdf5c7813a5a3b53f9ba5addba4367a92cc0"}
{"index": {"_index":"pob","_id":"1059687"}}
	{"id":1059687,"type":"sell","buyer":"cookaiss","seller":"cibersk8","symbol":"POB","quantity":"0.01782538","price":"1.33000000","timestamp":1621173831,"volume":"0.02370776","buyTxId":"ae29499d05d71b371986af7ceef497fbf723bfca","sellTxId":"b80752f35092bcd3b2fb2ac70059ed26b9a7a395"}
{"index": {"_index":"pob","_id":"1059735"}}
	{"id":1059735,"type":"sell","buyer":"eirik","seller":"liaminit1","symbol":"POB","quantity":"0.53146965","price":"1.35000000","timestamp":1621175331,"volume":"0.71748403","buyTxId":"2c9bc6483867fc7af1c551ef73128eae78648664","sellTxId":"c157a9d7d063df6b75f13b4c5641845776147c5b"}
{"index": {"_index":"pob","_id":"1059741"}}
	{"id":1059741,"type":"buy","buyer":"thahodler","seller":"eirik","symbol":"POB","quantity":"0.90000000","price":"1.80000000","timestamp":1621175760,"volume":"1.62000000","buyTxId":"c5fc4a3eaf9c5d11b0869341dbe3cb7ef318b451","sellTxId":"75eb88691c1f458704cf3c16fd3ad73b1318203e"}
{"index": {"_index":"pob","_id":"1059753"}}
	{"id":1059753,"type":"sell","buyer":"thahodler","seller":"anggreklestari","symbol":"POB","quantity":"0.57390113","price":"1.80000000","timestamp":1621175913,"volume":"1.03302203","buyTxId":"c5fc4a3eaf9c5d11b0869341dbe3cb7ef318b451","sellTxId":"789e0cdc307fe6707e9e3c45f40c5ddadea0f5b9"}
{"index": {"_index":"pob","_id":"1059760"}}
	{"id":1059760,"type":"sell","buyer":"solovey6o2","seller":"tonytrillions","symbol":"POB","quantity":"0.00005507","price":"1.35000010","timestamp":1621176015,"volume":"0.00007434","buyTxId":"88d60736a611505816ebedc20aba1e0442a3f22d","sellTxId":"ec7e620c193181903f165709588ef44b790b17fe"}
{"index": {"_index":"pob","_id":"1059778"}}
	{"id":1059778,"type":"sell","buyer":"richardcrill","seller":"jersteemit","symbol":"POB","quantity":"1.70000000","price":"1.35013012","timestamp":1621176456,"volume":"2.29522120","buyTxId":"MM-P-7012215-53942464-3-10-0","sellTxId":"ee92f50a84f5034018f882bc297ea0d582f9964a"}
{"index": {"_index":"pob","_id":"1059838"}}
	{"id":1059838,"type":"sell","buyer":"solovey6o2","seller":"x9ed1732b","symbol":"POB","quantity":"0.089","price":"1.66666601","timestamp":1621177821,"volume":"0.14833327","buyTxId":"6c9a02fbbe4cebf2b73836b2da4d8abca4007abd","sellTxId":"e61b17a167feea5f5a3c46b709df082aad8f1287"}
{"index": {"_index":"pob","_id":"1059844"}}
	{"id":1059844,"type":"sell","buyer":"ctime","seller":"taseli","symbol":"POB","quantity":"0.13881961","price":"1.66668601","timestamp":1621178007,"volume":"0.23136870","buyTxId":"MM-P-7012686-53942939-3-23-0","sellTxId":"1bb0eeb667b72aa1c320f1ac7277692c785dae8f"}
{"index": {"_index":"pob","_id":"1059858"}}
	{"id":1059858,"type":"sell","buyer":"solovey6o2","seller":"ahmetay","symbol":"POB","quantity":"0.07395193","price":"1.66669603","timestamp":1621178403,"volume":"0.12325539","buyTxId":"8acbb10dc4d75d2b03fe9e538c48eb75cda5959b","sellTxId":"2e28bde482544aec96857e03c0f5165a31576818"}
{"index": {"_index":"pob","_id":"1059880"}}
	{"id":1059880,"type":"sell","buyer":"ctime","seller":"ftfund","symbol":"POB","quantity":"20.37184812","price":"1.70670002","timestamp":1621179144,"volume":"34.76863359","buyTxId":"MM-P-7013084-53943338-3-23-0","sellTxId":"fcf01a2157c24a2fe8328c6dfc603b7914cf4082"}
{"index": {"_index":"pob","_id":"1059883"}}
	{"id":1059883,"type":"sell","buyer":"mmmmkkkk311","seller":"ftfund","symbol":"POB","quantity":"19.33567292","price":"1.70669002","timestamp":1621179168,"volume":"33.00000000","buyTxId":"MM-P-7013084-53943338-3-2-0","sellTxId":"36359bf63c8a504f8136fd084a26ebbe8eb19016"}
{"index": {"_index":"pob","_id":"1059885"}}
	{"id":1059885,"type":"sell","buyer":"onealfa.leo","seller":"ftfund","symbol":"POB","quantity":"166.66600000","price":"1.70666000","timestamp":1621179195,"volume":"284.44219556","buyTxId":"ee6e5285c04b73dc17104c7d5953a4a92104fa50","sellTxId":"d41e9642d76296d57c5e428a70f69a8f3ff242a0"}
{"index": {"_index":"pob","_id":"1059889"}}
	{"id":1059889,"type":"sell","buyer":"freebornsociety","seller":"ftfund","symbol":"POB","quantity":"7.40433488","price":"1.35056020","timestamp":1621179261,"volume":"10.00000000","buyTxId":"MM-P-7013152-53943406-3-1-0","sellTxId":"ce3ca7e84bc37c511207ec8f28b7f05131605600"}
{"index": {"_index":"pob","_id":"1059890"}}
	{"id":1059890,"type":"sell","buyer":"solovey6o2","seller":"ftfund","symbol":"POB","quantity":"22.67961873","price":"1.35055020","timestamp":1621179261,"volume":"30.62996361","buyTxId":"fcdb277e6edb6c9340806dd83a0e217d405ce588","sellTxId":"ce3ca7e84bc37c511207ec8f28b7f05131605600"}
{"index": {"_index":"pob","_id":"1059891"}}
	{"id":1059891,"type":"sell","buyer":"richardcrill","seller":"ftfund","symbol":"POB","quantity":"8.34238847","price":"1.35023000","timestamp":1621179261,"volume":"11.26414318","buyTxId":"MM-P-7013109-53943363-3-10-0","sellTxId":"ce3ca7e84bc37c511207ec8f28b7f05131605600"}
{"index": {"_index":"pob","_id":"1059892"}}
	{"id":1059892,"type":"sell","buyer":"enm1","seller":"ftfund","symbol":"POB","quantity":"0.47697200","price":"1.35013000","timestamp":1621179261,"volume":"0.64397421","buyTxId":"f96a1b8c8ad0ad0be924545ba2300379b4010c31","sellTxId":"ce3ca7e84bc37c511207ec8f28b7f05131605600"}
{"index": {"_index":"pob","_id":"1059898"}}
	{"id":1059898,"type":"sell","buyer":"enm1","seller":"jakiro12","symbol":"POB","quantity":"25.47695453","price":"1.35013000","timestamp":1621179435,"volume":"34.39720062","buyTxId":"f96a1b8c8ad0ad0be924545ba2300379b4010c31","sellTxId":"173c1f258ad5cf6cceed7ea94d26230c152ba37a"}
{"index": {"_index":"pob","_id":"1059932"}}
	{"id":1059932,"type":"sell","buyer":"freebornsociety","seller":"ganjafarmer","symbol":"POB","quantity":"0.60286719","price":"1.35017000","timestamp":1621180497,"volume":"0.81397319","buyTxId":"MM-P-7013515-53943806-3-1-0","sellTxId":"8b0ea62ceab05473113169ea67d2ce07c5dc7419"}
{"index": {"_index":"pob","_id":"1059953"}}
	{"id":1059953,"type":"sell","buyer":"ctime","seller":"ironshield","symbol":"POB","quantity":"0.00000164","price":"1.35022000","timestamp":1621180890,"volume":"0.00000221","buyTxId":"MM-P-7013630-53943938-3-23-0","sellTxId":"b3f943ec62a960097d5b7607d2daddd19d20f60e"}
{"index": {"_index":"pob","_id":"1059963"}}
	{"id":1059963,"type":"sell","buyer":"freebornsociety","seller":"liaminit1","symbol":"POB","quantity":"1.23798649","price":"1.35023000","timestamp":1621181091,"volume":"1.67156650","buyTxId":"MM-P-7013685-53944006-3-1-0","sellTxId":"40784889a9a781669449d7884be3472c2754a3af"}
{"index": {"_index":"pob","_id":"1060050"}}
	{"id":1060050,"type":"sell","buyer":"mamolya","seller":"curatorcat.leo","symbol":"POB","quantity":"0.60139799","price":"1.35999000","timestamp":1621183212,"volume":"0.81789525","buyTxId":"430a6ace2918a245665622c71301988f1fbdfc01","sellTxId":"f24b78e5236c726b5ce80ee06afec08334e844cf"}
{"index": {"_index":"pob","_id":"1060053"}}
	{"id":1060053,"type":"sell","buyer":"mamolya","seller":"kevinnag58","symbol":"POB","quantity":"78.53346201","price":"1.35999000","timestamp":1621183317,"volume":"106.80472300","buyTxId":"430a6ace2918a245665622c71301988f1fbdfc01","sellTxId":"f6d25d1691bc2873b908de743d9c84234b91f5ff"}
{"index": {"_index":"pob","_id":"1060054"}}
	{"id":1060054,"type":"sell","buyer":"ctime","seller":"kevinnag58","symbol":"POB","quantity":"25.91709492","price":"1.35046000","timestamp":1621183317,"volume":"35.00000001","buyTxId":"MM-P-7014364-53944735-3-23-0","sellTxId":"f6d25d1691bc2873b908de743d9c84234b91f5ff"}
{"index": {"_index":"pob","_id":"1060055"}}
	{"id":1060055,"type":"sell","buyer":"mmmmkkkk311","seller":"kevinnag58","symbol":"POB","quantity":"1.17711315","price":"1.35045000","timestamp":1621183317,"volume":"1.58963245","buyTxId":"MM-P-7014364-53944735-3-2-0","sellTxId":"f6d25d1691bc2873b908de743d9c84234b91f5ff"}
{"index": {"_index":"pob","_id":"1060056"}}
	{"id":1060056,"type":"sell","buyer":"freebornsociety","seller":"kevinnag58","symbol":"POB","quantity":"0.74581424","price":"1.35044000","timestamp":1621183317,"volume":"1.00717738","buyTxId":"MM-P-7014332-53944703-3-1-0","sellTxId":"f6d25d1691bc2873b908de743d9c84234b91f5ff"}
{"index": {"_index":"pob","_id":"1060090"}}
	{"id":1060090,"type":"buy","buyer":"cookaiss","seller":"masoom","symbol":"POB","quantity":"0.94194063","price":"1.35999000","timestamp":1621184058,"volume":"1.28102984","buyTxId":"66f0537c168f0a56dc8d84b8a9794a717885f848","sellTxId":"f556a4e5bc5f641dd06d1ef37eb5f47c1abc6334"}
{"index": {"_index":"pob","_id":"1060092"}}
	{"id":1060092,"type":"buy","buyer":"cookaiss","seller":"masoom","symbol":"POB","quantity":"0.48924407","price":"1.35999000","timestamp":1621184175,"volume":"0.66536704","buyTxId":"ddf3be8ab79fcf15e1129d8bb37ac6d80e99a506","sellTxId":"f556a4e5bc5f641dd06d1ef37eb5f47c1abc6334"}
{"index": {"_index":"pob","_id":"1060096"}}
	{"id":1060096,"type":"sell","buyer":"enm1","seller":"valor2s","symbol":"POB","quantity":"3.88283018","price":"1.35013000","timestamp":1621184505,"volume":"5.24232551","buyTxId":"f96a1b8c8ad0ad0be924545ba2300379b4010c31","sellTxId":"b02d2c65e743ceae2d9ca9226682a385edac24a5"}
{"index": {"_index":"pob","_id":"1060119"}}
	{"id":1060119,"type":"buy","buyer":"pandaparker","seller":"solovey6o2","symbol":"POB","quantity":"5.00000000","price":"1.78989991","timestamp":1621185240,"volume":"8.94949955","buyTxId":"3dd7ba0b816fa79eefe6e2beb4ecbb8ec8096e80","sellTxId":"93f07161582ef4b22a23d79b71161910440f10b5"}
{"index": {"_index":"pob","_id":"1060131"}}
	{"id":1060131,"type":"buy","buyer":"pandaparker","seller":"freebornsociety","symbol":"POB","quantity":"0.13888600","price":"1.78988991","timestamp":1621185348,"volume":"0.24859065","buyTxId":"0b594e1184f4a26d27e239a724fa0e4c8a4d26fa","sellTxId":"MM-P-7014979-53945403-3-1-1"}
{"index": {"_index":"pob","_id":"1060132"}}
	{"id":1060132,"type":"sell","buyer":"pandaparker","seller":"thelogicaldude","symbol":"POB","quantity":"0.57293817","price":"1.35600000","timestamp":1621185351,"volume":"0.77690416","buyTxId":"4655e90b9f3471cbd5ad9446c757f375539d5499","sellTxId":"6b3ee6f8a133e0cbfe530c322e7bb07a0179a20f"}
{"index": {"_index":"pob","_id":"1060133"}}
	{"id":1060133,"type":"sell","buyer":"solovey6o2","seller":"thelogicaldude","symbol":"POB","quantity":"7.71139746","price":"1.35500001","timestamp":1621185351,"volume":"10.44894364","buyTxId":"951fc8e7b2eab114fe5358761221da9ec6125f61","sellTxId":"6b3ee6f8a133e0cbfe530c322e7bb07a0179a20f"}
{"index": {"_index":"pob","_id":"1060134"}}
	{"id":1060134,"type":"sell","buyer":"anadolu","seller":"thelogicaldude","symbol":"POB","quantity":"2.07836462","price":"1.35500000","timestamp":1621185351,"volume":"2.81618406","buyTxId":"c1bd29b56c3ed2380c7071f2467c9d46187d1dbd","sellTxId":"6b3ee6f8a133e0cbfe530c322e7bb07a0179a20f"}
{"index": {"_index":"pob","_id":"1060144"}}
	{"id":1060144,"type":"sell","buyer":"pandaparker","seller":"khan.dayyanz","symbol":"POB","quantity":"11.88761489","price":"1.35650000","timestamp":1621185774,"volume":"16.12554960","buyTxId":"922c79ac1265f2610d31afe49bb33a997427936d","sellTxId":"f518f5930b860730e587f6e18a3504148efab7c8"}
{"index": {"_index":"pob","_id":"1060171"}}
	{"id":1060171,"type":"sell","buyer":"pandaparker","seller":"lordneroo","symbol":"POB","quantity":"0.07617322","price":"1.35650000","timestamp":1621186986,"volume":"0.10332897","buyTxId":"922c79ac1265f2610d31afe49bb33a997427936d","sellTxId":"a9247083d7bd884b19cfe4329068785d6560f043"}
{"index": {"_index":"pob","_id":"1060172"}}
	{"id":1060172,"type":"sell","buyer":"freebornsociety","seller":"lordneroo","symbol":"POB","quantity":"7.37419621","price":"1.35608000","timestamp":1621186986,"volume":"10.00000000","buyTxId":"MM-P-7015472-53945903-3-1-0","sellTxId":"a9247083d7bd884b19cfe4329068785d6560f043"}
{"index": {"_index":"pob","_id":"1060173"}}
	{"id":1060173,"type":"sell","buyer":"pandaparker","seller":"lordneroo","symbol":"POB","quantity":"9.52913444","price":"1.35600000","timestamp":1621186986,"volume":"12.92150630","buyTxId":"61849b2f7eb31fd79db60392f2048389f50ac092","sellTxId":"a9247083d7bd884b19cfe4329068785d6560f043"}
{"index": {"_index":"pob","_id":"1060174"}}
	{"id":1060174,"type":"sell","buyer":"anadolu","seller":"lordneroo","symbol":"POB","quantity":"37.38932057","price":"1.35500000","timestamp":1621186986,"volume":"50.66252937","buyTxId":"c1bd29b56c3ed2380c7071f2467c9d46187d1dbd","sellTxId":"a9247083d7bd884b19cfe4329068785d6560f043"}
{"index": {"_index":"pob","_id":"1060186"}}
	{"id":1060186,"type":"sell","buyer":"anadolu","seller":"profeyris7","symbol":"POB","quantity":"90.13934061","price":"1.35500000","timestamp":1621187670,"volume":"122.13880653","buyTxId":"c1bd29b56c3ed2380c7071f2467c9d46187d1dbd","sellTxId":"19c6258d111552579545d91d12d1bb8a499e1272"}
{"index": {"_index":"pob","_id":"1060189"}}
	{"id":1060189,"type":"sell","buyer":"anadolu","seller":"rob23","symbol":"POB","quantity":"2.15000000","price":"1.35500000","timestamp":1621187862,"volume":"2.91325000","buyTxId":"c1bd29b56c3ed2380c7071f2467c9d46187d1dbd","sellTxId":"134bcdb4e45f21ff3a4df407e51bebcb71bf1107"}
{"index": {"_index":"pob","_id":"1060213"}}
	{"id":1060213,"type":"sell","buyer":"mmmmkkkk311","seller":"thatcryptodave","symbol":"POB","quantity":"3.04512028","price":"1.35021000","timestamp":1621188381,"volume":"4.11155185","buyTxId":"MM-P-7015952-53946435-3-2-0","sellTxId":"4374d94c6a82990c98bd530d3d644b5265197886"}
{"index": {"_index":"pob","_id":"1060258"}}
	{"id":1060258,"type":"sell","buyer":"ctime","seller":"khazrakh","symbol":"POB","quantity":"4.37528893","price":"1.35026000","timestamp":1621189644,"volume":"5.90777763","buyTxId":"MM-P-7016339-53946835-3-23-0","sellTxId":"c55542d774f4408eaa6e7d5d0e8f729b1c0b13b1"}
{"index": {"_index":"pob","_id":"1060365"}}
	{"id":1060365,"type":"sell","buyer":"ctime","seller":"liaminit1","symbol":"POB","quantity":"1.34271495","price":"1.35052000","timestamp":1621192656,"volume":"1.81336339","buyTxId":"MM-P-7017222-53947832-3-23-0","sellTxId":"bf6b36a1574c37479e7dcb8311400dfce598d7b3"}
{"index": {"_index":"pob","_id":"1060369"}}
	{"id":1060369,"type":"sell","buyer":"ctime","seller":"acesontop","symbol":"POB","quantity":"25.91555970","price":"1.35054000","timestamp":1621192875,"volume":"35.00000000","buyTxId":"MM-P-7017313-53947932-3-23-0","sellTxId":"32f8832060c799cacedc4e22906260f1933253f7"}
{"index": {"_index":"pob","_id":"1060370"}}
	{"id":1060370,"type":"sell","buyer":"freebornsociety","seller":"acesontop","symbol":"POB","quantity":"7.40450046","price":"1.35053000","timestamp":1621192875,"volume":"10.00000001","buyTxId":"MM-P-7017284-53947900-3-1-0","sellTxId":"32f8832060c799cacedc4e22906260f1933253f7"}
{"index": {"_index":"pob","_id":"1060375"}}
	{"id":1060375,"type":"buy","buyer":"pandaparker","seller":"solovey6o2","symbol":"POB","quantity":"3.83921500","price":"1.35049999","timestamp":1621193088,"volume":"5.18485982","buyTxId":"c6830366470bcb14fd3e4defb6acafa95a53c167","sellTxId":"446a40694b396b188252169c199f8298df80b62e"}
{"index": {"_index":"pob","_id":"1060382"}}
	{"id":1060382,"type":"buy","buyer":"cookaiss","seller":"mmmmkkkk311","symbol":"POB","quantity":"10.00000000","price":"1.35048999","timestamp":1621193331,"volume":"13.50489990","buyTxId":"8faf6f90efd7a10cb99f4a8f054b18eb0f99d46c","sellTxId":"MM-P-7017406-53948032-3-2-1"}
{"index": {"_index":"pob","_id":"1060403"}}
	{"id":1060403,"type":"buy","buyer":"lalupita","seller":"mmmmkkkk311","symbol":"POB","quantity":"7.38620000","price":"1.35047998","timestamp":1621193595,"volume":"9.97491523","buyTxId":"c4f64b932cab1f237abf9d0cec868dd7860395bf","sellTxId":"MM-P-7017495-53948132-3-2-1"}
{"index": {"_index":"pob","_id":"1060429"}}
	{"id":1060429,"type":"buy","buyer":"ironshield","seller":"mmmmkkkk311","symbol":"POB","quantity":"6.17170635","price":"1.35044995","timestamp":1621194384,"volume":"8.33458053","buyTxId":"da7450c6577e614c122a7addaaad498f9038a716","sellTxId":"MM-P-7017765-53948432-3-2-1"}
{"index": {"_index":"pob","_id":"1060430"}}
	{"id":1060430,"type":"buy","buyer":"ironshield","seller":"solovey6o2","symbol":"POB","quantity":"5.22829365","price":"1.35045995","timestamp":1621194384,"volume":"7.06060118","buyTxId":"da7450c6577e614c122a7addaaad498f9038a716","sellTxId":"220aef99caf79fc51aff1fbe738b409211162779"}
{"index": {"_index":"pob","_id":"1060435"}}
	{"id":1060435,"type":"buy","buyer":"rentmoney","seller":"solovey6o2","symbol":"POB","quantity":"25.00000000","price":"1.35049999","timestamp":1621194642,"volume":"33.76249975","buyTxId":"f3b5b3ce32f2f9168b9162cdc6477dbf2cdbcc8e","sellTxId":"cfc271228a71885582fdb463631a3a5bd94de8b2"}
{"index": {"_index":"pob","_id":"1060438"}}
	{"id":1060438,"type":"sell","buyer":"eirik","seller":"cwow2","symbol":"POB","quantity":"0.46853035","price":"1.35000000","timestamp":1621194672,"volume":"0.63251597","buyTxId":"2c9bc6483867fc7af1c551ef73128eae78648664","sellTxId":"ffabc59628634962762fc60c44793ec0a16eb4a7"}
{"index": {"_index":"pob","_id":"1060445"}}
	{"id":1060445,"type":"buy","buyer":"onealfa.leo","seller":"cwow2","symbol":"POB","quantity":"0.35769803","price":"1.35000000","timestamp":1621194765,"volume":"0.48289234","buyTxId":"b75f15e2f2969255d55c995702ecd5746e1a37e9","sellTxId":"ffabc59628634962762fc60c44793ec0a16eb4a7"}
{"index": {"_index":"pob","_id":"1060446"}}
	{"id":1060446,"type":"buy","buyer":"onealfa.leo","seller":"solovey6o2","symbol":"POB","quantity":"70.23195393","price":"1.35049999","timestamp":1621194765,"volume":"94.84825308","buyTxId":"b75f15e2f2969255d55c995702ecd5746e1a37e9","sellTxId":"cfc271228a71885582fdb463631a3a5bd94de8b2"}
{"index": {"_index":"pob","_id":"1060447"}}
	{"id":1060447,"type":"buy","buyer":"onealfa.leo","seller":"acesontop","symbol":"POB","quantity":"4.93806336","price":"1.35050000","timestamp":1621194765,"volume":"6.66885458","buyTxId":"b75f15e2f2969255d55c995702ecd5746e1a37e9","sellTxId":"32f8832060c799cacedc4e22906260f1933253f7"}
{"index": {"_index":"pob","_id":"1060466"}}
	{"id":1060466,"type":"buy","buyer":"ironshield","seller":"acesontop","symbol":"POB","quantity":"0.20786265","price":"1.35050000","timestamp":1621195188,"volume":"0.28071851","buyTxId":"4a64a78fbdacbb2b188fd10b0b6e4df9641bec80","sellTxId":"32f8832060c799cacedc4e22906260f1933253f7"}
{"index": {"_index":"pob","_id":"1060467"}}
	{"id":1060467,"type":"buy","buyer":"ironshield","seller":"freebornsociety","symbol":"POB","quantity":"0.09213735","price":"1.59994996","timestamp":1621195188,"volume":"0.14741515","buyTxId":"4a64a78fbdacbb2b188fd10b0b6e4df9641bec80","sellTxId":"MM-P-7017284-53947900-3-1-1"}
{"index": {"_index":"pob","_id":"1060477"}}
	{"id":1060477,"type":"sell","buyer":"solovey6o2","seller":"zartisht","symbol":"POB","quantity":"9.33626768","price":"1.33006005","timestamp":1621195437,"volume":"12.41779666","buyTxId":"45d754e81eada54fa7fa238f6002e94d5050b414","sellTxId":"cfe284cbdb510f206acee8041acc381eba8b32fc"}
{"index": {"_index":"pob","_id":"1060503"}}
	{"id":1060503,"type":"sell","buyer":"freebornsociety","seller":"javiersebastian","symbol":"POB","quantity":"7.51760927","price":"1.33021013","timestamp":1621197006,"volume":"10.00000000","buyTxId":"MM-P-7018534-53949301-3-1-0","sellTxId":"da7579dd8af91b7f0430f77691c63e8d027e2414"}
{"index": {"_index":"pob","_id":"1060504"}}
	{"id":1060504,"type":"buy","buyer":"mmmmkkkk311","seller":"javiersebastian","symbol":"POB","quantity":"18.30816666","price":"1.33021013","timestamp":1621197051,"volume":"24.35370875","buyTxId":"MM-P-7018562-53949332-3-2-0","sellTxId":"da7579dd8af91b7f0430f77691c63e8d027e2414"}
{"index": {"_index":"pob","_id":"1060538"}}
	{"id":1060538,"type":"sell","buyer":"ctime","seller":"rob23","symbol":"POB","quantity":"5.29333340","price":"1.33027015","timestamp":1621197759,"volume":"7.04156342","buyTxId":"MM-P-7018740-53949532-3-23-0","sellTxId":"0aae4ee011e5b7c2fdf655d1cb79883282bcde5a"}
{"index": {"_index":"pob","_id":"1060592"}}
	{"id":1060592,"type":"sell","buyer":"ctime","seller":"toofasteddie","symbol":"POB","quantity":"1.50000000","price":"1.33033020","timestamp":1621198662,"volume":"1.99549530","buyTxId":"MM-P-7019005-53949832-3-23-0","sellTxId":"401eacec4347b6fdee4c74168bf253a906664ccb"}
{"index": {"_index":"pob","_id":"1060611"}}
	{"id":1060611,"type":"sell","buyer":"solovey6o2","seller":"hitmeasap","symbol":"POB","quantity":"2.04372994","price":"1.33037023","timestamp":1621199331,"volume":"2.71891747","buyTxId":"7e84b103415dbde5c418092e02183a0919471c55","sellTxId":"b4a6d3ec0a0123889a377ee0a8573f87a9fc0ba5"}
{"index": {"_index":"pob","_id":"1060637"}}
	{"id":1060637,"type":"sell","buyer":"solovey6o2","seller":"gubbatv","symbol":"POB","quantity":"3.27135386","price":"1.33043026","timestamp":1621200138,"volume":"4.35230817","buyTxId":"7dc586836c6d93cb34705b371924230e322912ac","sellTxId":"7687f874a96b516f40fc9a4b11d9df899227d120"}
{"index": {"_index":"pob","_id":"1060746"}}
	{"id":1060746,"type":"sell","buyer":"ctime","seller":"intrepidphotos","symbol":"POB","quantity":"2.66382844","price":"1.33064041","timestamp":1621203402,"volume":"3.54459777","buyTxId":"MM-P-7020477-53951431-3-23-0","sellTxId":"40ecd79b2ca51096bb51cb6e354cffb9b149254a"}
{"index": {"_index":"pob","_id":"1060750"}}
	{"id":1060750,"type":"sell","buyer":"freebornsociety","seller":"uwelang","symbol":"POB","quantity":"7.51512182","price":"1.33065042","timestamp":1621203573,"volume":"10.00000001","buyTxId":"MM-P-7020545-53951499-3-1-0","sellTxId":"452468cc75459436b3b95b8d9dd65f4203c0eef4"}
{"index": {"_index":"pob","_id":"1060751"}}
	{"id":1060751,"type":"sell","buyer":"solovey6o2","seller":"uwelang","symbol":"POB","quantity":"52.46487818","price":"1.33064042","timestamp":1621203573,"volume":"69.81188754","buyTxId":"fae6cafedf29b463023e6ee46ab5d8160cbe75da","sellTxId":"452468cc75459436b3b95b8d9dd65f4203c0eef4"}
{"index": {"_index":"pob","_id":"1060755"}}
	{"id":1060755,"type":"sell","buyer":"solovey6o2","seller":"hranhuk","symbol":"POB","quantity":"28.86314288","price":"1.33065043","timestamp":1621203843,"volume":"38.40675348","buyTxId":"414c93b8caefffe16c6e314e6c3f605b47d5b627","sellTxId":"96e318150f550095f6fb5f8747f492755492f519"}
{"index": {"_index":"pob","_id":"1060756"}}
	{"id":1060756,"type":"sell","buyer":"solovey6o2","seller":"hranhuk","symbol":"POB","quantity":"4.31101974","price":"1.33065043","timestamp":1621203843,"volume":"5.73646027","buyTxId":"2d3b1447636401cf6b8cf013278e692a8eaeceb4","sellTxId":"96e318150f550095f6fb5f8747f492755492f519"}
{"index": {"_index":"pob","_id":"1060757"}}
	{"id":1060757,"type":"sell","buyer":"ctime","seller":"hranhuk","symbol":"POB","quantity":"23.63911795","price":"1.33065042","timestamp":1621203843,"volume":"31.45540223","buyTxId":"MM-P-7020577-53951531-3-23-0","sellTxId":"96e318150f550095f6fb5f8747f492755492f519"}
{"index": {"_index":"pob","_id":"1060758"}}
	{"id":1060758,"type":"sell","buyer":"onealfa.leo","seller":"hranhuk","symbol":"POB","quantity":"35.18671943","price":"1.32328400","timestamp":1621203843,"volume":"46.56202283","buyTxId":"617d9f77e9cfa594bcfae0c2c495d9f9b0cce1f2","sellTxId":"96e318150f550095f6fb5f8747f492755492f519"}
{"index": {"_index":"pob","_id":"1060771"}}
	{"id":1060771,"type":"sell","buyer":"onealfa.leo","seller":"jlordc","symbol":"POB","quantity":"2.97893652","price":"1.32328400","timestamp":1621204977,"volume":"3.94197903","buyTxId":"617d9f77e9cfa594bcfae0c2c495d9f9b0cce1f2","sellTxId":"b6dbec5ffc950196144d7a3779f783b0369934cb"}
{"index": {"_index":"pob","_id":"1060775"}}
	{"id":1060775,"type":"buy","buyer":"ezrider","seller":"mmmmkkkk311","symbol":"POB","quantity":"15.00000000","price":"1.49983994","timestamp":1621205217,"volume":"22.49759910","buyTxId":"4823e5e4373729cf60555ea5b3928c01fe933214","sellTxId":"MM-P-7021028-53952031-3-2-0"}
{"index": {"_index":"pob","_id":"1060776"}}
	{"id":1060776,"type":"buy","buyer":"ezrider","seller":"ironshield","symbol":"POB","quantity":"21.70000000","price":"1.49990000","timestamp":1621205217,"volume":"32.54783000","buyTxId":"4823e5e4373729cf60555ea5b3928c01fe933214","sellTxId":"ebc1480f2156215e0fa8cacc3c1dca1b5215cba2"}
{"index": {"_index":"pob","_id":"1060777"}}
	{"id":1060777,"type":"buy","buyer":"ezrider","seller":"freebornsociety","symbol":"POB","quantity":"5.00000000","price":"1.59984996","timestamp":1621205217,"volume":"7.99924980","buyTxId":"4823e5e4373729cf60555ea5b3928c01fe933214","sellTxId":"MM-P-7019864-53950799-3-1-1"}
{"index": {"_index":"pob","_id":"1060778"}}
	{"id":1060778,"type":"buy","buyer":"ezrider","seller":"coininstant","symbol":"POB","quantity":"4.28689674","price":"1.59990000","timestamp":1621205217,"volume":"6.85860609","buyTxId":"4823e5e4373729cf60555ea5b3928c01fe933214","sellTxId":"1f7c78826bdef846589d27372809d88d92b67c6a"}
{"index": {"_index":"pob","_id":"1060779"}}
	{"id":1060779,"type":"buy","buyer":"ezrider","seller":"kdtkaren","symbol":"POB","quantity":"0.25793115","price":"1.59991000","timestamp":1621205217,"volume":"0.41266663","buyTxId":"4823e5e4373729cf60555ea5b3928c01fe933214","sellTxId":"52a5cea8b520a917c8d4e2ce9806c3873c3018b3"}
{"index": {"_index":"pob","_id":"1060780"}}
	{"id":1060780,"type":"buy","buyer":"ezrider","seller":"honusurf","symbol":"POB","quantity":"0.51936060","price":"1.59992000","timestamp":1621205217,"volume":"0.83093541","buyTxId":"4823e5e4373729cf60555ea5b3928c01fe933214","sellTxId":"f05f25bfa33983a2f70ac34cf5245d96a0e017a5"}
{"index": {"_index":"pob","_id":"1060781"}}
	{"id":1060781,"type":"buy","buyer":"ezrider","seller":"felipejoys","symbol":"POB","quantity":"7.00000000","price":"1.60000000","timestamp":1621205217,"volume":"11.20000000","buyTxId":"4823e5e4373729cf60555ea5b3928c01fe933214","sellTxId":"336f1c32f3ae3b0c66822f9fd88d4dbec4571a6a"}
{"index": {"_index":"pob","_id":"1060783"}}
	{"id":1060783,"type":"sell","buyer":"ezrider","seller":"solovey6o2","symbol":"POB","quantity":"100.29039228","price":"1.60000000","timestamp":1621205229,"volume":"160.46462765","buyTxId":"4823e5e4373729cf60555ea5b3928c01fe933214","sellTxId":"c1a5fa4c50785dcab74607fb54ce12c351126f13"}
{"index": {"_index":"pob","_id":"1060784"}}
	{"id":1060784,"type":"sell","buyer":"solovey6o2","seller":"meesterbrain","symbol":"POB","quantity":"4.43611030","price":"1.60000001","timestamp":1621205310,"volume":"7.09777652","buyTxId":"575309223b3421950445ee8c4d46afdaa3b5bca5","sellTxId":"b6d11f7853e0ac39c010025181bcaf70f594fb1b"}
{"index": {"_index":"pob","_id":"1060824"}}
	{"id":1060824,"type":"buy","buyer":"scholaris.leo","seller":"solovey6o2","symbol":"POB","quantity":"4.43611031","price":"1.69999999","timestamp":1621205913,"volume":"7.54138748","buyTxId":"7aa86f2ada4d42db86e33ce0920a23347a39b366","sellTxId":"cc10fde2d1e8fbedfc2caba1aec544df3a4f3749"}
{"index": {"_index":"pob","_id":"1060825"}}
	{"id":1060825,"type":"buy","buyer":"scholaris.leo","seller":"enm1","symbol":"POB","quantity":"29.83675671","price":"1.70000000","timestamp":1621205913,"volume":"50.72248641","buyTxId":"7aa86f2ada4d42db86e33ce0920a23347a39b366","sellTxId":"5966520fce4399866ec26b250358aeb5b30d1720"}
{"index": {"_index":"pob","_id":"1060826"}}
	{"id":1060826,"type":"buy","buyer":"scholaris.leo","seller":"freebornsociety","symbol":"POB","quantity":"5.00000000","price":"1.73998000","timestamp":1621205913,"volume":"8.69990000","buyTxId":"7aa86f2ada4d42db86e33ce0920a23347a39b366","sellTxId":"MM-P-7021176-53952199-3-1-1"}
{"index": {"_index":"pob","_id":"1060827"}}
	{"id":1060827,"type":"buy","buyer":"scholaris.leo","seller":"skylinebuds","symbol":"POB","quantity":"18.00000000","price":"1.74000000","timestamp":1621205913,"volume":"31.32000000","buyTxId":"7aa86f2ada4d42db86e33ce0920a23347a39b366","sellTxId":"1f341e5b8f11bb6dc9090cee7b485fd467f56076"}
{"index": {"_index":"pob","_id":"1060828"}}
	{"id":1060828,"type":"buy","buyer":"scholaris.leo","seller":"mmmmkkkk311","symbol":"POB","quantity":"3.30816666","price":"1.74798000","timestamp":1621205913,"volume":"5.78260916","buyTxId":"7aa86f2ada4d42db86e33ce0920a23347a39b366","sellTxId":"MM-P-7021208-53952231-3-2-1"}
{"index": {"_index":"pob","_id":"1060829"}}
	{"id":1060829,"type":"buy","buyer":"scholaris.leo","seller":"skylinebuds","symbol":"POB","quantity":"14.00000000","price":"1.74800000","timestamp":1621205913,"volume":"24.47200000","buyTxId":"7aa86f2ada4d42db86e33ce0920a23347a39b366","sellTxId":"f9f4ee7a2b014bd028b94d84b0cc2ef9d0cd1ea4"}
{"index": {"_index":"pob","_id":"1060830"}}
	{"id":1060830,"type":"buy","buyer":"scholaris.leo","seller":"rentmoney","symbol":"POB","quantity":"25.50000000","price":"1.74900000","timestamp":1621205913,"volume":"44.59950000","buyTxId":"7aa86f2ada4d42db86e33ce0920a23347a39b366","sellTxId":"a882d2994e17c804931608365f8c61018f083f0a"}
{"index": {"_index":"pob","_id":"1060831"}}
	{"id":1060831,"type":"buy","buyer":"scholaris.leo","seller":"yintercept","symbol":"POB","quantity":"0.56647968","price":"1.75000000","timestamp":1621205913,"volume":"0.99133944","buyTxId":"7aa86f2ada4d42db86e33ce0920a23347a39b366","sellTxId":"c9f36bfe355be9215968fd242172f43357fdd82b"}
{"index": {"_index":"pob","_id":"1060832"}}
	{"id":1060832,"type":"buy","buyer":"scholaris.leo","seller":"faireye","symbol":"POB","quantity":"86.68685782","price":"1.75000000","timestamp":1621205913,"volume":"151.70200120","buyTxId":"7aa86f2ada4d42db86e33ce0920a23347a39b366","sellTxId":"b24fd83156a54f1e8713838d5c069b3c9300c534"}
{"index": {"_index":"pob","_id":"1060835"}}
	{"id":1060835,"type":"sell","buyer":"ctime","seller":"arenacrypto","symbol":"POB","quantity":"1.71122540","price":"1.60008004","timestamp":1621206090,"volume":"2.73809761","buyTxId":"MM-P-7021297-53952331-3-23-0","sellTxId":"e0b74c3972a134dcc2e4b24e7eccfa2da1c51b73"}
{"index": {"_index":"pob","_id":"1060910"}}
	{"id":1060910,"type":"sell","buyer":"freebornsociety","seller":"therealflaws","symbol":"POB","quantity":"6.24878875","price":"1.60031014","timestamp":1621207518,"volume":"10.00000000","buyTxId":"MM-P-7021758-53952799-3-1-0","sellTxId":"7fe15584d3bdd3d7e9d0113b1b5f672d9eb0d6ea"}
{"index": {"_index":"pob","_id":"1060911"}}
	{"id":1060911,"type":"buy","buyer":"solovey6o2","seller":"therealflaws","symbol":"POB","quantity":"2.80584510","price":"1.60031000","timestamp":1621207551,"volume":"4.49022197","buyTxId":"64b3a4e3ec3fd89b0dc1cfca7ee7153cc037375a","sellTxId":"7fe15584d3bdd3d7e9d0113b1b5f672d9eb0d6ea"}
{"index": {"_index":"pob","_id":"1060925"}}
	{"id":1060925,"type":"sell","buyer":"freebornsociety","seller":"charcoalbuffet","symbol":"POB","quantity":"3.35084428","price":"1.60038018","timestamp":1621208379,"volume":"5.36262477","buyTxId":"MM-P-7022052-53953099-3-1-0","sellTxId":"5e01bdd7d5a99b74ad0d1f00560b33bd99878af3"}
{"index": {"_index":"pob","_id":"1060942"}}
	{"id":1060942,"type":"sell","buyer":"freebornsociety","seller":"brofi-market","symbol":"POB","quantity":"6.24835902","price":"1.60042020","timestamp":1621208991,"volume":"9.99999999","buyTxId":"MM-P-7022247-53953297-3-1-0","sellTxId":"80b53577189ce46b7155a1a6ff711769562cc127"}
{"index": {"_index":"pob","_id":"1060943"}}
	{"id":1060943,"type":"sell","buyer":"solovey6o2","seller":"dajohns1420","symbol":"POB","quantity":"2.00000000","price":"1.60041021","timestamp":1621208997,"volume":"3.20082042","buyTxId":"8df74a9007a0fa6b70b54f3e4c93c5c2a3146502","sellTxId":"fbb33678b3572a46aac73c73dbdacfab3912c825"}
{"index": {"_index":"pob","_id":"1060955"}}
	{"id":1060955,"type":"buy","buyer":"frot","seller":"brofi-market","symbol":"POB","quantity":"6.62234735","price":"1.60042020","timestamp":1621209078,"volume":"10.59853847","buyTxId":"f39abddb4795928213f6d13169f456dc07477269","sellTxId":"80b53577189ce46b7155a1a6ff711769562cc127"}
{"index": {"_index":"pob","_id":"1060974"}}
	{"id":1060974,"type":"sell","buyer":"solovey6o2","seller":"dhedge-drips","symbol":"POB","quantity":"1.37900424","price":"1.60050001","timestamp":1621209237,"volume":"2.20709630","buyTxId":"adcba200dd73f1486e901c83a8a91059b8a978aa","sellTxId":"b49c979101fe19caf46c96a756844a6a84fe4d94"}
{"index": {"_index":"pob","_id":"1061040"}}
	{"id":1061040,"type":"sell","buyer":"solovey6o2","seller":"cabinet24","symbol":"POB","quantity":"3.52566519","price":"1.60069009","timestamp":1621210344,"volume":"5.64349733","buyTxId":"5e550f594e99ddf371c15cc537d83eb94807f298","sellTxId":"9652a9c6f8f5d2a148f1f178f47fa2c72be2b2bb"}
{"index": {"_index":"pob","_id":"1061045"}}
	{"id":1061045,"type":"sell","buyer":"mmmmkkkk311","seller":"finguru","symbol":"POB","quantity":"20.00000000","price":"1.60071009","timestamp":1621210599,"volume":"32.01420180","buyTxId":"MM-P-7022754-53953827-3-2-0","sellTxId":"9abbb0aa8dfa39b7395090c8458675128778d604"}
{"index": {"_index":"pob","_id":"1061063"}}
	{"id":1061063,"type":"sell","buyer":"solovey6o2","seller":"tlundy47","symbol":"POB","quantity":"0.00015346","price":"1.60072012","timestamp":1621211292,"volume":"0.00024565","buyTxId":"9f522fb1c8286b9be54112d85ee7894b72c192ad","sellTxId":"9a0871c8f53d2b8328799b77eca6c6569864a195"}
{"index": {"_index":"pob","_id":"1061070"}}
	{"id":1061070,"type":"sell","buyer":"solovey6o2","seller":"linkxdx","symbol":"POB","quantity":"8.72435169","price":"1.60073013","timestamp":1621211439,"volume":"13.96533261","buyTxId":"f3f0bc784cb84c61b09fe60223687f67e8e35edd","sellTxId":"abe816ab2903d7ea9a9e9e43022963c2acde57fb"}
{"index": {"_index":"pob","_id":"1061076"}}
	{"id":1061076,"type":"sell","buyer":"solovey6o2","seller":"ftfund","symbol":"POB","quantity":"3.08217252","price":"1.60074014","timestamp":1621211829,"volume":"4.93375727","buyTxId":"7211af8d7540499888a9f4103425de4b771b2f90","sellTxId":"427c02714b577c30aee1ca09f9f0895e8d54e931"}
{"index": {"_index":"pob","_id":"1061122"}}
	{"id":1061122,"type":"sell","buyer":"ctime","seller":"bitcoinflood","symbol":"POB","quantity":"21.86000000","price":"1.60106023","timestamp":1621214193,"volume":"34.99917663","buyTxId":"MM-P-7023898-53955025-3-23-0","sellTxId":"4450044949d90b8301d3c148e7b92e630fc76b0f"}
{"index": {"_index":"pob","_id":"1061123"}}
	{"id":1061123,"type":"sell","buyer":"ctime","seller":"melbourneswest","symbol":"POB","quantity":"0.00051427","price":"1.60106023","timestamp":1621214196,"volume":"0.00082338","buyTxId":"MM-P-7023898-53955025-3-23-0","sellTxId":"73e5ded427c9b470bfe868c26707eadd87ca78aa"}
{"index": {"_index":"pob","_id":"1061124"}}
	{"id":1061124,"type":"sell","buyer":"solovey6o2","seller":"melbourneswest","symbol":"POB","quantity":"2.99948573","price":"1.60105024","timestamp":1621214196,"volume":"4.80232735","buyTxId":"0749b4131ac9259d9997cbeb12911986d5539577","sellTxId":"73e5ded427c9b470bfe868c26707eadd87ca78aa"}
{"index": {"_index":"pob","_id":"1061184"}}
	{"id":1061184,"type":"sell","buyer":"solovey6o2","seller":"andy4475","symbol":"POB","quantity":"5.03788636","price":"1.60108027","timestamp":1621215198,"volume":"8.06606045","buyTxId":"d63dda885336a3aff1740961c55ffd999cfd3170","sellTxId":"5cd49f1ac846402a240dd6390290cb956208d7d4"}
{"index": {"_index":"pob","_id":"1061231"}}
	{"id":1061231,"type":"sell","buyer":"richardcrill","seller":"clicmaster","symbol":"POB","quantity":"11.13083935","price":"1.60138036","timestamp":1621217256,"volume":"17.82470753","buyTxId":"MM-P-7024872-53956048-3-10-0","sellTxId":"90883b587b45a229f864a01ded213e5f2827be1c"}
{"index": {"_index":"pob","_id":"1061232"}}
	{"id":1061232,"type":"sell","buyer":"solovey6o2","seller":"clicmaster","symbol":"POB","quantity":"16.11246441","price":"1.60128036","timestamp":1621217256,"volume":"25.80057281","buyTxId":"625f3912fcf983f44b1a3e071e207a12fe5846f3","sellTxId":"90883b587b45a229f864a01ded213e5f2827be1c"}
{"index": {"_index":"pob","_id":"1061240"}}
	{"id":1061240,"type":"sell","buyer":"solovey6o2","seller":"dkid14","symbol":"POB","quantity":"7.70068657","price":"1.60130038","timestamp":1621217580,"volume":"12.33111233","buyTxId":"c1d2fcdd2f0749958cad31731d8a7fb89e013657","sellTxId":"80bc526657e6ce32cfd2431250453e693c8fc524"}
{"index": {"_index":"pob","_id":"1061269"}}
	{"id":1061269,"type":"sell","buyer":"ctime","seller":"chireerocks","symbol":"POB","quantity":"0.56925225","price":"1.60140044","timestamp":1621219071,"volume":"0.91160080","buyTxId":"MM-P-7025424-53956623-3-23-0","sellTxId":"83203ea6af6b4b0d272438e9e054aaa89c62e4ac"}
{"index": {"_index":"pob","_id":"1061280"}}
	{"id":1061280,"type":"sell","buyer":"freebornsociety","seller":"quinnertronics","symbol":"POB","quantity":"3.50000000","price":"1.60141045","timestamp":1621219179,"volume":"5.60493658","buyTxId":"MM-P-7025491-53956691-3-1-0","sellTxId":"7f715b33daebcc977ae7ed9e19e769805a967553"}
