{"index": {"_index":"pob","_id":"2601581"}}
	{"id":2601581,"type":"sell","buyer":"richardcrill","seller":"decentropia","symbol":"POB","quantity":"0.10710002","price":"0.04180000","timestamp":1642739601,"volume":"0.00447678","buyTxId":"MM-P-14124650-61111848-3-11-0","sellTxId":"4c0b4c2aab7b3145185758285744828ebb53cb58"}
{"index": {"_index":"pob","_id":"2601991"}}
	{"id":2601991,"type":"sell","buyer":"vagabondspirit","seller":"phusionphil","symbol":"POB","quantity":"50.00000000","price":"0.04200000","timestamp":1642745781,"volume":"2.10000000","buyTxId":"17de1482b237569bcd0088625516561ba0f8b51b","sellTxId":"34d3ad8cf930fb01b97e091de02e2dbee78c26f4"}
{"index": {"_index":"pob","_id":"2601992"}}
	{"id":2601992,"type":"sell","buyer":"gimmetricks1","seller":"phusionphil","symbol":"POB","quantity":"58.18074002","price":"0.04181000","timestamp":1642745781,"volume":"2.43253674","buyTxId":"25f2b2c12f2781a112f9aa213bf15df66afe7e74","sellTxId":"34d3ad8cf930fb01b97e091de02e2dbee78c26f4"}
{"index": {"_index":"pob","_id":"2602224"}}
	{"id":2602224,"type":"sell","buyer":"richardcrill","seller":"globetrottergcc","symbol":"POB","quantity":"3.52068733","price":"0.04191000","timestamp":1642748511,"volume":"0.14755201","buyTxId":"MM-P-14127043-61114241-3-11-0","sellTxId":"bc4b13704043ce871717a95990512e2089489b15"}
{"index": {"_index":"pob","_id":"2602231"}}
	{"id":2602231,"type":"sell","buyer":"vagabondspirit","seller":"iyiade","symbol":"POB","quantity":"2.90000000","price":"0.04200000","timestamp":1642748574,"volume":"0.12180000","buyTxId":"c15a872c7171d69ac9a1cec55cb23d97db7605eb","sellTxId":"4c32dc5b94412d3a284624ae4adfe010cf6397fe"}
{"index": {"_index":"pob","_id":"2602232"}}
	{"id":2602232,"type":"sell","buyer":"richardcrill","seller":"iyiade","symbol":"POB","quantity":"111.70000000","price":"0.04191000","timestamp":1642748574,"volume":"4.68134700","buyTxId":"MM-P-14127043-61114241-3-11-0","sellTxId":"4c32dc5b94412d3a284624ae4adfe010cf6397fe"}
{"index": {"_index":"pob","_id":"2602252"}}
	{"id":2602252,"type":"sell","buyer":"richardcrill","seller":"knowledge23.pob","symbol":"POB","quantity":"9.66000000","price":"0.04191000","timestamp":1642748856,"volume":"0.40485060","buyTxId":"MM-P-14127043-61114241-3-11-0","sellTxId":"859c909fba963215c15914a494144b1016491eec"}
{"index": {"_index":"pob","_id":"2602266"}}
	{"id":2602266,"type":"sell","buyer":"richardcrill","seller":"insight.pob","symbol":"POB","quantity":"84.00000000","price":"0.04191000","timestamp":1642748997,"volume":"3.52044000","buyTxId":"MM-P-14127043-61114241-3-11-0","sellTxId":"ef9f4eb2dd5afb8acc5b1a33fdc3b24df7cd6977"}
{"index": {"_index":"pob","_id":"2602410"}}
	{"id":2602410,"type":"sell","buyer":"richardcrill","seller":"besheda","symbol":"POB","quantity":"0.77424009","price":"0.04191000","timestamp":1642751085,"volume":"0.03244840","buyTxId":"MM-P-14127043-61114241-3-11-0","sellTxId":"61a71daa1155ef21d1401ab74f707fe047b6c636"}
{"index": {"_index":"pob","_id":"2602580"}}
	{"id":2602580,"type":"sell","buyer":"richardcrill","seller":"brofi-market","symbol":"POB","quantity":"3.64213095","price":"0.04191000","timestamp":1642752903,"volume":"0.15264171","buyTxId":"MM-P-14127043-61114241-3-11-0","sellTxId":"d49d7329a27d9762132fdafc30a3f33d8e0c739a"}
{"index": {"_index":"pob","_id":"2602691"}}
	{"id":2602691,"type":"sell","buyer":"richardcrill","seller":"hive-143869","symbol":"POB","quantity":"0.11600000","price":"0.04191000","timestamp":1642754166,"volume":"0.00486156","buyTxId":"MM-P-14127043-61114241-3-11-0","sellTxId":"f9fb7d2739fa7bdb12292beb6f6a232e8c506e4f"}
{"index": {"_index":"pob","_id":"2602805"}}
	{"id":2602805,"type":"sell","buyer":"richardcrill","seller":"penderis","symbol":"POB","quantity":"30.30450000","price":"0.04191000","timestamp":1642755351,"volume":"1.27006160","buyTxId":"MM-P-14127043-61114241-3-11-0","sellTxId":"105a8bf1dff9a7949ef387f7f921b3c4fe4c2f16"}
{"index": {"_index":"pob","_id":"2602888"}}
	{"id":2602888,"type":"sell","buyer":"richardcrill","seller":"specialfeelings","symbol":"POB","quantity":"0.38001777","price":"0.04191000","timestamp":1642756035,"volume":"0.01592654","buyTxId":"MM-P-14127043-61114241-3-11-0","sellTxId":"eb2e13f90a28b47d01eac70a5ffad3173765887b"}
{"index": {"_index":"pob","_id":"2602927"}}
	{"id":2602927,"type":"sell","buyer":"richardcrill","seller":"dswap","symbol":"POB","quantity":"1.78","price":"0.04191000","timestamp":1642756611,"volume":"0.07459980","buyTxId":"MM-P-14127043-61114241-3-11-0","sellTxId":"bc1bb829bb1c0265cc6c5c9073c9cf5c14a1bfd1"}
{"index": {"_index":"pob","_id":"2603036"}}
	{"id":2603036,"type":"sell","buyer":"interpretation","seller":"shebe","symbol":"POB","quantity":"6.87927115","price":"0.04210000","timestamp":1642758315,"volume":"0.28961732","buyTxId":"723c55a1c32072e75fe95ec1384640face57755e","sellTxId":"2d64a8fdc9940c302f92fd6296187cf2329af294"}
{"index": {"_index":"pob","_id":"2603039"}}
	{"id":2603039,"type":"sell","buyer":"interpretation","seller":"nonsowrites","symbol":"POB","quantity":"301.58034414","price":"0.04210000","timestamp":1642758336,"volume":"12.69653249","buyTxId":"723c55a1c32072e75fe95ec1384640face57755e","sellTxId":"6b054466ae399fd1578e440061dfb86d75521d2b"}
{"index": {"_index":"pob","_id":"2603048"}}
	{"id":2603048,"type":"buy","buyer":"interpretation","seller":"take-my-coinz","symbol":"POB","quantity":"25.00000000","price":"0.04999995","timestamp":1642758402,"volume":"1.24999875","buyTxId":"3e837aaa29371bf439e073af6dc53aac0a75866b","sellTxId":"fe13a66e3646fc61623f25a241648e5ebbc3916a"}
{"index": {"_index":"pob","_id":"2603052"}}
	{"id":2603052,"type":"buy","buyer":"interpretation","seller":"take-my-coinz","symbol":"POB","quantity":"25.00000000","price":"0.04999995","timestamp":1642758447,"volume":"1.24999875","buyTxId":"f270f5b6a700ba22e5056a94bf04a30c57446c72","sellTxId":"f8398347c1cbfb47a33a433ca5361df3d112be11"}
{"index": {"_index":"pob","_id":"2603054"}}
	{"id":2603054,"type":"sell","buyer":"interpretation","seller":"shebe","symbol":"POB","quantity":"0.72026033","price":"0.04210000","timestamp":1642758465,"volume":"0.03032296","buyTxId":"723c55a1c32072e75fe95ec1384640face57755e","sellTxId":"47c671f455ab7fdba463d176a9a4626799d3febc"}
{"index": {"_index":"pob","_id":"2603055"}}
	{"id":2603055,"type":"sell","buyer":"interpretation","seller":"jacoalberts","symbol":"POB","quantity":"62.00000000","price":"0.04210000","timestamp":1642758486,"volume":"2.61020000","buyTxId":"723c55a1c32072e75fe95ec1384640face57755e","sellTxId":"fcac0c86586dcb1e9941e809c4d20238f6c8700a"}
{"index": {"_index":"pob","_id":"2603131"}}
	{"id":2603131,"type":"sell","buyer":"interpretation","seller":"florenceboens","symbol":"POB","quantity":"0.16499908","price":"0.04210000","timestamp":1642759416,"volume":"0.00694646","buyTxId":"723c55a1c32072e75fe95ec1384640face57755e","sellTxId":"153324dec6d58ac6a60a95c49561ed6f7aa3650a"}
{"index": {"_index":"pob","_id":"2603185"}}
	{"id":2603185,"type":"sell","buyer":"interpretation","seller":"gillianpearce","symbol":"POB","quantity":"25.00000000","price":"0.04210000","timestamp":1642759980,"volume":"1.05250000","buyTxId":"723c55a1c32072e75fe95ec1384640face57755e","sellTxId":"9b292742366b87b4537f9405f85443cf862ecab1"}
{"index": {"_index":"pob","_id":"2603189"}}
	{"id":2603189,"type":"sell","buyer":"interpretation","seller":"dotwin1981","symbol":"POB","quantity":"0.03614100","price":"0.04210000","timestamp":1642760016,"volume":"0.00152154","buyTxId":"723c55a1c32072e75fe95ec1384640face57755e","sellTxId":"5b3f3aace8c984d4e551e3a35bf461c10e11c6c6"}
{"index": {"_index":"pob","_id":"2603297"}}
	{"id":2603297,"type":"sell","buyer":"interpretation","seller":"vanillavow","symbol":"POB","quantity":"14.1609654","price":"0.04210000","timestamp":1642762104,"volume":"0.59617664","buyTxId":"723c55a1c32072e75fe95ec1384640face57755e","sellTxId":"9831660724f08f315267150a7a38490cd96a598c"}
{"index": {"_index":"pob","_id":"2603386"}}
	{"id":2603386,"type":"sell","buyer":"interpretation","seller":"thatcryptodave","symbol":"POB","quantity":"3.46063689","price":"0.04210000","timestamp":1642763598,"volume":"0.14569281","buyTxId":"723c55a1c32072e75fe95ec1384640face57755e","sellTxId":"33021ba05a4beafada55bc2833d5c177d6415563"}
{"index": {"_index":"pob","_id":"2603457"}}
	{"id":2603457,"type":"sell","buyer":"interpretation","seller":"pobtrader","symbol":"POB","quantity":"15.29000000","price":"0.04210000","timestamp":1642764570,"volume":"0.64370900","buyTxId":"723c55a1c32072e75fe95ec1384640face57755e","sellTxId":"93bd893b021fb29c895c22872f10db45e54c45be"}
{"index": {"_index":"pob","_id":"2603528"}}
	{"id":2603528,"type":"sell","buyer":"richardcrill","seller":"fiberfrau","symbol":"POB","quantity":"0.13798581","price":"0.04200000","timestamp":1642765203,"volume":"0.00579540","buyTxId":"MM-P-14130833-61118034-3-11-0","sellTxId":"9e1084dbc015515babc732d128124607eb87a3ec"}
{"index": {"_index":"pob","_id":"2603642"}}
	{"id":2603642,"type":"sell","buyer":"richardcrill","seller":"steem82868","symbol":"POB","quantity":"0.21665177","price":"0.04200000","timestamp":1642766316,"volume":"0.00909937","buyTxId":"MM-P-14130833-61118034-3-11-0","sellTxId":"9e2e8c6f971e6283ad05878dcebc0bf4a38d29dc"}
{"index": {"_index":"pob","_id":"2603699"}}
	{"id":2603699,"type":"sell","buyer":"richardcrill","seller":"elricmoonslayer","symbol":"POB","quantity":"2.65455706","price":"0.04200000","timestamp":1642766916,"volume":"0.11149140","buyTxId":"MM-P-14130833-61118034-3-11-0","sellTxId":"08460dfb2554d027fc7e4bceaa4e8081aa9a786e"}
{"index": {"_index":"pob","_id":"2603874"}}
	{"id":2603874,"type":"sell","buyer":"richardcrill","seller":"chireerocks","symbol":"POB","quantity":"5.80888634","price":"0.04200000","timestamp":1642769043,"volume":"0.24397323","buyTxId":"MM-P-14130833-61118034-3-11-0","sellTxId":"6dd7cea0a2da87c4a9671a0ed579975f03ee8105"}
{"index": {"_index":"pob","_id":"2603897"}}
	{"id":2603897,"type":"sell","buyer":"richardcrill","seller":"dhedge-drips","symbol":"POB","quantity":"0.39022831","price":"0.04200000","timestamp":1642769208,"volume":"0.01638959","buyTxId":"MM-P-14130833-61118034-3-11-0","sellTxId":"a72c5d1b897e257d3d60a25d267a028334bc235d"}
{"index": {"_index":"pob","_id":"2604090"}}
	{"id":2604090,"type":"sell","buyer":"richardcrill","seller":"fullcoverbetting","symbol":"POB","quantity":"1.00002071","price":"0.04200000","timestamp":1642771692,"volume":"0.04200087","buyTxId":"MM-P-14130833-61118034-3-11-0","sellTxId":"8795782afa4823fad742ddb6f61e4d540a79b09d"}
{"index": {"_index":"pob","_id":"2604154"}}
	{"id":2604154,"type":"sell","buyer":"richardcrill","seller":"belkisa758","symbol":"POB","quantity":"18.54978467","price":"0.04200000","timestamp":1642772286,"volume":"0.77909096","buyTxId":"MM-P-14130833-61118034-3-11-0","sellTxId":"a638c8b1b5d7c9a1ad83d64f63651d03c9fa1a7d"}
{"index": {"_index":"pob","_id":"2604161"}}
	{"id":2604161,"type":"sell","buyer":"richardcrill","seller":"savagetobi","symbol":"POB","quantity":"2.89197156","price":"0.04200000","timestamp":1642772352,"volume":"0.12146281","buyTxId":"MM-P-14130833-61118034-3-11-0","sellTxId":"2f228838233696c74dd4c03d2d7b76542cc242c9"}
{"index": {"_index":"pob","_id":"2604216"}}
	{"id":2604216,"type":"sell","buyer":"richardcrill","seller":"bitcoinflood","symbol":"POB","quantity":"18.91204782","price":"0.04200000","timestamp":1642773201,"volume":"0.79430601","buyTxId":"MM-P-14130833-61118034-3-11-0","sellTxId":"6d9a0756e1eda88bcd62d383e5c93eb3bc451407"}
{"index": {"_index":"pob","_id":"2604400"}}
	{"id":2604400,"type":"sell","buyer":"muratkbesiroglu","seller":"cursephantom","symbol":"POB","quantity":"0.05533411","price":"0.04300000","timestamp":1642775673,"volume":"0.00237937","buyTxId":"d9b6f8217d9ab60a5df5a540ef409ae982cc980d","sellTxId":"2e9e422e946297a7f89c284bf7b9fbbd504dc3ca"}
{"index": {"_index":"pob","_id":"2604430"}}
	{"id":2604430,"type":"sell","buyer":"vanillavow","seller":"darmst5339","symbol":"POB","quantity":"0.41239913","price":"0.04350000","timestamp":1642775883,"volume":"0.01793936","buyTxId":"210c0e6a6330aec31f3875b446061eebcf0e07a1","sellTxId":"5313db95c07fa6c0210d09db2675ec2d425da710"}
{"index": {"_index":"pob","_id":"2604517"}}
	{"id":2604517,"type":"buy","buyer":"done","seller":"take-my-coinz","symbol":"POB","quantity":"26.00000000","price":"0.04999791","timestamp":1642776831,"volume":"1.29994566","buyTxId":"373083b2c9f01714f61246000fd444e97880ef79","sellTxId":"2357ad001a39b78381b488a2d744986fc316fe72"}
{"index": {"_index":"pob","_id":"2604518"}}
	{"id":2604518,"type":"buy","buyer":"done","seller":"balina","symbol":"POB","quantity":"185.00000000","price":"0.04999793","timestamp":1642776831,"volume":"9.24961705","buyTxId":"373083b2c9f01714f61246000fd444e97880ef79","sellTxId":"MM-P-14137343-61124545-3-0-1"}
{"index": {"_index":"pob","_id":"2604525"}}
	{"id":2604525,"type":"buy","buyer":"terminado","seller":"take-my-coinz","symbol":"POB","quantity":"26.00000000","price":"0.04999791","timestamp":1642776951,"volume":"1.29994566","buyTxId":"a5297b214726667f57dad9cf2040da7e7ec0a023","sellTxId":"41a33e5d71678ba0eda60bfe4b9269661119cf5c"}
{"index": {"_index":"pob","_id":"2604526"}}
	{"id":2604526,"type":"buy","buyer":"terminado","seller":"balina","symbol":"POB","quantity":"3.89831569","price":"0.04999793","timestamp":1642776951,"volume":"0.19490771","buyTxId":"a5297b214726667f57dad9cf2040da7e7ec0a023","sellTxId":"MM-P-14137343-61124545-3-0-1"}
{"index": {"_index":"pob","_id":"2604527"}}
	{"id":2604527,"type":"buy","buyer":"terminado","seller":"dhedge-drips","symbol":"POB","quantity":"0.39022831","price":"0.04999995","timestamp":1642776951,"volume":"0.01951140","buyTxId":"a5297b214726667f57dad9cf2040da7e7ec0a023","sellTxId":"dc62c4f25625f878bb78e58ba9c7e39d96b4b4ca"}
{"index": {"_index":"pob","_id":"2604528"}}
	{"id":2604528,"type":"buy","buyer":"terminado","seller":"liotes.voter","symbol":"POB","quantity":"9.34530372","price":"0.04999997","timestamp":1642776951,"volume":"0.46726491","buyTxId":"a5297b214726667f57dad9cf2040da7e7ec0a023","sellTxId":"8fe62ed16ed11bb9c7ca6a3354f871fe5b684550"}
{"index": {"_index":"pob","_id":"2604529"}}
	{"id":2604529,"type":"buy","buyer":"terminado","seller":"vagabondspirit","symbol":"POB","quantity":"50.00000000","price":"0.05000000","timestamp":1642776951,"volume":"2.50000000","buyTxId":"a5297b214726667f57dad9cf2040da7e7ec0a023","sellTxId":"ca292080da85d6a008989004d113e8b9efd9d944"}
{"index": {"_index":"pob","_id":"2604530"}}
	{"id":2604530,"type":"buy","buyer":"terminado","seller":"brofi-market","symbol":"POB","quantity":"3.64213095","price":"0.05000000","timestamp":1642776951,"volume":"0.18210655","buyTxId":"a5297b214726667f57dad9cf2040da7e7ec0a023","sellTxId":"4d879afc624f612c66e57536ef6b0a9f73c4fd73"}
{"index": {"_index":"pob","_id":"2604531"}}
	{"id":2604531,"type":"buy","buyer":"terminado","seller":"eirik","symbol":"POB","quantity":"4.72402133","price":"0.05500000","timestamp":1642776951,"volume":"0.25982117","buyTxId":"a5297b214726667f57dad9cf2040da7e7ec0a023","sellTxId":"4fc1f93ccac2df958038727f6546bc949456819e"}
{"index": {"_index":"pob","_id":"2604729"}}
	{"id":2604729,"type":"buy","buyer":"terminado","seller":"take-my-coinz","symbol":"POB","quantity":"26.00000000","price":"0.05499998","timestamp":1642779411,"volume":"1.42999948","buyTxId":"cf82925ea0ee87ccdd8624ad911830a0415138a3","sellTxId":"44632b949a8a543ce079a899a9661a6ee8224f68"}
{"index": {"_index":"pob","_id":"2604730"}}
	{"id":2604730,"type":"buy","buyer":"terminado","seller":"eirik","symbol":"POB","quantity":"2.57597867","price":"0.05500000","timestamp":1642779411,"volume":"0.14167883","buyTxId":"cf82925ea0ee87ccdd8624ad911830a0415138a3","sellTxId":"4fc1f93ccac2df958038727f6546bc949456819e"}
{"index": {"_index":"pob","_id":"2604731"}}
	{"id":2604731,"type":"buy","buyer":"terminado","seller":"lebah","symbol":"POB","quantity":"3.80000000","price":"0.05900000","timestamp":1642779411,"volume":"0.22420000","buyTxId":"cf82925ea0ee87ccdd8624ad911830a0415138a3","sellTxId":"37fc47c418edad089f70bc465c8e0a8249f04722"}
{"index": {"_index":"pob","_id":"2604732"}}
	{"id":2604732,"type":"buy","buyer":"terminado","seller":"eirik","symbol":"POB","quantity":"18.62402133","price":"0.06000000","timestamp":1642779411,"volume":"1.11744128","buyTxId":"cf82925ea0ee87ccdd8624ad911830a0415138a3","sellTxId":"35a1bf1fa822f60e734ff33bd23d33d2b8a63c66"}
{"index": {"_index":"pob","_id":"2604781"}}
	{"id":2604781,"type":"sell","buyer":"vagabondspirit","seller":"kevmcc","symbol":"POB","quantity":"0.18903393","price":"0.04400000","timestamp":1642780179,"volume":"0.00831749","buyTxId":"e0d1032c535ed4ad7c700f3d9becc31803b87114","sellTxId":"9f7382e02a9c9ef7913ff6a63ad0f29279873522"}
{"index": {"_index":"pob","_id":"2604799"}}
	{"id":2604799,"type":"sell","buyer":"vagabondspirit","seller":"amirhayat42","symbol":"POB","quantity":"1.99757288","price":"0.04400000","timestamp":1642780374,"volume":"0.08789321","buyTxId":"e0d1032c535ed4ad7c700f3d9becc31803b87114","sellTxId":"48f2fbfe8fba51bbfb08e89b6ce612bb7c0a8c76"}
{"index": {"_index":"pob","_id":"2604931"}}
	{"id":2604931,"type":"sell","buyer":"vagabondspirit","seller":"steemstreems","symbol":"POB","quantity":"0.02437455","price":"0.04400000","timestamp":1642781583,"volume":"0.00107248","buyTxId":"e0d1032c535ed4ad7c700f3d9becc31803b87114","sellTxId":"c3b5d418f5ff59b8f888c9f46f50a1c2b1ef0a5c"}
{"index": {"_index":"pob","_id":"2605169"}}
	{"id":2605169,"type":"sell","buyer":"vagabondspirit","seller":"stevenwood","symbol":"POB","quantity":"0.69355704","price":"0.04400000","timestamp":1642783656,"volume":"0.03051651","buyTxId":"e0d1032c535ed4ad7c700f3d9becc31803b87114","sellTxId":"02255c70c20f6e089bff08a3e66b82ffd0332766"}
{"index": {"_index":"pob","_id":"2605289"}}
	{"id":2605289,"type":"buy","buyer":"done","seller":"skylinebuds","symbol":"POB","quantity":"3.40000000","price":"0.05990000","timestamp":1642784298,"volume":"0.20366000","buyTxId":"57984d55599187f9a0a4da3318f96b186e7cd046","sellTxId":"2495b252ae20a07edeb5fa01a590e42ff702989d"}
{"index": {"_index":"pob","_id":"2605290"}}
	{"id":2605290,"type":"buy","buyer":"done","seller":"eirik","symbol":"POB","quantity":"1.37597867","price":"0.06000000","timestamp":1642784298,"volume":"0.08255872","buyTxId":"57984d55599187f9a0a4da3318f96b186e7cd046","sellTxId":"35a1bf1fa822f60e734ff33bd23d33d2b8a63c66"}
{"index": {"_index":"pob","_id":"2605291"}}
	{"id":2605291,"type":"buy","buyer":"done","seller":"insight.pob","symbol":"POB","quantity":"799.92402133","price":"0.06000000","timestamp":1642784298,"volume":"47.99544128","buyTxId":"57984d55599187f9a0a4da3318f96b186e7cd046","sellTxId":"7987bd105618b5aafdf9aa159d5cdaa9d1c6692f"}
{"index": {"_index":"pob","_id":"2605304"}}
	{"id":2605304,"type":"sell","buyer":"richardcrill","seller":"zullyscott","symbol":"POB","quantity":"1.95479825","price":"0.04410000","timestamp":1642784385,"volume":"0.08620660","buyTxId":"MM-P-14139708-61126911-3-11-0","sellTxId":"db798eeacc9e99ac7be21b072dd69138dd623c80"}
{"index": {"_index":"pob","_id":"2605745"}}
	{"id":2605745,"type":"sell","buyer":"richardcrill","seller":"zirochka","symbol":"POB","quantity":"0.01668194","price":"0.04410000","timestamp":1642787361,"volume":"0.00073567","buyTxId":"MM-P-14139708-61126911-3-11-0","sellTxId":"c06b58df614d0ba3cf8fd22baa06d5ec1bcbd6bd"}
{"index": {"_index":"pob","_id":"2605860"}}
	{"id":2605860,"type":"sell","buyer":"richardcrill","seller":"gadrian","symbol":"POB","quantity":"1.47655159","price":"0.04410000","timestamp":1642788291,"volume":"0.06511593","buyTxId":"MM-P-14139708-61126911-3-11-0","sellTxId":"3445e1b0589374fff15632ace0879fd702f87551"}
{"index": {"_index":"pob","_id":"2606392"}}
	{"id":2606392,"type":"buy","buyer":"ugochill","seller":"insight.pob","symbol":"POB","quantity":"0.07597867","price":"0.06000000","timestamp":1642789485,"volume":"0.00455872","buyTxId":"1d1ca72b2f23e446c4a43b5b9acc9a34b74b16de","sellTxId":"7987bd105618b5aafdf9aa159d5cdaa9d1c6692f"}
{"index": {"_index":"pob","_id":"2606393"}}
	{"id":2606393,"type":"buy","buyer":"ugochill","seller":"knowledge23.pob","symbol":"POB","quantity":"0.00402133","price":"0.06100000","timestamp":1642789485,"volume":"0.00024530","buyTxId":"1d1ca72b2f23e446c4a43b5b9acc9a34b74b16de","sellTxId":"4ffa82fed83a2f0ea043171b764cdb0659b164d9"}
{"index": {"_index":"pob","_id":"2606414"}}
	{"id":2606414,"type":"sell","buyer":"richardcrill","seller":"lisamgentile1961","symbol":"POB","quantity":"6.03312937","price":"0.04410000","timestamp":1642789596,"volume":"0.26606101","buyTxId":"MM-P-14139708-61126911-3-11-0","sellTxId":"921214e426ef0f85a0305d2104cbcb0bcf2aff70"}
{"index": {"_index":"pob","_id":"2606569"}}
	{"id":2606569,"type":"sell","buyer":"richardcrill","seller":"gubbatv","symbol":"POB","quantity":"2.16121028","price":"0.04410000","timestamp":1642790919,"volume":"0.09530937","buyTxId":"MM-P-14139708-61126911-3-11-0","sellTxId":"08f16db60262383a9db4677bf7dba62e1d35384f"}
{"index": {"_index":"pob","_id":"2606731"}}
	{"id":2606731,"type":"sell","buyer":"richardcrill","seller":"fiberfrau","symbol":"POB","quantity":"0.31519481","price":"0.04410000","timestamp":1642792464,"volume":"0.01390009","buyTxId":"MM-P-14139708-61126911-3-11-0","sellTxId":"4c52aa114ffa5d24dc46bf84d19395d78e873da7"}
{"index": {"_index":"pob","_id":"2606773"}}
	{"id":2606773,"type":"buy","buyer":"terminado","seller":"take-my-coinz","symbol":"POB","quantity":"12.00000000","price":"0.05099794","timestamp":1642792830,"volume":"0.61197528","buyTxId":"926bb1ce2c23d030fadbc43b1012532be7b77823","sellTxId":"a061d5ec5b2b7c0843b65eaba2efd957f9de50a8"}
{"index": {"_index":"pob","_id":"2606774"}}
	{"id":2606774,"type":"buy","buyer":"terminado","seller":"balina","symbol":"POB","quantity":"129.23063319","price":"0.05099796","timestamp":1642792830,"volume":"6.59049866","buyTxId":"926bb1ce2c23d030fadbc43b1012532be7b77823","sellTxId":"MM-P-14142626-61129829-3-0-1"}
{"index": {"_index":"pob","_id":"2606775"}}
	{"id":2606775,"type":"buy","buyer":"terminado","seller":"kemmyb","symbol":"POB","quantity":"29.76936681","price":"0.05100000","timestamp":1642792830,"volume":"1.51823771","buyTxId":"926bb1ce2c23d030fadbc43b1012532be7b77823","sellTxId":"182ddd4d78d73b03447a6501fd9cc47d8bf1ba47"}
{"index": {"_index":"pob","_id":"2606984"}}
	{"id":2606984,"type":"sell","buyer":"richardcrill","seller":"gillianpearce","symbol":"POB","quantity":"30.00000000","price":"0.04410000","timestamp":1642795191,"volume":"1.32300000","buyTxId":"MM-P-14139708-61126911-3-11-0","sellTxId":"0343859c87cedb13fa7fd1d74e449e0dd8338d43"}
{"index": {"_index":"pob","_id":"2607002"}}
	{"id":2607002,"type":"buy","buyer":"richardcrill","seller":"take-my-coinz","symbol":"POB","quantity":"12.00000000","price":"0.04999998","timestamp":1642795422,"volume":"0.59999976","buyTxId":"c87f61f222aa15b87220f8b286a6ecd40848e53f","sellTxId":"4c851ef0d81978efdeeea5ed1785f85f3db3ca28"}
{"index": {"_index":"pob","_id":"2607003"}}
	{"id":2607003,"type":"buy","buyer":"richardcrill","seller":"opidia","symbol":"POB","quantity":"500.00000000","price":"0.05000000","timestamp":1642795422,"volume":"25.00000000","buyTxId":"c87f61f222aa15b87220f8b286a6ecd40848e53f","sellTxId":"a65dddb93487d7e0e8c7727be564e4cc17a2a377"}
{"index": {"_index":"pob","_id":"2607013"}}
	{"id":2607013,"type":"sell","buyer":"richardcrill","seller":"pjansen","symbol":"POB","quantity":"2.78100042","price":"0.04410000","timestamp":1642795701,"volume":"0.12264212","buyTxId":"MM-P-14139708-61126911-3-11-0","sellTxId":"b60503d35e2b49baf4faa8a8829ebb20396713d1"}
{"index": {"_index":"pob","_id":"2607324"}}
	{"id":2607324,"type":"sell","buyer":"richardcrill","seller":"deathwing","symbol":"POB","quantity":"0.025","price":"0.04410000","timestamp":1642798506,"volume":"0.00110250","buyTxId":"MM-P-14139708-61126911-3-11-0","sellTxId":"8f6637ecdac9a9c2fc39525deec6589c22f7d9af-0"}
{"index": {"_index":"pob","_id":"2607338"}}
	{"id":2607338,"type":"sell","buyer":"richardcrill","seller":"readthisplease","symbol":"POB","quantity":"42.00000000","price":"0.04410000","timestamp":1642798581,"volume":"1.85220000","buyTxId":"MM-P-14139708-61126911-3-11-0","sellTxId":"70913bd60fed70aec66dee3adb0423aa83a471f8"}
{"index": {"_index":"pob","_id":"2607451"}}
	{"id":2607451,"type":"sell","buyer":"richardcrill","seller":"forexbrokr","symbol":"POB","quantity":"0.59763957","price":"0.04410000","timestamp":1642799514,"volume":"0.02635591","buyTxId":"MM-P-14139708-61126911-3-11-0","sellTxId":"509195e9ab9f9f7397e6d76305cc7e30d0dd81cb"}
{"index": {"_index":"pob","_id":"2607599"}}
	{"id":2607599,"type":"sell","buyer":"sbi-tokens","seller":"ahmetay","symbol":"POB","quantity":"281.13535684","price":"0.04500000","timestamp":1642800750,"volume":"12.65109106","buyTxId":"49d7bf9189a3b2cd39afbad2ef20a6e9a34c30e3","sellTxId":"9860026e48314207022ead82268d57e0804d797b"}
{"index": {"_index":"pob","_id":"2607648"}}
	{"id":2607648,"type":"sell","buyer":"sbi-tokens","seller":"ahmetay","symbol":"POB","quantity":"144.86464316","price":"0.04500000","timestamp":1642801170,"volume":"6.51890894","buyTxId":"49d7bf9189a3b2cd39afbad2ef20a6e9a34c30e3","sellTxId":"0c72d8f2ed7255c7c12747c60ddff40483830e08"}
{"index": {"_index":"pob","_id":"2607649"}}
	{"id":2607649,"type":"sell","buyer":"balina","seller":"ahmetay","symbol":"POB","quantity":"45.01968128","price":"0.04410400","timestamp":1642801170,"volume":"1.98554802","buyTxId":"MM-P-14145421-61132624-3-0-0","sellTxId":"0c72d8f2ed7255c7c12747c60ddff40483830e08"}
{"index": {"_index":"pob","_id":"2607695"}}
	{"id":2607695,"type":"sell","buyer":"richardcrill","seller":"sgt-dan","symbol":"POB","quantity":"57","price":"0.04410000","timestamp":1642801566,"volume":"2.51370000","buyTxId":"MM-P-14139708-61126911-3-11-0","sellTxId":"f9b96bba31fd1e3a5bef842af2a2c0a622775dfa"}
{"index": {"_index":"pob","_id":"2607717"}}
	{"id":2607717,"type":"sell","buyer":"richardcrill","seller":"lordneroo","symbol":"POB","quantity":"17.20364787","price":"0.04410000","timestamp":1642801755,"volume":"0.75868087","buyTxId":"MM-P-14139708-61126911-3-11-0","sellTxId":"5eebf8b0c58b857c3cae9d5850a5030f4332fa00"}
{"index": {"_index":"pob","_id":"2607737"}}
	{"id":2607737,"type":"sell","buyer":"richardcrill","seller":"slobberchops","symbol":"POB","quantity":"34.42207836","price":"0.04410000","timestamp":1642801884,"volume":"1.51801366","buyTxId":"MM-P-14139708-61126911-3-11-0","sellTxId":"b5f5eceb843ce3900d195451f840851c2c025489"}
{"index": {"_index":"pob","_id":"2607946"}}
	{"id":2607946,"type":"sell","buyer":"richardcrill","seller":"valor2s","symbol":"POB","quantity":"1.66649108","price":"0.04410000","timestamp":1642803282,"volume":"0.07349226","buyTxId":"MM-P-14139708-61126911-3-11-0","sellTxId":"df480460248151f01f11b5951d00b21728cf5b13"}
{"index": {"_index":"pob","_id":"2608041"}}
	{"id":2608041,"type":"sell","buyer":"richardcrill","seller":"sequentialvibe","symbol":"POB","quantity":"18.15616301","price":"0.04410000","timestamp":1642804257,"volume":"0.80068679","buyTxId":"MM-P-14139708-61126911-3-11-0","sellTxId":"5d8e235ebde3c529d37fc17200b2ac6358734624"}
{"index": {"_index":"pob","_id":"2608056"}}
	{"id":2608056,"type":"sell","buyer":"richardcrill","seller":"cccf","symbol":"POB","quantity":"0.42200000","price":"0.04410000","timestamp":1642804377,"volume":"0.01861020","buyTxId":"MM-P-14139708-61126911-3-11-0","sellTxId":"4e8a922fa9d2a98d83eed099c7d4e07963a382a8"}
{"index": {"_index":"pob","_id":"2608133"}}
	{"id":2608133,"type":"buy","buyer":"ugochill","seller":"take-my-coinz","symbol":"POB","quantity":"0.09500000","price":"0.04998672","timestamp":1642805301,"volume":"0.00474874","buyTxId":"e75d8c4dad29eb79e4c753b3a55141889ec35dd2","sellTxId":"16e5ec27878251eafa442e5ce73e49a2e0ef8cd1"}
{"index": {"_index":"pob","_id":"2608171"}}
	{"id":2608171,"type":"sell","buyer":"richardcrill","seller":"ultravioletmag","symbol":"POB","quantity":"259.95888964","price":"0.04410000","timestamp":1642805841,"volume":"11.46418703","buyTxId":"MM-P-14139708-61126911-3-11-0","sellTxId":"8b1b0c358c7d0efd6a5849f621fb5eca1103fc01"}
{"index": {"_index":"pob","_id":"2608188"}}
	{"id":2608188,"type":"buy","buyer":"ugochill","seller":"ultravioletmag","symbol":"POB","quantity":"0.10000000","price":"0.04410000","timestamp":1642806042,"volume":"0.00441000","buyTxId":"33a71aaa40f5e4c53653b28d2219b7251aaeda2a","sellTxId":"8b1b0c358c7d0efd6a5849f621fb5eca1103fc01"}
{"index": {"_index":"pob","_id":"2608230"}}
	{"id":2608230,"type":"buy","buyer":"mobi72","seller":"ultravioletmag","symbol":"POB","quantity":"10.00000000","price":"0.04410000","timestamp":1642806420,"volume":"0.44100000","buyTxId":"ab18c8ebb950e5e899aa991f6bcbf931dec846d9","sellTxId":"8b1b0c358c7d0efd6a5849f621fb5eca1103fc01"}
{"index": {"_index":"pob","_id":"2608243"}}
	{"id":2608243,"type":"buy","buyer":"lebah","seller":"ultravioletmag","symbol":"POB","quantity":"209.82988200","price":"0.04410000","timestamp":1642806555,"volume":"9.25349780","buyTxId":"33a7aa566f091125678dfd618e8b42e997ec2176","sellTxId":"8b1b0c358c7d0efd6a5849f621fb5eca1103fc01"}
{"index": {"_index":"pob","_id":"2608244"}}
	{"id":2608244,"type":"sell","buyer":"vagabondspirit","seller":"cliffagreen","symbol":"POB","quantity":"0.38900000","price":"0.04400000","timestamp":1642806564,"volume":"0.01711600","buyTxId":"e0d1032c535ed4ad7c700f3d9becc31803b87114","sellTxId":"ae4389934dfed926ffa2ada818107abda76ee816"}
{"index": {"_index":"pob","_id":"2608295"}}
	{"id":2608295,"type":"sell","buyer":"vagabondspirit","seller":"he-index","symbol":"POB","quantity":"0.11800000","price":"0.04400000","timestamp":1642807023,"volume":"0.00519200","buyTxId":"e0d1032c535ed4ad7c700f3d9becc31803b87114","sellTxId":"1b673eca50170cd0114c1661a0f70cdafa6e6638"}
{"index": {"_index":"pob","_id":"2608297"}}
	{"id":2608297,"type":"buy","buyer":"richardcrill","seller":"ultravioletmag","symbol":"POB","quantity":"0.00000060","price":"0.04410000","timestamp":1642807035,"volume":"0.00000003","buyTxId":"MM-P-14147384-61134588-3-11-0","sellTxId":"8b1b0c358c7d0efd6a5849f621fb5eca1103fc01"}
{"index": {"_index":"pob","_id":"2608664"}}
	{"id":2608664,"type":"sell","buyer":"richardcrill","seller":"sketchygamerguy","symbol":"POB","quantity":"0.14583307","price":"0.04410000","timestamp":1642810461,"volume":"0.00643124","buyTxId":"MM-P-14147384-61134588-3-11-0","sellTxId":"b7e5a53923f2a867477d147589e09a9fdb4d9840"}
{"index": {"_index":"pob","_id":"2608853"}}
	{"id":2608853,"type":"sell","buyer":"richardcrill","seller":"torrecoin90","symbol":"POB","quantity":"0.92162350","price":"0.04410000","timestamp":1642812105,"volume":"0.04064360","buyTxId":"MM-P-14147384-61134588-3-11-0","sellTxId":"a472514484ecc17a5b1c2097bef5645645db742a"}
{"index": {"_index":"pob","_id":"2608992"}}
	{"id":2608992,"type":"sell","buyer":"richardcrill","seller":"almightygrim","symbol":"POB","quantity":"1.87000000","price":"0.04410000","timestamp":1642813695,"volume":"0.08246700","buyTxId":"MM-P-14147384-61134588-3-11-0","sellTxId":"b7e7b9bb09dd3fe55b79e007dac52e2738ad628b"}
{"index": {"_index":"pob","_id":"2609105"}}
	{"id":2609105,"type":"sell","buyer":"richardcrill","seller":"johndieo","symbol":"POB","quantity":"0.23661934","price":"0.04410000","timestamp":1642814778,"volume":"0.01043491","buyTxId":"MM-P-14147384-61134588-3-11-0","sellTxId":"3295b5b6cbfd386368ef026f67051270a6eb06b7"}
{"index": {"_index":"pob","_id":"2609209"}}
	{"id":2609209,"type":"sell","buyer":"richardcrill","seller":"panconcajeta","symbol":"POB","quantity":"0.19993849","price":"0.04410000","timestamp":1642815222,"volume":"0.00881729","buyTxId":"MM-P-14147384-61134588-3-11-0","sellTxId":"371c8a679782ef17b01c52967cf545456ff13a0f"}
{"index": {"_index":"pob","_id":"2609213"}}
	{"id":2609213,"type":"buy","buyer":"richardcrill","seller":"take-my-coinz","symbol":"POB","quantity":"12.00000000","price":"0.04997142","timestamp":1642815279,"volume":"0.59965704","buyTxId":"2762cf807840eba56b5d827f0a869866f6037252","sellTxId":"19d3aa78f546e822c89c39ced288704b4e14c731"}
{"index": {"_index":"pob","_id":"2609214"}}
	{"id":2609214,"type":"buy","buyer":"richardcrill","seller":"balina","symbol":"POB","quantity":"53.92810115","price":"0.04997144","timestamp":1642815279,"volume":"2.69486487","buyTxId":"2762cf807840eba56b5d827f0a869866f6037252","sellTxId":"MM-P-14150105-61137309-3-0-1"}
{"index": {"_index":"pob","_id":"2609215"}}
	{"id":2609215,"type":"buy","buyer":"richardcrill","seller":"sbi-tokens","symbol":"POB","quantity":"384.04958660","price":"0.05000000","timestamp":1642815279,"volume":"19.20247933","buyTxId":"2762cf807840eba56b5d827f0a869866f6037252","sellTxId":"eb2e09c6e4f72366e10df01d548ffa3b7787dd86"}
{"index": {"_index":"pob","_id":"2609239"}}
	{"id":2609239,"type":"sell","buyer":"richardcrill","seller":"chireerocks","symbol":"POB","quantity":"2.81524330","price":"0.04410000","timestamp":1642815594,"volume":"0.12415223","buyTxId":"MM-P-14147384-61134588-3-11-0","sellTxId":"21e433c60d3b7326c76f8ed1a7a9d5cdc4cea011"}
{"index": {"_index":"pob","_id":"2609396"}}
	{"id":2609396,"type":"sell","buyer":"richardcrill","seller":"skylinebuds","symbol":"POB","quantity":"14.80000000","price":"0.04410000","timestamp":1642817289,"volume":"0.65268000","buyTxId":"MM-P-14147384-61134588-3-11-0","sellTxId":"019276bc0e6634c9c82596b79549823eec596c00"}
{"index": {"_index":"pob","_id":"2609413"}}
	{"id":2609413,"type":"sell","buyer":"richardcrill","seller":"jakiro12","symbol":"POB","quantity":"28.32977924","price":"0.04410000","timestamp":1642817343,"volume":"1.24934326","buyTxId":"MM-P-14147384-61134588-3-11-0","sellTxId":"fa19923bdb37c5d71f547a62c974fa269fb7c7c3"}
{"index": {"_index":"pob","_id":"2609474"}}
	{"id":2609474,"type":"sell","buyer":"richardcrill","seller":"quantumg","symbol":"POB","quantity":"0.95446512","price":"0.04410000","timestamp":1642818519,"volume":"0.04209191","buyTxId":"MM-P-14147384-61134588-3-11-0","sellTxId":"4c0049bd23c4246ab4a948a992137aac4aaf4ddb"}
{"index": {"_index":"pob","_id":"2609820"}}
	{"id":2609820,"type":"sell","buyer":"richardcrill","seller":"rsntpl","symbol":"POB","quantity":"5.06454922","price":"0.04410000","timestamp":1642823553,"volume":"0.22334662","buyTxId":"MM-P-14147384-61134588-3-11-0","sellTxId":"f929f92aca36659866eeac2f6394ab979a91d745"}
