{"index": {"_index":"pob","_id":"2779222"}}
	{"id":2779222,"type":"sell","buyer":"richardcrill","seller":"thatcryptodave","symbol":"POB","quantity":"33.22276905","price":"0.03110000","timestamp":1644898863,"volume":"1.03322812","buyTxId":"MM-P-14840967-61828355-3-11-0","sellTxId":"8c1f120453002f9abe5a122b155a79e98f86b785"}
{"index": {"_index":"pob","_id":"2779237"}}
	{"id":2779237,"type":"sell","buyer":"richardcrill","seller":"esecholo","symbol":"POB","quantity":"4.00000000","price":"0.03110000","timestamp":1644899199,"volume":"0.12440000","buyTxId":"MM-P-14840967-61828355-3-11-0","sellTxId":"b80b1fe4df941841c726ca6366c911e9c77448c9"}
{"index": {"_index":"pob","_id":"2779402"}}
	{"id":2779402,"type":"sell","buyer":"richardcrill","seller":"botefarm","symbol":"POB","quantity":"3.31755361","price":"0.03110000","timestamp":1644901764,"volume":"0.10317592","buyTxId":"MM-P-14840967-61828355-3-11-0","sellTxId":"e2636e58e805b5ef595a0963f95fb5e17f7aa232"}
{"index": {"_index":"pob","_id":"2779522"}}
	{"id":2779522,"type":"buy","buyer":"bananofarmer","seller":"yintercept","symbol":"POB","quantity":"5.55000000","price":"0.03920000","timestamp":1644903684,"volume":"0.21756000","buyTxId":"4b7fca42a1f57da55f1e01b92028e9828397ac57","sellTxId":"e53880ce954d6e8c1063269f6ace92c44c6fdee0"}
{"index": {"_index":"pob","_id":"2779546"}}
	{"id":2779546,"type":"sell","buyer":"bananofarmer","seller":"clixmoney","symbol":"POB","quantity":"3.64688336","price":"0.03920000","timestamp":1644903963,"volume":"0.14295783","buyTxId":"4b7fca42a1f57da55f1e01b92028e9828397ac57","sellTxId":"7276059258fed08eda36a012d1c630ca4fa21c80"}
{"index": {"_index":"pob","_id":"2779614"}}
	{"id":2779614,"type":"buy","buyer":"balina","seller":"balina","symbol":"POB","quantity":"400.00000000","price":"0.03927900","timestamp":1644905058,"volume":"15.71160000","buyTxId":"46c7899d5a25d9159f9bc6f967370b769f298fc7","sellTxId":"MM-P-14842582-61829971-3-1-1"}
{"index": {"_index":"pob","_id":"2779627"}}
	{"id":2779627,"type":"sell","buyer":"bananofarmer","seller":"tykee","symbol":"POB","quantity":"1.01654969","price":"0.03920000","timestamp":1644905226,"volume":"0.03984875","buyTxId":"4b7fca42a1f57da55f1e01b92028e9828397ac57","sellTxId":"740591c418ccbcafae3893f9af890518edf6fbec"}
{"index": {"_index":"pob","_id":"2779655"}}
	{"id":2779655,"type":"sell","buyer":"bananofarmer","seller":"joseph23","symbol":"POB","quantity":"37.84425751","price":"0.03920000","timestamp":1644905601,"volume":"1.48349489","buyTxId":"4b7fca42a1f57da55f1e01b92028e9828397ac57","sellTxId":"6677adbd03199a736feadf49679145fbddd08bd4"}
{"index": {"_index":"pob","_id":"2779682"}}
	{"id":2779682,"type":"sell","buyer":"richardcrill","seller":"erikah","symbol":"POB","quantity":"34.17870000","price":"0.03121000","timestamp":1644905952,"volume":"1.06671723","buyTxId":"MM-P-14845059-61832448-3-11-0","sellTxId":"68143a1b2c7dc9c86f714b209d913876c2c22801"}
{"index": {"_index":"pob","_id":"2779802"}}
	{"id":2779802,"type":"sell","buyer":"yintercept","seller":"alexanderfluke","symbol":"POB","quantity":"0.31300000","price":"0.03200000","timestamp":1644908298,"volume":"0.01001600","buyTxId":"2e005520ad583156f016db375956c39932424c06","sellTxId":"65ff807d76da3b88714cb601379134553e6445f8"}
{"index": {"_index":"pob","_id":"2779852"}}
	{"id":2779852,"type":"sell","buyer":"yintercept","seller":"delrosario","symbol":"POB","quantity":"0.00000205","price":"0.03200000","timestamp":1644909099,"volume":"0.00000007","buyTxId":"2e005520ad583156f016db375956c39932424c06","sellTxId":"be3d537cd0da0acf8b81243d0900449c203c9dd2"}
{"index": {"_index":"pob","_id":"2779888"}}
	{"id":2779888,"type":"sell","buyer":"yintercept","seller":"siirif","symbol":"POB","quantity":"0.03622153","price":"0.03200000","timestamp":1644909675,"volume":"0.00115909","buyTxId":"2e005520ad583156f016db375956c39932424c06","sellTxId":"4077a38b604d3bf2ee66a9c2e8c0e0fad9568391"}
{"index": {"_index":"pob","_id":"2779899"}}
	{"id":2779899,"type":"sell","buyer":"yintercept","seller":"drunksamurai","symbol":"POB","quantity":"0.03675423","price":"0.03200000","timestamp":1644909885,"volume":"0.00117614","buyTxId":"2e005520ad583156f016db375956c39932424c06","sellTxId":"114fe121a4d0805f34c5906fc2b6d4c55fc8429b"}
{"index": {"_index":"pob","_id":"2779971"}}
	{"id":2779971,"type":"sell","buyer":"yintercept","seller":"svetamubin","symbol":"POB","quantity":"0.10571059","price":"0.03200000","timestamp":1644910692,"volume":"0.00338274","buyTxId":"2e005520ad583156f016db375956c39932424c06","sellTxId":"74f86aefaba51e648418a5a38e1596324270ba56"}
{"index": {"_index":"pob","_id":"2780224"}}
	{"id":2780224,"type":"sell","buyer":"yintercept","seller":"blaze8","symbol":"POB","quantity":"0.35186135","price":"0.03200000","timestamp":1644911391,"volume":"0.01125956","buyTxId":"2e005520ad583156f016db375956c39932424c06","sellTxId":"4090c6c17decf21bbfce17aa35d36587b8ee17f0"}
{"index": {"_index":"pob","_id":"2780269"}}
	{"id":2780269,"type":"sell","buyer":"yintercept","seller":"lett","symbol":"POB","quantity":"0.07214099","price":"0.03200000","timestamp":1644912075,"volume":"0.00230851","buyTxId":"2e005520ad583156f016db375956c39932424c06","sellTxId":"10fc8117c221949611f3c942707e174bcdbb1656"}
{"index": {"_index":"pob","_id":"2780324"}}
	{"id":2780324,"type":"sell","buyer":"yintercept","seller":"ugochill","symbol":"POB","quantity":"0.01300000","price":"0.03200000","timestamp":1644912741,"volume":"0.00041600","buyTxId":"2e005520ad583156f016db375956c39932424c06","sellTxId":"0244975ead171b48d52587964e0368610cf9f7bd"}
{"index": {"_index":"pob","_id":"2780340"}}
	{"id":2780340,"type":"sell","buyer":"yintercept","seller":"belico","symbol":"POB","quantity":"0.00125772","price":"0.03200000","timestamp":1644912894,"volume":"0.00004025","buyTxId":"2e005520ad583156f016db375956c39932424c06","sellTxId":"f259eba801ad6ceae83b31a8348de6abee8e601b"}
{"index": {"_index":"pob","_id":"2780495"}}
	{"id":2780495,"type":"sell","buyer":"yintercept","seller":"marinast","symbol":"POB","quantity":"0.24895464","price":"0.03200000","timestamp":1644914607,"volume":"0.00796655","buyTxId":"2e005520ad583156f016db375956c39932424c06","sellTxId":"efbe51a0380f5b1c899c0aebe2156eb94e9260fd"}
{"index": {"_index":"pob","_id":"2780537"}}
	{"id":2780537,"type":"sell","buyer":"yintercept","seller":"oks2crypto","symbol":"POB","quantity":"0.74948515","price":"0.03200000","timestamp":1644915084,"volume":"0.02398352","buyTxId":"2e005520ad583156f016db375956c39932424c06","sellTxId":"62733cc24231fc084e8e81f65c67193338925a00"}
{"index": {"_index":"pob","_id":"2780567"}}
	{"id":2780567,"type":"sell","buyer":"yintercept","seller":"diana8","symbol":"POB","quantity":"0.35011523","price":"0.03200000","timestamp":1644915675,"volume":"0.01120369","buyTxId":"2e005520ad583156f016db375956c39932424c06","sellTxId":"e4b96750aed9075255475f588ced254657f25210"}
{"index": {"_index":"pob","_id":"2780746"}}
	{"id":2780746,"type":"sell","buyer":"yintercept","seller":"pobtrader","symbol":"POB","quantity":"4.52149652","price":"0.03200000","timestamp":1644918129,"volume":"0.14468788","buyTxId":"2e005520ad583156f016db375956c39932424c06","sellTxId":"ef542fda1e048120b408398d068294c80b3a343e"}
{"index": {"_index":"pob","_id":"2780773"}}
	{"id":2780773,"type":"sell","buyer":"richardcrill","seller":"hannahhive","symbol":"POB","quantity":"10.40000000","price":"0.03130200","timestamp":1644918564,"volume":"0.32554080","buyTxId":"MM-P-14848152-61835542-3-11-0","sellTxId":"990e81ef82d632eb070f4e667a23e17d22b2212b"}
{"index": {"_index":"pob","_id":"2780796"}}
	{"id":2780796,"type":"sell","buyer":"richardcrill","seller":"marilove22","symbol":"POB","quantity":"6.69000000","price":"0.03130200","timestamp":1644918828,"volume":"0.20941038","buyTxId":"MM-P-14848152-61835542-3-11-0","sellTxId":"8b2e0e1a2ec113a2e2bfede1a6eac42a54fc45b5"}
{"index": {"_index":"pob","_id":"2780906"}}
	{"id":2780906,"type":"sell","buyer":"richardcrill","seller":"elricmoonslayer","symbol":"POB","quantity":"1.83839067","price":"0.03130200","timestamp":1644921066,"volume":"0.05754530","buyTxId":"MM-P-14848152-61835542-3-11-0","sellTxId":"730724bab38111ba628fdf6617f97e842e4496da"}
{"index": {"_index":"pob","_id":"2780941"}}
	{"id":2780941,"type":"sell","buyer":"richardcrill","seller":"thehockeyfan-at","symbol":"POB","quantity":"1.50000000","price":"0.03130200","timestamp":1644921702,"volume":"0.04695300","buyTxId":"MM-P-14848152-61835542-3-11-0","sellTxId":"fe2c241f6e8a4305a8caf93ceacd6fdc4c45cc4d"}
{"index": {"_index":"pob","_id":"2781045"}}
	{"id":2781045,"type":"sell","buyer":"richardcrill","seller":"shebe","symbol":"POB","quantity":"69.85466869","price":"0.03130200","timestamp":1644923352,"volume":"2.18659084","buyTxId":"MM-P-14848152-61835542-3-11-0","sellTxId":"f5d5d79a580b90341b92dcb19786c1f2de798ac1"}
{"index": {"_index":"pob","_id":"2781049"}}
	{"id":2781049,"type":"sell","buyer":"richardcrill","seller":"beffeater","symbol":"POB","quantity":"20.55146520","price":"0.03130200","timestamp":1644923463,"volume":"0.64330196","buyTxId":"MM-P-14848152-61835542-3-11-0","sellTxId":"1912f83a04704db1f736bc6cbf783bf1050285a4"}
{"index": {"_index":"pob","_id":"2781071"}}
	{"id":2781071,"type":"sell","buyer":"richardcrill","seller":"fiberfrau","symbol":"POB","quantity":"0.70669952","price":"0.03130200","timestamp":1644923874,"volume":"0.02212111","buyTxId":"MM-P-14848152-61835542-3-11-0","sellTxId":"d2fd7c92881f201df674ea4d0015ec9ec985f4bb"}
{"index": {"_index":"pob","_id":"2781148"}}
	{"id":2781148,"type":"sell","buyer":"richardcrill","seller":"rsntpl","symbol":"POB","quantity":"63.91226173","price":"0.03130200","timestamp":1644925239,"volume":"2.00058162","buyTxId":"MM-P-14848152-61835542-3-11-0","sellTxId":"37972a09146637393192d0b563531d22608251a4"}
{"index": {"_index":"pob","_id":"2781183"}}
	{"id":2781183,"type":"buy","buyer":"chesatochi","seller":"pobtrader","symbol":"POB","quantity":"0.21500000","price":"0.03200000","timestamp":1644926049,"volume":"0.00688000","buyTxId":"60f309124ce7c15051256dfcc4bde59bc78d1a95","sellTxId":"ef542fda1e048120b408398d068294c80b3a343e"}
{"index": {"_index":"pob","_id":"2781190"}}
	{"id":2781190,"type":"sell","buyer":"richardcrill","seller":"bahagia-arbi","symbol":"POB","quantity":"6.79833631","price":"0.03130200","timestamp":1644926316,"volume":"0.21280152","buyTxId":"MM-P-14848152-61835542-3-11-0","sellTxId":"4fe9a1d573d5361d42ed9e02c324f79d666db610"}
{"index": {"_index":"pob","_id":"2781199"}}
	{"id":2781199,"type":"sell","buyer":"richardcrill","seller":"insight.pob","symbol":"POB","quantity":"65.83000000","price":"0.03130200","timestamp":1644926613,"volume":"2.06061066","buyTxId":"MM-P-14848152-61835542-3-11-0","sellTxId":"65e1e5918ed445ceaf081dfddf292f13ab83f9bc"}
{"index": {"_index":"pob","_id":"2781200"}}
	{"id":2781200,"type":"sell","buyer":"richardcrill","seller":"savagetobi","symbol":"POB","quantity":"36.69267014","price":"0.03130200","timestamp":1644926625,"volume":"1.14855396","buyTxId":"MM-P-14848152-61835542-3-11-0","sellTxId":"bdeda17f107b0e0579d540518a9776fb6fe0cf23"}
{"index": {"_index":"pob","_id":"2781211"}}
	{"id":2781211,"type":"sell","buyer":"richardcrill","seller":"chekohler","symbol":"POB","quantity":"7.18329167","price":"0.03130200","timestamp":1644926850,"volume":"0.22485140","buyTxId":"MM-P-14848152-61835542-3-11-0","sellTxId":"90a52bcc9d51df134032d0b70023d3461afaee50"}
{"index": {"_index":"pob","_id":"2781369"}}
	{"id":2781369,"type":"sell","buyer":"richardcrill","seller":"dsc-r2cornell","symbol":"POB","quantity":"0.65832004","price":"0.03130200","timestamp":1644929781,"volume":"0.02060673","buyTxId":"MM-P-14848152-61835542-3-11-0","sellTxId":"2889cba024ad5fac4b3dea856b6cd2fbbbf6c045"}
{"index": {"_index":"pob","_id":"2781385"}}
	{"id":2781385,"type":"sell","buyer":"richardcrill","seller":"jersteemit","symbol":"POB","quantity":"108.15000000","price":"0.03130200","timestamp":1644929982,"volume":"3.38531130","buyTxId":"MM-P-14848152-61835542-3-11-0","sellTxId":"5cc58b730f72f75d171b5d1e28580532bddd2634"}
{"index": {"_index":"pob","_id":"2781474"}}
	{"id":2781474,"type":"sell","buyer":"richardcrill","seller":"firstborn.pob","symbol":"POB","quantity":"4.46640374","price":"0.03130200","timestamp":1644931176,"volume":"0.13980737","buyTxId":"MM-P-14848152-61835542-3-11-0","sellTxId":"8edc42fc0080624d9f513102981f5c03f9a6e82e"}
{"index": {"_index":"pob","_id":"2781572"}}
	{"id":2781572,"type":"sell","buyer":"richardcrill","seller":"bitcoinflood","symbol":"POB","quantity":"4.84747605","price":"0.03130200","timestamp":1644932055,"volume":"0.15173570","buyTxId":"MM-P-14848152-61835542-3-11-0","sellTxId":"9d9aa4a061f915960c77af9c720eb3a79b3f3a82"}
{"index": {"_index":"pob","_id":"2781670"}}
	{"id":2781670,"type":"sell","buyer":"richardcrill","seller":"thomashnblum","symbol":"POB","quantity":"219.71183357","price":"0.03130200","timestamp":1644933126,"volume":"6.87741981","buyTxId":"MM-P-14848152-61835542-3-11-0","sellTxId":"dca1c01d5bf51b9d52511c5a987f90af3eb96c73"}
{"index": {"_index":"pob","_id":"2781835"}}
	{"id":2781835,"type":"sell","buyer":"richardcrill","seller":"josediccus","symbol":"POB","quantity":"40.00000000","price":"0.03130200","timestamp":1644934692,"volume":"1.25208000","buyTxId":"MM-P-14848152-61835542-3-11-0","sellTxId":"50ba34e054c24c6bb8b56c7eb27732c53e9bc0c0"}
{"index": {"_index":"pob","_id":"2782012"}}
	{"id":2782012,"type":"sell","buyer":"richardcrill","seller":"anthony2019","symbol":"POB","quantity":"3.29050197","price":"0.03130200","timestamp":1644936633,"volume":"0.10299929","buyTxId":"MM-P-14848152-61835542-3-11-0","sellTxId":"bacb61439c44d18cb07b9b4b4483dc5c1360af56"}
{"index": {"_index":"pob","_id":"2782043"}}
	{"id":2782043,"type":"sell","buyer":"richardcrill","seller":"pjansen","symbol":"POB","quantity":"47.89627222","price":"0.03130200","timestamp":1644937053,"volume":"1.49924911","buyTxId":"MM-P-14848152-61835542-3-11-0","sellTxId":"5ce35348a201e54000015b9d7de9f0e96596a870"}
{"index": {"_index":"pob","_id":"2782063"}}
	{"id":2782063,"type":"sell","buyer":"richardcrill","seller":"worldbuilder","symbol":"POB","quantity":"26.29705607","price":"0.03130200","timestamp":1644937413,"volume":"0.82315045","buyTxId":"MM-P-14848152-61835542-3-11-0","sellTxId":"4298b753adf09946dd3292632a7a462f6710c658"}
{"index": {"_index":"pob","_id":"2782138"}}
	{"id":2782138,"type":"sell","buyer":"richardcrill","seller":"toofasteddie","symbol":"POB","quantity":"32.00000000","price":"0.03130200","timestamp":1644938649,"volume":"1.00166400","buyTxId":"MM-P-14848152-61835542-3-11-0","sellTxId":"9ba9bf7f36a954c4eca7089523d80bec34b8ab2f"}
{"index": {"_index":"pob","_id":"2782146"}}
	{"id":2782146,"type":"sell","buyer":"richardcrill","seller":"khan.dayyanz","symbol":"POB","quantity":"5.22441023","price":"0.03130200","timestamp":1644938742,"volume":"0.16353449","buyTxId":"MM-P-14848152-61835542-3-11-0","sellTxId":"c0a489e4ca9b27ff7973e5600bfdf50c2ee69505"}
{"index": {"_index":"pob","_id":"2782193"}}
	{"id":2782193,"type":"sell","buyer":"richardcrill","seller":"darth-azrael","symbol":"POB","quantity":"1.00000000","price":"0.03130200","timestamp":1644939045,"volume":"0.03130200","buyTxId":"MM-P-14848152-61835542-3-11-0","sellTxId":"8a980f7150bfd7ba024da8dddb9ca8dfaa668162"}
{"index": {"_index":"pob","_id":"2782273"}}
	{"id":2782273,"type":"sell","buyer":"richardcrill","seller":"mawit07","symbol":"POB","quantity":"47.02147910","price":"0.03130200","timestamp":1644940347,"volume":"1.47186634","buyTxId":"MM-P-14848152-61835542-3-11-0","sellTxId":"5799531ba607a13511ae4b1f73cedf67b8db2e6b"}
{"index": {"_index":"pob","_id":"2782357"}}
	{"id":2782357,"type":"sell","buyer":"richardcrill","seller":"gillianpearce","symbol":"POB","quantity":"50.00000000","price":"0.03130200","timestamp":1644941682,"volume":"1.56510000","buyTxId":"MM-P-14848152-61835542-3-11-0","sellTxId":"0d659cd8b7fcd6a471332aa487d5abbdd626a551"}
{"index": {"_index":"pob","_id":"2782389"}}
	{"id":2782389,"type":"sell","buyer":"richardcrill","seller":"brofi-market","symbol":"POB","quantity":"8.58744401","price":"0.03130200","timestamp":1644941844,"volume":"0.26880417","buyTxId":"MM-P-14848152-61835542-3-11-0","sellTxId":"2095ca291e039712e226a54b6d103340364be6c4"}
{"index": {"_index":"pob","_id":"2782434"}}
	{"id":2782434,"type":"sell","buyer":"richardcrill","seller":"hiveclick","symbol":"POB","quantity":"8.33296665","price":"0.03130200","timestamp":1644942237,"volume":"0.26083852","buyTxId":"MM-P-14848152-61835542-3-11-0","sellTxId":"32b735ae1bfcf1624ab7f2b136f528bad8b62ee8"}
{"index": {"_index":"pob","_id":"2782986"}}
	{"id":2782986,"type":"sell","buyer":"richardcrill","seller":"automaton","symbol":"POB","quantity":"1.82309648","price":"0.03140300","timestamp":1644945609,"volume":"0.05725070","buyTxId":"MM-P-14858128-61845520-3-11-0","sellTxId":"14c8afc41c6daf271f2aa37abbcfda8b96b376d8"}
{"index": {"_index":"pob","_id":"2783082"}}
	{"id":2783082,"type":"sell","buyer":"richardcrill","seller":"dunksocial","symbol":"POB","quantity":"21.29327007","price":"0.03140300","timestamp":1644946254,"volume":"0.66867256","buyTxId":"MM-P-14858128-61845520-3-11-0","sellTxId":"0f57f363ee5cc93f1c3f40452f110072bfc1846f"}
{"index": {"_index":"pob","_id":"2783375"}}
	{"id":2783375,"type":"sell","buyer":"mamolya","seller":"ahmetay","symbol":"POB","quantity":"69.00000000","price":"0.03144000","timestamp":1644946764,"volume":"2.16936000","buyTxId":"5693f52ba722ce5b4614806e589291340c95dc8d","sellTxId":"cd7bdd7b6136199fdb65f04ca73970ece4f7db71"}
{"index": {"_index":"pob","_id":"2783376"}}
	{"id":2783376,"type":"sell","buyer":"balina","seller":"ahmetay","symbol":"POB","quantity":"27.96730826","price":"0.03140400","timestamp":1644946764,"volume":"0.87828535","buyTxId":"MM-P-14858645-61846038-3-0-0","sellTxId":"cd7bdd7b6136199fdb65f04ca73970ece4f7db71"}
{"index": {"_index":"pob","_id":"2783479"}}
	{"id":2783479,"type":"sell","buyer":"richardcrill","seller":"adhammer","symbol":"POB","quantity":"5.37965165","price":"0.03150400","timestamp":1644947358,"volume":"0.16948055","buyTxId":"MM-P-14858727-61846120-3-11-0","sellTxId":"3cd6caae7005180d5337467ae39f8884dcb4ca1d"}
{"index": {"_index":"pob","_id":"2783500"}}
	{"id":2783500,"type":"sell","buyer":"richardcrill","seller":"vempromundo","symbol":"POB","quantity":"66.00000000","price":"0.03150400","timestamp":1644947517,"volume":"2.07926400","buyTxId":"MM-P-14858727-61846120-3-11-0","sellTxId":"39ebf7da259e2b4b4324b9f2db3a23ae26303b2e"}
{"index": {"_index":"pob","_id":"2783506"}}
	{"id":2783506,"type":"sell","buyer":"richardcrill","seller":"vempromundo.pob","symbol":"POB","quantity":"23.00000000","price":"0.03150400","timestamp":1644947541,"volume":"0.72459200","buyTxId":"MM-P-14858727-61846120-3-11-0","sellTxId":"6d40f90677da85866e3632b71ad0db2a241ede56"}
{"index": {"_index":"pob","_id":"2783535"}}
	{"id":2783535,"type":"sell","buyer":"richardcrill","seller":"baluvana-galia","symbol":"POB","quantity":"0.94722347","price":"0.03150400","timestamp":1644947823,"volume":"0.02984133","buyTxId":"MM-P-14858727-61846120-3-11-0","sellTxId":"12819e7fd4b9986f167aedf05fbf8bd31aacaf97"}
{"index": {"_index":"pob","_id":"2783567"}}
	{"id":2783567,"type":"sell","buyer":"richardcrill","seller":"ervin-lemark","symbol":"POB","quantity":"16.61497267","price":"0.03150400","timestamp":1644947964,"volume":"0.52343810","buyTxId":"MM-P-14858727-61846120-3-11-0","sellTxId":"714351da8b0fffc3c837783aa274db6f404e63ab"}
{"index": {"_index":"pob","_id":"2783691"}}
	{"id":2783691,"type":"sell","buyer":"richardcrill","seller":"vlemon","symbol":"POB","quantity":"7.60000000","price":"0.03150400","timestamp":1644949149,"volume":"0.23943040","buyTxId":"MM-P-14858727-61846120-3-11-0","sellTxId":"f71afcb59d3e91811f6997776364f25dfa87dceb"}
{"index": {"_index":"pob","_id":"2783842"}}
	{"id":2783842,"type":"sell","buyer":"richardcrill","seller":"readthisplease","symbol":"POB","quantity":"65.00000000","price":"0.03150400","timestamp":1644950232,"volume":"2.04776000","buyTxId":"MM-P-14858727-61846120-3-11-0","sellTxId":"ef8e52892ad723c822c8fa26470f2e6f8a12cbc5"}
{"index": {"_index":"pob","_id":"2783930"}}
	{"id":2783930,"type":"sell","buyer":"richardcrill","seller":"dhedge-drips","symbol":"POB","quantity":"0.92008328","price":"0.03150400","timestamp":1644950811,"volume":"0.02898630","buyTxId":"MM-P-14858727-61846120-3-11-0","sellTxId":"875c41328e2d2e34b584830b5b90fbeade554269"}
{"index": {"_index":"pob","_id":"2784056"}}
	{"id":2784056,"type":"sell","buyer":"richardcrill","seller":"tdctunes","symbol":"POB","quantity":"16.74080293","price":"0.03150400","timestamp":1644951675,"volume":"0.52740226","buyTxId":"MM-P-14858727-61846120-3-11-0","sellTxId":"8fbfd71f1bb18dd4b5886fe763ea0241010ca699"}
{"index": {"_index":"pob","_id":"2784198"}}
	{"id":2784198,"type":"sell","buyer":"richardcrill","seller":"gadrian","symbol":"POB","quantity":"5.29028118","price":"0.03150400","timestamp":1644952521,"volume":"0.16666502","buyTxId":"MM-P-14858727-61846120-3-11-0","sellTxId":"29a952b9ab8cd825db132bcd9a8060fe982ae75b"}
{"index": {"_index":"pob","_id":"2784298"}}
	{"id":2784298,"type":"sell","buyer":"richardcrill","seller":"thecrevolution","symbol":"POB","quantity":"84.61153317","price":"0.03150400","timestamp":1644953232,"volume":"2.66560174","buyTxId":"MM-P-14858727-61846120-3-11-0","sellTxId":"d84ed18900a8e53b73b3c4933867491d374d396b"}
{"index": {"_index":"pob","_id":"2784641"}}
	{"id":2784641,"type":"sell","buyer":"richardcrill","seller":"pjansen","symbol":"POB","quantity":"80.11859736","price":"0.03150400","timestamp":1644955722,"volume":"2.52405629","buyTxId":"MM-P-14858727-61846120-3-11-0","sellTxId":"5fcef5f6a40cec21ee8cfb16857b33ddc24d36ad"}
{"index": {"_index":"pob","_id":"2784648"}}
	{"id":2784648,"type":"sell","buyer":"richardcrill","seller":"pjansen","symbol":"POB","quantity":"80.85949093","price":"0.03150400","timestamp":1644955812,"volume":"2.54739740","buyTxId":"MM-P-14858727-61846120-3-11-0","sellTxId":"44a31ce66cb151cce0aabe40cd8273bb3dee43b6"}
{"index": {"_index":"pob","_id":"2784744"}}
	{"id":2784744,"type":"sell","buyer":"richardcrill","seller":"xabi","symbol":"POB","quantity":"2.40364472","price":"0.03150400","timestamp":1644956724,"volume":"0.07572442","buyTxId":"MM-P-14858727-61846120-3-11-0","sellTxId":"aa9f2e9fe83150e39ad56c9ca1e8a6bb42fefc99"}
{"index": {"_index":"pob","_id":"2784753"}}
	{"id":2784753,"type":"sell","buyer":"richardcrill","seller":"stickupboys","symbol":"POB","quantity":"2.15546649","price":"0.03150400","timestamp":1644956817,"volume":"0.06790582","buyTxId":"MM-P-14858727-61846120-3-11-0","sellTxId":"e7ffd18bf1eff46cf63477f7ff0775e247a0e748"}
{"index": {"_index":"pob","_id":"2784802"}}
	{"id":2784802,"type":"sell","buyer":"richardcrill","seller":"claudio83","symbol":"POB","quantity":"324.99787272","price":"0.03150400","timestamp":1644957231,"volume":"10.23873298","buyTxId":"MM-P-14858727-61846120-3-11-0","sellTxId":"bc211901fcff9a539f12bb7001576454cfe1459a"}
{"index": {"_index":"pob","_id":"2784843"}}
	{"id":2784843,"type":"sell","buyer":"richardcrill","seller":"lisamgentile1961","symbol":"POB","quantity":"1.59973962","price":"0.03150400","timestamp":1644957870,"volume":"0.05039820","buyTxId":"MM-P-14858727-61846120-3-11-0","sellTxId":"d7c623d9b12c4e17be3064c3d740105bf40964eb"}
{"index": {"_index":"pob","_id":"2784886"}}
	{"id":2784886,"type":"sell","buyer":"richardcrill","seller":"gillianpearce","symbol":"POB","quantity":"50.00000000","price":"0.03150400","timestamp":1644958461,"volume":"1.57520000","buyTxId":"MM-P-14858727-61846120-3-11-0","sellTxId":"d1e91b866f4a80a9f4b37fca2e5ad4973e20db5b"}
{"index": {"_index":"pob","_id":"2784888"}}
	{"id":2784888,"type":"sell","buyer":"richardcrill","seller":"deathwing","symbol":"POB","quantity":"0.025","price":"0.03150400","timestamp":1644958509,"volume":"0.00078760","buyTxId":"MM-P-14858727-61846120-3-11-0","sellTxId":"edbe69694d67976b5205183f620bd76ad7b42ed3-0"}
{"index": {"_index":"pob","_id":"2785078"}}
	{"id":2785078,"type":"sell","buyer":"richardcrill","seller":"hive-189742","symbol":"POB","quantity":"0.51399204","price":"0.03150400","timestamp":1644960321,"volume":"0.01619281","buyTxId":"MM-P-14858727-61846120-3-11-0","sellTxId":"823bc28971a240f03aeaa89475cdaaf4c7a7e143"}
{"index": {"_index":"pob","_id":"2785346"}}
	{"id":2785346,"type":"sell","buyer":"richardcrill","seller":"elricmoonslayer","symbol":"POB","quantity":"8.59461139","price":"0.03150400","timestamp":1644962493,"volume":"0.27076464","buyTxId":"MM-P-14858727-61846120-3-11-0","sellTxId":"cb147c2f8786de2fff4bf1493776c795922d1297"}
{"index": {"_index":"pob","_id":"2785405"}}
	{"id":2785405,"type":"sell","buyer":"richardcrill","seller":"robibasa","symbol":"POB","quantity":"4.96259586","price":"0.03150400","timestamp":1644962934,"volume":"0.15634162","buyTxId":"MM-P-14858727-61846120-3-11-0","sellTxId":"838866cb46c374ed29b5d077818bdb6862ca94cd"}
{"index": {"_index":"pob","_id":"2785447"}}
	{"id":2785447,"type":"buy","buyer":"mizuosemla","seller":"pobtrader","symbol":"POB","quantity":"2.06350348","price":"0.03200000","timestamp":1644963249,"volume":"0.06603211","buyTxId":"c09f9ed1f616ecfc0d233d1cca1165afd14e538b","sellTxId":"ef542fda1e048120b408398d068294c80b3a343e"}
{"index": {"_index":"pob","_id":"2785448"}}
	{"id":2785448,"type":"buy","buyer":"mizuosemla","seller":"brofi-market","symbol":"POB","quantity":"8.58744401","price":"0.03200000","timestamp":1644963249,"volume":"0.27479821","buyTxId":"c09f9ed1f616ecfc0d233d1cca1165afd14e538b","sellTxId":"4bdd7ba34469173b209e0c443e65cad63a9571c4"}
{"index": {"_index":"pob","_id":"2785449"}}
	{"id":2785449,"type":"buy","buyer":"mizuosemla","seller":"dhedge-drips","symbol":"POB","quantity":"0.92008328","price":"0.03200000","timestamp":1644963249,"volume":"0.02944266","buyTxId":"c09f9ed1f616ecfc0d233d1cca1165afd14e538b","sellTxId":"d9dc228374a3e2f1ea11360ac40633e907d922a0"}
{"index": {"_index":"pob","_id":"2785490"}}
	{"id":2785490,"type":"buy","buyer":"mizuosemla","seller":"mein-senf-dazu","symbol":"POB","quantity":"1.60000000","price":"0.03220000","timestamp":1644963453,"volume":"0.05152000","buyTxId":"3b3194d105a2e5c85c9654d78dae31d5bbdb5daf","sellTxId":"342e3c243c0ce73281b2a7510fa5f037a8457d84"}
{"index": {"_index":"pob","_id":"2785491"}}
	{"id":2785491,"type":"buy","buyer":"mizuosemla","seller":"stayoutoftherz","symbol":"POB","quantity":"4.20000000","price":"0.03600000","timestamp":1644963453,"volume":"0.15120000","buyTxId":"3b3194d105a2e5c85c9654d78dae31d5bbdb5daf","sellTxId":"6df1cdbc6159a6a64b929b9391ba60369fb3c7ef"}
{"index": {"_index":"pob","_id":"2785492"}}
	{"id":2785492,"type":"buy","buyer":"mizuosemla","seller":"kemmyb","symbol":"POB","quantity":"10.00000000","price":"0.03700000","timestamp":1644963453,"volume":"0.37000000","buyTxId":"3b3194d105a2e5c85c9654d78dae31d5bbdb5daf","sellTxId":"367a841c867f5d5595a256e0ecb99e19cb1d28be"}
{"index": {"_index":"pob","_id":"2785493"}}
	{"id":2785493,"type":"buy","buyer":"mizuosemla","seller":"savagetobi","symbol":"POB","quantity":"30.00000000","price":"0.03700000","timestamp":1644963453,"volume":"1.11000000","buyTxId":"3b3194d105a2e5c85c9654d78dae31d5bbdb5daf","sellTxId":"e05bcfaf95f3a1d45042eaa91c354fefcbff2906"}
{"index": {"_index":"pob","_id":"2785494"}}
	{"id":2785494,"type":"buy","buyer":"mizuosemla","seller":"liotes.voter","symbol":"POB","quantity":"11.86490174","price":"0.03899501","timestamp":1644963453,"volume":"0.46267196","buyTxId":"3b3194d105a2e5c85c9654d78dae31d5bbdb5daf","sellTxId":"77e7e31884cd7513f067f08f82877fe914c89df2"}
{"index": {"_index":"pob","_id":"2785495"}}
	{"id":2785495,"type":"buy","buyer":"mizuosemla","seller":"master-lamps","symbol":"POB","quantity":"60.37458060","price":"0.03899999","timestamp":1644963453,"volume":"2.35460804","buyTxId":"3b3194d105a2e5c85c9654d78dae31d5bbdb5daf","sellTxId":"d92f00734a210ce9c6d3143a80a87a370529a018"}
{"index": {"_index":"pob","_id":"2785533"}}
	{"id":2785533,"type":"buy","buyer":"saboin","seller":"master-lamps","symbol":"POB","quantity":"198.67295930","price":"0.03899999","timestamp":1644963573,"volume":"7.74824343","buyTxId":"05a0ab3660afb548df504afa55dbb6447150f256","sellTxId":"d92f00734a210ce9c6d3143a80a87a370529a018"}
{"index": {"_index":"pob","_id":"2785534"}}
	{"id":2785534,"type":"buy","buyer":"saboin","seller":"master-lamps","symbol":"POB","quantity":"0.03837371","price":"0.03899999","timestamp":1644963573,"volume":"0.00149657","buyTxId":"05a0ab3660afb548df504afa55dbb6447150f256","sellTxId":"56a7942447348801d49c8853848b6824f4b659e8"}
{"index": {"_index":"pob","_id":"2785535"}}
	{"id":2785535,"type":"buy","buyer":"saboin","seller":"ctpsb","symbol":"POB","quantity":"4.28000000","price":"0.03900000","timestamp":1644963573,"volume":"0.16692000","buyTxId":"05a0ab3660afb548df504afa55dbb6447150f256","sellTxId":"d8b62afaa1b5134ace712f36dcd5774eba2ca16c"}
{"index": {"_index":"pob","_id":"2785536"}}
	{"id":2785536,"type":"buy","buyer":"saboin","seller":"brianhuang","symbol":"POB","quantity":"0.35050126","price":"0.03900000","timestamp":1644963573,"volume":"0.01366955","buyTxId":"05a0ab3660afb548df504afa55dbb6447150f256","sellTxId":"653403e033443aed8d7a2a158021480f75c61454"}
{"index": {"_index":"pob","_id":"2785537"}}
	{"id":2785537,"type":"buy","buyer":"saboin","seller":"yintercept","symbol":"POB","quantity":"0.49168840","price":"0.03900000","timestamp":1644963573,"volume":"0.01917585","buyTxId":"05a0ab3660afb548df504afa55dbb6447150f256","sellTxId":"f266d5b8548a8739e53a9a2330c25bc6f924904d"}
{"index": {"_index":"pob","_id":"2785538"}}
	{"id":2785538,"type":"buy","buyer":"saboin","seller":"balina","symbol":"POB","quantity":"285.00000000","price":"0.03927900","timestamp":1644963573,"volume":"11.19451500","buyTxId":"05a0ab3660afb548df504afa55dbb6447150f256","sellTxId":"MM-P-14864212-61851624-3-0-1"}
{"index": {"_index":"pob","_id":"2785539"}}
	{"id":2785539,"type":"buy","buyer":"saboin","seller":"ezunjoshy","symbol":"POB","quantity":"50.00000000","price":"0.03928000","timestamp":1644963573,"volume":"1.96400000","buyTxId":"05a0ab3660afb548df504afa55dbb6447150f256","sellTxId":"66ca3b42ed0803e45a8b5d0a1c6d33036f0356c2"}
{"index": {"_index":"pob","_id":"2785540"}}
	{"id":2785540,"type":"buy","buyer":"saboin","seller":"luizeba","symbol":"POB","quantity":"23.39216213","price":"0.03930000","timestamp":1644963573,"volume":"0.91931197","buyTxId":"05a0ab3660afb548df504afa55dbb6447150f256","sellTxId":"319fe9bb5ea588d41b2624c29119425223d8e145"}
{"index": {"_index":"pob","_id":"2785541"}}
	{"id":2785541,"type":"buy","buyer":"saboin","seller":"kemmyb","symbol":"POB","quantity":"1.08700383","price":"0.04000000","timestamp":1644963573,"volume":"0.04348015","buyTxId":"05a0ab3660afb548df504afa55dbb6447150f256","sellTxId":"21b266f0c6a076d010a4640e224afb25c625ab91"}
{"index": {"_index":"pob","_id":"2785542"}}
	{"id":2785542,"type":"buy","buyer":"saboin","seller":"jacoalberts","symbol":"POB","quantity":"48.00000000","price":"0.04030000","timestamp":1644963573,"volume":"1.93440000","buyTxId":"05a0ab3660afb548df504afa55dbb6447150f256","sellTxId":"4515ca8c408b15cbca9f41ae4b904ca104d03ccf"}
{"index": {"_index":"pob","_id":"2785543"}}
	{"id":2785543,"type":"buy","buyer":"saboin","seller":"tfranzini","symbol":"POB","quantity":"10.00000000","price":"0.04150000","timestamp":1644963573,"volume":"0.41500000","buyTxId":"05a0ab3660afb548df504afa55dbb6447150f256","sellTxId":"2025bbcbfed61bec814d1fce033ee32525c2336a"}
{"index": {"_index":"pob","_id":"2785544"}}
	{"id":2785544,"type":"buy","buyer":"saboin","seller":"lebah","symbol":"POB","quantity":"1805.10598232","price":"0.04187000","timestamp":1644963573,"volume":"75.57978748","buyTxId":"05a0ab3660afb548df504afa55dbb6447150f256","sellTxId":"d81b5752d24bac86c30eac053d2517a4d3b563ba"}
{"index": {"_index":"pob","_id":"2785774"}}
	{"id":2785774,"type":"buy","buyer":"andy4475","seller":"quicktrades","symbol":"POB","quantity":"0.84253514","price":"0.04186998","timestamp":1644964830,"volume":"0.03527693","buyTxId":"4d46515bf6caec676cb15919b5ac66170b596af9","sellTxId":"7219d881ddc2c1854382aa005112ad2920e4521e"}
{"index": {"_index":"pob","_id":"2785775"}}
	{"id":2785775,"type":"buy","buyer":"andy4475","seller":"droida","symbol":"POB","quantity":"0.35900213","price":"0.04186999","timestamp":1644964830,"volume":"0.01503142","buyTxId":"4d46515bf6caec676cb15919b5ac66170b596af9","sellTxId":"e9bba57cfd7561a5112a9e4e732472738e480398"}
{"index": {"_index":"pob","_id":"2785776"}}
	{"id":2785776,"type":"buy","buyer":"andy4475","seller":"lebah","symbol":"POB","quantity":"178.79846273","price":"0.04187000","timestamp":1644964830,"volume":"7.48629163","buyTxId":"4d46515bf6caec676cb15919b5ac66170b596af9","sellTxId":"d81b5752d24bac86c30eac053d2517a4d3b563ba"}
{"index": {"_index":"pob","_id":"2785778"}}
	{"id":2785778,"type":"buy","buyer":"andy4475","seller":"lebah","symbol":"POB","quantity":"11.60000000","price":"0.04187000","timestamp":1644964869,"volume":"0.48569200","buyTxId":"f1e580bb65a721930e8be8f97058e020bd3ce14b","sellTxId":"d81b5752d24bac86c30eac053d2517a4d3b563ba"}
{"index": {"_index":"pob","_id":"2786022"}}
	{"id":2786022,"type":"sell","buyer":"richardcrill","seller":"knowledge23.pob","symbol":"POB","quantity":"8.00000000","price":"0.03210802","timestamp":1644966882,"volume":"0.25686416","buyTxId":"MM-P-14865191-61852604-3-11-0","sellTxId":"f5cb041a662b6550ab5fc7d303fd4263a12d4ac8"}
{"index": {"_index":"pob","_id":"2786116"}}
	{"id":2786116,"type":"sell","buyer":"richardcrill","seller":"ahmetay","symbol":"POB","quantity":"191.47910409","price":"0.03210802","timestamp":1644967737,"volume":"6.14801490","buyTxId":"MM-P-14865191-61852604-3-11-0","sellTxId":"8a7a242688b37b518daf7bd1f61f9cb7601e16f7"}
{"index": {"_index":"pob","_id":"2786186"}}
	{"id":2786186,"type":"buy","buyer":"wilfredocav","seller":"tralb","symbol":"POB","quantity":"0.59544507","price":"0.04100000","timestamp":1644968742,"volume":"0.02441325","buyTxId":"2bf847fc6aa0ded5a9a47a5af18093c906da7678","sellTxId":"cb2bd7fb4e4ef3317a79502f8d0ae619bc5c0f00"}
{"index": {"_index":"pob","_id":"2786187"}}
	{"id":2786187,"type":"buy","buyer":"wilfredocav","seller":"master-lamps","symbol":"POB","quantity":"0.03383098","price":"0.04186999","timestamp":1644968742,"volume":"0.00141650","buyTxId":"2bf847fc6aa0ded5a9a47a5af18093c906da7678","sellTxId":"f3577410e01d6565a9b34de41b938203bd917110"}
{"index": {"_index":"pob","_id":"2786188"}}
	{"id":2786188,"type":"buy","buyer":"wilfredocav","seller":"lebah","symbol":"POB","quantity":"125.49555495","price":"0.04187000","timestamp":1644968742,"volume":"5.25449889","buyTxId":"2bf847fc6aa0ded5a9a47a5af18093c906da7678","sellTxId":"d81b5752d24bac86c30eac053d2517a4d3b563ba"}
{"index": {"_index":"pob","_id":"2786189"}}
	{"id":2786189,"type":"buy","buyer":"wilfredocav","seller":"he-index","symbol":"POB","quantity":"0.08100000","price":"0.04187000","timestamp":1644968742,"volume":"0.00339147","buyTxId":"2bf847fc6aa0ded5a9a47a5af18093c906da7678","sellTxId":"54a0bc0aef2d8a31d3a2717998ff6eef824bbfb5"}
{"index": {"_index":"pob","_id":"2786190"}}
	{"id":2786190,"type":"buy","buyer":"wilfredocav","seller":"balina","symbol":"POB","quantity":"228.32021672","price":"0.04197298","timestamp":1644968742,"volume":"9.58327989","buyTxId":"2bf847fc6aa0ded5a9a47a5af18093c906da7678","sellTxId":"MM-P-14865905-61853319-3-0-1"}
{"index": {"_index":"pob","_id":"2786514"}}
	{"id":2786514,"type":"sell","buyer":"yintercept","seller":"chireerocks","symbol":"POB","quantity":"0.48000000","price":"0.03330000","timestamp":1644971778,"volume":"0.01598400","buyTxId":"497a0415c099b106a8a1a6c63d57691355a0c821","sellTxId":"819a0c26259d3aae9de13e1351b8d17b0ab96294"}
{"index": {"_index":"pob","_id":"2786575"}}
	{"id":2786575,"type":"sell","buyer":"richardcrill","seller":"chireerocks","symbol":"POB","quantity":"6.44001835","price":"0.03220902","timestamp":1644971985,"volume":"0.20742668","buyTxId":"MM-P-14866085-61853500-3-11-0","sellTxId":"9b6e2c268ac89c67b46a9897b3d7f1abd0bbd746"}
{"index": {"_index":"pob","_id":"2786674"}}
	{"id":2786674,"type":"sell","buyer":"he-index","seller":"dswap","symbol":"POB","quantity":"0.24807601","price":"0.03330000","timestamp":1644972900,"volume":"0.00826093","buyTxId":"ceda82e9232c80a01e02d023bad5d4719ea2a706","sellTxId":"dafa86151cb42137731ab44be76aefdd0e5d7455"}
{"index": {"_index":"pob","_id":"2786679"}}
	{"id":2786679,"type":"sell","buyer":"he-index","seller":"gubbatv","symbol":"POB","quantity":"6.87299676","price":"0.03330000","timestamp":1644972957,"volume":"0.22887079","buyTxId":"ceda82e9232c80a01e02d023bad5d4719ea2a706","sellTxId":"329689f2b45dc5ca102d06cbec1095dbadcc2b99"}
{"index": {"_index":"pob","_id":"2786801"}}
	{"id":2786801,"type":"buy","buyer":"opidia","seller":"forexbrokr","symbol":"POB","quantity":"0.52013000","price":"0.04000000","timestamp":1644974520,"volume":"0.02080520","buyTxId":"5a232651cb51012665fa33692be6796ee6813cda","sellTxId":"14701691efc431d7f2e129b5a2e7b19148f18285"}
{"index": {"_index":"pob","_id":"2786809"}}
	{"id":2786809,"type":"buy","buyer":"opidia","seller":"forexbrokr","symbol":"POB","quantity":"0.00000060","price":"0.04000000","timestamp":1644974637,"volume":"0.00000002","buyTxId":"a4de4b0a30a4e7491280c28c81a6d9663aa9af4b","sellTxId":"14701691efc431d7f2e129b5a2e7b19148f18285"}
{"index": {"_index":"pob","_id":"2786810"}}
	{"id":2786810,"type":"buy","buyer":"opidia","seller":"apeboy","symbol":"POB","quantity":"0.50048140","price":"0.04178000","timestamp":1644974637,"volume":"0.02091011","buyTxId":"a4de4b0a30a4e7491280c28c81a6d9663aa9af4b","sellTxId":"c04d363f757f6d43f5b97ca9f4c3706bf98dd2e6"}
{"index": {"_index":"pob","_id":"2786813"}}
	{"id":2786813,"type":"buy","buyer":"opidia","seller":"apeboy","symbol":"POB","quantity":"0.00000107","price":"0.04178000","timestamp":1644974658,"volume":"0.00000004","buyTxId":"1df49a7f68551c2ce50c412b96b5ffd83f1b41af","sellTxId":"c04d363f757f6d43f5b97ca9f4c3706bf98dd2e6"}
{"index": {"_index":"pob","_id":"2786814"}}
	{"id":2786814,"type":"buy","buyer":"opidia","seller":"balina","symbol":"POB","quantity":"284.99999893","price":"0.04198898","timestamp":1644974658,"volume":"11.96685926","buyTxId":"1df49a7f68551c2ce50c412b96b5ffd83f1b41af","sellTxId":"MM-P-14866603-61854018-3-0-1"}
{"index": {"_index":"pob","_id":"2786817"}}
	{"id":2786817,"type":"buy","buyer":"opidia","seller":"balina","symbol":"POB","quantity":"0.00000107","price":"0.04198898","timestamp":1644974682,"volume":"0.00000004","buyTxId":"81e5d207a899d7ad7d7e19ee30801834803332b4","sellTxId":"MM-P-14866603-61854018-3-0-1"}
{"index": {"_index":"pob","_id":"2786818"}}
	{"id":2786818,"type":"buy","buyer":"opidia","seller":"erhan92","symbol":"POB","quantity":"99.99999893","price":"0.04198998","timestamp":1644974682,"volume":"4.19899796","buyTxId":"81e5d207a899d7ad7d7e19ee30801834803332b4","sellTxId":"9d8ed5ee8f639efcc0d673da56a4b3f338284aeb"}
{"index": {"_index":"pob","_id":"2786821"}}
	{"id":2786821,"type":"buy","buyer":"opidia","seller":"erhan92","symbol":"POB","quantity":"0.00000107","price":"0.04198998","timestamp":1644974745,"volume":"0.00000004","buyTxId":"71a41d34cca23b7fdad674a00960221914d0f86e","sellTxId":"9d8ed5ee8f639efcc0d673da56a4b3f338284aeb"}
{"index": {"_index":"pob","_id":"2786822"}}
	{"id":2786822,"type":"buy","buyer":"opidia","seller":"liotes.voter","symbol":"POB","quantity":"21.21008593","price":"0.04199501","timestamp":1644974745,"volume":"0.89071777","buyTxId":"71a41d34cca23b7fdad674a00960221914d0f86e","sellTxId":"f92b80f596fc82ebeaa3a3326b93fe34a9083d37"}
{"index": {"_index":"pob","_id":"2786823"}}
	{"id":2786823,"type":"buy","buyer":"opidia","seller":"liotes.voter","symbol":"POB","quantity":"0.00000153","price":"0.04199501","timestamp":1644974769,"volume":"0.00000006","buyTxId":"2ad9830a6120cf9716e1af4a7392e86e53150e87","sellTxId":"f92b80f596fc82ebeaa3a3326b93fe34a9083d37"}
{"index": {"_index":"pob","_id":"2786824"}}
	{"id":2786824,"type":"buy","buyer":"opidia","seller":"mein-senf-dazu","symbol":"POB","quantity":"1.44999847","price":"0.04220000","timestamp":1644974769,"volume":"0.06118994","buyTxId":"2ad9830a6120cf9716e1af4a7392e86e53150e87","sellTxId":"3de26aeac7f25fa4528583cf963ec0ff4f462096"}
{"index": {"_index":"pob","_id":"2786826"}}
	{"id":2786826,"type":"buy","buyer":"opidia","seller":"mein-senf-dazu","symbol":"POB","quantity":"0.00000153","price":"0.04220000","timestamp":1644974793,"volume":"0.00000006","buyTxId":"a4a4e7ce20f5049f68e7f66feae9c82e63ad0331","sellTxId":"3de26aeac7f25fa4528583cf963ec0ff4f462096"}
{"index": {"_index":"pob","_id":"2786827"}}
	{"id":2786827,"type":"buy","buyer":"opidia","seller":"greengineer","symbol":"POB","quantity":"12.78192047","price":"0.04249699","timestamp":1644974793,"volume":"0.54319315","buyTxId":"a4a4e7ce20f5049f68e7f66feae9c82e63ad0331","sellTxId":"f0c0c21235eb901caee18b0456119b5b2f2a7e0c"}
{"index": {"_index":"pob","_id":"2786831"}}
	{"id":2786831,"type":"buy","buyer":"opidia","seller":"greengineer","symbol":"POB","quantity":"0.00000184","price":"0.04249699","timestamp":1644974820,"volume":"0.00000008","buyTxId":"6dc2f0c92cf7c940ef638c3601426ceedf063a4d","sellTxId":"f0c0c21235eb901caee18b0456119b5b2f2a7e0c"}
{"index": {"_index":"pob","_id":"2786832"}}
	{"id":2786832,"type":"buy","buyer":"opidia","seller":"steemmillionaire","symbol":"POB","quantity":"18.54673716","price":"0.04249900","timestamp":1644974820,"volume":"0.78821778","buyTxId":"6dc2f0c92cf7c940ef638c3601426ceedf063a4d","sellTxId":"10e4967c6e36305f56849aeb2391b7a38ec7b3b0"}
{"index": {"_index":"pob","_id":"2786835"}}
	{"id":2786835,"type":"buy","buyer":"opidia","seller":"steemmillionaire","symbol":"POB","quantity":"0.00000200","price":"0.04249900","timestamp":1644974856,"volume":"0.00000008","buyTxId":"8be0d0b27d7c71f880fa68ff3f0593cbcfbf20d5","sellTxId":"10e4967c6e36305f56849aeb2391b7a38ec7b3b0"}
{"index": {"_index":"pob","_id":"2786836"}}
	{"id":2786836,"type":"buy","buyer":"opidia","seller":"brofi-market","symbol":"POB","quantity":"5.33428923","price":"0.04249991","timestamp":1644974880,"volume":"0.22670681","buyTxId":"24ca565d3f8b3c6b5e45827b713f1b711b20bb64","sellTxId":"7b398dbe12c3511a894e03b4c059e3bb38b15e18"}
{"index": {"_index":"pob","_id":"2786837"}}
	{"id":2786837,"type":"buy","buyer":"opidia","seller":"dhedge-drips","symbol":"POB","quantity":"0.57153077","price":"0.04249991","timestamp":1644974880,"volume":"0.02429001","buyTxId":"24ca565d3f8b3c6b5e45827b713f1b711b20bb64","sellTxId":"b8bd85fbd55143e2f784a3cf410e6ab1a1ba36e5"}
{"index": {"_index":"pob","_id":"2786838"}}
	{"id":2786838,"type":"buy","buyer":"opidia","seller":"dhedge-drips","symbol":"POB","quantity":"0.00000021","price":"0.04249991","timestamp":1644974910,"volume":"0.00000001","buyTxId":"19d8df86f41625e4a2e77cefe181139116274394","sellTxId":"b8bd85fbd55143e2f784a3cf410e6ab1a1ba36e5"}
{"index": {"_index":"pob","_id":"2786839"}}
	{"id":2786839,"type":"buy","buyer":"opidia","seller":"automaton","symbol":"POB","quantity":"1.11483379","price":"0.04250000","timestamp":1644974910,"volume":"0.04738044","buyTxId":"19d8df86f41625e4a2e77cefe181139116274394","sellTxId":"a6c7bf3214d9fc420df4a87547501d7ef8caaee2"}
{"index": {"_index":"pob","_id":"2786843"}}
	{"id":2786843,"type":"buy","buyer":"opidia","seller":"automaton","symbol":"POB","quantity":"0.00000116","price":"0.04250000","timestamp":1644974955,"volume":"0.00000005","buyTxId":"b893d25e229144b68f4461c5ee32a438cf4532ba","sellTxId":"a6c7bf3214d9fc420df4a87547501d7ef8caaee2"}
{"index": {"_index":"pob","_id":"2786847"}}
	{"id":2786847,"type":"buy","buyer":"opidia","seller":"quicktrades","symbol":"POB","quantity":"0.77096803","price":"0.04299988","timestamp":1644975000,"volume":"0.03315153","buyTxId":"544565ec10171c8cacf5062efb66120801a3c7b6","sellTxId":"897338b288959fdf86fdcfbc17bc4e52bffd92fc"}
{"index": {"_index":"pob","_id":"2786848"}}
	{"id":2786848,"type":"buy","buyer":"opidia","seller":"droida","symbol":"POB","quantity":"0.33797970","price":"0.04299989","timestamp":1644975000,"volume":"0.01453309","buyTxId":"544565ec10171c8cacf5062efb66120801a3c7b6","sellTxId":"3ea1452283c3a840f823512af4001f3679dfafda"}
{"index": {"_index":"pob","_id":"2786849"}}
	{"id":2786849,"type":"buy","buyer":"opidia","seller":"captaincryptic","symbol":"POB","quantity":"11.68107183","price":"0.04299990","timestamp":1644975000,"volume":"0.50228492","buyTxId":"544565ec10171c8cacf5062efb66120801a3c7b6","sellTxId":"ca9b8dc4299fedf75eaa2b3a78478caf136d6fd0"}
{"index": {"_index":"pob","_id":"2786850"}}
	{"id":2786850,"type":"buy","buyer":"opidia","seller":"erikah","symbol":"POB","quantity":"10.00000000","price":"0.04299990","timestamp":1644975000,"volume":"0.42999900","buyTxId":"544565ec10171c8cacf5062efb66120801a3c7b6","sellTxId":"30107e4b2c1bec47f82cb291a137939093a62bce"}
{"index": {"_index":"pob","_id":"2786851"}}
	{"id":2786851,"type":"buy","buyer":"opidia","seller":"erikah","symbol":"POB","quantity":"10.00000000","price":"0.04299990","timestamp":1644975000,"volume":"0.42999900","buyTxId":"544565ec10171c8cacf5062efb66120801a3c7b6","sellTxId":"16c4e2e3457966d55b3cc1e544b4455d7ceb52a8"}
{"index": {"_index":"pob","_id":"2786863"}}
	{"id":2786863,"type":"buy","buyer":"opidia","seller":"balina","symbol":"POB","quantity":"285.00000000","price":"0.04399900","timestamp":1644975156,"volume":"12.53971500","buyTxId":"cff1efd191d220ae34fbdbcfb59c748eba41e97f","sellTxId":"MM-P-14867997-61855415-3-0-1"}
{"index": {"_index":"pob","_id":"2786870"}}
	{"id":2786870,"type":"buy","buyer":"opidia","seller":"demotruk","symbol":"POB","quantity":"0.50788183","price":"0.04400000","timestamp":1644975258,"volume":"0.02234680","buyTxId":"f7072241663c54c0870829657296c9a3265a4365","sellTxId":"d2e2952b66124fca8a82a1859ec3178d379b22fd"}
{"index": {"_index":"pob","_id":"2786871"}}
	{"id":2786871,"type":"buy","buyer":"opidia","seller":"stayoutoftherz","symbol":"POB","quantity":"6.66000000","price":"0.04400000","timestamp":1644975258,"volume":"0.29304000","buyTxId":"f7072241663c54c0870829657296c9a3265a4365","sellTxId":"278be582515f7eccae2ef0cd31bbd3d1b08c29e9"}
{"index": {"_index":"pob","_id":"2786872"}}
	{"id":2786872,"type":"buy","buyer":"opidia","seller":"eirik","symbol":"POB","quantity":"5.99999917","price":"0.04400000","timestamp":1644975258,"volume":"0.26399996","buyTxId":"f7072241663c54c0870829657296c9a3265a4365","sellTxId":"13a3a3ed598caa250317fca10c5423cc37702643"}
{"index": {"_index":"pob","_id":"2786876"}}
	{"id":2786876,"type":"buy","buyer":"opidia","seller":"eirik","symbol":"POB","quantity":"0.00000083","price":"0.04400000","timestamp":1644975318,"volume":"0.00000004","buyTxId":"8a5677e4259d9ad7af03a41ec8eab24029913aa4","sellTxId":"13a3a3ed598caa250317fca10c5423cc37702643"}
{"index": {"_index":"pob","_id":"2786950"}}
	{"id":2786950,"type":"sell","buyer":"opidia","seller":"ugochill","symbol":"POB","quantity":"0.08500000","price":"0.04198898","timestamp":1644976533,"volume":"0.00356906","buyTxId":"d3735c804850cbb1cc8528116947b9db60770f00","sellTxId":"247eebf6b4cd91492753bd12e8f166d434d2f64a"}
{"index": {"_index":"pob","_id":"2786992"}}
	{"id":2786992,"type":"buy","buyer":"opidia","seller":"vikbuddy","symbol":"POB","quantity":"298.72679400","price":"0.04400000","timestamp":1644977163,"volume":"13.14397894","buyTxId":"69a31904071a878d714b4cd850a9a558cd5b4368","sellTxId":"09863a28da4a4a489840458459a9dc0efe804ada"}
{"index": {"_index":"pob","_id":"2787165"}}
	{"id":2787165,"type":"buy","buyer":"opidia","seller":"kojiri","symbol":"POB","quantity":"3.00000000","price":"0.04390000","timestamp":1644979278,"volume":"0.13170000","buyTxId":"74a249475ab010aa71367a5640d2bd91b2cfe1a8","sellTxId":"737d68a4f2c3a3aafa57bd4ad1992d5efde329e2"}
{"index": {"_index":"pob","_id":"2787206"}}
	{"id":2787206,"type":"buy","buyer":"opidia","seller":"vikbuddy","symbol":"POB","quantity":"0.00000026","price":"0.04400000","timestamp":1644979683,"volume":"0.00000001","buyTxId":"cfb1398203bb38be647708a1cd2fee1d0ad4d7d2","sellTxId":"09863a28da4a4a489840458459a9dc0efe804ada"}
{"index": {"_index":"pob","_id":"2787207"}}
	{"id":2787207,"type":"buy","buyer":"opidia","seller":"onealfa.pob","symbol":"POB","quantity":"3183.99999974","price":"0.04549700","timestamp":1644979683,"volume":"144.86244799","buyTxId":"cfb1398203bb38be647708a1cd2fee1d0ad4d7d2","sellTxId":"1aebd569017e1f0882e33390cd36429757182e23"}
{"index": {"_index":"pob","_id":"2787217"}}
	{"id":2787217,"type":"buy","buyer":"opidia","seller":"onealfa.pob","symbol":"POB","quantity":"0.00000026","price":"0.04549700","timestamp":1644979713,"volume":"0.00000001","buyTxId":"5c0a97670277eb21a2a72635433bcf61fb8c30f9","sellTxId":"1aebd569017e1f0882e33390cd36429757182e23"}
{"index": {"_index":"pob","_id":"2787218"}}
	{"id":2787218,"type":"buy","buyer":"opidia","seller":"balina","symbol":"POB","quantity":"284.99999974","price":"0.04699300","timestamp":1644979713,"volume":"13.39300499","buyTxId":"5c0a97670277eb21a2a72635433bcf61fb8c30f9","sellTxId":"MM-P-14869493-61856913-3-0-1"}
{"index": {"_index":"pob","_id":"2787224"}}
	{"id":2787224,"type":"buy","buyer":"opidia","seller":"balina","symbol":"POB","quantity":"0.00000026","price":"0.04699300","timestamp":1644979758,"volume":"0.00000001","buyTxId":"54d312f28594d07f841d2b314de5f7786888b3f9","sellTxId":"MM-P-14869493-61856913-3-0-1"}
{"index": {"_index":"pob","_id":"2787225"}}
	{"id":2787225,"type":"buy","buyer":"opidia","seller":"eirik","symbol":"POB","quantity":"3.99999974","price":"0.04700000","timestamp":1644979758,"volume":"0.18799999","buyTxId":"54d312f28594d07f841d2b314de5f7786888b3f9","sellTxId":"39b9f061d9b6f016046bffc553766496f30339ef"}
{"index": {"_index":"pob","_id":"2787385"}}
	{"id":2787385,"type":"sell","buyer":"richardcrill","seller":"coffeelovers","symbol":"POB","quantity":"4.44","price":"0.03431100","timestamp":1644982296,"volume":"0.15234084","buyTxId":"MM-P-14869475-61856895-3-11-0","sellTxId":"badc7adf346c9022acc5f46357a1ddab7172ab49"}
{"index": {"_index":"pob","_id":"2787438"}}
	{"id":2787438,"type":"sell","buyer":"richardcrill","seller":"interpretation","symbol":"POB","quantity":"49.65893337","price":"0.03431100","timestamp":1644983052,"volume":"1.70384766","buyTxId":"MM-P-14869475-61856895-3-11-0","sellTxId":"657116ee7bbe72696e4b22b01541dec17588c884"}
