{"index": {"_index":"pob","_id":"1823811"}}
	{"id":1823811,"type":"sell","buyer":"gimme-your-coinz","seller":"preparedwombat","symbol":"POB","quantity":"4.34884247","price":"0.12001001","timestamp":1635474603,"volume":"0.52190463","buyTxId":"48a3758d59883efa92565a01a4b417cfd12b4929","sellTxId":"903d8030cd1d83c13394b50574a6c724d61a90a9"}
{"index": {"_index":"pob","_id":"1823917"}}
	{"id":1823917,"type":"sell","buyer":"gimme-your-coinz","seller":"magnacarta","symbol":"POB","quantity":"0.08230665","price":"0.12001001","timestamp":1635476430,"volume":"0.00987762","buyTxId":"48a3758d59883efa92565a01a4b417cfd12b4929","sellTxId":"6e1b4ceee2d4bf20860d5a1240d98b84eb85abb1"}
{"index": {"_index":"pob","_id":"1823937"}}
	{"id":1823937,"type":"sell","buyer":"gimme-your-coinz","seller":"offgridlife","symbol":"POB","quantity":"2.00000000","price":"0.12001001","timestamp":1635476703,"volume":"0.24002002","buyTxId":"48a3758d59883efa92565a01a4b417cfd12b4929","sellTxId":"faa655e0f3e349e4123ce6e6e74b551408b2b4cf"}
{"index": {"_index":"pob","_id":"1824116"}}
	{"id":1824116,"type":"sell","buyer":"gimme-your-coinz","seller":"dudeontheweb","symbol":"POB","quantity":"4.70000000","price":"0.12001001","timestamp":1635478617,"volume":"0.56404705","buyTxId":"48a3758d59883efa92565a01a4b417cfd12b4929","sellTxId":"caa966c34e9fda1e6f976f51e390b5e107e30ed5"}
{"index": {"_index":"pob","_id":"1824131"}}
	{"id":1824131,"type":"sell","buyer":"gimme-your-coinz","seller":"nulledgh0st","symbol":"POB","quantity":"3.42552885","price":"0.12001001","timestamp":1635478809,"volume":"0.41109775","buyTxId":"48a3758d59883efa92565a01a4b417cfd12b4929","sellTxId":"b1cbd2e3dc5c86d2418e7e8b530a3f06e414f8d5"}
{"index": {"_index":"pob","_id":"1824170"}}
	{"id":1824170,"type":"sell","buyer":"gimme-your-coinz","seller":"melbourneswest","symbol":"POB","quantity":"3.73830198","price":"0.12001001","timestamp":1635479283,"volume":"0.44863366","buyTxId":"48a3758d59883efa92565a01a4b417cfd12b4929","sellTxId":"594bf39747e54391d7fbb87b8167579dda966a76"}
{"index": {"_index":"pob","_id":"1824195"}}
	{"id":1824195,"type":"sell","buyer":"gimme-your-coinz","seller":"chinorf","symbol":"POB","quantity":"0.75911851","price":"0.12001001","timestamp":1635479658,"volume":"0.09110182","buyTxId":"48a3758d59883efa92565a01a4b417cfd12b4929","sellTxId":"26367ee866e03123d068301b89e60b213c47c16a"}
{"index": {"_index":"pob","_id":"1824275"}}
	{"id":1824275,"type":"sell","buyer":"gimme-your-coinz","seller":"jeniffer23","symbol":"POB","quantity":"2.14409018","price":"0.12001001","timestamp":1635480228,"volume":"0.25731228","buyTxId":"48a3758d59883efa92565a01a4b417cfd12b4929","sellTxId":"75f4f76fad1f9b93dd1260511a3c999d8922c5ca"}
{"index": {"_index":"pob","_id":"1824352"}}
	{"id":1824352,"type":"sell","buyer":"gimme-your-coinz","seller":"yuza","symbol":"POB","quantity":"0.89836326","price":"0.12001001","timestamp":1635481032,"volume":"0.10781258","buyTxId":"48a3758d59883efa92565a01a4b417cfd12b4929","sellTxId":"1e64422c982e104a91ed152d132f58e0662d4546"}
{"index": {"_index":"pob","_id":"1824406"}}
	{"id":1824406,"type":"sell","buyer":"trostparadox","seller":"cookaiss","symbol":"POB","quantity":"0.14000000","price":"0.12500000","timestamp":1635481887,"volume":"0.01750000","buyTxId":"3d92ccb22ad59e77a16e7aeede1d503368dcc7c1","sellTxId":"e7c4cf075c5ae78ff2ed826787db4f12e4366912"}
{"index": {"_index":"pob","_id":"1824449"}}
	{"id":1824449,"type":"sell","buyer":"trostparadox","seller":"hiveclick","symbol":"POB","quantity":"2.30911869","price":"0.12500000","timestamp":1635482466,"volume":"0.28863984","buyTxId":"3d92ccb22ad59e77a16e7aeede1d503368dcc7c1","sellTxId":"b1ee9b6d87d8c2da3e1953ee2ef701c665b5f111"}
{"index": {"_index":"pob","_id":"1824459"}}
	{"id":1824459,"type":"sell","buyer":"trostparadox","seller":"hive.pizza","symbol":"POB","quantity":"0.65989432","price":"0.12500000","timestamp":1635482721,"volume":"0.08248679","buyTxId":"3d92ccb22ad59e77a16e7aeede1d503368dcc7c1","sellTxId":"1a6d8280d90b01b7bdb6122f9d685c709a8ddae9"}
{"index": {"_index":"pob","_id":"1824551"}}
	{"id":1824551,"type":"buy","buyer":"anacristinasilva","seller":"shepz1","symbol":"POB","quantity":"70.00446625","price":"0.16000000","timestamp":1635484458,"volume":"11.20071460","buyTxId":"d9aeb914209907ca64969b56af74db0ffbb586b6","sellTxId":"ee0acc8927dd091ae475146f055b7d2af8ed195e"}
{"index": {"_index":"pob","_id":"1824743"}}
	{"id":1824743,"type":"sell","buyer":"trostparadox","seller":"citywriter","symbol":"POB","quantity":"3.78411223","price":"0.12500000","timestamp":1635487200,"volume":"0.47301403","buyTxId":"3d92ccb22ad59e77a16e7aeede1d503368dcc7c1","sellTxId":"370a9e38c277190e2e604d48f0e60b067c3ce1b8"}
{"index": {"_index":"pob","_id":"1825054"}}
	{"id":1825054,"type":"sell","buyer":"trostparadox","seller":"theguru.photos","symbol":"POB","quantity":"12.09356554","price":"0.12500000","timestamp":1635489390,"volume":"1.51169569","buyTxId":"3d92ccb22ad59e77a16e7aeede1d503368dcc7c1","sellTxId":"9d909e61beea16510aff04dabcae5c61c583484f"}
{"index": {"_index":"pob","_id":"1825074"}}
	{"id":1825074,"type":"sell","buyer":"trostparadox","seller":"theguru.photos","symbol":"POB","quantity":"2.54622126","price":"0.12500000","timestamp":1635489573,"volume":"0.31827766","buyTxId":"3d92ccb22ad59e77a16e7aeede1d503368dcc7c1","sellTxId":"ed9b6905e3290e7ae920c874b34aa6a32501bd00"}
{"index": {"_index":"pob","_id":"1825403"}}
	{"id":1825403,"type":"sell","buyer":"vikbuddy","seller":"gubbatv","symbol":"POB","quantity":"0.63649525","price":"0.12600000","timestamp":1635492657,"volume":"0.08019840","buyTxId":"c603660160a1e6cf4d16998b03001f771ad794b3","sellTxId":"33a4f7365e39d52d8fa0fb99a009bbb14c49dac6"}
{"index": {"_index":"pob","_id":"1825422"}}
	{"id":1825422,"type":"sell","buyer":"vikbuddy","seller":"stickupboys","symbol":"POB","quantity":"5.46648581","price":"0.12600000","timestamp":1635492897,"volume":"0.68877721","buyTxId":"c603660160a1e6cf4d16998b03001f771ad794b3","sellTxId":"b9b0da8950fff255aa6c5926463218038ed0a731"}
{"index": {"_index":"pob","_id":"1825467"}}
	{"id":1825467,"type":"sell","buyer":"vikbuddy","seller":"alexvan","symbol":"POB","quantity":"16.40522091","price":"0.12700000","timestamp":1635493461,"volume":"2.08346306","buyTxId":"a98d1d0a12ab2f7206365896b0d83553293b8c95","sellTxId":"00361b94cde8b5622d17852c12389b544894bb01"}
{"index": {"_index":"pob","_id":"1825481"}}
	{"id":1825481,"type":"sell","buyer":"vikbuddy","seller":"ezunjoshy","symbol":"POB","quantity":"22.22000000","price":"0.12700000","timestamp":1635493614,"volume":"2.82194000","buyTxId":"a98d1d0a12ab2f7206365896b0d83553293b8c95","sellTxId":"9d34b57f2df2d758ea4b20f6c692266355d069dc"}
{"index": {"_index":"pob","_id":"1825489"}}
	{"id":1825489,"type":"buy","buyer":"barski","seller":"clixmoney","symbol":"POB","quantity":"4.45329100","price":"0.15000000","timestamp":1635493665,"volume":"0.66799365","buyTxId":"9a53c6574b4f847cea3c7b5cfbe21758ef34743b","sellTxId":"f12ad827f1b006f11ce33947fa02d041abaab159"}
{"index": {"_index":"pob","_id":"1825493"}}
	{"id":1825493,"type":"sell","buyer":"vikbuddy","seller":"valor2s","symbol":"POB","quantity":"1.25363574","price":"0.12700000","timestamp":1635493710,"volume":"0.15921174","buyTxId":"a98d1d0a12ab2f7206365896b0d83553293b8c95","sellTxId":"5471329c281044ea641c7fd880a9e6de7d3b8186"}
{"index": {"_index":"pob","_id":"1825506"}}
	{"id":1825506,"type":"buy","buyer":"ahmetay","seller":"clixmoney","symbol":"POB","quantity":"2.65908800","price":"0.15000000","timestamp":1635493872,"volume":"0.39886320","buyTxId":"ea7f80c6b21638a983caf383939fa8442d67ff56","sellTxId":"f12ad827f1b006f11ce33947fa02d041abaab159"}
{"index": {"_index":"pob","_id":"1825535"}}
	{"id":1825535,"type":"sell","buyer":"vikbuddy","seller":"bitcoinflood","symbol":"POB","quantity":"4.12114335","price":"0.12700000","timestamp":1635494082,"volume":"0.52338520","buyTxId":"a98d1d0a12ab2f7206365896b0d83553293b8c95","sellTxId":"0d63b0beb3206f2f86cc0a1aaa05fd583a2174c6"}
{"index": {"_index":"pob","_id":"1825577"}}
	{"id":1825577,"type":"sell","buyer":"coininstant","seller":"hive-143869","symbol":"POB","quantity":"0.11900000","price":"0.12601000","timestamp":1635494523,"volume":"0.01499519","buyTxId":"7180aa34f06829155a24f8bcf04b21ca60c65123","sellTxId":"44fe268d39663d492583bd97a5b8d0866d2935ed"}
{"index": {"_index":"pob","_id":"1825579"}}
	{"id":1825579,"type":"buy","buyer":"he-index","seller":"bitcoinflood","symbol":"POB","quantity":"0.14200000","price":"0.12700000","timestamp":1635494532,"volume":"0.01803400","buyTxId":"6a40223b2ddc4043471cce618601f8fc086fc1b4","sellTxId":"0d63b0beb3206f2f86cc0a1aaa05fd583a2174c6"}
{"index": {"_index":"pob","_id":"1825603"}}
	{"id":1825603,"type":"sell","buyer":"coininstant","seller":"trumpman","symbol":"POB","quantity":"6.08426607","price":"0.12601000","timestamp":1635494799,"volume":"0.76667837","buyTxId":"7180aa34f06829155a24f8bcf04b21ca60c65123","sellTxId":"18f23a72a2402390577f031d772e4892d62d7c66"}
{"index": {"_index":"pob","_id":"1825718"}}
	{"id":1825718,"type":"sell","buyer":"speedtuning","seller":"gillianpearce","symbol":"POB","quantity":"30.00000000","price":"0.12501000","timestamp":1635496170,"volume":"3.75030000","buyTxId":"a78e8861fd92991ccf3059ebf3790e21b056975b","sellTxId":"b351c72577af99955ca65da2029d15bb1112281d"}
{"index": {"_index":"pob","_id":"1825752"}}
	{"id":1825752,"type":"buy","buyer":"barski","seller":"tokutaro22","symbol":"POB","quantity":"1.64817609","price":"0.12600000","timestamp":1635496527,"volume":"0.20767019","buyTxId":"21edab942d4e6418aba8b25b597bb01475188caa","sellTxId":"226fd8e3135bf8743c410a5bc2cb30eccf49c4e9"}
{"index": {"_index":"pob","_id":"1825754"}}
	{"id":1825754,"type":"buy","buyer":"barski","seller":"trumpman","symbol":"POB","quantity":"35.17609617","price":"0.12601000","timestamp":1635496560,"volume":"4.43253988","buyTxId":"deec071771b73124df348b9a01708aef3997cfc7","sellTxId":"18f23a72a2402390577f031d772e4892d62d7c66"}
{"index": {"_index":"pob","_id":"1825760"}}
	{"id":1825760,"type":"buy","buyer":"barski","seller":"bitcoinflood","symbol":"POB","quantity":"22.55307119","price":"0.12700000","timestamp":1635496590,"volume":"2.86424004","buyTxId":"8652db570515cb74405dcbd7ab54a6221ffe5f79","sellTxId":"0d63b0beb3206f2f86cc0a1aaa05fd583a2174c6"}
{"index": {"_index":"pob","_id":"1825805"}}
	{"id":1825805,"type":"sell","buyer":"trostparadox","seller":"joetunex","symbol":"POB","quantity":"44.49465654","price":"0.12500000","timestamp":1635497346,"volume":"5.56183207","buyTxId":"3d92ccb22ad59e77a16e7aeede1d503368dcc7c1","sellTxId":"74ceb6c2b894be9a25bfcc9ec24d5798c9b098b9"}
{"index": {"_index":"pob","_id":"1825848"}}
	{"id":1825848,"type":"sell","buyer":"trostparadox","seller":"jacoalberts","symbol":"POB","quantity":"40.00000000","price":"0.12500000","timestamp":1635497934,"volume":"5.00000000","buyTxId":"3d92ccb22ad59e77a16e7aeede1d503368dcc7c1","sellTxId":"17b1e0c50967910e4991755d8ae2514da8d18afe"}
{"index": {"_index":"pob","_id":"1825907"}}
	{"id":1825907,"type":"sell","buyer":"trostparadox","seller":"vlemon","symbol":"POB","quantity":"36.99700000","price":"0.12500000","timestamp":1635498807,"volume":"4.62462500","buyTxId":"3d92ccb22ad59e77a16e7aeede1d503368dcc7c1","sellTxId":"9f5a7a051023110354619d2403931f4bb7a96ff3"}
{"index": {"_index":"pob","_id":"1826016"}}
	{"id":1826016,"type":"sell","buyer":"olympicdragon","seller":"stickupmusic","symbol":"POB","quantity":"1.17063203","price":"0.13000000","timestamp":1635499908,"volume":"0.15218216","buyTxId":"4c92db147596f9ed2a2839c12bc3ddc0a43a5229","sellTxId":"506f4b07c2abcf9b387f217e94d2e5811bdca1f7"}
{"index": {"_index":"pob","_id":"1826088"}}
	{"id":1826088,"type":"buy","buyer":"ahmetay","seller":"clixmoney","symbol":"POB","quantity":"0.00000091","price":"0.15000000","timestamp":1635500784,"volume":"0.00000014","buyTxId":"c3aa767c2809b41e46bcb961fac62d4987573638","sellTxId":"f12ad827f1b006f11ce33947fa02d041abaab159"}
{"index": {"_index":"pob","_id":"1826089"}}
	{"id":1826089,"type":"buy","buyer":"ahmetay","seller":"toofasteddie","symbol":"POB","quantity":"8.31318809","price":"0.15000000","timestamp":1635500784,"volume":"1.24697821","buyTxId":"c3aa767c2809b41e46bcb961fac62d4987573638","sellTxId":"4928c07e4bd663481adb0dd73ac9cfb3b81eef43"}
{"index": {"_index":"pob","_id":"1826200"}}
	{"id":1826200,"type":"sell","buyer":"olympicdragon","seller":"gillianpearce","symbol":"POB","quantity":"10.00000000","price":"0.13000000","timestamp":1635502377,"volume":"1.30000000","buyTxId":"4c92db147596f9ed2a2839c12bc3ddc0a43a5229","sellTxId":"07b20d192071213983fd14f284b64f6f2e6c9584"}
{"index": {"_index":"pob","_id":"1826210"}}
	{"id":1826210,"type":"sell","buyer":"olympicdragon","seller":"littledisciples","symbol":"POB","quantity":"0.82936797","price":"0.13000000","timestamp":1635502413,"volume":"0.10781784","buyTxId":"4c92db147596f9ed2a2839c12bc3ddc0a43a5229","sellTxId":"f9f50d9b2360ad732fb129e6d81a006e82e47f4d"}
{"index": {"_index":"pob","_id":"1826249"}}
	{"id":1826249,"type":"buy","buyer":"roninrelax","seller":"littledisciples","symbol":"POB","quantity":"10.07183400","price":"0.13000000","timestamp":1635502719,"volume":"1.30933842","buyTxId":"a8ab1b1ab72cf2cafe13f98311814dfc7f6a6b24","sellTxId":"f9f50d9b2360ad732fb129e6d81a006e82e47f4d"}
{"index": {"_index":"pob","_id":"1826276"}}
	{"id":1826276,"type":"sell","buyer":"gimme-your-coinz","seller":"der-prophet","symbol":"POB","quantity":"1.28697709","price":"0.12510000","timestamp":1635502947,"volume":"0.16100083","buyTxId":"82b370c6b1cd917b95f483c61b09425c24fbf9ca","sellTxId":"6558cdfceb430b2006c86cca0e38fa28b9cfd56d"}
{"index": {"_index":"pob","_id":"1826319"}}
	{"id":1826319,"type":"buy","buyer":"barski","seller":"littledisciples","symbol":"POB","quantity":"50.00000000","price":"0.13000000","timestamp":1635503331,"volume":"6.50000000","buyTxId":"a1fdd06e24f0f932cd0fab8c7e928224bacfe0bd","sellTxId":"f9f50d9b2360ad732fb129e6d81a006e82e47f4d"}
{"index": {"_index":"pob","_id":"1826474"}}
	{"id":1826474,"type":"sell","buyer":"gimme-your-coinz","seller":"andy4475","symbol":"POB","quantity":"0.29294712","price":"0.12510000","timestamp":1635504579,"volume":"0.03664768","buyTxId":"82b370c6b1cd917b95f483c61b09425c24fbf9ca","sellTxId":"f6643f90677c4db92ca89b572902f178a34b626c"}
{"index": {"_index":"pob","_id":"1826564"}}
	{"id":1826564,"type":"sell","buyer":"extrahot","seller":"abimbola753","symbol":"POB","quantity":"10.97075964","price":"0.12511000","timestamp":1635505272,"volume":"1.37255174","buyTxId":"d573b4dc9b51edd26a112e2264cb53e81a08c834","sellTxId":"8c2ecca4997b3f8d30442d1ec2ac4f8d0314b533"}
{"index": {"_index":"pob","_id":"1826576"}}
	{"id":1826576,"type":"sell","buyer":"extrahot","seller":"offgridlife","symbol":"POB","quantity":"20.00000000","price":"0.12511000","timestamp":1635505491,"volume":"2.50220000","buyTxId":"d573b4dc9b51edd26a112e2264cb53e81a08c834","sellTxId":"d01c6165adc35fe3e5c28eec850680c11d8cd4d0"}
{"index": {"_index":"pob","_id":"1826663"}}
	{"id":1826663,"type":"sell","buyer":"gimme-your-coinz","seller":"erikah","symbol":"POB","quantity":"27.98000000","price":"0.12510000","timestamp":1635506304,"volume":"3.50029800","buyTxId":"82b370c6b1cd917b95f483c61b09425c24fbf9ca","sellTxId":"a82e2cc00e742ab05bf1b61f616a292a86b3fc87"}
{"index": {"_index":"pob","_id":"1826715"}}
	{"id":1826715,"type":"buy","buyer":"barski","seller":"littledisciples","symbol":"POB","quantity":"0.87292300","price":"0.13000000","timestamp":1635507297,"volume":"0.11347999","buyTxId":"1b8a8b33568e76fc98eb0c290b06c396c4aa6b42","sellTxId":"f9f50d9b2360ad732fb129e6d81a006e82e47f4d"}
{"index": {"_index":"pob","_id":"1826739"}}
	{"id":1826739,"type":"sell","buyer":"gimme-your-coinz","seller":"ugochill","symbol":"POB","quantity":"0.00350000","price":"0.12510000","timestamp":1635507708,"volume":"0.00043785","buyTxId":"82b370c6b1cd917b95f483c61b09425c24fbf9ca","sellTxId":"44fbc51dd5c7ceed83488cfb96a0c0e7c6d36dca"}
{"index": {"_index":"pob","_id":"1826756"}}
	{"id":1826756,"type":"sell","buyer":"gimme-your-coinz","seller":"kevinnag58","symbol":"POB","quantity":"10","price":"0.12510000","timestamp":1635507888,"volume":"1.25100000","buyTxId":"82b370c6b1cd917b95f483c61b09425c24fbf9ca","sellTxId":"acb75cffc18d815825181f65779b7c2e8b7f6d77"}
{"index": {"_index":"pob","_id":"1826821"}}
	{"id":1826821,"type":"sell","buyer":"gimme-your-coinz","seller":"iyiade","symbol":"POB","quantity":"13.35000000","price":"0.12510000","timestamp":1635508623,"volume":"1.67008500","buyTxId":"82b370c6b1cd917b95f483c61b09425c24fbf9ca","sellTxId":"c552b5a84d20189da313c62d685aa065e126e60e"}
{"index": {"_index":"pob","_id":"1826826"}}
	{"id":1826826,"type":"sell","buyer":"gimme-your-coinz","seller":"knowledge23.pob","symbol":"POB","quantity":"16.40000000","price":"0.12510000","timestamp":1635508710,"volume":"2.05164000","buyTxId":"82b370c6b1cd917b95f483c61b09425c24fbf9ca","sellTxId":"3659e0702a4cf55fcaec53156e68754e135d895b"}
{"index": {"_index":"pob","_id":"1826851"}}
	{"id":1826851,"type":"sell","buyer":"gimme-your-coinz","seller":"precious008","symbol":"POB","quantity":"4.89570000","price":"0.12510000","timestamp":1635509166,"volume":"0.61245207","buyTxId":"82b370c6b1cd917b95f483c61b09425c24fbf9ca","sellTxId":"68b56ed4f0c4bcb6c273eb1b22e42ef5861afb97"}
{"index": {"_index":"pob","_id":"1826867"}}
	{"id":1826867,"type":"sell","buyer":"gimme-your-coinz","seller":"knowledge23.pob","symbol":"POB","quantity":"2.79087579","price":"0.12510000","timestamp":1635509475,"volume":"0.34913856","buyTxId":"82b370c6b1cd917b95f483c61b09425c24fbf9ca","sellTxId":"10b324c306526a4d4bfb0bbaf727dafb72f5ddd4"}
{"index": {"_index":"pob","_id":"1826868"}}
	{"id":1826868,"type":"sell","buyer":"gimme-your-coinz","seller":"knowledge23.pob","symbol":"POB","quantity":"4.83192421","price":"0.12510000","timestamp":1635509475,"volume":"0.60447372","buyTxId":"ec50425d0e1e56f4e2de5557106a6b999fabef46","sellTxId":"10b324c306526a4d4bfb0bbaf727dafb72f5ddd4"}
{"index": {"_index":"pob","_id":"1826880"}}
	{"id":1826880,"type":"sell","buyer":"gimme-your-coinz","seller":"brofi-market","symbol":"POB","quantity":"3.10921679","price":"0.12510000","timestamp":1635509580,"volume":"0.38896302","buyTxId":"ec50425d0e1e56f4e2de5557106a6b999fabef46","sellTxId":"6d3ee3cc68a003536e881e7ad142bd422f333eee"}
{"index": {"_index":"pob","_id":"1826932"}}
	{"id":1826932,"type":"sell","buyer":"gimme-your-coinz","seller":"iyiade","symbol":"POB","quantity":"16.00000000","price":"0.12510000","timestamp":1635510132,"volume":"2.00160000","buyTxId":"ec50425d0e1e56f4e2de5557106a6b999fabef46","sellTxId":"1f8af8c56c4a7863bd8943614ea5c4265a0b6ab0"}
{"index": {"_index":"pob","_id":"1826996"}}
	{"id":1826996,"type":"sell","buyer":"gimme-your-coinz","seller":"pobtrader","symbol":"POB","quantity":"21.96600000","price":"0.12510000","timestamp":1635510936,"volume":"2.74794660","buyTxId":"ec50425d0e1e56f4e2de5557106a6b999fabef46","sellTxId":"20ecd332762bb9627aefcd85ebf50a1bcc7091c6"}
{"index": {"_index":"pob","_id":"1827006"}}
	{"id":1827006,"type":"sell","buyer":"gimme-your-coinz","seller":"offgridlife","symbol":"POB","quantity":"14.00000000","price":"0.12510000","timestamp":1635511008,"volume":"1.75140000","buyTxId":"ec50425d0e1e56f4e2de5557106a6b999fabef46","sellTxId":"4287031d51dfd029f15f48c3ff50a748f656d491"}
{"index": {"_index":"pob","_id":"1827053"}}
	{"id":1827053,"type":"sell","buyer":"gimme-your-coinz","seller":"hannahhive","symbol":"POB","quantity":"15.88300000","price":"0.12510000","timestamp":1635511461,"volume":"1.98696330","buyTxId":"ec50425d0e1e56f4e2de5557106a6b999fabef46","sellTxId":"48512e95b71c26987e60c933812eb28f76706d36"}
{"index": {"_index":"pob","_id":"1827066"}}
	{"id":1827066,"type":"sell","buyer":"gimme-your-coinz","seller":"dhedge-drips","symbol":"POB","quantity":"0.33313028","price":"0.12510001","timestamp":1635511602,"volume":"0.04167460","buyTxId":"424bae5f7c56c7ce90ba098966eaaa6ac4a969da","sellTxId":"ab607ae18c16442709dbb0dc783ce89efe031526"}
{"index": {"_index":"pob","_id":"1827079"}}
	{"id":1827079,"type":"sell","buyer":"gimme-your-coinz","seller":"davidbolu34","symbol":"POB","quantity":"4.00000000","price":"0.12510001","timestamp":1635511653,"volume":"0.50040004","buyTxId":"424bae5f7c56c7ce90ba098966eaaa6ac4a969da","sellTxId":"bc98f327ccf316a2c939d22fc81b5ff6001df878"}
{"index": {"_index":"pob","_id":"1827135"}}
	{"id":1827135,"type":"sell","buyer":"gimme-your-coinz","seller":"reward.app","symbol":"POB","quantity":"72.66686972","price":"0.12510001","timestamp":1635512193,"volume":"9.09062613","buyTxId":"424bae5f7c56c7ce90ba098966eaaa6ac4a969da","sellTxId":"801b4744edf5dd1edf920ac058851fe48708649e"}
{"index": {"_index":"pob","_id":"1827136"}}
	{"id":1827136,"type":"sell","buyer":"gimme-your-coinz","seller":"reward.app","symbol":"POB","quantity":"77.00000000","price":"0.12500001","timestamp":1635512193,"volume":"9.62500077","buyTxId":"b95f13b66cb923f837c9396110739f6523908533","sellTxId":"801b4744edf5dd1edf920ac058851fe48708649e"}
{"index": {"_index":"pob","_id":"1827137"}}
	{"id":1827137,"type":"sell","buyer":"trostparadox","seller":"reward.app","symbol":"POB","quantity":"75.66154737","price":"0.12500000","timestamp":1635512193,"volume":"9.45769342","buyTxId":"3d92ccb22ad59e77a16e7aeede1d503368dcc7c1","sellTxId":"801b4744edf5dd1edf920ac058851fe48708649e"}
{"index": {"_index":"pob","_id":"1827138"}}
	{"id":1827138,"type":"buy","buyer":"pixelfan","seller":"coffeelovers","symbol":"POB","quantity":"6.19388563","price":"0.12800000","timestamp":1635512226,"volume":"0.79281736","buyTxId":"1f626ecf17f3ec6f8654e5b2ab17f826f2234009","sellTxId":"b2f8be03ad430017db687680ed35c0edca4eb0fb"}
{"index": {"_index":"pob","_id":"1827139"}}
	{"id":1827139,"type":"buy","buyer":"pixelfan","seller":"dhedge-drips","symbol":"POB","quantity":"0.33313028","price":"0.12800000","timestamp":1635512226,"volume":"0.04264068","buyTxId":"1f626ecf17f3ec6f8654e5b2ab17f826f2234009","sellTxId":"fca978b900ea2460018e77e87bde7af42ff53c90"}
{"index": {"_index":"pob","_id":"1827140"}}
	{"id":1827140,"type":"buy","buyer":"pixelfan","seller":"littledisciples","symbol":"POB","quantity":"13.47298409","price":"0.13000000","timestamp":1635512226,"volume":"1.75148793","buyTxId":"1f626ecf17f3ec6f8654e5b2ab17f826f2234009","sellTxId":"f9f50d9b2360ad732fb129e6d81a006e82e47f4d"}
{"index": {"_index":"pob","_id":"1827143"}}
	{"id":1827143,"type":"buy","buyer":"pixelfan","seller":"littledisciples","symbol":"POB","quantity":"1.75289094","price":"0.13000000","timestamp":1635512271,"volume":"0.22787582","buyTxId":"d70f80672f5228d0d96566ecd32118e443f75723","sellTxId":"f9f50d9b2360ad732fb129e6d81a006e82e47f4d"}
{"index": {"_index":"pob","_id":"1827144"}}
	{"id":1827144,"type":"buy","buyer":"pixelfan","seller":"brofi-market","symbol":"POB","quantity":"3.10921679","price":"0.13000000","timestamp":1635512271,"volume":"0.40419818","buyTxId":"d70f80672f5228d0d96566ecd32118e443f75723","sellTxId":"2f8896fd393bab07ac14c49fb61f2101b73819f5"}
{"index": {"_index":"pob","_id":"1827145"}}
	{"id":1827145,"type":"buy","buyer":"pixelfan","seller":"toofasteddie","symbol":"POB","quantity":"0.00000080","price":"0.15000000","timestamp":1635512271,"volume":"0.00000012","buyTxId":"d70f80672f5228d0d96566ecd32118e443f75723","sellTxId":"4928c07e4bd663481adb0dd73ac9cfb3b81eef43"}
{"index": {"_index":"pob","_id":"1827146"}}
	{"id":1827146,"type":"buy","buyer":"pixelfan","seller":"gadrian","symbol":"POB","quantity":"0.13789147","price":"0.15000000","timestamp":1635512271,"volume":"0.02068372","buyTxId":"d70f80672f5228d0d96566ecd32118e443f75723","sellTxId":"7aa3da7b182654d50c922a8592d4353d1953ee73"}
{"index": {"_index":"pob","_id":"1827148"}}
	{"id":1827148,"type":"buy","buyer":"pixelfan","seller":"gadrian","symbol":"POB","quantity":"1.86210853","price":"0.15000000","timestamp":1635512310,"volume":"0.27931628","buyTxId":"abee1e71a30b2a71c6fa69c47112b07957605329","sellTxId":"7aa3da7b182654d50c922a8592d4353d1953ee73"}
{"index": {"_index":"pob","_id":"1827149"}}
	{"id":1827149,"type":"buy","buyer":"pixelfan","seller":"extrahot","symbol":"POB","quantity":"3.13789147","price":"0.15000000","timestamp":1635512310,"volume":"0.47068372","buyTxId":"abee1e71a30b2a71c6fa69c47112b07957605329","sellTxId":"1b272e41ea0394111e3dbe32fd2ce36fe5a1e1ea"}
{"index": {"_index":"pob","_id":"1827155"}}
	{"id":1827155,"type":"buy","buyer":"pixelfan","seller":"extrahot","symbol":"POB","quantity":"2.00000000","price":"0.15000000","timestamp":1635512379,"volume":"0.30000000","buyTxId":"2ea046b900484d38e36249e2cb8646c8a7d74bf6","sellTxId":"1b272e41ea0394111e3dbe32fd2ce36fe5a1e1ea"}
{"index": {"_index":"pob","_id":"1827198"}}
	{"id":1827198,"type":"sell","buyer":"gimme-your-coinz","seller":"sparker005","symbol":"POB","quantity":"1.80979944","price":"0.12500001","timestamp":1635512838,"volume":"0.22622495","buyTxId":"51f3377c975bae7b674d73e19db9395612e499a7","sellTxId":"738b9be24d9b0fddefbb16dd22706cd81fbce578"}
{"index": {"_index":"pob","_id":"1827328"}}
	{"id":1827328,"type":"sell","buyer":"gimme-your-coinz","seller":"iyiade","symbol":"POB","quantity":"75.19020056","price":"0.12500001","timestamp":1635513981,"volume":"9.39877582","buyTxId":"51f3377c975bae7b674d73e19db9395612e499a7","sellTxId":"cd588bf02f14f6b88096f52996e70ae216ad6e5b"}
{"index": {"_index":"pob","_id":"1827329"}}
	{"id":1827329,"type":"sell","buyer":"trostparadox","seller":"iyiade","symbol":"POB","quantity":"6.80979944","price":"0.12500000","timestamp":1635513981,"volume":"0.85122493","buyTxId":"3d92ccb22ad59e77a16e7aeede1d503368dcc7c1","sellTxId":"cd588bf02f14f6b88096f52996e70ae216ad6e5b"}
{"index": {"_index":"pob","_id":"1827422"}}
	{"id":1827422,"type":"sell","buyer":"scummzen","seller":"zahidsun","symbol":"POB","quantity":"42.91977753","price":"0.12800000","timestamp":1635514905,"volume":"5.49373152","buyTxId":"66cac890b264acd6aaa511a91217b81072e5a3e8","sellTxId":"f1999628babaf20febacb55a2105bf18b4770bb8"}
{"index": {"_index":"pob","_id":"1827461"}}
	{"id":1827461,"type":"buy","buyer":"anadolu","seller":"gimmetricks1","symbol":"POB","quantity":"67.10093900","price":"0.14000000","timestamp":1635515394,"volume":"9.39413146","buyTxId":"e2897142c4efafcfe2dbfcdb3a9c261050f6725f","sellTxId":"ff78c9ce4fed4da48a79871c244ef23812f94b1a"}
{"index": {"_index":"pob","_id":"1827488"}}
	{"id":1827488,"type":"buy","buyer":"scummzen","seller":"gimmetricks1","symbol":"POB","quantity":"0.00000092","price":"0.14000000","timestamp":1635515562,"volume":"0.00000013","buyTxId":"e31ff34b567dc3e67ec75beef525b81da1c460d9","sellTxId":"ff78c9ce4fed4da48a79871c244ef23812f94b1a"}
{"index": {"_index":"pob","_id":"1827495"}}
	{"id":1827495,"type":"sell","buyer":"scummzen","seller":"charcoalbuffet","symbol":"POB","quantity":"2.76071480","price":"0.12800000","timestamp":1635515616,"volume":"0.35337149","buyTxId":"66cac890b264acd6aaa511a91217b81072e5a3e8","sellTxId":"edfe5ffce5615aafc03c9d68f0c2cb9020d998b9"}
{"index": {"_index":"pob","_id":"1827542"}}
	{"id":1827542,"type":"sell","buyer":"scummzen","seller":"mein-senf-dazu","symbol":"POB","quantity":"0.48272106","price":"0.12800000","timestamp":1635516249,"volume":"0.06178830","buyTxId":"66cac890b264acd6aaa511a91217b81072e5a3e8","sellTxId":"833ad7c3995f31994ee644157d30a3e3608ac7ca"}
{"index": {"_index":"pob","_id":"1827579"}}
	{"id":1827579,"type":"buy","buyer":"darmst5339","seller":"speedtuning","symbol":"POB","quantity":"1.00000000","price":"0.14499000","timestamp":1635516612,"volume":"0.14499000","buyTxId":"be4e3d13c6c88f3cfedbcddfbb2b06beaf028713","sellTxId":"948a5f3d8df3ad5567aed932ee81828b2324732b"}
{"index": {"_index":"pob","_id":"1827639"}}
	{"id":1827639,"type":"sell","buyer":"richardcrill","seller":"mightyrocklee","symbol":"POB","quantity":"0.71024585","price":"0.12820000","timestamp":1635517149,"volume":"0.09105352","buyTxId":"MM-P-11725638-58711281-3-10-0","sellTxId":"0adc6ba45aa02f36dbec6881a4738f2c293d99bc"}
{"index": {"_index":"pob","_id":"1827686"}}
	{"id":1827686,"type":"sell","buyer":"richardcrill","seller":"nazatpt","symbol":"POB","quantity":"0.28859741","price":"0.12820000","timestamp":1635517458,"volume":"0.03699819","buyTxId":"MM-P-11725638-58711281-3-10-0","sellTxId":"3a7eec0d2e5501927a0eb2929315a94aeaecfc6c"}
{"index": {"_index":"pob","_id":"1827907"}}
	{"id":1827907,"type":"buy","buyer":"barski","seller":"speedtuning","symbol":"POB","quantity":"2.38886290","price":"0.14499000","timestamp":1635519543,"volume":"0.34636123","buyTxId":"fd8e852253ea4920aab72480ead508bf799f4abb","sellTxId":"948a5f3d8df3ad5567aed932ee81828b2324732b"}
{"index": {"_index":"pob","_id":"1827925"}}
	{"id":1827925,"type":"sell","buyer":"richardcrill","seller":"kevm","symbol":"POB","quantity":"0.01977380","price":"0.12820000","timestamp":1635519636,"volume":"0.00253500","buyTxId":"MM-P-11725638-58711281-3-10-0","sellTxId":"76837bc1adbbadc0fc21d2db89d583dd70e6ac37"}
{"index": {"_index":"pob","_id":"1827947"}}
	{"id":1827947,"type":"sell","buyer":"richardcrill","seller":"revisesociology","symbol":"POB","quantity":"21.70000000","price":"0.12820000","timestamp":1635519801,"volume":"2.78194000","buyTxId":"MM-P-11725638-58711281-3-10-0","sellTxId":"e775c6dda4590c0485a79a08747d7106cbc5cd11"}
{"index": {"_index":"pob","_id":"1828005"}}
	{"id":1828005,"type":"buy","buyer":"pixelfan","seller":"speedtuning","symbol":"POB","quantity":"26.61113710","price":"0.14499000","timestamp":1635520437,"volume":"3.85834877","buyTxId":"626eaf5a4cf61a002ad2b1c471905f0c5ec1884a","sellTxId":"948a5f3d8df3ad5567aed932ee81828b2324732b"}
{"index": {"_index":"pob","_id":"1828007"}}
	{"id":1828007,"type":"buy","buyer":"pixelfan","seller":"scummzen","symbol":"POB","quantity":"42.00000000","price":"0.14500000","timestamp":1635520476,"volume":"6.09000000","buyTxId":"afd4febdde48a9208a6ea32db9785fa18e25ce93","sellTxId":"84e6ad6043f81dd6c86d06121e4d40d8c276cdef"}
{"index": {"_index":"pob","_id":"1828013"}}
	{"id":1828013,"type":"buy","buyer":"pixelfan","seller":"extrahot","symbol":"POB","quantity":"20.00000000","price":"0.15000000","timestamp":1635520536,"volume":"3.00000000","buyTxId":"146d5e64b1dc8b57ed4652a2307f3bfa8ab067c4","sellTxId":"1b272e41ea0394111e3dbe32fd2ce36fe5a1e1ea"}
{"index": {"_index":"pob","_id":"1828026"}}
	{"id":1828026,"type":"sell","buyer":"richardcrill","seller":"scummzen","symbol":"POB","quantity":"4.16321431","price":"0.12820000","timestamp":1635520578,"volume":"0.53372407","buyTxId":"MM-P-11725638-58711281-3-10-0","sellTxId":"9152a1bfd3031fcd94c26691be7a8f4e0314ee13"}
{"index": {"_index":"pob","_id":"1828098"}}
	{"id":1828098,"type":"sell","buyer":"richardcrill","seller":"thelogicaldude","symbol":"POB","quantity":"4.59248521","price":"0.12820000","timestamp":1635520794,"volume":"0.58875660","buyTxId":"MM-P-11725638-58711281-3-10-0","sellTxId":"73d5dc815130af693b25382cc2db007cb4828aef"}
{"index": {"_index":"pob","_id":"1828240"}}
	{"id":1828240,"type":"sell","buyer":"richardcrill","seller":"princekham","symbol":"POB","quantity":"4.91605736","price":"0.12820000","timestamp":1635521811,"volume":"0.63023855","buyTxId":"MM-P-11725638-58711281-3-10-0","sellTxId":"1c5f1dcb443bc6d74f58cb6d9cb517e779437bf2"}
{"index": {"_index":"pob","_id":"1828255"}}
	{"id":1828255,"type":"sell","buyer":"richardcrill","seller":"javiersilva","symbol":"POB","quantity":"5.40638634","price":"0.12820000","timestamp":1635521970,"volume":"0.69309873","buyTxId":"MM-P-11725638-58711281-3-10-0","sellTxId":"35dbfcb59dce99b05b33754dfa5607052b21645c"}
{"index": {"_index":"pob","_id":"1828263"}}
	{"id":1828263,"type":"sell","buyer":"richardcrill","seller":"centtoken","symbol":"POB","quantity":"215.61353613","price":"0.12820000","timestamp":1635522102,"volume":"27.64165533","buyTxId":"MM-P-11725638-58711281-3-10-0","sellTxId":"4315b80c07329d95b33ed28e26f38598796f6991"}
{"index": {"_index":"pob","_id":"1828264"}}
	{"id":1828264,"type":"sell","buyer":"maarnio","seller":"centtoken","symbol":"POB","quantity":"30.00000000","price":"0.12810000","timestamp":1635522102,"volume":"3.84300000","buyTxId":"378443d2d3a0705c6e3d5efbe8fac4fb1bab7547","sellTxId":"4315b80c07329d95b33ed28e26f38598796f6991"}
{"index": {"_index":"pob","_id":"1828265"}}
	{"id":1828265,"type":"sell","buyer":"gimme-your-coinz","seller":"centtoken","symbol":"POB","quantity":"20.17086556","price":"0.12500001","timestamp":1635522102,"volume":"2.52135840","buyTxId":"45894496b1e636c01c58982420414461702e6537","sellTxId":"4315b80c07329d95b33ed28e26f38598796f6991"}
{"index": {"_index":"pob","_id":"1828272"}}
	{"id":1828272,"type":"sell","buyer":"gimme-your-coinz","seller":"insight.pob","symbol":"POB","quantity":"77.00000000","price":"0.12510002","timestamp":1635522243,"volume":"9.63270154","buyTxId":"c000ed51fdb99ad4bb25f3734848d5def246ecb3","sellTxId":"a12a5e317edb4a56bc16a1f8316729858bc5fdb2"}
{"index": {"_index":"pob","_id":"1828276"}}
	{"id":1828276,"type":"sell","buyer":"gimme-your-coinz","seller":"insight.pob","symbol":"POB","quantity":"22.86000000","price":"0.12510002","timestamp":1635522279,"volume":"2.85978646","buyTxId":"c6a70290924ace75ea00cb70edb4f587ef6f0652","sellTxId":"66da0659d254822b17b425bd29cddad602d150bc"}
{"index": {"_index":"pob","_id":"1828311"}}
	{"id":1828311,"type":"sell","buyer":"richardcrill","seller":"automaton","symbol":"POB","quantity":"7.00000000","price":"0.12520002","timestamp":1635522594,"volume":"0.87640014","buyTxId":"MM-P-11727432-58713075-3-10-0","sellTxId":"e83d9c9dce80e646ba0215ee922a77e4d10613f8"}
{"index": {"_index":"pob","_id":"1828378"}}
	{"id":1828378,"type":"sell","buyer":"richardcrill","seller":"tomhall","symbol":"POB","quantity":"2.70406968","price":"0.12520002","timestamp":1635523197,"volume":"0.33854958","buyTxId":"MM-P-11727432-58713075-3-10-0","sellTxId":"b33db2ae4f76065c595b2678d9a36ee077597534"}
{"index": {"_index":"pob","_id":"1828444"}}
	{"id":1828444,"type":"sell","buyer":"richardcrill","seller":"kevmcc","symbol":"POB","quantity":"0.32499987","price":"0.12520002","timestamp":1635524250,"volume":"0.04068999","buyTxId":"MM-P-11727432-58713075-3-10-0","sellTxId":"c4451af37a8f042384fbc148921c2f45234d433b"}
{"index": {"_index":"pob","_id":"1828474"}}
	{"id":1828474,"type":"sell","buyer":"richardcrill","seller":"mattsanthonyit","symbol":"POB","quantity":"12.61300000","price":"0.12520002","timestamp":1635524484,"volume":"1.57914785","buyTxId":"MM-P-11727432-58713075-3-10-0","sellTxId":"2f1a639b7965c02e39bec40dc9e345a8f17cfebb"}
{"index": {"_index":"pob","_id":"1828515"}}
	{"id":1828515,"type":"sell","buyer":"richardcrill","seller":"akertxu","symbol":"POB","quantity":"0.47146453","price":"0.12520002","timestamp":1635524799,"volume":"0.05902737","buyTxId":"MM-P-11727432-58713075-3-10-0","sellTxId":"33d929c35be2aa923939979619f0f20b98798429"}
{"index": {"_index":"pob","_id":"1828736"}}
	{"id":1828736,"type":"sell","buyer":"yintercept","seller":"insight.pob","symbol":"POB","quantity":"6.66000000","price":"0.12600000","timestamp":1635526188,"volume":"0.83916000","buyTxId":"82f86877336383b342c9790f275cfc4b68b8c8b8","sellTxId":"56b9d753c05de92cc07c6fc1663a3362449ee9fb"}
{"index": {"_index":"pob","_id":"1828749"}}
	{"id":1828749,"type":"sell","buyer":"lallo","seller":"insight.pob","symbol":"POB","quantity":"20.00000000","price":"0.12550100","timestamp":1635526233,"volume":"2.51002000","buyTxId":"14cf0c674a8ecf7e3da8b37a0dd799c8aeefbb27","sellTxId":"03dc2fa6247996ad709f36145ee8ad1222ed1495"}
{"index": {"_index":"pob","_id":"1828756"}}
	{"id":1828756,"type":"sell","buyer":"richardcrill","seller":"insight.pob","symbol":"POB","quantity":"21.00000000","price":"0.12550002","timestamp":1635526263,"volume":"2.63550042","buyTxId":"MM-P-11728628-58714272-3-10-0","sellTxId":"05e35f9cc0764b8ff104dc38b78ca9c33939df20"}
{"index": {"_index":"pob","_id":"1828778"}}
	{"id":1828778,"type":"sell","buyer":"gimme-your-coinz","seller":"elricmoonslayer","symbol":"POB","quantity":"9.30214679","price":"0.12510002","timestamp":1635526455,"volume":"1.16369875","buyTxId":"c6a70290924ace75ea00cb70edb4f587ef6f0652","sellTxId":"9c8b4ba8535a05bc7ddd33ea82d3b87c30d0c8a0"}
{"index": {"_index":"pob","_id":"1828822"}}
	{"id":1828822,"type":"buy","buyer":"tipy","seller":"extrahot","symbol":"POB","quantity":"0.00153693","price":"0.15000000","timestamp":1635526845,"volume":"0.00023054","buyTxId":"c625d0c84ebdc12482da8d0611bc846135b1342e","sellTxId":"1b272e41ea0394111e3dbe32fd2ce36fe5a1e1ea"}
{"index": {"_index":"pob","_id":"1828893"}}
	{"id":1828893,"type":"buy","buyer":"he-index","seller":"extrahot","symbol":"POB","quantity":"0.16700000","price":"0.15000000","timestamp":1635527412,"volume":"0.02505000","buyTxId":"0049ca1f837d788e8812692c232463f739a10ec4","sellTxId":"1b272e41ea0394111e3dbe32fd2ce36fe5a1e1ea"}
{"index": {"_index":"pob","_id":"1829004"}}
	{"id":1829004,"type":"sell","buyer":"richardcrill","seller":"cristina-zac","symbol":"POB","quantity":"25.00000000","price":"0.12520002","timestamp":1635528108,"volume":"3.13000050","buyTxId":"MM-P-11728925-58714569-3-10-0","sellTxId":"f0ad1e18fc83d30c1fc9a60d32af0caa4591aff7"}
{"index": {"_index":"pob","_id":"1829099"}}
	{"id":1829099,"type":"sell","buyer":"richardcrill","seller":"buildahouse","symbol":"POB","quantity":"0.22140000","price":"0.12520002","timestamp":1635528480,"volume":"0.02771928","buyTxId":"MM-P-11728925-58714569-3-10-0","sellTxId":"4a9a2b7ce914a3444b12907e7c503859d0c404d6"}
{"index": {"_index":"pob","_id":"1829134"}}
	{"id":1829134,"type":"sell","buyer":"richardcrill","seller":"ugochill","symbol":"POB","quantity":"0.01000000","price":"0.12520002","timestamp":1635528669,"volume":"0.00125200","buyTxId":"MM-P-11728925-58714569-3-10-0","sellTxId":"cd30c2f533053db97b7f2505d46ba6e304a1670c"}
{"index": {"_index":"pob","_id":"1829235"}}
	{"id":1829235,"type":"sell","buyer":"richardcrill","seller":"silvertop","symbol":"POB","quantity":"0.30282074","price":"0.12520002","timestamp":1635529419,"volume":"0.03791316","buyTxId":"MM-P-11728925-58714569-3-10-0","sellTxId":"bd1b8f068e0558ba251e2002ab19d02dc4a7b096"}
{"index": {"_index":"pob","_id":"1829740"}}
	{"id":1829740,"type":"sell","buyer":"barge","seller":"alucian","symbol":"POB","quantity":"0.17836896","price":"0.12674700","timestamp":1635532878,"volume":"0.02260773","buyTxId":"a2b66be44ab059c6450f64425e6828602e58a6ae","sellTxId":"ba4eaf1b59923e154227eccabf7308438e8f19c3"}
{"index": {"_index":"pob","_id":"1829810"}}
	{"id":1829810,"type":"sell","buyer":"barge","seller":"ru-trail","symbol":"POB","quantity":"0.11704420","price":"0.12674700","timestamp":1635533235,"volume":"0.01483500","buyTxId":"a2b66be44ab059c6450f64425e6828602e58a6ae","sellTxId":"8c51dde2b7a30592fc7b677f2e95567000160528"}
{"index": {"_index":"pob","_id":"1829928"}}
	{"id":1829928,"type":"sell","buyer":"barge","seller":"steemstreems","symbol":"POB","quantity":"0.00000701","price":"0.12674700","timestamp":1635534084,"volume":"0.00000089","buyTxId":"a2b66be44ab059c6450f64425e6828602e58a6ae","sellTxId":"ea536f49d641375496405c187324a0410f3d2128"}
{"index": {"_index":"pob","_id":"1829936"}}
	{"id":1829936,"type":"buy","buyer":"richardcrill","seller":"cookaiss","symbol":"POB","quantity":"0.13000000","price":"0.12675000","timestamp":1635534174,"volume":"0.01647750","buyTxId":"MM-P-11731319-58716964-3-10-0","sellTxId":"05ed0ef22bffbefeff434616c086c9b51e8d3168"}
{"index": {"_index":"pob","_id":"1830035"}}
	{"id":1830035,"type":"sell","buyer":"richardcrill","seller":"ironshield","symbol":"POB","quantity":"4.58865720","price":"0.12684700","timestamp":1635535260,"volume":"0.58205740","buyTxId":"MM-P-11731319-58716964-3-10-0","sellTxId":"0d497cc2d84cac76040a70b9911675d142373944"}
{"index": {"_index":"pob","_id":"1830124"}}
	{"id":1830124,"type":"sell","buyer":"richardcrill","seller":"andy4475","symbol":"POB","quantity":"2.76777050","price":"0.12684700","timestamp":1635536028,"volume":"0.35108338","buyTxId":"MM-P-11731319-58716964-3-10-0","sellTxId":"45fc044a8c2f6559be9702d4808a74affa181139"}
{"index": {"_index":"pob","_id":"1830455"}}
	{"id":1830455,"type":"sell","buyer":"he-index","seller":"brofi-market","symbol":"POB","quantity":"0.48900000","price":"0.12675000","timestamp":1635538848,"volume":"0.06198075","buyTxId":"6d517da0e3368c89a5d7ab483f396775a5372969","sellTxId":"3a382324e137c1e9cbccee2d7f1193243c80eb4b"}
{"index": {"_index":"pob","_id":"1830487"}}
	{"id":1830487,"type":"sell","buyer":"richardcrill","seller":"fatherfaith","symbol":"POB","quantity":"0.59200000","price":"0.12520002","timestamp":1635539058,"volume":"0.07411841","buyTxId":"MM-P-11732215-58717861-3-10-0","sellTxId":"55198fe07c9ab27b51fde50b8ad3114883830f0d"}
{"index": {"_index":"pob","_id":"1830491"}}
	{"id":1830491,"type":"buy","buyer":"dswap","seller":"brofi-market","symbol":"POB","quantity":"1.83826429","price":"0.12675000","timestamp":1635539109,"volume":"0.233","buyTxId":"5421b70d106b7daac1c255b66e9fe2096f0701a1","sellTxId":"3a382324e137c1e9cbccee2d7f1193243c80eb4b"}
{"index": {"_index":"pob","_id":"1830536"}}
	{"id":1830536,"type":"sell","buyer":"richardcrill","seller":"incredibility","symbol":"POB","quantity":"113.00000000","price":"0.12520002","timestamp":1635539685,"volume":"14.14760226","buyTxId":"MM-P-11732215-58717861-3-10-0","sellTxId":"a926ca65e71496a487dc287e0b411f143a73fbd9"}
{"index": {"_index":"pob","_id":"1830545"}}
	{"id":1830545,"type":"buy","buyer":"barge","seller":"brofi-market","symbol":"POB","quantity":"16.54980198","price":"0.12675000","timestamp":1635539838,"volume":"2.09768740","buyTxId":"aa168a0364258007f13ef7e88907e89b3bdc0096","sellTxId":"3a382324e137c1e9cbccee2d7f1193243c80eb4b"}
{"index": {"_index":"pob","_id":"1830557"}}
	{"id":1830557,"type":"sell","buyer":"richardcrill","seller":"cccf","symbol":"POB","quantity":"1.55300000","price":"0.12520002","timestamp":1635539949,"volume":"0.19443563","buyTxId":"MM-P-11732215-58717861-3-10-0","sellTxId":"ee399b4f609334d4fe5f9ec4f60fb84c8d00ec1f"}
{"index": {"_index":"pob","_id":"1830663"}}
	{"id":1830663,"type":"sell","buyer":"barge","seller":"deathwing","symbol":"POB","quantity":"0.025","price":"0.12600001","timestamp":1635540906,"volume":"0.00315000","buyTxId":"e30ffd66b7563f9de6e62c76c3b28218ecb1c04b","sellTxId":"74006ca0c7459e2720e95b398d4d9dc594fa2771-0"}
{"index": {"_index":"pob","_id":"1830683"}}
	{"id":1830683,"type":"sell","buyer":"barge","seller":"pjansen.bcp","symbol":"POB","quantity":"0.04270000","price":"0.12600001","timestamp":1635541278,"volume":"0.00538020","buyTxId":"e30ffd66b7563f9de6e62c76c3b28218ecb1c04b","sellTxId":"f315cde2663c8d9ab169b414ed037aef784a0b2e"}
{"index": {"_index":"pob","_id":"1830698"}}
	{"id":1830698,"type":"buy","buyer":"yintercept","seller":"alfarero","symbol":"POB","quantity":"0.09400000","price":"0.13000000","timestamp":1635541431,"volume":"0.01222000","buyTxId":"66faedb13fa7db9a133b940ffa739ce3653b81f5","sellTxId":"c13c3dbce696353f3f5c108267c9ebdcc1737d3c"}
{"index": {"_index":"pob","_id":"1830754"}}
	{"id":1830754,"type":"sell","buyer":"richardcrill","seller":"captaincryptic","symbol":"POB","quantity":"3.07259717","price":"0.12610001","timestamp":1635542292,"volume":"0.38745453","buyTxId":"MM-P-11734009-58719655-3-10-0","sellTxId":"12096a06abdb7ecc3b928537b2acaaabcb032e4a"}
{"index": {"_index":"pob","_id":"1830788"}}
	{"id":1830788,"type":"sell","buyer":"richardcrill","seller":"claudio83.pob","symbol":"POB","quantity":"136.77057509","price":"0.12610001","timestamp":1635542820,"volume":"17.24677089","buyTxId":"MM-P-11734009-58719655-3-10-0","sellTxId":"d1f2661e30b272a6d6e2740de9476d5f47cb8b81"}
{"index": {"_index":"pob","_id":"1830789"}}
	{"id":1830789,"type":"sell","buyer":"barge","seller":"claudio83.pob","symbol":"POB","quantity":"180.93230000","price":"0.12600001","timestamp":1635542820,"volume":"22.79747161","buyTxId":"e30ffd66b7563f9de6e62c76c3b28218ecb1c04b","sellTxId":"d1f2661e30b272a6d6e2740de9476d5f47cb8b81"}
{"index": {"_index":"pob","_id":"1830863"}}
	{"id":1830863,"type":"buy","buyer":"thatcryptodave","seller":"claudio83.pob","symbol":"POB","quantity":"5.56603719","price":"0.12600000","timestamp":1635543186,"volume":"0.70132069","buyTxId":"eab6615da19530f643f0b0e04bb485a58c5a96a2","sellTxId":"d1f2661e30b272a6d6e2740de9476d5f47cb8b81"}
{"index": {"_index":"pob","_id":"1830917"}}
	{"id":1830917,"type":"sell","buyer":"gimme-your-coinz","seller":"offgridlife","symbol":"POB","quantity":"44.83785321","price":"0.12510002","timestamp":1635543567,"volume":"5.60921633","buyTxId":"c6a70290924ace75ea00cb70edb4f587ef6f0652","sellTxId":"065383a32357d4126675082ef6c72e65af25c9d3"}
{"index": {"_index":"pob","_id":"1830918"}}
	{"id":1830918,"type":"sell","buyer":"gimme-your-coinz","seller":"offgridlife","symbol":"POB","quantity":"5.16214679","price":"0.12510002","timestamp":1635543567,"volume":"0.64578467","buyTxId":"c98c99d70ea1c024c05b8fdae2e96ba189e2a648","sellTxId":"065383a32357d4126675082ef6c72e65af25c9d3"}
{"index": {"_index":"pob","_id":"1830999"}}
	{"id":1830999,"type":"sell","buyer":"gimme-your-coinz","seller":"he-index","symbol":"POB","quantity":"0.09900000","price":"0.12510002","timestamp":1635544263,"volume":"0.01238490","buyTxId":"c98c99d70ea1c024c05b8fdae2e96ba189e2a648","sellTxId":"8d60b4b373adb091643fe423e37726a00550e104"}
{"index": {"_index":"pob","_id":"1831020"}}
	{"id":1831020,"type":"sell","buyer":"gimme-your-coinz","seller":"lapacodo","symbol":"POB","quantity":"4.50000000","price":"0.12510002","timestamp":1635544464,"volume":"0.56295009","buyTxId":"c98c99d70ea1c024c05b8fdae2e96ba189e2a648","sellTxId":"2d611541d37c9ac59eb47e4940db5946ec116fb0"}
{"index": {"_index":"pob","_id":"1831040"}}
	{"id":1831040,"type":"sell","buyer":"gimme-your-coinz","seller":"petreius","symbol":"POB","quantity":"0.00101024","price":"0.12510002","timestamp":1635544791,"volume":"0.00012638","buyTxId":"c98c99d70ea1c024c05b8fdae2e96ba189e2a648","sellTxId":"554a2a4338d4a032136b0c0cc75b6e5221c5c934"}
{"index": {"_index":"pob","_id":"1831167"}}
	{"id":1831167,"type":"sell","buyer":"gimme-your-coinz","seller":"harveyword","symbol":"POB","quantity":"0.60389960","price":"0.12510002","timestamp":1635546192,"volume":"0.07554785","buyTxId":"c98c99d70ea1c024c05b8fdae2e96ba189e2a648","sellTxId":"b46968532b71b256ca02201342839bb24aba3ffa"}
{"index": {"_index":"pob","_id":"1831219"}}
	{"id":1831219,"type":"buy","buyer":"pixelfan","seller":"claudio83.pob","symbol":"POB","quantity":"5.28057008","price":"0.12600000","timestamp":1635546804,"volume":"0.66535183","buyTxId":"1d33b81e767e9ad1a7144321793c39bf1f2e5d5e","sellTxId":"d1f2661e30b272a6d6e2740de9476d5f47cb8b81"}
{"index": {"_index":"pob","_id":"1831253"}}
	{"id":1831253,"type":"sell","buyer":"gimme-your-coinz","seller":"offgridlife","symbol":"POB","quantity":"10.00000000","price":"0.12510002","timestamp":1635547245,"volume":"1.25100020","buyTxId":"c98c99d70ea1c024c05b8fdae2e96ba189e2a648","sellTxId":"75d8ebbcc50ec13caf5a75f991c73dca65f93a2f"}
{"index": {"_index":"pob","_id":"1831327"}}
	{"id":1831327,"type":"buy","buyer":"ahmetay","seller":"perceptualflaws","symbol":"POB","quantity":"39.84063745","price":"0.12550000","timestamp":1635547992,"volume":"5","buyTxId":"a6c7a97082d9df66dd47fd40a30722edc4bd1102","sellTxId":"38391ff4e0f4d67fa9d71ca08be571cd487902a6"}
{"index": {"_index":"pob","_id":"1831330"}}
	{"id":1831330,"type":"buy","buyer":"ahmetay","seller":"perceptualflaws","symbol":"POB","quantity":"79.68127490","price":"0.12550000","timestamp":1635548094,"volume":"10","buyTxId":"61acac7129ae7c12ff3e2ad31a2340400b6033da","sellTxId":"38391ff4e0f4d67fa9d71ca08be571cd487902a6"}
{"index": {"_index":"pob","_id":"1831483"}}
	{"id":1831483,"type":"sell","buyer":"richardcrill","seller":"chireerocks","symbol":"POB","quantity":"8.07079458","price":"0.12520002","timestamp":1635549714,"volume":"1.01046364","buyTxId":"MM-P-11735802-58721448-3-10-0","sellTxId":"5b5f536dd1d3369962d30e01d7ccad07e981c111"}
{"index": {"_index":"pob","_id":"1831526"}}
	{"id":1831526,"type":"buy","buyer":"pandaparker","seller":"perceptualflaws","symbol":"POB","quantity":"0.16210000","price":"0.12550000","timestamp":1635550368,"volume":"0.02034355","buyTxId":"9e345e037c043b5c76e33e38665b42d14ec2ee92","sellTxId":"38391ff4e0f4d67fa9d71ca08be571cd487902a6"}
{"index": {"_index":"pob","_id":"1831613"}}
	{"id":1831613,"type":"sell","buyer":"richardcrill","seller":"iyiade","symbol":"POB","quantity":"14.99900000","price":"0.12520002","timestamp":1635551073,"volume":"1.87787510","buyTxId":"MM-P-11735802-58721448-3-10-0","sellTxId":"fb3b629c70bb184f3ac05174e994f62804c87e48"}
{"index": {"_index":"pob","_id":"1831658"}}
	{"id":1831658,"type":"buy","buyer":"yintercept","seller":"perceptualflaws","symbol":"POB","quantity":"6.31100000","price":"0.12550000","timestamp":1635551568,"volume":"0.79203050","buyTxId":"012f8755d01bc0798ff9b3c56ce8a8d723f46b95","sellTxId":"38391ff4e0f4d67fa9d71ca08be571cd487902a6"}
{"index": {"_index":"pob","_id":"1831820"}}
	{"id":1831820,"type":"sell","buyer":"richardcrill","seller":"hernleon74","symbol":"POB","quantity":"1.29193507","price":"0.12520002","timestamp":1635553365,"volume":"0.16175030","buyTxId":"MM-P-11735802-58721448-3-10-0","sellTxId":"1a495ad215df8771b469b1cb1d4ab9933faa8365"}
{"index": {"_index":"pob","_id":"1831944"}}
	{"id":1831944,"type":"sell","buyer":"he-index","seller":"dhedge-drips","symbol":"POB","quantity":"0.51100000","price":"0.12520002","timestamp":1635554850,"volume":"0.06397721","buyTxId":"3f0ca227fdb310954a26dd36bb9dc106cf52d275","sellTxId":"2d755072b26145e7102a6761980851f5111357d8"}
{"index": {"_index":"pob","_id":"1831948"}}
	{"id":1831948,"type":"buy","buyer":"richardcrill","seller":"dhedge-drips","symbol":"POB","quantity":"1.51154281","price":"0.12520002","timestamp":1635554874,"volume":"0.18924519","buyTxId":"MM-P-11738193-58723840-3-10-0","sellTxId":"2d755072b26145e7102a6761980851f5111357d8"}
{"index": {"_index":"pob","_id":"1832013"}}
	{"id":1832013,"type":"sell","buyer":"richardcrill","seller":"liaminit1","symbol":"POB","quantity":"1.97817356","price":"0.12520002","timestamp":1635555738,"volume":"0.24766737","buyTxId":"MM-P-11738193-58723840-3-10-0","sellTxId":"1a1645a8009e6e33bd213991805c9eb6be14c76e"}
{"index": {"_index":"pob","_id":"1832041"}}
	{"id":1832041,"type":"sell","buyer":"richardcrill","seller":"darkflame","symbol":"POB","quantity":"50.00000000","price":"0.12520002","timestamp":1635556026,"volume":"6.26000100","buyTxId":"MM-P-11738193-58723840-3-10-0","sellTxId":"c86b977a087f6500ec128af307fd0c42f4afbf8c"}
{"index": {"_index":"pob","_id":"1832158"}}
	{"id":1832158,"type":"sell","buyer":"richardcrill","seller":"belhaven14","symbol":"POB","quantity":"8.13000000","price":"0.12520002","timestamp":1635557259,"volume":"1.01787616","buyTxId":"MM-P-11738193-58723840-3-10-0","sellTxId":"540e9a7f04b7f7aeb7a782d0886d3bd37836233a"}
{"index": {"_index":"pob","_id":"1832256"}}
	{"id":1832256,"type":"sell","buyer":"coininstant","seller":"paulmoon410","symbol":"POB","quantity":"0.05690244","price":"0.12521000","timestamp":1635558825,"volume":"0.00712475","buyTxId":"75875e486a008c187904d725b3a21d016f6d47b9","sellTxId":"283ff05df46998cb40631d94932fb09978eeb150"}
{"index": {"_index":"pob","_id":"1832344"}}
	{"id":1832344,"type":"sell","buyer":"coininstant","seller":"peerfinance","symbol":"POB","quantity":"0.30600000","price":"0.12521000","timestamp":1635560010,"volume":"0.03831426","buyTxId":"75875e486a008c187904d725b3a21d016f6d47b9","sellTxId":"6a2c6a62a483522138d3d21b9c7088e392984027"}
{"index": {"_index":"pob","_id":"1832346"}}
	{"id":1832346,"type":"sell","buyer":"coininstant","seller":"justinparke","symbol":"POB","quantity":"3.87361828","price":"0.12521000","timestamp":1635560019,"volume":"0.48501574","buyTxId":"75875e486a008c187904d725b3a21d016f6d47b9","sellTxId":"ba9fe1e1008fd5e9d0b189173bea83bf9e9c923e"}
{"index": {"_index":"pob","_id":"1832347"}}
	{"id":1832347,"type":"sell","buyer":"richardcrill","seller":"justinparke","symbol":"POB","quantity":"6.35325148","price":"0.12520002","timestamp":1635560019,"volume":"0.79542721","buyTxId":"MM-P-11738193-58723840-3-10-0","sellTxId":"ba9fe1e1008fd5e9d0b189173bea83bf9e9c923e"}
