{"index": {"_index":"pob","_id":"2460080"}}
	{"id":2460080,"type":"sell","buyer":"yintercept","seller":"theguruasia","symbol":"POB","quantity":"3.70448236","price":"0.04100000","timestamp":1641271593,"volume":"0.15188378","buyTxId":"4adb3b811585a46e843cf1e2a61f024ae7c9d7e2","sellTxId":"f440d4a8f1fdaead9f0060f75d247484959eab85"}
{"index": {"_index":"pob","_id":"2460089"}}
	{"id":2460089,"type":"sell","buyer":"yintercept","seller":"gimmetricks1","symbol":"POB","quantity":"6.29551764","price":"0.04100000","timestamp":1641271665,"volume":"0.25811622","buyTxId":"4adb3b811585a46e843cf1e2a61f024ae7c9d7e2","sellTxId":"460c9c908bbf9f35321bfb4f4d5af534c2678ef4"}
{"index": {"_index":"pob","_id":"2460090"}}
	{"id":2460090,"type":"sell","buyer":"richardcrill","seller":"gimmetricks1","symbol":"POB","quantity":"9.15045655","price":"0.04054400","timestamp":1641271665,"volume":"0.37099611","buyTxId":"MM-P-13630569-60617613-3-10-0","sellTxId":"460c9c908bbf9f35321bfb4f4d5af534c2678ef4"}
{"index": {"_index":"pob","_id":"2460091"}}
	{"id":2460091,"type":"sell","buyer":"flamistan","seller":"gimmetricks1","symbol":"POB","quantity":"9.44825113","price":"0.04044400","timestamp":1641271665,"volume":"0.38212507","buyTxId":"742e51c8d335c21d619871e05ddcd425f69f6dce","sellTxId":"460c9c908bbf9f35321bfb4f4d5af534c2678ef4"}
{"index": {"_index":"pob","_id":"2460339"}}
	{"id":2460339,"type":"sell","buyer":"richardcrill","seller":"jongolson","symbol":"POB","quantity":"3.60161794","price":"0.04054400","timestamp":1641275574,"volume":"0.14602400","buyTxId":"MM-P-13637452-60624498-3-10-0","sellTxId":"fee04bad262a8fba604bc915f86f3245bd8aafe6"}
{"index": {"_index":"pob","_id":"2460548"}}
	{"id":2460548,"type":"sell","buyer":"richardcrill","seller":"mawit07","symbol":"POB","quantity":"3.63987018","price":"0.04054400","timestamp":1641277608,"volume":"0.14757490","buyTxId":"MM-P-13637452-60624498-3-10-0","sellTxId":"64a82ff2fba5359a3ff3339c1f875ac6875c233b"}
{"index": {"_index":"pob","_id":"2460733"}}
	{"id":2460733,"type":"sell","buyer":"richardcrill","seller":"coffeelovers","symbol":"POB","quantity":"11.02960523","price":"0.04054400","timestamp":1641279579,"volume":"0.44718431","buyTxId":"MM-P-13637452-60624498-3-10-0","sellTxId":"da802a9ae9e4ea423d6c6f8662cfca0978781bfa"}
{"index": {"_index":"pob","_id":"2460786"}}
	{"id":2460786,"type":"sell","buyer":"richardcrill","seller":"charcoalbuffet","symbol":"POB","quantity":"3.51522423","price":"0.04054400","timestamp":1641280227,"volume":"0.14252125","buyTxId":"MM-P-13637452-60624498-3-10-0","sellTxId":"c47ed2e12e148836bc805cbda11f7ba2b622d450"}
{"index": {"_index":"pob","_id":"2461077"}}
	{"id":2461077,"type":"sell","buyer":"richardcrill","seller":"ctpsb","symbol":"POB","quantity":"3.38000000","price":"0.04054400","timestamp":1641283416,"volume":"0.13703872","buyTxId":"MM-P-13637452-60624498-3-10-0","sellTxId":"832f1ff3ea4beb56325b867bb1e638525825b4f7"}
{"index": {"_index":"pob","_id":"2461159"}}
	{"id":2461159,"type":"sell","buyer":"richardcrill","seller":"oks2crypto","symbol":"POB","quantity":"0.08384014","price":"0.04054400","timestamp":1641284328,"volume":"0.00339921","buyTxId":"MM-P-13637452-60624498-3-10-0","sellTxId":"3bc63a5924cdd2a4a2dda5affce4f027e6bca906"}
{"index": {"_index":"pob","_id":"2461162"}}
	{"id":2461162,"type":"sell","buyer":"richardcrill","seller":"revisesociology","symbol":"POB","quantity":"30.00000000","price":"0.04054400","timestamp":1641284358,"volume":"1.21632000","buyTxId":"MM-P-13637452-60624498-3-10-0","sellTxId":"8fd7aed6f6b350aebe961fcef9a82b0c5b84da14"}
{"index": {"_index":"pob","_id":"2461402"}}
	{"id":2461402,"type":"buy","buyer":"cyclope","seller":"projectmamabg","symbol":"POB","quantity":"0.00000135","price":"0.04354400","timestamp":1641287469,"volume":"0.00000006","buyTxId":"cd681cc8128657a693ef89e8535348938cc410df","sellTxId":"e46e8452b10ec12712452827a9491a4fbff35eb9"}
{"index": {"_index":"pob","_id":"2461540"}}
	{"id":2461540,"type":"sell","buyer":"cyclope","seller":"beemd","symbol":"POB","quantity":"70.00901244","price":"0.04354400","timestamp":1641289554,"volume":"3.04847244","buyTxId":"cd681cc8128657a693ef89e8535348938cc410df","sellTxId":"a1034653fea110f3ac674e05d64460ced035557e"}
{"index": {"_index":"pob","_id":"2461572"}}
	{"id":2461572,"type":"sell","buyer":"cyclope","seller":"thatgermandude","symbol":"POB","quantity":"70.00000000","price":"0.04354400","timestamp":1641289911,"volume":"3.04808000","buyTxId":"cd681cc8128657a693ef89e8535348938cc410df","sellTxId":"97401f834fd3b1e556312074174f4355ccdccd42"}
{"index": {"_index":"pob","_id":"2461794"}}
	{"id":2461794,"type":"sell","buyer":"cyclope","seller":"ugochill","symbol":"POB","quantity":"0.04456355","price":"0.04354400","timestamp":1641292473,"volume":"0.00194048","buyTxId":"cd681cc8128657a693ef89e8535348938cc410df","sellTxId":"9983584c6176474a4c6f7daa0d76f22a3f9e8388"}
{"index": {"_index":"pob","_id":"2461843"}}
	{"id":2461843,"type":"sell","buyer":"cyclope","seller":"tonytrillions","symbol":"POB","quantity":"0.04704131","price":"0.04354400","timestamp":1641292923,"volume":"0.00204837","buyTxId":"cd681cc8128657a693ef89e8535348938cc410df","sellTxId":"cd453a1b00643754fc936307496d85031035b959"}
{"index": {"_index":"pob","_id":"2461864"}}
	{"id":2461864,"type":"sell","buyer":"cyclope","seller":"pele23","symbol":"POB","quantity":"1.04607387","price":"0.04354400","timestamp":1641293154,"volume":"0.04555024","buyTxId":"cd681cc8128657a693ef89e8535348938cc410df","sellTxId":"0d528043c1167af68c4dc97ba99b6ab548a077fc"}
{"index": {"_index":"pob","_id":"2461903"}}
	{"id":2461903,"type":"sell","buyer":"cyclope","seller":"botefarm","symbol":"POB","quantity":"0.10041881","price":"0.04354400","timestamp":1641293817,"volume":"0.00437263","buyTxId":"cd681cc8128657a693ef89e8535348938cc410df","sellTxId":"8c2bb1f033141dcf78d0c393e9802dea0e62b994"}
{"index": {"_index":"pob","_id":"2462006"}}
	{"id":2462006,"type":"sell","buyer":"richardcrill","seller":"insight.pob","symbol":"POB","quantity":"72.00000000","price":"0.04054400","timestamp":1641295443,"volume":"2.91916800","buyTxId":"MM-P-13637452-60624498-3-10-0","sellTxId":"67e0d36d34e082b627a1cefddc2fdcbf920990da"}
{"index": {"_index":"pob","_id":"2462103"}}
	{"id":2462103,"type":"sell","buyer":"richardcrill","seller":"alfarero","symbol":"POB","quantity":"0.53148944","price":"0.04054400","timestamp":1641296526,"volume":"0.02154871","buyTxId":"MM-P-13637452-60624498-3-10-0","sellTxId":"6c6758ffc716e4ebfd4df8555500cc1f1ad998a8"}
{"index": {"_index":"pob","_id":"2462311"}}
	{"id":2462311,"type":"sell","buyer":"richardcrill","seller":"florenceboens","symbol":"POB","quantity":"0.05249782","price":"0.04054400","timestamp":1641298410,"volume":"0.00212847","buyTxId":"MM-P-13637452-60624498-3-10-0","sellTxId":"d22dbd5eed4455cf136254ce7f61a46f5898d757"}
{"index": {"_index":"pob","_id":"2462393"}}
	{"id":2462393,"type":"sell","buyer":"richardcrill","seller":"skylinebuds-weed","symbol":"POB","quantity":"6.22000000","price":"0.04054400","timestamp":1641299439,"volume":"0.25218368","buyTxId":"MM-P-13637452-60624498-3-10-0","sellTxId":"ed5533a68316c297d8a99333594af4ed4918d8d8"}
{"index": {"_index":"pob","_id":"2462407"}}
	{"id":2462407,"type":"sell","buyer":"richardcrill","seller":"erikah","symbol":"POB","quantity":"12.79080189","price":"0.04054400","timestamp":1641299676,"volume":"0.51859027","buyTxId":"MM-P-13637452-60624498-3-10-0","sellTxId":"0c601046c3e866df49a8295486c929deedb5e101"}
{"index": {"_index":"pob","_id":"2462554"}}
	{"id":2462554,"type":"sell","buyer":"richardcrill","seller":"jasonmunapasee","symbol":"POB","quantity":"125.03220784","price":"0.04054400","timestamp":1641300891,"volume":"5.06930583","buyTxId":"MM-P-13637452-60624498-3-10-0","sellTxId":"fd9e0dd87d6a44ea3df437e04de551b82586b3a0"}
{"index": {"_index":"pob","_id":"2462656"}}
	{"id":2462656,"type":"sell","buyer":"ganjafarmer","seller":"freeztag","symbol":"POB","quantity":"11.40113316","price":"0.04010000","timestamp":1641302079,"volume":"0.45718544","buyTxId":"3dee057731fc8ac8f9e621bde6733dc11d360702","sellTxId":"afc8b0888da8dbbf9c27834f19ae9dbeeaec39ac"}
{"index": {"_index":"pob","_id":"2462728"}}
	{"id":2462728,"type":"sell","buyer":"trostparadox","seller":"emeka4","symbol":"POB","quantity":"7.55915988","price":"0.04000000","timestamp":1641302955,"volume":"0.30236640","buyTxId":"c194818efb1e5f41fbe0087397cb5013a84610e1","sellTxId":"531ecb2d0db8f4ea1b047917b06a09414f113ec3"}
{"index": {"_index":"pob","_id":"2462851"}}
	{"id":2462851,"type":"sell","buyer":"trostparadox","seller":"freeztag","symbol":"POB","quantity":"2.78974782","price":"0.04000000","timestamp":1641303888,"volume":"0.11158991","buyTxId":"c194818efb1e5f41fbe0087397cb5013a84610e1","sellTxId":"5d88a453bd4f243d680e402f041016a1d0266e4a"}
{"index": {"_index":"pob","_id":"2462888"}}
	{"id":2462888,"type":"sell","buyer":"trostparadox","seller":"gwajnberg","symbol":"POB","quantity":"0.00271162","price":"0.04000000","timestamp":1641304236,"volume":"0.00010846","buyTxId":"c194818efb1e5f41fbe0087397cb5013a84610e1","sellTxId":"0a2b789adc18a839da1a211e84856db5ceba7e45"}
{"index": {"_index":"pob","_id":"2463007"}}
	{"id":2463007,"type":"sell","buyer":"trostparadox","seller":"lordneroo","symbol":"POB","quantity":"3.82313577","price":"0.04000000","timestamp":1641305562,"volume":"0.15292543","buyTxId":"c194818efb1e5f41fbe0087397cb5013a84610e1","sellTxId":"ce6a767aeba77c7785930e52546236aa1f8b1675"}
{"index": {"_index":"pob","_id":"2463129"}}
	{"id":2463129,"type":"sell","buyer":"trostparadox","seller":"jersteemit","symbol":"POB","quantity":"37.34354326","price":"0.04000000","timestamp":1641306651,"volume":"1.49374173","buyTxId":"c194818efb1e5f41fbe0087397cb5013a84610e1","sellTxId":"3b659357ed13474e56c5ac723753b48d3c83877d"}
{"index": {"_index":"pob","_id":"2463189"}}
	{"id":2463189,"type":"buy","buyer":"joshsticks28","seller":"beemd","symbol":"POB","quantity":"3.14901776","price":"0.04336490","timestamp":1641307323,"volume":"0.13655684","buyTxId":"bf8d7955e8ee5e6a9e0bb54284a09dd2037a49a8","sellTxId":"fd721aff303d398c72a0495ca44c3654724b9ad8"}
{"index": {"_index":"pob","_id":"2463329"}}
	{"id":2463329,"type":"sell","buyer":"trostparadox","seller":"esmeesmith","symbol":"POB","quantity":"1.99850343","price":"0.04000000","timestamp":1641308769,"volume":"0.07994014","buyTxId":"c194818efb1e5f41fbe0087397cb5013a84610e1","sellTxId":"5a4066826632d1a50fcfb848ac89794281626e74"}
{"index": {"_index":"pob","_id":"2463406"}}
	{"id":2463406,"type":"sell","buyer":"trostparadox","seller":"bitcoinflood","symbol":"POB","quantity":"7.46116220","price":"0.04000000","timestamp":1641309579,"volume":"0.29844649","buyTxId":"c194818efb1e5f41fbe0087397cb5013a84610e1","sellTxId":"143694069c01ca68ed1a2acd1b8bbbecd6152eb6"}
{"index": {"_index":"pob","_id":"2463617"}}
	{"id":2463617,"type":"sell","buyer":"trostparadox","seller":"brofi-market","symbol":"POB","quantity":"6.56713976","price":"0.04000000","timestamp":1641312846,"volume":"0.26268559","buyTxId":"c194818efb1e5f41fbe0087397cb5013a84610e1","sellTxId":"c3c859cb19fed3e33c5802c64a1c26ea12236dec"}
{"index": {"_index":"pob","_id":"2463627"}}
	{"id":2463627,"type":"sell","buyer":"trostparadox","seller":"dswap","symbol":"POB","quantity":"7.42482997","price":"0.04000000","timestamp":1641312909,"volume":"0.29699320","buyTxId":"c194818efb1e5f41fbe0087397cb5013a84610e1","sellTxId":"16773647c831ac58dd1c2bfbb7312192991dbb1a"}
{"index": {"_index":"pob","_id":"2463641"}}
	{"id":2463641,"type":"sell","buyer":"trostparadox","seller":"vanillavow","symbol":"POB","quantity":"5.84150102","price":"0.04000000","timestamp":1641313146,"volume":"0.23366004","buyTxId":"c194818efb1e5f41fbe0087397cb5013a84610e1","sellTxId":"8b7408bb50c5ac0b29c1ce30db483f96cd9f1119"}
{"index": {"_index":"pob","_id":"2463650"}}
	{"id":2463650,"type":"sell","buyer":"trostparadox","seller":"gadrian","symbol":"POB","quantity":"10.00000000","price":"0.04000000","timestamp":1641313305,"volume":"0.40000000","buyTxId":"c194818efb1e5f41fbe0087397cb5013a84610e1","sellTxId":"2edc84336d839749a686df47f26da1311bc1adc9"}
{"index": {"_index":"pob","_id":"2463678"}}
	{"id":2463678,"type":"sell","buyer":"trostparadox","seller":"andy4475","symbol":"POB","quantity":"1.89216871","price":"0.04000000","timestamp":1641313878,"volume":"0.07568675","buyTxId":"c194818efb1e5f41fbe0087397cb5013a84610e1","sellTxId":"65dbf5c008959e0e7874c2c8d503588a99601003"}
{"index": {"_index":"pob","_id":"2463756"}}
	{"id":2463756,"type":"sell","buyer":"trostparadox","seller":"tokutaro22","symbol":"POB","quantity":"3.67107152","price":"0.04000000","timestamp":1641315675,"volume":"0.14684286","buyTxId":"c194818efb1e5f41fbe0087397cb5013a84610e1","sellTxId":"93ce9234fcc8e4633fa3c1fc688272bb4296349b"}
{"index": {"_index":"pob","_id":"2463758"}}
	{"id":2463758,"type":"sell","buyer":"trostparadox","seller":"corporateay","symbol":"POB","quantity":"3.66612649","price":"0.04000000","timestamp":1641315816,"volume":"0.14664506","buyTxId":"c194818efb1e5f41fbe0087397cb5013a84610e1","sellTxId":"f3999e558e96e540f0189f66e81f29aba4bd7bfc"}
{"index": {"_index":"pob","_id":"2463788"}}
	{"id":2463788,"type":"sell","buyer":"trostparadox","seller":"elricmoonslayer","symbol":"POB","quantity":"226.96077327","price":"0.04000000","timestamp":1641316368,"volume":"9.07843093","buyTxId":"c194818efb1e5f41fbe0087397cb5013a84610e1","sellTxId":"996deae00230d9885dd8175d1b21dfd9688f48e4"}
{"index": {"_index":"pob","_id":"2463790"}}
	{"id":2463790,"type":"sell","buyer":"trostparadox","seller":"candy49","symbol":"POB","quantity":"1.11474611","price":"0.04000000","timestamp":1641316374,"volume":"0.04458984","buyTxId":"c194818efb1e5f41fbe0087397cb5013a84610e1","sellTxId":"a0d3ae5524a245e4f1f53c7f5c80e5b2e9a34692"}
{"index": {"_index":"pob","_id":"2463796"}}
	{"id":2463796,"type":"sell","buyer":"trostparadox","seller":"rob23hive","symbol":"POB","quantity":"11.14941382","price":"0.04000000","timestamp":1641316509,"volume":"0.44597655","buyTxId":"c194818efb1e5f41fbe0087397cb5013a84610e1","sellTxId":"b07ba5f00bbfde8512e6c2ef1cfeadccc9331760"}
{"index": {"_index":"pob","_id":"2463977"}}
	{"id":2463977,"type":"sell","buyer":"trostparadox","seller":"curation-lm","symbol":"POB","quantity":"1.66501463","price":"0.04000000","timestamp":1641318315,"volume":"0.06660059","buyTxId":"c194818efb1e5f41fbe0087397cb5013a84610e1","sellTxId":"55e94224d151b5c0b95bbaf811608a80f0f473be"}
{"index": {"_index":"pob","_id":"2463993"}}
	{"id":2463993,"type":"sell","buyer":"trostparadox","seller":"lordneroo","symbol":"POB","quantity":"35.54524133","price":"0.04000000","timestamp":1641318480,"volume":"1.42180965","buyTxId":"c194818efb1e5f41fbe0087397cb5013a84610e1","sellTxId":"8dc302cf2bed28a83507038ba622759e9ca15ebf"}
{"index": {"_index":"pob","_id":"2464305"}}
	{"id":2464305,"type":"sell","buyer":"coininstant","seller":"apoloo1","symbol":"POB","quantity":"0.27646253","price":"0.03751000","timestamp":1641320496,"volume":"0.01037011","buyTxId":"a500e16e0af478ae3fb537f20d40f3f72fb161e7","sellTxId":"9976a56e2bc9af30e0b9f34fcb1276133e574533"}
{"index": {"_index":"pob","_id":"2464306"}}
	{"id":2464306,"type":"sell","buyer":"eirik","seller":"apoloo1","symbol":"POB","quantity":"1.93498219","price":"0.03750000","timestamp":1641320496,"volume":"0.07256183","buyTxId":"5d5cb479511719a3957e5a48556dbaa4d56c7cf8","sellTxId":"9976a56e2bc9af30e0b9f34fcb1276133e574533"}
{"index": {"_index":"pob","_id":"2464347"}}
	{"id":2464347,"type":"sell","buyer":"eirik","seller":"cryptoplanetbg","symbol":"POB","quantity":"0.05201015","price":"0.03750000","timestamp":1641320838,"volume":"0.00195038","buyTxId":"5d5cb479511719a3957e5a48556dbaa4d56c7cf8","sellTxId":"cc85ad469449c092ed94e6cddba39257f3a7f1fe"}
{"index": {"_index":"pob","_id":"2464401"}}
	{"id":2464401,"type":"sell","buyer":"eirik","seller":"automaton","symbol":"POB","quantity":"1.41222205","price":"0.03750000","timestamp":1641321213,"volume":"0.05295833","buyTxId":"5d5cb479511719a3957e5a48556dbaa4d56c7cf8","sellTxId":"79e77df31adbdfc9d70d7d3d7a1fc0b45ee8c5e0"}
{"index": {"_index":"pob","_id":"2464422"}}
	{"id":2464422,"type":"sell","buyer":"eirik","seller":"tonytrillions","symbol":"POB","quantity":"0.07154513","price":"0.03750000","timestamp":1641321333,"volume":"0.00268294","buyTxId":"5d5cb479511719a3957e5a48556dbaa4d56c7cf8","sellTxId":"2ae47f0ff54c6fe6c82879c0c28e195f3a1cafeb"}
{"index": {"_index":"pob","_id":"2464476"}}
	{"id":2464476,"type":"sell","buyer":"eirik","seller":"fatedslayerz","symbol":"POB","quantity":"2.39250000","price":"0.03750000","timestamp":1641321726,"volume":"0.08971875","buyTxId":"5d5cb479511719a3957e5a48556dbaa4d56c7cf8","sellTxId":"0deeaab6d5aca2572ac21c02b6f0d302feb5570c"}
{"index": {"_index":"pob","_id":"2464519"}}
	{"id":2464519,"type":"sell","buyer":"eirik","seller":"dhedge-drips","symbol":"POB","quantity":"0.70362212","price":"0.03750000","timestamp":1641322014,"volume":"0.02638583","buyTxId":"5d5cb479511719a3957e5a48556dbaa4d56c7cf8","sellTxId":"253bf7bfc202c31604942df905d9c2c42c601c31"}
{"index": {"_index":"pob","_id":"2464563"}}
	{"id":2464563,"type":"buy","buyer":"egonz","seller":"tykee","symbol":"POB","quantity":"19.83410250","price":"0.04309000","timestamp":1641322233,"volume":"0.85465148","buyTxId":"d54220bb8811968ebc6670eb950dce57c4c0105f","sellTxId":"03ddbeb7103f078f73661f234e6800703f181cf8"}
{"index": {"_index":"pob","_id":"2464564"}}
	{"id":2464564,"type":"buy","buyer":"egonz","seller":"dhedge-drips","symbol":"POB","quantity":"0.70362212","price":"0.04309000","timestamp":1641322233,"volume":"0.03031908","buyTxId":"d54220bb8811968ebc6670eb950dce57c4c0105f","sellTxId":"35432efffd8f49c0f2b03666f6e86b433140ffd1"}
{"index": {"_index":"pob","_id":"2464591"}}
	{"id":2464591,"type":"sell","buyer":"egonz","seller":"sp3ktraline","symbol":"POB","quantity":"3.24041602","price":"0.04309000","timestamp":1641322461,"volume":"0.13962953","buyTxId":"d54220bb8811968ebc6670eb950dce57c4c0105f","sellTxId":"177225a9c254462ee06757dfa2b4dcb3f2581625"}
{"index": {"_index":"pob","_id":"2464651"}}
	{"id":2464651,"type":"sell","buyer":"egonz","seller":"josediccus","symbol":"POB","quantity":"14.87337762","price":"0.04309000","timestamp":1641322788,"volume":"0.64089384","buyTxId":"d54220bb8811968ebc6670eb950dce57c4c0105f","sellTxId":"50d6330b12308e6c8a83351e2640a2edc3061314"}
{"index": {"_index":"pob","_id":"2464660"}}
	{"id":2464660,"type":"sell","buyer":"egonz","seller":"gillianpearce","symbol":"POB","quantity":"30.00000000","price":"0.04309000","timestamp":1641322839,"volume":"1.29270000","buyTxId":"d54220bb8811968ebc6670eb950dce57c4c0105f","sellTxId":"38d222035bf91e7d4eebda0091175b02744b603a"}
{"index": {"_index":"pob","_id":"2464848"}}
	{"id":2464848,"type":"sell","buyer":"egonz","seller":"beemd","symbol":"POB","quantity":"79.08408129","price":"0.04309000","timestamp":1641324432,"volume":"3.40773306","buyTxId":"d54220bb8811968ebc6670eb950dce57c4c0105f","sellTxId":"fb92e2e6992fce2cd7d12bdcf440cbdb5363c015"}
{"index": {"_index":"pob","_id":"2464960"}}
	{"id":2464960,"type":"sell","buyer":"egonz","seller":"barski","symbol":"POB","quantity":"0.88077139","price":"0.04309000","timestamp":1641325332,"volume":"0.03795244","buyTxId":"d54220bb8811968ebc6670eb950dce57c4c0105f","sellTxId":"e3721dcc574dd30ecae356cdc3cc3bc5f2c586f1"}
{"index": {"_index":"pob","_id":"2464966"}}
	{"id":2464966,"type":"sell","buyer":"egonz","seller":"abbey877","symbol":"POB","quantity":"50.00000000","price":"0.04309000","timestamp":1641325443,"volume":"2.15450000","buyTxId":"d54220bb8811968ebc6670eb950dce57c4c0105f","sellTxId":"d2354931037eac3b2fd3216c2b1362ae4748a4cb"}
{"index": {"_index":"pob","_id":"2465050"}}
	{"id":2465050,"type":"sell","buyer":"egonz","seller":"apnigrich","symbol":"POB","quantity":"38.05014402","price":"0.04309000","timestamp":1641326259,"volume":"1.63958071","buyTxId":"d54220bb8811968ebc6670eb950dce57c4c0105f","sellTxId":"aeabdc9e73833093127b87469b1a170d551e33c6"}
{"index": {"_index":"pob","_id":"2465187"}}
	{"id":2465187,"type":"sell","buyer":"egonz","seller":"optimizer","symbol":"POB","quantity":"0.05000000","price":"0.04309000","timestamp":1641327657,"volume":"0.00215450","buyTxId":"d54220bb8811968ebc6670eb950dce57c4c0105f","sellTxId":"c045396278d8f45454b08a8ec95d90560ddec3c6"}
{"index": {"_index":"pob","_id":"2465327"}}
	{"id":2465327,"type":"sell","buyer":"egonz","seller":"meesterboom","symbol":"POB","quantity":"7.65442537","price":"0.04309000","timestamp":1641329415,"volume":"0.32982919","buyTxId":"d54220bb8811968ebc6670eb950dce57c4c0105f","sellTxId":"3ff8c9e8c1373c1fb1ae3e9a7677e5bf662efc65"}
{"index": {"_index":"pob","_id":"2465355"}}
	{"id":2465355,"type":"sell","buyer":"egonz","seller":"kellyane","symbol":"POB","quantity":"0.46978851","price":"0.04309000","timestamp":1641329583,"volume":"0.02024319","buyTxId":"d54220bb8811968ebc6670eb950dce57c4c0105f","sellTxId":"970cf3615ca9852d5842c1fc8f1205fb38048340"}
{"index": {"_index":"pob","_id":"2465369"}}
	{"id":2465369,"type":"sell","buyer":"egonz","seller":"deathwing","symbol":"POB","quantity":"0.026","price":"0.04309000","timestamp":1641329706,"volume":"0.00112034","buyTxId":"d54220bb8811968ebc6670eb950dce57c4c0105f","sellTxId":"9f0b7931e0dbafb48fbcf0e8e7d0f20cc83a6312-2"}
{"index": {"_index":"pob","_id":"2465443"}}
	{"id":2465443,"type":"sell","buyer":"egonz","seller":"piinaar","symbol":"POB","quantity":"9.20568340","price":"0.04309000","timestamp":1641330246,"volume":"0.39667290","buyTxId":"d54220bb8811968ebc6670eb950dce57c4c0105f","sellTxId":"7841e9729744e881d02e9039fdd364ff45a52cf0"}
{"index": {"_index":"pob","_id":"2465742"}}
	{"id":2465742,"type":"sell","buyer":"egonz","seller":"finguru","symbol":"POB","quantity":"15.59416903","price":"0.04309000","timestamp":1641332604,"volume":"0.67195274","buyTxId":"d54220bb8811968ebc6670eb950dce57c4c0105f","sellTxId":"a27aff2df43bf841b8b6258ef52ae6b8c19cf791"}
{"index": {"_index":"pob","_id":"2465748"}}
	{"id":2465748,"type":"sell","buyer":"eirik","seller":"finguru","symbol":"POB","quantity":"39.07743378","price":"0.03750000","timestamp":1641332685,"volume":"1.46540377","buyTxId":"5d5cb479511719a3957e5a48556dbaa4d56c7cf8","sellTxId":"a30790b1c807e7e63e1641f55cb9c13528adb87c"}
{"index": {"_index":"pob","_id":"2465754"}}
	{"id":2465754,"type":"sell","buyer":"eirik","seller":"finguru","symbol":"POB","quantity":"4.35568458","price":"0.03750000","timestamp":1641332760,"volume":"0.16333817","buyTxId":"5d5cb479511719a3957e5a48556dbaa4d56c7cf8","sellTxId":"5d32c31623cb4f2e123a7507634172ebe9684a07"}
{"index": {"_index":"pob","_id":"2465755"}}
	{"id":2465755,"type":"sell","buyer":"gimme-your-coinz","seller":"finguru","symbol":"POB","quantity":"17.05014639","price":"0.03251000","timestamp":1641332760,"volume":"0.55430026","buyTxId":"b092b4275e8bdcca75d9d80b509cf17039c7d519","sellTxId":"5d32c31623cb4f2e123a7507634172ebe9684a07"}
{"index": {"_index":"pob","_id":"2466044"}}
	{"id":2466044,"type":"sell","buyer":"gimme-your-coinz","seller":"andy4475","symbol":"POB","quantity":"4.92355890","price":"0.03251000","timestamp":1641336102,"volume":"0.16006490","buyTxId":"b092b4275e8bdcca75d9d80b509cf17039c7d519","sellTxId":"e50f0fb7c96080dbbc6e073c992ecb1dae8c9314"}
{"index": {"_index":"pob","_id":"2466203"}}
	{"id":2466203,"type":"sell","buyer":"gimme-your-coinz","seller":"he-index","symbol":"POB","quantity":"0.07100000","price":"0.03251000","timestamp":1641337386,"volume":"0.00230821","buyTxId":"b092b4275e8bdcca75d9d80b509cf17039c7d519","sellTxId":"410b9f7bd4e7dcfd86f04539a133657065c8e01a"}
{"index": {"_index":"pob","_id":"2466462"}}
	{"id":2466462,"type":"sell","buyer":"gimme-your-coinz","seller":"teatree","symbol":"POB","quantity":"0.00914708","price":"0.03251000","timestamp":1641340317,"volume":"0.00029737","buyTxId":"b092b4275e8bdcca75d9d80b509cf17039c7d519","sellTxId":"511173cf832e9254deba4ef2b99df89c897c00b9"}
{"index": {"_index":"pob","_id":"2466535"}}
	{"id":2466535,"type":"sell","buyer":"gimme-your-coinz","seller":"kennysgaminglife","symbol":"POB","quantity":"2.78767473","price":"0.03251000","timestamp":1641341343,"volume":"0.09062731","buyTxId":"b092b4275e8bdcca75d9d80b509cf17039c7d519","sellTxId":"a69642f6eda1d3d0572ac3981a90f2b544329f96"}
{"index": {"_index":"pob","_id":"2466568"}}
	{"id":2466568,"type":"sell","buyer":"gimme-your-coinz","seller":"melbourneswest","symbol":"POB","quantity":"3.25","price":"0.03251000","timestamp":1641341607,"volume":"0.10565750","buyTxId":"b092b4275e8bdcca75d9d80b509cf17039c7d519","sellTxId":"665ebfe1768fc03110c06fb6e6a3a53c524cf14e"}
{"index": {"_index":"pob","_id":"2466833"}}
	{"id":2466833,"type":"sell","buyer":"gimme-your-coinz","seller":"corporateay","symbol":"POB","quantity":"3.20616818","price":"0.03251000","timestamp":1641343353,"volume":"0.10423253","buyTxId":"b092b4275e8bdcca75d9d80b509cf17039c7d519","sellTxId":"b95fcd520dfe7ea2b07786f1ae7b43f742efa31b"}
{"index": {"_index":"pob","_id":"2467012"}}
	{"id":2467012,"type":"sell","buyer":"gimme-your-coinz","seller":"edb","symbol":"POB","quantity":"0.61070727","price":"0.03251000","timestamp":1641345639,"volume":"0.01985409","buyTxId":"b092b4275e8bdcca75d9d80b509cf17039c7d519","sellTxId":"5871fa8ada7e7b47e2810a02a5fffb36ec22e745"}
{"index": {"_index":"pob","_id":"2467063"}}
	{"id":2467063,"type":"sell","buyer":"gimme-your-coinz","seller":"numpypython","symbol":"POB","quantity":"0.56669145","price":"0.03251000","timestamp":1641346239,"volume":"0.01842314","buyTxId":"b092b4275e8bdcca75d9d80b509cf17039c7d519","sellTxId":"55cde1ec62e75d12826493b0593252b81b7337da"}
{"index": {"_index":"pob","_id":"2467124"}}
	{"id":2467124,"type":"sell","buyer":"gimme-your-coinz","seller":"dswap","symbol":"POB","quantity":"1.98024623","price":"0.03251000","timestamp":1641346947,"volume":"0.06437780","buyTxId":"b092b4275e8bdcca75d9d80b509cf17039c7d519","sellTxId":"2484d23f7bcd0681e9fe3cd1998bc5dff86c9ca1"}
{"index": {"_index":"pob","_id":"2467144"}}
	{"id":2467144,"type":"sell","buyer":"gimme-your-coinz","seller":"nrg","symbol":"POB","quantity":"28.20214592","price":"0.03251000","timestamp":1641346995,"volume":"0.91685176","buyTxId":"b092b4275e8bdcca75d9d80b509cf17039c7d519","sellTxId":"b4d61426c92cecfb48e382455730ca53bb3558f5-17"}
{"index": {"_index":"pob","_id":"2467197"}}
	{"id":2467197,"type":"sell","buyer":"pixelfan","seller":"chireerocks","symbol":"POB","quantity":"3.58404116","price":"0.03300000","timestamp":1641347517,"volume":"0.11827336","buyTxId":"9187a404c65bc6a3bec700f542a78d0a95f4f7cd","sellTxId":"90987abd0c96d64881c5169d16c1285166fa661d"}
{"index": {"_index":"pob","_id":"2467522"}}
	{"id":2467522,"type":"sell","buyer":"pixelfan","seller":"coffeelovers","symbol":"POB","quantity":"5.34462574","price":"0.03300000","timestamp":1641351711,"volume":"0.17637265","buyTxId":"9187a404c65bc6a3bec700f542a78d0a95f4f7cd","sellTxId":"b5c6191ed8348462c05e10bf2f1241f359b4a75f"}
{"index": {"_index":"pob","_id":"2467577"}}
	{"id":2467577,"type":"sell","buyer":"pixelfan","seller":"karamyog","symbol":"POB","quantity":"0.91538856","price":"0.03300000","timestamp":1641352440,"volume":"0.03020782","buyTxId":"9187a404c65bc6a3bec700f542a78d0a95f4f7cd","sellTxId":"9338487b09f9326cc3fa3ea34d0d92b743ab26a4"}
{"index": {"_index":"pob","_id":"2467633"}}
	{"id":2467633,"type":"sell","buyer":"pixelfan","seller":"gubbatv","symbol":"POB","quantity":"0.63291581","price":"0.03300000","timestamp":1641352980,"volume":"0.02088622","buyTxId":"9187a404c65bc6a3bec700f542a78d0a95f4f7cd","sellTxId":"5a23abe1e07b868a0987bcefb723e6de3dd7ddf7"}
{"index": {"_index":"pob","_id":"2467669"}}
	{"id":2467669,"type":"sell","buyer":"pixelfan","seller":"mawit07","symbol":"POB","quantity":"19.52302873","price":"0.03300000","timestamp":1641353373,"volume":"0.64425995","buyTxId":"9187a404c65bc6a3bec700f542a78d0a95f4f7cd","sellTxId":"7c9d794439c8dc1781a23737ba29bd4eecf1b2c0"}
{"index": {"_index":"pob","_id":"2467670"}}
	{"id":2467670,"type":"sell","buyer":"steem-holder","seller":"mawit07","symbol":"POB","quantity":"9.00000000","price":"0.03300000","timestamp":1641353373,"volume":"0.29700000","buyTxId":"cc76b91a3f43d78557eeb79d9ba6ae7d55860876","sellTxId":"7c9d794439c8dc1781a23737ba29bd4eecf1b2c0"}
{"index": {"_index":"pob","_id":"2467687"}}
	{"id":2467687,"type":"sell","buyer":"gimme-your-coinz","seller":"lionsuit","symbol":"POB","quantity":"0.00586272","price":"0.03251000","timestamp":1641353625,"volume":"0.00019060","buyTxId":"b092b4275e8bdcca75d9d80b509cf17039c7d519","sellTxId":"b1a8e9b64f7db896ecc444a379ec565dce6ab778"}
