{"index": {"_index":"pob","_id":"1055525"}}
	{"id":1055525,"type":"buy","buyer":"operahoser","seller":"coininstant","symbol":"POB","quantity":"0.10100000","price":"1.79827000","timestamp":1621046652,"volume":"0.18162527","buyTxId":"19441687a168e87576a5b9e3ce16f933459b24a8","sellTxId":"956ddce0a8b6923faef2fcaaf1ded71ec9ca0b3c"}
{"index": {"_index":"pob","_id":"1055598"}}
	{"id":1055598,"type":"sell","buyer":"frot","seller":"quinnertronics","symbol":"POB","quantity":"1.53561549","price":"1.61000000","timestamp":1621048788,"volume":"2.47234094","buyTxId":"8af62252345c53f78387d63c038b1744e8c7cf35","sellTxId":"b6c67e5342e30941c7179a62d74772cf6f187cd8"}
{"index": {"_index":"pob","_id":"1055621"}}
	{"id":1055621,"type":"sell","buyer":"frot","seller":"bashadow","symbol":"POB","quantity":"7.68484788","price":"1.61000000","timestamp":1621049076,"volume":"12.37260509","buyTxId":"8af62252345c53f78387d63c038b1744e8c7cf35","sellTxId":"0494eec085197487b1176f8e8a73e363fd78b204"}
{"index": {"_index":"pob","_id":"1055625"}}
	{"id":1055625,"type":"sell","buyer":"frot","seller":"dagger212","symbol":"POB","quantity":"12.78805416","price":"1.61000000","timestamp":1621049754,"volume":"20.58876720","buyTxId":"8af62252345c53f78387d63c038b1744e8c7cf35","sellTxId":"651d24c5983b63433bd541638387eb07083e90c6"}
{"index": {"_index":"pob","_id":"1055626"}}
	{"id":1055626,"type":"sell","buyer":"frot","seller":"clicmaster","symbol":"POB","quantity":"25.73148443","price":"1.61000000","timestamp":1621050036,"volume":"41.42768993","buyTxId":"8af62252345c53f78387d63c038b1744e8c7cf35","sellTxId":"045e8956e8ab1af66319df417bc0968085827816"}
{"index": {"_index":"pob","_id":"1055631"}}
	{"id":1055631,"type":"sell","buyer":"frot","seller":"clicmaster","symbol":"POB","quantity":"0.39104911","price":"1.61000000","timestamp":1621050294,"volume":"0.62958907","buyTxId":"8af62252345c53f78387d63c038b1744e8c7cf35","sellTxId":"35970666cdc4a921cef8b0b6196124cfe598fb10"}
{"index": {"_index":"pob","_id":"1055654"}}
	{"id":1055654,"type":"sell","buyer":"frot","seller":"taseli","symbol":"POB","quantity":"1.10204270","price":"1.61000000","timestamp":1621050867,"volume":"1.77428875","buyTxId":"8af62252345c53f78387d63c038b1744e8c7cf35","sellTxId":"862222a61a5a02f8b2d3ff467a7b357a0605d104"}
{"index": {"_index":"pob","_id":"1055665"}}
	{"id":1055665,"type":"sell","buyer":"frot","seller":"sheila23","symbol":"POB","quantity":"13.85082277","price":"1.61000000","timestamp":1621051410,"volume":"22.29982465","buyTxId":"8af62252345c53f78387d63c038b1744e8c7cf35","sellTxId":"1ea10182a86c83c42aaf47c959cd1430cd615f37"}
{"index": {"_index":"pob","_id":"1055666"}}
	{"id":1055666,"type":"sell","buyer":"mmmmkkkk311","seller":"sheila23","symbol":"POB","quantity":"20.55752762","price":"1.60525140","timestamp":1621051443,"volume":"32.99999999","buyTxId":"MM-P-6974815-53900791-3-2-0","sellTxId":"ab8bddab1e691895a00fbf0007ada69624cab228"}
{"index": {"_index":"pob","_id":"1055669"}}
	{"id":1055669,"type":"sell","buyer":"freebornsociety","seller":"sheila23","symbol":"POB","quantity":"6.22959263","price":"1.60524140","timestamp":1621051473,"volume":"9.99999999","buyTxId":"MM-P-6974793-53900762-3-1-0","sellTxId":"711d4603b3e7ac001ea92fefc4171d19ffd8b339"}
{"index": {"_index":"pob","_id":"1055670"}}
	{"id":1055670,"type":"sell","buyer":"anadolu","seller":"sheila23","symbol":"POB","quantity":"3.80067761","price":"1.60220000","timestamp":1621051518,"volume":"6.08944567","buyTxId":"cff21be21a541f8eecad46b2181ccdda2bbf1ab5","sellTxId":"4c2f13edf18b4c255b81edf8980429aa0d0a5952"}
{"index": {"_index":"pob","_id":"1055671"}}
	{"id":1055671,"type":"sell","buyer":"mmmmkkkk311","seller":"sheila23","symbol":"POB","quantity":"5.05700882","price":"1.60166140","timestamp":1621051542,"volume":"8.09961583","buyTxId":"MM-P-6974895-53900891-3-2-0","sellTxId":"f704e30bd3c7a3df72f1b25a6eadba4652ab15e4"}
{"index": {"_index":"pob","_id":"1055713"}}
	{"id":1055713,"type":"sell","buyer":"mmmmkkkk311","seller":"brofi-market","symbol":"POB","quantity":"15.69434756","price":"1.60176140","timestamp":1621053174,"volume":"25.13860012","buyTxId":"MM-P-6975336-53901390-3-2-0","sellTxId":"6e7206867045bf214812f9e1ecf72892a425a5be"}
{"index": {"_index":"pob","_id":"1055739"}}
	{"id":1055739,"type":"sell","buyer":"mmmmkkkk311","seller":"juanmiguelsalas","symbol":"POB","quantity":"3.61926214","price":"1.60176140","timestamp":1621054866,"volume":"5.79719439","buyTxId":"MM-P-6975336-53901390-3-2-0","sellTxId":"099dce2e800347275a975ae690a90eb3e13dfb04"}
{"index": {"_index":"pob","_id":"1055757"}}
	{"id":1055757,"type":"sell","buyer":"mmmmkkkk311","seller":"genepop","symbol":"POB","quantity":"1.28870972","price":"1.60176140","timestamp":1621055577,"volume":"2.06420549","buyTxId":"MM-P-6975336-53901390-3-2-0","sellTxId":"870641bf3b5262d0322b73bb0e75381c6b4c2c55"}
{"index": {"_index":"pob","_id":"1055758"}}
	{"id":1055758,"type":"sell","buyer":"freebornsociety","seller":"genepop","symbol":"POB","quantity":"6.24316607","price":"1.60175140","timestamp":1621055604,"volume":"9.99999999","buyTxId":"MM-P-6975312-53901361-3-1-0","sellTxId":"3b39c82a235cafdc408500fbe25a6ccad265d407"}
{"index": {"_index":"pob","_id":"1055759"}}
	{"id":1055759,"type":"sell","buyer":"richardcrill","seller":"genepop","symbol":"POB","quantity":"26.22293465","price":"1.60165140","timestamp":1621055631,"volume":"41.99999999","buyTxId":"MM-P-6974671-53900619-3-10-0","sellTxId":"5ed1df167d1a3e05d0e7a8bca2eb7aa472db5b1c"}
{"index": {"_index":"pob","_id":"1055760"}}
	{"id":1055760,"type":"sell","buyer":"meesterboom","seller":"genepop","symbol":"POB","quantity":"13.42152544","price":"1.60155140","timestamp":1621055661,"volume":"21.49526286","buyTxId":"304f25700bce6e0a7d6b80a3c6f7d4f7846b7222","sellTxId":"5b31ffbfd18898fd7a14fa65d802e61723ce909e"}
{"index": {"_index":"pob","_id":"1055766"}}
	{"id":1055766,"type":"sell","buyer":"freebornsociety","seller":"logicforce","symbol":"POB","quantity":"0.82223716","price":"1.60157140","timestamp":1621055979,"volume":"1.31687152","buyTxId":"MM-P-6976146-53902358-3-1-0","sellTxId":"07918ecc4d4a8070316c8b2ad2429843fc88db06"}
{"index": {"_index":"pob","_id":"1055775"}}
	{"id":1055775,"type":"sell","buyer":"freebornsociety","seller":"nathen007","symbol":"POB","quantity":"2.19085724","price":"1.60159140","timestamp":1621056258,"volume":"3.50885811","buyTxId":"MM-P-6976233-53902457-3-1-0","sellTxId":"8a1d6fb0f0c07f9abed21c6b76d8cde9c12ebb9c"}
{"index": {"_index":"pob","_id":"1055776"}}
	{"id":1055776,"type":"sell","buyer":"freebornsociety","seller":"karmadorje","symbol":"POB","quantity":"0.22555470","price":"1.60159140","timestamp":1621056324,"volume":"0.36124647","buyTxId":"MM-P-6976233-53902457-3-1-0","sellTxId":"1ebd4b198c4ffae7836b04ab8119d6f6fd970cfc"}
{"index": {"_index":"pob","_id":"1055779"}}
	{"id":1055779,"type":"sell","buyer":"mmmmkkkk311","seller":"arlettemsalase","symbol":"POB","quantity":"2.09926262","price":"1.60160140","timestamp":1621056360,"volume":"3.36218195","buyTxId":"MM-P-6976256-53902486-3-2-0","sellTxId":"6082c9790c24a8dfc7c35df7140ae8b1594e72b4"}
{"index": {"_index":"pob","_id":"1055851"}}
	{"id":1055851,"type":"sell","buyer":"mmmmkkkk311","seller":"he-index","symbol":"POB","quantity":"0.32600000","price":"1.60164140","timestamp":1621057266,"volume":"0.52213510","buyTxId":"MM-P-6976444-53902685-3-2-0","sellTxId":"e831fc39a4f5d59c00f79cec5bb10cc45136f91a"}
{"index": {"_index":"pob","_id":"1055898"}}
	{"id":1055898,"type":"sell","buyer":"mmmmkkkk311","seller":"algotraderx","symbol":"POB","quantity":"0.00007553","price":"1.60164140","timestamp":1621058112,"volume":"0.00012097","buyTxId":"MM-P-6976444-53902685-3-2-0","sellTxId":"1daab0fab061bf86e55414bf3aa0479ef31a62b6"}
{"index": {"_index":"pob","_id":"1055902"}}
	{"id":1055902,"type":"sell","buyer":"mmmmkkkk311","seller":"lbi-token","symbol":"POB","quantity":"20.27778748","price":"1.60164140","timestamp":1621058229,"volume":"32.47774393","buyTxId":"MM-P-6976444-53902685-3-2-0","sellTxId":"e411859b1b6b959e1a31eafec39335aec3138f00"}
{"index": {"_index":"pob","_id":"1055903"}}
	{"id":1055903,"type":"sell","buyer":"meesterboom","seller":"lbi-token","symbol":"POB","quantity":"18.57847456","price":"1.60155140","timestamp":1621058229,"volume":"29.75438194","buyTxId":"304f25700bce6e0a7d6b80a3c6f7d4f7846b7222","sellTxId":"e411859b1b6b959e1a31eafec39335aec3138f00"}
{"index": {"_index":"pob","_id":"1055904"}}
	{"id":1055904,"type":"sell","buyer":"anadolu","seller":"lbi-token","symbol":"POB","quantity":"27.78876810","price":"1.60110011","timestamp":1621058229,"volume":"44.49259966","buyTxId":"31e8ce0071e8ea6f8c7a2efc74b35095369dff3a","sellTxId":"e411859b1b6b959e1a31eafec39335aec3138f00"}
{"index": {"_index":"pob","_id":"1055905"}}
	{"id":1055905,"type":"sell","buyer":"richardcrill","seller":"lbi-token","symbol":"POB","quantity":"26.23474712","price":"1.60093024","timestamp":1621058229,"volume":"42.00000000","buyTxId":"MM-P-6976796-53903113-3-10-0","sellTxId":"e411859b1b6b959e1a31eafec39335aec3138f00"}
{"index": {"_index":"pob","_id":"1055906"}}
	{"id":1055906,"type":"sell","buyer":"anadolu","seller":"lbi-token","symbol":"POB","quantity":"34.01589596","price":"1.60073024","timestamp":1621058229,"volume":"54.45027330","buyTxId":"6a1db78d8545f16fcc9a49b6bba3ad899e549e05","sellTxId":"e411859b1b6b959e1a31eafec39335aec3138f00"}
{"index": {"_index":"pob","_id":"1055928"}}
	{"id":1055928,"type":"sell","buyer":"anadolu","seller":"spinvest","symbol":"POB","quantity":"7.62926235","price":"1.60073024","timestamp":1621058841,"volume":"12.21239095","buyTxId":"6a1db78d8545f16fcc9a49b6bba3ad899e549e05","sellTxId":"0871325433a55399df0e6519b1c8a9ad5563b975"}
{"index": {"_index":"pob","_id":"1055929"}}
	{"id":1055929,"type":"sell","buyer":"he-index","seller":"spinvest","symbol":"POB","quantity":"3.06700000","price":"1.60073024","timestamp":1621058841,"volume":"4.90943965","buyTxId":"7ebc53f7bea39ea67ef3f13824a32d241d92a7de","sellTxId":"0871325433a55399df0e6519b1c8a9ad5563b975"}
{"index": {"_index":"pob","_id":"1055930"}}
	{"id":1055930,"type":"sell","buyer":"mmmmkkkk311","seller":"spinvest","symbol":"POB","quantity":"20.62113315","price":"1.60030003","timestamp":1621058841,"volume":"33.00000000","buyTxId":"MM-P-6976950-53903285-3-2-0","sellTxId":"0871325433a55399df0e6519b1c8a9ad5563b975"}
{"index": {"_index":"pob","_id":"1055931"}}
	{"id":1055931,"type":"sell","buyer":"anadolu","seller":"spinvest","symbol":"POB","quantity":"20.00000000","price":"1.60027003","timestamp":1621058841,"volume":"32.00540060","buyTxId":"e7759533c3e95f7bf20ccc2a309a31cb35d5b3b9","sellTxId":"0871325433a55399df0e6519b1c8a9ad5563b975"}
{"index": {"_index":"pob","_id":"1055932"}}
	{"id":1055932,"type":"sell","buyer":"meesterboom","seller":"spinvest","symbol":"POB","quantity":"8.23519736","price":"1.60015003","timestamp":1621058841,"volume":"13.17755130","buyTxId":"48057c370b88a5c79a4cca8aa5d53224742c5eab","sellTxId":"0871325433a55399df0e6519b1c8a9ad5563b975"}
{"index": {"_index":"pob","_id":"1055942"}}
	{"id":1055942,"type":"sell","buyer":"meesterboom","seller":"hatoto","symbol":"POB","quantity":"1.25070050","price":"1.60015003","timestamp":1621059258,"volume":"2.00130844","buyTxId":"48057c370b88a5c79a4cca8aa5d53224742c5eab","sellTxId":"ea8e37c97bb9cd108dfcf6b1000e346df560ac86"}
{"index": {"_index":"pob","_id":"1055954"}}
	{"id":1055954,"type":"sell","buyer":"anadolu","seller":"hive-143869","symbol":"POB","quantity":"0.00131000","price":"1.52000000","timestamp":1621059633,"volume":"0.00199120","buyTxId":"8f8cf0036c9f3931ea52b1b21f492a740506687e","sellTxId":"37bd1364548a0ab30aabc869527a5ef59269c807"}
{"index": {"_index":"pob","_id":"1055957"}}
	{"id":1055957,"type":"sell","buyer":"anadolu","seller":"hatoto","symbol":"POB","quantity":"3.93491878","price":"1.52000000","timestamp":1621059876,"volume":"5.98107655","buyTxId":"8f8cf0036c9f3931ea52b1b21f492a740506687e","sellTxId":"cc11e251f4702b69c7ecc29a39ec638c0ff72cbf"}
{"index": {"_index":"pob","_id":"1056005"}}
	{"id":1056005,"type":"sell","buyer":"anadolu","seller":"jozef230","symbol":"POB","quantity":"0.61560460","price":"1.52000000","timestamp":1621061703,"volume":"0.93571899","buyTxId":"8f8cf0036c9f3931ea52b1b21f492a740506687e","sellTxId":"cc365ce399d54659bc23f9a8bda1885358d6cec8"}
{"index": {"_index":"pob","_id":"1056009"}}
	{"id":1056009,"type":"sell","buyer":"anadolu","seller":"dhedge-drips","symbol":"POB","quantity":"45.44816662","price":"1.52000000","timestamp":1621061787,"volume":"69.08121326","buyTxId":"8f8cf0036c9f3931ea52b1b21f492a740506687e","sellTxId":"34a54fb69e2b3c71914775f508136b172a9f75d5"}
{"index": {"_index":"pob","_id":"1056057"}}
	{"id":1056057,"type":"sell","buyer":"mmmmkkkk311","seller":"melbourneswest","symbol":"POB","quantity":"2.00000000","price":"1.51065000","timestamp":1621062855,"volume":"3.02130000","buyTxId":"MM-P-6977779-53904285-3-2-0","sellTxId":"78ba9d35144176a9ae7686da0ea26e66d183b061"}
{"index": {"_index":"pob","_id":"1056069"}}
	{"id":1056069,"type":"sell","buyer":"mmmmkkkk311","seller":"calumam","symbol":"POB","quantity":"1.72679481","price":"1.51065000","timestamp":1621063203,"volume":"2.60858258","buyTxId":"MM-P-6977779-53904285-3-2-0","sellTxId":"464d9fa2754e015fc633842c252d97e516cc24c3"}
{"index": {"_index":"pob","_id":"1056070"}}
	{"id":1056070,"type":"sell","buyer":"freebornsociety","seller":"calumam","symbol":"POB","quantity":"1.64290222","price":"1.51064000","timestamp":1621063203,"volume":"2.48183381","buyTxId":"MM-P-6977754-53904256-3-1-0","sellTxId":"464d9fa2754e015fc633842c252d97e516cc24c3"}
{"index": {"_index":"pob","_id":"1056071"}}
	{"id":1056071,"type":"sell","buyer":"richardcrill","seller":"calumam","symbol":"POB","quantity":"16.85156048","price":"1.51061000","timestamp":1621063203,"volume":"25.45613578","buyTxId":"MM-P-6977718-53904213-3-10-0","sellTxId":"464d9fa2754e015fc633842c252d97e516cc24c3"}
{"index": {"_index":"pob","_id":"1056072"}}
	{"id":1056072,"type":"sell","buyer":"liotes.voter","seller":"calumam","symbol":"POB","quantity":"7.84400000","price":"1.51051499","timestamp":1621063203,"volume":"11.84847958","buyTxId":"8c06762e6745c0538bb0cda84b8763769edebd30","sellTxId":"464d9fa2754e015fc633842c252d97e516cc24c3"}
{"index": {"_index":"pob","_id":"1056073"}}
	{"id":1056073,"type":"sell","buyer":"meesterboom","seller":"calumam","symbol":"POB","quantity":"85.00000000","price":"1.51051000","timestamp":1621063203,"volume":"128.39335000","buyTxId":"bcfad58198a3ea0529632c1b69c64fbf74cac098","sellTxId":"464d9fa2754e015fc633842c252d97e516cc24c3"}
{"index": {"_index":"pob","_id":"1056074"}}
	{"id":1056074,"type":"sell","buyer":"onealfa.leo","seller":"calumam","symbol":"POB","quantity":"66.66600000","price":"1.51000510","timestamp":1621063203,"volume":"100.66600000","buyTxId":"1cc557acb8beae7e9dbbc9f18c8cf74b8bda4c59","sellTxId":"464d9fa2754e015fc633842c252d97e516cc24c3"}
{"index": {"_index":"pob","_id":"1056075"}}
	{"id":1056075,"type":"sell","buyer":"cryptofiloz","seller":"calumam","symbol":"POB","quantity":"10.62200000","price":"1.51000499","timestamp":1621063203,"volume":"16.03927300","buyTxId":"0405704ca7da42606d9dd2e9143a16f535f4a130","sellTxId":"464d9fa2754e015fc633842c252d97e516cc24c3"}
{"index": {"_index":"pob","_id":"1056076"}}
	{"id":1056076,"type":"sell","buyer":"dylanhobalart","seller":"calumam","symbol":"POB","quantity":"5.00000000","price":"1.50001000","timestamp":1621063203,"volume":"7.50005000","buyTxId":"d777266367a18152f17b1e6ab771315634b6aa1e","sellTxId":"464d9fa2754e015fc633842c252d97e516cc24c3"}
{"index": {"_index":"pob","_id":"1056080"}}
	{"id":1056080,"type":"sell","buyer":"eirik","seller":"ahmetay","symbol":"POB","quantity":"0.00004305","price":"1.45000000","timestamp":1621063290,"volume":"0.00006242","buyTxId":"b4e5dd4d54d392f50aa06dfe337728dda342368a","sellTxId":"5f412fd7d31508ddcd50d440be4d0ffb728d2d62"}
{"index": {"_index":"pob","_id":"1056156"}}
	{"id":1056156,"type":"sell","buyer":"kamran-rkploy","seller":"numpypython","symbol":"POB","quantity":"1.07770676","price":"1.46400000","timestamp":1621064538,"volume":"1.57776270","buyTxId":"4037ac528bbf40b1ad0c4b6712047332012f1212","sellTxId":"b8473117ac0d1060ffc6a593ee4b602df6ae167f"}
{"index": {"_index":"pob","_id":"1056167"}}
	{"id":1056167,"type":"sell","buyer":"kamran-rkploy","seller":"anadolu","symbol":"POB","quantity":"20.19009324","price":"1.46400000","timestamp":1621064598,"volume":"29.55829650","buyTxId":"4037ac528bbf40b1ad0c4b6712047332012f1212","sellTxId":"3aafc7325fbd7d1e3031cfb42ef0dd994c708116"}
{"index": {"_index":"pob","_id":"1056168"}}
	{"id":1056168,"type":"sell","buyer":"eirik","seller":"anadolu","symbol":"POB","quantity":"0.99995695","price":"1.45000000","timestamp":1621064598,"volume":"1.44993758","buyTxId":"b4e5dd4d54d392f50aa06dfe337728dda342368a","sellTxId":"3aafc7325fbd7d1e3031cfb42ef0dd994c708116"}
{"index": {"_index":"pob","_id":"1056169"}}
	{"id":1056169,"type":"sell","buyer":"algotraderx","seller":"anadolu","symbol":"POB","quantity":"1.00000000","price":"1.35000000","timestamp":1621064598,"volume":"1.35000000","buyTxId":"66851c5bd19788a38ad2a284bc686fe4d5fc53c4","sellTxId":"3aafc7325fbd7d1e3031cfb42ef0dd994c708116"}
{"index": {"_index":"pob","_id":"1056170"}}
	{"id":1056170,"type":"sell","buyer":"anadolu","seller":"anadolu","symbol":"POB","quantity":"27.80994981","price":"1.35000000","timestamp":1621064598,"volume":"37.54343224","buyTxId":"dbd3e32c8a133530aadc30fa1a9d3b6aac919ca7","sellTxId":"3aafc7325fbd7d1e3031cfb42ef0dd994c708116"}
{"index": {"_index":"pob","_id":"1056196"}}
	{"id":1056196,"type":"sell","buyer":"anadolu","seller":"bitcoinflood","symbol":"POB","quantity":"22.00000000","price":"1.35000000","timestamp":1621065003,"volume":"29.70000000","buyTxId":"dbd3e32c8a133530aadc30fa1a9d3b6aac919ca7","sellTxId":"5ee7641700b71a1964be074960f1abb2b8612e68"}
{"index": {"_index":"pob","_id":"1056247"}}
	{"id":1056247,"type":"sell","buyer":"pastzam","seller":"stayten","symbol":"POB","quantity":"1.00494463","price":"1.31400000","timestamp":1621065828,"volume":"1.32049724","buyTxId":"fc67b53aa19ffb52ff9ead892061d0a47b0a2ac2","sellTxId":"7aee01e0e1647713a3c969f1d226e0b6421d0322"}
{"index": {"_index":"pob","_id":"1056252"}}
	{"id":1056252,"type":"sell","buyer":"pastzam","seller":"juanmiguelsalas","symbol":"POB","quantity":"0.49505537","price":"1.31400000","timestamp":1621065939,"volume":"0.65050276","buyTxId":"fc67b53aa19ffb52ff9ead892061d0a47b0a2ac2","sellTxId":"3a729e4655829b3fccf7cf6991cdf2fb271007df"}
{"index": {"_index":"pob","_id":"1056254"}}
	{"id":1056254,"type":"sell","buyer":"condeas","seller":"juanmiguelsalas","symbol":"POB","quantity":"1.26159918","price":"1.30000000","timestamp":1621065972,"volume":"1.64007893","buyTxId":"42fa60bc975bca52c6e0c5e426aa4b3026a80972","sellTxId":"a6e4ee7b87490f6cbc1118ca0e1316a2c99e1220"}
{"index": {"_index":"pob","_id":"1056258"}}
	{"id":1056258,"type":"sell","buyer":"condeas","seller":"ftfund","symbol":"POB","quantity":"4.52087872","price":"1.30000000","timestamp":1621066098,"volume":"5.87714234","buyTxId":"42fa60bc975bca52c6e0c5e426aa4b3026a80972","sellTxId":"bf0037ac9c0173943506f1f5f4f483c52e2ebb71"}
{"index": {"_index":"pob","_id":"1056331"}}
	{"id":1056331,"type":"sell","buyer":"frot","seller":"stickupboys","symbol":"POB","quantity":"4.77631417","price":"1.31000000","timestamp":1621068576,"volume":"6.25697156","buyTxId":"c68e5bbda76e5e9ca0d06704514d8dc2e8deae73","sellTxId":"54db4fde426b6f4be47e647fc6395fcc6b52480a"}
{"index": {"_index":"pob","_id":"1056350"}}
	{"id":1056350,"type":"sell","buyer":"solovey6o2","seller":"stayten","symbol":"POB","quantity":"0.99938405","price":"1.31001002","timestamp":1621069950,"volume":"1.30920312","buyTxId":"df4f8307ca3f39c77f86287c0687aaf5e80a917c","sellTxId":"52e78bf76774dff3710f7abb0128e77e1174818e"}
{"index": {"_index":"pob","_id":"1056353"}}
	{"id":1056353,"type":"sell","buyer":"rentmoney","seller":"scooter77","symbol":"POB","quantity":"15.50000000","price":"1.31002000","timestamp":1621070079,"volume":"20.30531000","buyTxId":"268f544a6d1593c7e2cce7fdabe575ddfb676467","sellTxId":"efbabeda74db872fb26afd9e90acc461f97f0f2d"}
{"index": {"_index":"pob","_id":"1056381"}}
	{"id":1056381,"type":"sell","buyer":"solovey6o2","seller":"khazrakh","symbol":"POB","quantity":"5.85383582","price":"1.32000001","timestamp":1621071198,"volume":"7.72706334","buyTxId":"bb65f70810e8920bd83a548ebd93d07fe5473b7e","sellTxId":"aeeb2d20c50b3eab71e32d2a09bca1ecfaef75f9"}
{"index": {"_index":"pob","_id":"1056404"}}
	{"id":1056404,"type":"sell","buyer":"solovey6o2","seller":"sipahikara","symbol":"POB","quantity":"0.42836000","price":"1.32005006","timestamp":1621072698,"volume":"0.56545664","buyTxId":"d38125d54de6f563a575e6d1ddb284fb10f1a5af","sellTxId":"70b535c8fd71aba3e2bb625ab38bda9cab401637"}
{"index": {"_index":"pob","_id":"1056417"}}
	{"id":1056417,"type":"sell","buyer":"solovey6o2","seller":"jlordc","symbol":"POB","quantity":"2.77036449","price":"1.35001002","timestamp":1621073292,"volume":"3.74001982","buyTxId":"f011304030f3eb2522f994c08c7cf54708585030","sellTxId":"c57fcaa7b3935452b299b1349c4ba9af9429f50e"}
{"index": {"_index":"pob","_id":"1056517"}}
	{"id":1056517,"type":"sell","buyer":"mmmmkkkk311","seller":"ftfund","symbol":"POB","quantity":"2.86249742","price":"1.35002002","timestamp":1621075119,"volume":"3.86442882","buyTxId":"MM-P-6981111-53908182-3-2-0","sellTxId":"3f13d8bcf94a32afdb4b6e2e01f7b7f36d82d1f6"}
{"index": {"_index":"pob","_id":"1056528"}}
	{"id":1056528,"type":"buy","buyer":"onealfa.leo","seller":"solovey6o2","symbol":"POB","quantity":"82.73425093","price":"1.48999999","timestamp":1621075530,"volume":"123.27403306","buyTxId":"7b06dd9606088ccaa705199f93d7733ac306293c","sellTxId":"0f04456ddb5e2be1c333363465bba17a6f809774"}
{"index": {"_index":"pob","_id":"1056529"}}
	{"id":1056529,"type":"buy","buyer":"onealfa.leo","seller":"thisismylife","symbol":"POB","quantity":"4.78623383","price":"1.49000000","timestamp":1621075530,"volume":"7.13148841","buyTxId":"7b06dd9606088ccaa705199f93d7733ac306293c","sellTxId":"8152dfdb700eedb03fa028283953cd64ab08af22"}
{"index": {"_index":"pob","_id":"1056530"}}
	{"id":1056530,"type":"buy","buyer":"onealfa.leo","seller":"mmmmkkkk311","symbol":"POB","quantity":"15.00000000","price":"1.49977986","timestamp":1621075530,"volume":"22.49669790","buyTxId":"7b06dd9606088ccaa705199f93d7733ac306293c","sellTxId":"MM-P-6981607-53908782-3-2-0"}
{"index": {"_index":"pob","_id":"1056531"}}
	{"id":1056531,"type":"buy","buyer":"onealfa.leo","seller":"guurry123","symbol":"POB","quantity":"77.30714425","price":"1.49992000","timestamp":1621075530,"volume":"115.95453180","buyTxId":"7b06dd9606088ccaa705199f93d7733ac306293c","sellTxId":"4312e651dfe4473b48175933f296f8980a3fe6f7"}
{"index": {"_index":"pob","_id":"1056532"}}
	{"id":1056532,"type":"buy","buyer":"onealfa.leo","seller":"calumam","symbol":"POB","quantity":"4.64674249","price":"1.50000000","timestamp":1621075530,"volume":"6.97011374","buyTxId":"7b06dd9606088ccaa705199f93d7733ac306293c","sellTxId":"464d9fa2754e015fc633842c252d97e516cc24c3"}
{"index": {"_index":"pob","_id":"1056533"}}
	{"id":1056533,"type":"buy","buyer":"onealfa.leo","seller":"anadolu","symbol":"POB","quantity":"24.78209006","price":"1.50000000","timestamp":1621075530,"volume":"37.17313509","buyTxId":"7b06dd9606088ccaa705199f93d7733ac306293c","sellTxId":"51444618a78f19247540344afb7f23f37c9b52b3"}
{"index": {"_index":"pob","_id":"1056544"}}
	{"id":1056544,"type":"sell","buyer":"solovey6o2","seller":"chireerocks","symbol":"POB","quantity":"1.33688471","price":"1.39003004","timestamp":1621077141,"volume":"1.85830991","buyTxId":"3d992900b335eab24da729e8e1777c5d49f83ebd","sellTxId":"d47e2101ca32a33f25b02172a6feff2061326b5d"}
{"index": {"_index":"pob","_id":"1056550"}}
	{"id":1056550,"type":"sell","buyer":"solovey6o2","seller":"flaxz","symbol":"POB","quantity":"0.26","price":"1.39004005","timestamp":1621077609,"volume":"0.36141041","buyTxId":"29c4ab57f379bb22107c7df648c7745bcb78d992","sellTxId":"ee7ea73303a3a87041633bb52b79f40ef39a34a5"}
{"index": {"_index":"pob","_id":"1056577"}}
	{"id":1056577,"type":"sell","buyer":"solovey6o2","seller":"alive.chat","symbol":"POB","quantity":"0.36","price":"1.39007008","timestamp":1621078401,"volume":"0.50042523","buyTxId":"2fa38d99dbd0259396e26a600e610033d1a77276","sellTxId":"220414619fe09fe8039f94b86d679f6ea84eb441"}
{"index": {"_index":"pob","_id":"1056597"}}
	{"id":1056597,"type":"sell","buyer":"solovey6o2","seller":"stickupboys","symbol":"POB","quantity":"20.90000000","price":"1.39009010","timestamp":1621078920,"volume":"29.05288309","buyTxId":"61513009a104bd37e1a0051f6929eb9f810cd2b4","sellTxId":"5299d452bded6552f5fa09623d1b62ddd59723ec"}
{"index": {"_index":"pob","_id":"1056600"}}
	{"id":1056600,"type":"sell","buyer":"solovey6o2","seller":"stickupboys","symbol":"POB","quantity":"50.00000000","price":"1.39009010","timestamp":1621078971,"volume":"69.50450500","buyTxId":"61513009a104bd37e1a0051f6929eb9f810cd2b4","sellTxId":"2b326abb288b543059897981c3ce9f405a353182"}
{"index": {"_index":"pob","_id":"1056601"}}
	{"id":1056601,"type":"sell","buyer":"solovey6o2","seller":"tonytrillions","symbol":"POB","quantity":"0.00137473","price":"1.39009010","timestamp":1621079010,"volume":"0.00191100","buyTxId":"61513009a104bd37e1a0051f6929eb9f810cd2b4","sellTxId":"4115203e43613c53208f4d4014aa03338e431d09"}
{"index": {"_index":"pob","_id":"1056610"}}
	{"id":1056610,"type":"sell","buyer":"solovey6o2","seller":"iamalivechalleng","symbol":"POB","quantity":"0.26","price":"1.39010011","timestamp":1621079361,"volume":"0.36142603","buyTxId":"0c60f986088dab44f15795e715cf17bf0b03e2a9","sellTxId":"3eb5ecbf9757d925d85cb83a9d687cb67fdedae7"}
{"index": {"_index":"pob","_id":"1056621"}}
	{"id":1056621,"type":"sell","buyer":"solovey6o2","seller":"tlundy47","symbol":"POB","quantity":"0.00009552","price":"1.35100001","timestamp":1621079895,"volume":"0.00012905","buyTxId":"157e9f5e29f79ad7f34f41ec587e3f7275db6043","sellTxId":"294cf1b93beb5e49426a325c923f90442411e966"}
{"index": {"_index":"pob","_id":"1056653"}}
	{"id":1056653,"type":"buy","buyer":"offgridlife","seller":"anadolu","symbol":"POB","quantity":"0.10000000","price":"1.50000000","timestamp":1621081599,"volume":"0.15000000","buyTxId":"e609dacf3e5d82a87c449089de79c171d194af92","sellTxId":"51444618a78f19247540344afb7f23f37c9b52b3"}
{"index": {"_index":"pob","_id":"1056654"}}
	{"id":1056654,"type":"buy","buyer":"offgridlife","seller":"anadolu","symbol":"POB","quantity":"0.10000000","price":"1.50000000","timestamp":1621081611,"volume":"0.15000000","buyTxId":"427cc90f920da489cec86c7a5d337f18805e1e8e","sellTxId":"51444618a78f19247540344afb7f23f37c9b52b3"}
{"index": {"_index":"pob","_id":"1056656"}}
	{"id":1056656,"type":"buy","buyer":"offgridlife","seller":"anadolu","symbol":"POB","quantity":"0.01790994","price":"1.50000000","timestamp":1621081626,"volume":"0.02686491","buyTxId":"13f70fadb80202c7120d6896afa744991f6b3e9d","sellTxId":"51444618a78f19247540344afb7f23f37c9b52b3"}
{"index": {"_index":"pob","_id":"1056657"}}
	{"id":1056657,"type":"buy","buyer":"offgridlife","seller":"yaluna","symbol":"POB","quantity":"0.03019844","price":"1.50000000","timestamp":1621081626,"volume":"0.04529766","buyTxId":"13f70fadb80202c7120d6896afa744991f6b3e9d","sellTxId":"48ccc9fb153ffaaf2d9978c57591e6f3d5b40e6c"}
{"index": {"_index":"pob","_id":"1056672"}}
	{"id":1056672,"type":"sell","buyer":"offgridlife","seller":"jersteemit","symbol":"POB","quantity":"0.05189162","price":"1.50000000","timestamp":1621082409,"volume":"0.07783743","buyTxId":"13f70fadb80202c7120d6896afa744991f6b3e9d","sellTxId":"bcb6938c96e25c4e79db6076567e1716dcc7097c"}
{"index": {"_index":"pob","_id":"1056673"}}
	{"id":1056673,"type":"sell","buyer":"solovey6o2","seller":"jersteemit","symbol":"POB","quantity":"0.56250426","price":"1.35100001","timestamp":1621082409,"volume":"0.75994326","buyTxId":"157e9f5e29f79ad7f34f41ec587e3f7275db6043","sellTxId":"bcb6938c96e25c4e79db6076567e1716dcc7097c"}
{"index": {"_index":"pob","_id":"1056681"}}
	{"id":1056681,"type":"buy","buyer":"onealfa.leo","seller":"mmmmkkkk311","symbol":"POB","quantity":"15.00000000","price":"1.51983984","timestamp":1621082511,"volume":"22.79759760","buyTxId":"e8202c6363e3613b11b29f093c671a39e8586b9f","sellTxId":"MM-P-6983754-53911081-3-2-0"}
{"index": {"_index":"pob","_id":"1056682"}}
	{"id":1056682,"type":"buy","buyer":"onealfa.leo","seller":"dhedge-drips","symbol":"POB","quantity":"14.60684368","price":"1.52000000","timestamp":1621082511,"volume":"22.20240240","buyTxId":"e8202c6363e3613b11b29f093c671a39e8586b9f","sellTxId":"34a54fb69e2b3c71914775f508136b172a9f75d5"}
{"index": {"_index":"pob","_id":"1056708"}}
	{"id":1056708,"type":"sell","buyer":"solovey6o2","seller":"tlundy47","symbol":"POB","quantity":"0.00015185","price":"1.35105006","timestamp":1621084089,"volume":"0.00020516","buyTxId":"f6eb2cc3df33c30e72c2262f21b0ebf5d43830d5","sellTxId":"a90216132218b634522337399a5f2f172a7cc1e1"}
{"index": {"_index":"pob","_id":"1056830"}}
	{"id":1056830,"type":"sell","buyer":"solovey6o2","seller":"nonsowrites","symbol":"POB","quantity":"2.81715193","price":"1.35127008","timestamp":1621087965,"volume":"3.80673311","buyTxId":"384b965d7644cddcaa8bb98653b5e42de644d03c","sellTxId":"88639c7e205f4dfe6f033471131d037c16808acf"}
{"index": {"_index":"pob","_id":"1056843"}}
	{"id":1056843,"type":"sell","buyer":"solovey6o2","seller":"nonsowrites","symbol":"POB","quantity":"1.89185030","price":"1.35128009","timestamp":1621088259,"volume":"2.55641964","buyTxId":"f864280763397004923a0e5b679d3db9426d2ee6","sellTxId":"fcc23f5467b102077ded30708dc41edc0ea0ebb6"}
{"index": {"_index":"pob","_id":"1056868"}}
	{"id":1056868,"type":"buy","buyer":"tonytrillions","seller":"kyleana","symbol":"POB","quantity":"0.00000136","price":"1.35129009","timestamp":1621089489,"volume":"0.00000184","buyTxId":"8208974e92999ccb585906c841cc5ff6d91e995c","sellTxId":"21a4dc0523e5dff7251acd226e3bd84445b014b6"}
{"index": {"_index":"pob","_id":"1056871"}}
	{"id":1056871,"type":"sell","buyer":"mamolya","seller":"liaminit1","symbol":"POB","quantity":"0.58202186","price":"1.32055000","timestamp":1621089684,"volume":"0.76858897","buyTxId":"b8537ca06a0a01d52e78905859ed4c940b3c98ed","sellTxId":"4352b8cb0854e7638771a59e80553229f606d9ec"}
{"index": {"_index":"pob","_id":"1056884"}}
	{"id":1056884,"type":"sell","buyer":"mamolya","seller":"dkid14","symbol":"POB","quantity":"0.09797814","price":"1.32055000","timestamp":1621090326,"volume":"0.12938503","buyTxId":"b8537ca06a0a01d52e78905859ed4c940b3c98ed","sellTxId":"aefb7a22323a80a7c456025a6596425f214712ed"}
{"index": {"_index":"pob","_id":"1056897"}}
	{"id":1056897,"type":"sell","buyer":"mmmmkkkk311","seller":"gungunkrishu","symbol":"POB","quantity":"2.26000000","price":"1.32005005","timestamp":1621090554,"volume":"2.98331311","buyTxId":"MM-P-6985953-53913780-3-2-0","sellTxId":"2876e1c98ee814f0d888443bbde65706a840a13f"}
{"index": {"_index":"pob","_id":"1056919"}}
	{"id":1056919,"type":"sell","buyer":"mmmmkkkk311","seller":"josevas217","symbol":"POB","quantity":"5.31546863","price":"1.32005005","timestamp":1621090971,"volume":"7.01668463","buyTxId":"MM-P-6985953-53913780-3-2-0","sellTxId":"dd271b22f0924abb678381a9d767a4fc15a10a2c"}
{"index": {"_index":"pob","_id":"1056920"}}
	{"id":1056920,"type":"sell","buyer":"muratkbesiroglu","seller":"josevas217","symbol":"POB","quantity":"0.88283805","price":"1.32000000","timestamp":1621090971,"volume":"1.16534623","buyTxId":"5afa61a722b0428c014299a72f967935065fda39","sellTxId":"dd271b22f0924abb678381a9d767a4fc15a10a2c"}
{"index": {"_index":"pob","_id":"1056949"}}
	{"id":1056949,"type":"buy","buyer":"nazavzhdy","seller":"dkid14","symbol":"POB","quantity":"4.21940126","price":"1.32055000","timestamp":1621091367,"volume":"5.57193033","buyTxId":"49129cf0dac4263bbc706ebcb85c09276f144e4a","sellTxId":"aefb7a22323a80a7c456025a6596425f214712ed"}
{"index": {"_index":"pob","_id":"1056969"}}
	{"id":1056969,"type":"sell","buyer":"nazavzhdy","seller":"trumpman","symbol":"POB","quantity":"0.00001484","price":"1.35129000","timestamp":1621092147,"volume":"0.00002005","buyTxId":"1fb9a47a276cf0a24064f52aebfa7382cef92ea8","sellTxId":"0eeaeaf98c83a37165a3ce95407a9f908370b0a5"}
{"index": {"_index":"pob","_id":"1056970"}}
	{"id":1056970,"type":"sell","buyer":"solovey6o2","seller":"trumpman","symbol":"POB","quantity":"7.83919531","price":"1.32003004","timestamp":1621092147,"volume":"10.34797330","buyTxId":"227eb865c79788959989bd9798c1c82da3614361","sellTxId":"0eeaeaf98c83a37165a3ce95407a9f908370b0a5"}
{"index": {"_index":"pob","_id":"1056971"}}
	{"id":1056971,"type":"sell","buyer":"mmmmkkkk311","seller":"trumpman","symbol":"POB","quantity":"14.50951840","price":"1.32003003","timestamp":1621092147,"volume":"19.15300001","buyTxId":"MM-P-6986450-53914380-3-2-0","sellTxId":"0eeaeaf98c83a37165a3ce95407a9f908370b0a5"}
{"index": {"_index":"pob","_id":"1056972"}}
	{"id":1056972,"type":"sell","buyer":"muratkbesiroglu","seller":"trumpman","symbol":"POB","quantity":"31.15127145","price":"1.32000000","timestamp":1621092147,"volume":"41.11967831","buyTxId":"5afa61a722b0428c014299a72f967935065fda39","sellTxId":"0eeaeaf98c83a37165a3ce95407a9f908370b0a5"}
{"index": {"_index":"pob","_id":"1056976"}}
	{"id":1056976,"type":"sell","buyer":"muratkbesiroglu","seller":"yameen","symbol":"POB","quantity":"0.58108164","price":"1.32000000","timestamp":1621092318,"volume":"0.76702776","buyTxId":"5afa61a722b0428c014299a72f967935065fda39","sellTxId":"eaa853097604a02ce638c74da938bb34a1e3ea19"}
{"index": {"_index":"pob","_id":"1057031"}}
	{"id":1057031,"type":"sell","buyer":"muratkbesiroglu","seller":"ahmetay","symbol":"POB","quantity":"0.43516183","price":"1.32000000","timestamp":1621094091,"volume":"0.57441362","buyTxId":"5afa61a722b0428c014299a72f967935065fda39","sellTxId":"2e42d4263c07f4b4078526c278badf085cff2665"}
{"index": {"_index":"pob","_id":"1057057"}}
	{"id":1057057,"type":"sell","buyer":"muratkbesiroglu","seller":"warnas","symbol":"POB","quantity":"0.00807289","price":"1.32000000","timestamp":1621094361,"volume":"0.01065621","buyTxId":"5afa61a722b0428c014299a72f967935065fda39","sellTxId":"f8233520544ace2c728b216f501f386b6691aec4"}
{"index": {"_index":"pob","_id":"1057070"}}
	{"id":1057070,"type":"sell","buyer":"muratkbesiroglu","seller":"mawit07","symbol":"POB","quantity":"0.94157414","price":"1.32000000","timestamp":1621094826,"volume":"1.24287786","buyTxId":"5afa61a722b0428c014299a72f967935065fda39","sellTxId":"0174d7916f73851b143250fdcda7f1c70ee9f20f"}
{"index": {"_index":"pob","_id":"1057071"}}
	{"id":1057071,"type":"sell","buyer":"anadolu","seller":"mawit07","symbol":"POB","quantity":"5.38241460","price":"1.32000000","timestamp":1621094826,"volume":"7.10478727","buyTxId":"632636d74dfbc318a2ebc505fa919d2dc2ecd103","sellTxId":"0174d7916f73851b143250fdcda7f1c70ee9f20f"}
{"index": {"_index":"pob","_id":"1057132"}}
	{"id":1057132,"type":"sell","buyer":"mmmmkkkk311","seller":"thelogicaldude","symbol":"POB","quantity":"9.93256849","price":"1.32003003","timestamp":1621096401,"volume":"13.11128868","buyTxId":"MM-P-6987544-53915681-3-2-0","sellTxId":"149a76e1c69c2cb3fdec136b9468927b404a804f"}
{"index": {"_index":"pob","_id":"1057140"}}
	{"id":1057140,"type":"sell","buyer":"mmmmkkkk311","seller":"liaminit1","symbol":"POB","quantity":"2.76777969","price":"1.32003003","timestamp":1621096458,"volume":"3.65355231","buyTxId":"MM-P-6987544-53915681-3-2-0","sellTxId":"512792aae267350872d1c5bda1055e02500cb09f"}
{"index": {"_index":"pob","_id":"1057141"}}
	{"id":1057141,"type":"buy","buyer":"offgridlife","seller":"kyleana","symbol":"POB","quantity":"0.00001484","price":"1.35129009","timestamp":1621096500,"volume":"0.00002005","buyTxId":"780907ccdc8ccf116de85f0cd453b78ff87fa0e2","sellTxId":"21a4dc0523e5dff7251acd226e3bd84445b014b6"}
{"index": {"_index":"pob","_id":"1057147"}}
	{"id":1057147,"type":"sell","buyer":"offgridlife","seller":"skatehive","symbol":"POB","quantity":"0.00998516","price":"1.40000000","timestamp":1621096815,"volume":"0.01397922","buyTxId":"780907ccdc8ccf116de85f0cd453b78ff87fa0e2","sellTxId":"b8a9ad9b952dbb05a354fd71bb73de7c0c8b4a5b"}
{"index": {"_index":"pob","_id":"1057148"}}
	{"id":1057148,"type":"sell","buyer":"mmmmkkkk311","seller":"skatehive","symbol":"POB","quantity":"12.29905965","price":"1.32004004","timestamp":1621096815,"volume":"16.23525119","buyTxId":"MM-P-6987732-53915881-3-2-0","sellTxId":"b8a9ad9b952dbb05a354fd71bb73de7c0c8b4a5b"}
{"index": {"_index":"pob","_id":"1057149"}}
	{"id":1057149,"type":"sell","buyer":"anadolu","seller":"skatehive","symbol":"POB","quantity":"24.61758540","price":"1.32000000","timestamp":1621096815,"volume":"32.49521273","buyTxId":"632636d74dfbc318a2ebc505fa919d2dc2ecd103","sellTxId":"b8a9ad9b952dbb05a354fd71bb73de7c0c8b4a5b"}
{"index": {"_index":"pob","_id":"1057150"}}
	{"id":1057150,"type":"sell","buyer":"onealfa.leo","seller":"skatehive","symbol":"POB","quantity":"2.69856027","price":"1.31000100","timestamp":1621096815,"volume":"3.53511665","buyTxId":"af6a3a04d90d9a8270cf3a45fd6d3e73a7beb89b","sellTxId":"b8a9ad9b952dbb05a354fd71bb73de7c0c8b4a5b"}
{"index": {"_index":"pob","_id":"1057153"}}
	{"id":1057153,"type":"sell","buyer":"solovey6o2","seller":"stayten","symbol":"POB","quantity":"0.91177421","price":"1.32004005","timestamp":1621096857,"volume":"1.20357847","buyTxId":"3dbe3f976bd4c1915eee38d060b514f74ac51755","sellTxId":"cfb8bece61d2f668b66f88586229af1909136372"}
{"index": {"_index":"pob","_id":"1057221"}}
	{"id":1057221,"type":"sell","buyer":"solovey6o2","seller":"liaminit1","symbol":"POB","quantity":"1.93027214","price":"1.31110001","timestamp":1621099194,"volume":"2.53077982","buyTxId":"11358e658b83b4318779c28b2c04f894232223f8","sellTxId":"d9a89986f5141d80a5e9c1340a26fb32384a17ad"}
{"index": {"_index":"pob","_id":"1057275"}}
	{"id":1057275,"type":"sell","buyer":"ctime","seller":"cibersk8","symbol":"POB","quantity":"0.01785027","price":"1.31112002","timestamp":1621100475,"volume":"0.02340385","buyTxId":"MM-P-6988866-53917179-3-23-0","sellTxId":"80a6a5f3e2b01d7ccbe4f66441f0955496f78e37"}
{"index": {"_index":"pob","_id":"1057277"}}
	{"id":1057277,"type":"sell","buyer":"ctime","seller":"automaton","symbol":"POB","quantity":"3.60934953","price":"1.31112002","timestamp":1621100523,"volume":"4.73229043","buyTxId":"MM-P-6988866-53917179-3-23-0","sellTxId":"efcb33b36a62ab0637a3c9aa5f578342aa7df67f"}
{"index": {"_index":"pob","_id":"1057285"}}
	{"id":1057285,"type":"sell","buyer":"ctime","seller":"felipejoys","symbol":"POB","quantity":"3.89000000","price":"1.31112002","timestamp":1621100625,"volume":"5.10025688","buyTxId":"MM-P-6988866-53917179-3-23-0","sellTxId":"ef5c89bc9aaa5e816f9b574e83e1552417d7b0cb"}
{"index": {"_index":"pob","_id":"1057334"}}
	{"id":1057334,"type":"sell","buyer":"ctime","seller":"abachon","symbol":"POB","quantity":"0.44159392","price":"1.31114002","timestamp":1621100982,"volume":"0.57899146","buyTxId":"MM-P-6988951-53917279-3-23-0","sellTxId":"09362025d31785f72891ae1832949175c2716d96"}
{"index": {"_index":"pob","_id":"1057340"}}
	{"id":1057340,"type":"sell","buyer":"ctime","seller":"revisesociology","symbol":"POB","quantity":"2.00000000","price":"1.31116003","timestamp":1621101054,"volume":"2.62232006","buyTxId":"MM-P-6989032-53917379-3-23-0","sellTxId":"7a42a27a95bcb7e4667ef70e1f1647c147387d38"}
{"index": {"_index":"pob","_id":"1057353"}}
	{"id":1057353,"type":"sell","buyer":"ctime","seller":"pablodare","symbol":"POB","quantity":"1.14897985","price":"1.31118003","timestamp":1621101792,"volume":"1.50651943","buyTxId":"MM-P-6989108-53917479-3-23-0","sellTxId":"54ee078e0b7f805fca617a36a89ed43e26f8d084"}
{"index": {"_index":"pob","_id":"1057355"}}
	{"id":1057355,"type":"sell","buyer":"ctime","seller":"liaminit1","symbol":"POB","quantity":"1.39905188","price":"1.31120004","timestamp":1621102068,"volume":"1.83443688","buyTxId":"MM-P-6989296-53917679-3-23-0","sellTxId":"8a0ad446af2f88f635a4e98f7563ca904e229f2f"}
{"index": {"_index":"pob","_id":"1057373"}}
	{"id":1057373,"type":"sell","buyer":"ctime","seller":"clixmoney","symbol":"POB","quantity":"5.38885322","price":"1.31124004","timestamp":1621102662,"volume":"7.06608011","buyTxId":"MM-P-6989488-53917879-3-23-0","sellTxId":"4ed6e94bf13db48de3fd720889a750e3513a1296"}
{"index": {"_index":"pob","_id":"1057418"}}
	{"id":1057418,"type":"sell","buyer":"meesterboom","seller":"intrepidphotos","symbol":"POB","quantity":"9.16529035","price":"1.31110000","timestamp":1621104360,"volume":"12.01661218","buyTxId":"5139b8aa5b589b95b01355df6d3c615919b4e488","sellTxId":"bc810c908387a02666f197c0f13d70f5440211d3"}
{"index": {"_index":"pob","_id":"1057419"}}
	{"id":1057419,"type":"buy","buyer":"onealfa.leo","seller":"mmmmkkkk311","symbol":"POB","quantity":"15.00000000","price":"1.50839973","timestamp":1621104369,"volume":"22.62599595","buyTxId":"b701df7a6288ef14587d150702e12e2528624ba4","sellTxId":"MM-P-6990010-53918479-3-2-0"}
{"index": {"_index":"pob","_id":"1057420"}}
	{"id":1057420,"type":"buy","buyer":"onealfa.leo","seller":"solovey6o2","symbol":"POB","quantity":"61.23933186","price":"1.50840973","timestamp":1621104369,"volume":"92.37400405","buyTxId":"b701df7a6288ef14587d150702e12e2528624ba4","sellTxId":"8ba3e1590f54c217797c55142e85b83030ba1763"}
{"index": {"_index":"pob","_id":"1057434"}}
	{"id":1057434,"type":"sell","buyer":"solovey6o2","seller":"limbo2013","symbol":"POB","quantity":"3.63750000","price":"1.31111002","timestamp":1621104816,"volume":"4.76916270","buyTxId":"772834addeb4d4ee64262d1c8daa2fe4e61fc9f2","sellTxId":"3929fc1677bec0f30a8b49d38eeb60ce250c93f8"}
{"index": {"_index":"pob","_id":"1057457"}}
	{"id":1057457,"type":"sell","buyer":"solovey6o2","seller":"silvergoldhunter","symbol":"POB","quantity":"1.31608428","price":"1.31112003","timestamp":1621105203,"volume":"1.72554446","buyTxId":"d3a2ff133f6a60edb3d4e4db1b5fd9439a5ba164","sellTxId":"da94f3de0fe07d990fb913f5ce2c1ab512711f7a"}
{"index": {"_index":"pob","_id":"1057490"}}
	{"id":1057490,"type":"sell","buyer":"solovey6o2","seller":"liaminit1","symbol":"POB","quantity":"1.07700229","price":"1.31125007","timestamp":1621106091,"volume":"1.41221933","buyTxId":"eebfd020a52f22dee1b34549111a727fec665176","sellTxId":"cf6a40fdf67069c32d472c4f12c24965694d77b3"}
{"index": {"_index":"pob","_id":"1057498"}}
	{"id":1057498,"type":"sell","buyer":"richardcrill","seller":"threesteps","symbol":"POB","quantity":"1.34322760","price":"1.31136008","timestamp":1621106235,"volume":"1.76145505","buyTxId":"MM-P-6990571-53919103-3-10-0","sellTxId":"0d00bf7103a4dedb4da8e378e7423e8f7afaa7f9"}
{"index": {"_index":"pob","_id":"1057499"}}
	{"id":1057499,"type":"sell","buyer":"richardcrill","seller":"chireerocks","symbol":"POB","quantity":"30.68458889","price":"1.31136008","timestamp":1621106235,"volume":"40.23854494","buyTxId":"MM-P-6990571-53919103-3-10-0","sellTxId":"25d412bbb39f28fe6de7fcdb6c94b8aed40df39b"}
{"index": {"_index":"pob","_id":"1057500"}}
	{"id":1057500,"type":"sell","buyer":"solovey6o2","seller":"chireerocks","symbol":"POB","quantity":"18.58957368","price":"1.31126008","timestamp":1621106235,"volume":"24.37576587","buyTxId":"32c4deb07bed739ec7760ea7305ceda5d6be46e9","sellTxId":"25d412bbb39f28fe6de7fcdb6c94b8aed40df39b"}
{"index": {"_index":"pob","_id":"1057568"}}
	{"id":1057568,"type":"sell","buyer":"solovey6o2","seller":"stayten","symbol":"POB","quantity":"0.99609042","price":"1.31150013","timestamp":1621107639,"volume":"1.30637272","buyTxId":"dc00d9b922d69beaceefb44d1c9333b1c8ee870e","sellTxId":"18c98473ad45ff3c437c2e5b424ad3f11a1b8dd8"}
{"index": {"_index":"pob","_id":"1057577"}}
	{"id":1057577,"type":"sell","buyer":"mmmmkkkk311","seller":"liaminit1","symbol":"POB","quantity":"1.16982816","price":"1.31162015","timestamp":1621107993,"volume":"1.53437019","buyTxId":"MM-P-6991090-53919676-3-2-0","sellTxId":"2021cd109590029b7805de5144b9d9b8cc1c1a01"}
{"index": {"_index":"pob","_id":"1057594"}}
	{"id":1057594,"type":"sell","buyer":"solovey6o2","seller":"badbitch","symbol":"POB","quantity":"18.00000000","price":"1.31183018","timestamp":1621108536,"volume":"23.61294324","buyTxId":"3d7d4e599eca35f088c61d4426970f68ac7fa725","sellTxId":"9964f7d7855a8f092fef003fd97f75c7ff8a51c4"}
{"index": {"_index":"pob","_id":"1057598"}}
	{"id":1057598,"type":"buy","buyer":"offgridlife","seller":"freebornsociety","symbol":"POB","quantity":"10.00000000","price":"1.50817951","timestamp":1621108809,"volume":"15.08179510","buyTxId":"dae0074159f466410b2057932e5b437f46ab744b","sellTxId":"MM-P-6991337-53919944-3-1-0"}
{"index": {"_index":"pob","_id":"1057603"}}
	{"id":1057603,"type":"buy","buyer":"offgridlife","seller":"mmmmkkkk311","symbol":"POB","quantity":"0.10000000","price":"1.50818952","timestamp":1621108860,"volume":"0.15081895","buyTxId":"88bb54eef8360be6e6683ced745d4cf64b636545","sellTxId":"MM-P-6991272-53919876-3-2-1"}
{"index": {"_index":"pob","_id":"1057604"}}
	{"id":1057604,"type":"buy","buyer":"offgridlife","seller":"mmmmkkkk311","symbol":"POB","quantity":"0.10000000","price":"1.50818952","timestamp":1621108872,"volume":"0.15081895","buyTxId":"50af2c06a939a5babc780c22932921bbdd48c8c4","sellTxId":"MM-P-6991272-53919876-3-2-1"}
{"index": {"_index":"pob","_id":"1057605"}}
	{"id":1057605,"type":"buy","buyer":"offgridlife","seller":"solovey6o2","symbol":"POB","quantity":"0.10000000","price":"1.50818951","timestamp":1621108881,"volume":"0.15081895","buyTxId":"20d1fb12841a8b29e6f405679ebd86ec1926cfc4","sellTxId":"40985fc288a8d5fd6c8d896ed48e618dfa3be575"}
{"index": {"_index":"pob","_id":"1057617"}}
	{"id":1057617,"type":"sell","buyer":"solovey6o2","seller":"toofasteddie","symbol":"POB","quantity":"1.00000000","price":"1.31188023","timestamp":1621109556,"volume":"1.31188023","buyTxId":"7f86bb675b839271c4407074f3ca31c933514bd8","sellTxId":"2e3c9cef3e842b1596a3b7e450f6e810ca77c995"}
{"index": {"_index":"pob","_id":"1057638"}}
	{"id":1057638,"type":"buy","buyer":"onealfa.leo","seller":"solovey6o2","symbol":"POB","quantity":"72.34817377","price":"1.49995995","timestamp":1621110219,"volume":"108.51936311","buyTxId":"902d41ea8bed85377098572845cb1f892e11e29f","sellTxId":"f3f288e3f0a503d65764820e3cfed6ae4dbf486f"}
{"index": {"_index":"pob","_id":"1057639"}}
	{"id":1057639,"type":"buy","buyer":"onealfa.leo","seller":"mmmmkkkk311","symbol":"POB","quantity":"15.00000000","price":"1.49995996","timestamp":1621110219,"volume":"22.49939940","buyTxId":"902d41ea8bed85377098572845cb1f892e11e29f","sellTxId":"MM-P-6991768-53920376-3-2-0"}
{"index": {"_index":"pob","_id":"1057640"}}
	{"id":1057640,"type":"buy","buyer":"onealfa.leo","seller":"slobberchops","symbol":"POB","quantity":"9.08713383","price":"1.50000000","timestamp":1621110219,"volume":"13.63070075","buyTxId":"902d41ea8bed85377098572845cb1f892e11e29f","sellTxId":"c7df217595230237234c45bf228155b8df97c4ee"}
{"index": {"_index":"pob","_id":"1057641"}}
	{"id":1057641,"type":"buy","buyer":"onealfa.leo","seller":"freebornsociety","symbol":"POB","quantity":"10.00000000","price":"1.50000000","timestamp":1621110219,"volume":"15.00000000","buyTxId":"902d41ea8bed85377098572845cb1f892e11e29f","sellTxId":"MM-P-6991437-53920044-3-1-1"}
{"index": {"_index":"pob","_id":"1057642"}}
	{"id":1057642,"type":"buy","buyer":"onealfa.leo","seller":"honusurf","symbol":"POB","quantity":"0.36928243","price":"1.50830000","timestamp":1621110219,"volume":"0.55698869","buyTxId":"902d41ea8bed85377098572845cb1f892e11e29f","sellTxId":"e2609279fb69b91e87667fc2a13b158d5f17a72c"}
{"index": {"_index":"pob","_id":"1057643"}}
	{"id":1057643,"type":"buy","buyer":"onealfa.leo","seller":"barski","symbol":"POB","quantity":"1.49776749","price":"1.50837000","timestamp":1621110219,"volume":"2.25918755","buyTxId":"902d41ea8bed85377098572845cb1f892e11e29f","sellTxId":"6decc54e438b4d755bedeaa9995c389886526b00"}
{"index": {"_index":"pob","_id":"1057644"}}
	{"id":1057644,"type":"buy","buyer":"onealfa.leo","seller":"coininstant","symbol":"POB","quantity":"38.44714416","price":"1.50867000","timestamp":1621110219,"volume":"58.00405298","buyTxId":"902d41ea8bed85377098572845cb1f892e11e29f","sellTxId":"9910e7396749594bec7e77086f54fff206a51b90"}
{"index": {"_index":"pob","_id":"1057645"}}
	{"id":1057645,"type":"buy","buyer":"onealfa.leo","seller":"nazavzhdy","symbol":"POB","quantity":"4.21941610","price":"1.50894000","timestamp":1621110219,"volume":"6.36684573","buyTxId":"902d41ea8bed85377098572845cb1f892e11e29f","sellTxId":"beb9e734dc7fcec524ba5d879a0d89eac2042c4a"}
{"index": {"_index":"pob","_id":"1057646"}}
	{"id":1057646,"type":"buy","buyer":"onealfa.leo","seller":"maylenasland","symbol":"POB","quantity":"8.06007672","price":"1.50910000","timestamp":1621110219,"volume":"12.16346179","buyTxId":"902d41ea8bed85377098572845cb1f892e11e29f","sellTxId":"dcf7335783f4153a371a049871c12ae8b3744fc0"}
{"index": {"_index":"pob","_id":"1057667"}}
	{"id":1057667,"type":"buy","buyer":"ezrider","seller":"maylenasland","symbol":"POB","quantity":"0.66016274","price":"1.50910000","timestamp":1621110501,"volume":"0.99625159","buyTxId":"d30493e7353b27634ef00fb11a39cbcb08f97778","sellTxId":"dcf7335783f4153a371a049871c12ae8b3744fc0"}
{"index": {"_index":"pob","_id":"1057668"}}
	{"id":1057668,"type":"buy","buyer":"ezrider","seller":"bashadow","symbol":"POB","quantity":"1.00000000","price":"1.51110001","timestamp":1621110501,"volume":"1.51110001","buyTxId":"d30493e7353b27634ef00fb11a39cbcb08f97778","sellTxId":"1429363cc0e1419a4424b217aefef49fdb3849df"}
{"index": {"_index":"pob","_id":"1057669"}}
	{"id":1057669,"type":"buy","buyer":"ezrider","seller":"dhedge-drips","symbol":"POB","quantity":"0.21858584","price":"1.52000000","timestamp":1621110501,"volume":"0.33225048","buyTxId":"d30493e7353b27634ef00fb11a39cbcb08f97778","sellTxId":"34a54fb69e2b3c71914775f508136b172a9f75d5"}
{"index": {"_index":"pob","_id":"1057670"}}
	{"id":1057670,"type":"buy","buyer":"ezrider","seller":"charcoalbuffet","symbol":"POB","quantity":"9.81319396","price":"1.60000000","timestamp":1621110501,"volume":"15.70111034","buyTxId":"d30493e7353b27634ef00fb11a39cbcb08f97778","sellTxId":"21c2c7071bdd3c8e6472cd271710a4db49353bca"}
{"index": {"_index":"pob","_id":"1057671"}}
	{"id":1057671,"type":"buy","buyer":"ezrider","seller":"dhedge-drips","symbol":"POB","quantity":"60.27359614","price":"1.60000000","timestamp":1621110501,"volume":"96.43775382","buyTxId":"d30493e7353b27634ef00fb11a39cbcb08f97778","sellTxId":"44489c6c1e28a0119f3b229405f84f4ca450ce61"}
{"index": {"_index":"pob","_id":"1057672"}}
	{"id":1057672,"type":"buy","buyer":"ezrider","seller":"mmmmkkkk311","symbol":"POB","quantity":"9.03446132","price":"1.68998000","timestamp":1621110501,"volume":"15.26805894","buyTxId":"d30493e7353b27634ef00fb11a39cbcb08f97778","sellTxId":"MM-P-6991868-53920476-3-2-1"}
{"index": {"_index":"pob","_id":"1057682"}}
	{"id":1057682,"type":"buy","buyer":"pandaparker","seller":"mmmmkkkk311","symbol":"POB","quantity":"1.93477467","price":"1.68998000","timestamp":1621110684,"volume":"3.26973050","buyTxId":"999c7f2c6c47b274993773857d877147820d1bad","sellTxId":"MM-P-6991868-53920476-3-2-1"}
{"index": {"_index":"pob","_id":"1057690"}}
	{"id":1057690,"type":"buy","buyer":"pandaparker","seller":"freebornsociety","symbol":"POB","quantity":"10.00000000","price":"1.68999000","timestamp":1621110762,"volume":"16.89990000","buyTxId":"e5bb13b45c6b34f3bfc46dc64623a69bf70fc98b","sellTxId":"MM-P-6991835-53920443-3-1-1"}
{"index": {"_index":"pob","_id":"1057696"}}
	{"id":1057696,"type":"buy","buyer":"pandaparker","seller":"coininstant","symbol":"POB","quantity":"6.06056874","price":"1.69000000","timestamp":1621110822,"volume":"10.24236117","buyTxId":"e195dee75353a409e72aff5205d91170f183db13","sellTxId":"39712b08f8ddbd09e2643d9d6d3b556d3a588860"}
{"index": {"_index":"pob","_id":"1057698"}}
	{"id":1057698,"type":"sell","buyer":"freebornsociety","seller":"ervin-lemark","symbol":"POB","quantity":"0.54896830","price":"1.31201001","timestamp":1621110861,"volume":"0.72025190","buyTxId":"MM-P-6992029-53920643-3-1-0","sellTxId":"8003d301f5890cc2ccfda8b1165bb4a05888bb53"}
{"index": {"_index":"pob","_id":"1057701"}}
	{"id":1057701,"type":"buy","buyer":"pandaparker","seller":"skylinebuds","symbol":"POB","quantity":"0.32232371","price":"1.70000000","timestamp":1621110969,"volume":"0.54795031","buyTxId":"24be7c1e6cb39fba98d2b6d754ad4bfc330c7199","sellTxId":"a495c90caf4aa00113f4ee269e7540ce8965022d"}
{"index": {"_index":"pob","_id":"1057713"}}
	{"id":1057713,"type":"buy","buyer":"pandaparker","seller":"skylinebuds","symbol":"POB","quantity":"2.66400000","price":"1.70000000","timestamp":1621111356,"volume":"4.52880000","buyTxId":"54c616a7b380cdcf1fb248148b17f6405b892d2a","sellTxId":"a495c90caf4aa00113f4ee269e7540ce8965022d"}
{"index": {"_index":"pob","_id":"1057797"}}
	{"id":1057797,"type":"sell","buyer":"freebornsociety","seller":"mightyrocklee","symbol":"POB","quantity":"2.47814698","price":"1.31427008","timestamp":1621112388,"volume":"3.25695443","buyTxId":"MM-P-6992464-53921143-3-1-0","sellTxId":"177726af70e42f4fc9cf1056bd3d5164e4c32ce4"}
{"index": {"_index":"pob","_id":"1057809"}}
	{"id":1057809,"type":"sell","buyer":"solovey6o2","seller":"clicmaster","symbol":"POB","quantity":"14.35948477","price":"1.31438011","timestamp":1621112601,"volume":"18.87382117","buyTxId":"91bb385024f793d2efba9fff9efea6d67c83c38c","sellTxId":"625642070b259c85d0b914151f683fce6b9e788a"}
{"index": {"_index":"pob","_id":"1057812"}}
	{"id":1057812,"type":"sell","buyer":"richardcrill","seller":"liaminit1","symbol":"POB","quantity":"0.38475657","price":"1.31450012","timestamp":1621112847,"volume":"0.50576256","buyTxId":"MM-P-6992608-53921300-3-10-0","sellTxId":"6ba16ab73bed050db74b3bd08c608006fdff39c8"}
{"index": {"_index":"pob","_id":"1057908"}}
	{"id":1057908,"type":"buy","buyer":"offgridlife","seller":"dalz","symbol":"POB","quantity":"2.00000000","price":"1.67000000","timestamp":1621115376,"volume":"3.34000000","buyTxId":"cb0bd954cb7d6f60d976a0e463ae55649e39d701","sellTxId":"6fa6407fe66f20db0a7ca8dc259c406fb46eb309"}
{"index": {"_index":"pob","_id":"1057916"}}
	{"id":1057916,"type":"buy","buyer":"offgridlife","seller":"solovey6o2","symbol":"POB","quantity":"1.00000000","price":"1.66989899","timestamp":1621115514,"volume":"1.66989899","buyTxId":"ee1bee9a4ba8634368682c7858d448192145ec49","sellTxId":"5300c8ff611187d54efa9382d96f5be26975a365"}
{"index": {"_index":"pob","_id":"1057974"}}
	{"id":1057974,"type":"sell","buyer":"richardcrill","seller":"hawk-eye","symbol":"POB","quantity":"2.54000000","price":"1.31663016","timestamp":1621117341,"volume":"3.34424061","buyTxId":"MM-P-6993941-53922797-3-10-0","sellTxId":"65bed5164c1a12c0dc05e164ea6f43f727835299"}
{"index": {"_index":"pob","_id":"1057982"}}
	{"id":1057982,"type":"sell","buyer":"richardcrill","seller":"chubb149","symbol":"POB","quantity":"15.00000000","price":"1.31675018","timestamp":1621117689,"volume":"19.75125270","buyTxId":"MM-P-6994034-53922897-3-10-0","sellTxId":"4547416309560ec869336d388536fc0c9c61d798"}
{"index": {"_index":"pob","_id":"1057996"}}
	{"id":1057996,"type":"sell","buyer":"solovey6o2","seller":"reviewzzz","symbol":"POB","quantity":"4.29000000","price":"1.31699025","timestamp":1621118283,"volume":"5.64988817","buyTxId":"da1a51f83ca0f5a35c4033a1dde1f731a84e2224","sellTxId":"874a066f20179626d5863204d6498fd5d53768b5"}
{"index": {"_index":"pob","_id":"1057997"}}
	{"id":1057997,"type":"sell","buyer":"solovey6o2","seller":"tlundy47","symbol":"POB","quantity":"0.00034875","price":"1.31699025","timestamp":1621118292,"volume":"0.00045930","buyTxId":"da1a51f83ca0f5a35c4033a1dde1f731a84e2224","sellTxId":"c9c70ddedbfe9d4872f8396181e09bd4f585c668"}
{"index": {"_index":"pob","_id":"1058044"}}
	{"id":1058044,"type":"sell","buyer":"freebornsociety","seller":"pixelfan","symbol":"POB","quantity":"0.26100000","price":"1.31740037","timestamp":1621119909,"volume":"0.34384150","buyTxId":"MM-P-6994700-53923638-3-1-0","sellTxId":"3b1a75c172c1c4dd633bdad8737a624acd3b179d"}
{"index": {"_index":"pob","_id":"1058067"}}
	{"id":1058067,"type":"sell","buyer":"solovey6o2","seller":"metzli","symbol":"POB","quantity":"2.71053950","price":"1.31759048","timestamp":1621121256,"volume":"3.57138104","buyTxId":"c11af254092a6c6f928266447c294504e57b2373","sellTxId":"1defec042a5efb8d2194c38f8f2f76b889f971c3"}
{"index": {"_index":"pob","_id":"1058106"}}
	{"id":1058106,"type":"sell","buyer":"richardcrill","seller":"paulmoon410","symbol":"POB","quantity":"1.67005480","price":"1.31788056","timestamp":1621122492,"volume":"2.20093276","buyTxId":"MM-P-6995472-53924494-3-10-0","sellTxId":"2d1703f1ade2c4f7ef56d67109b9f4eb16c82b14"}
{"index": {"_index":"pob","_id":"1058110"}}
	{"id":1058110,"type":"sell","buyer":"solovey6o2","seller":"paulmoon410","symbol":"POB","quantity":"0.05618196","price":"1.31789058","timestamp":1621122639,"volume":"0.07404168","buyTxId":"75148c0890e5d2aac8d7cfb69889d8c32f78c1b6","sellTxId":"7caaa1ad5d43618e51856d3087d8a455309ba8f1"}
{"index": {"_index":"pob","_id":"1058123"}}
	{"id":1058123,"type":"sell","buyer":"solovey6o2","seller":"valor2s","symbol":"POB","quantity":"1.10005615","price":"1.31815064","timestamp":1621123248,"volume":"1.45003972","buyTxId":"74ac15f39994f34523801399d6a9c73687052303","sellTxId":"eed01fe8e4f95d5ddee8a00205943c528da2ca74"}
{"index": {"_index":"pob","_id":"1058128"}}
	{"id":1058128,"type":"sell","buyer":"freebornsociety","seller":"gubbatv","symbol":"POB","quantity":"3.48159872","price":"1.31828066","timestamp":1621123491,"volume":"4.58972426","buyTxId":"MM-P-6995790-53924837-3-1-0","sellTxId":"e4b756504743986b74e0e6748aec03fdbcdb271c"}
{"index": {"_index":"pob","_id":"1058155"}}
	{"id":1058155,"type":"sell","buyer":"richardcrill","seller":"natalia-irish","symbol":"POB","quantity":"6.51129511","price":"1.31853071","timestamp":1621123974,"volume":"8.58534256","buyTxId":"MM-P-6995948-53924995-3-10-0","sellTxId":"d8fd49868ff890dae86a24634b7e4ae68aa7f119"}
{"index": {"_index":"pob","_id":"1058156"}}
	{"id":1058156,"type":"sell","buyer":"ctime","seller":"natalia-irish","symbol":"POB","quantity":"11.48870489","price":"1.31843070","timestamp":1621123974,"volume":"15.14706123","buyTxId":"MM-P-6995923-53924970-3-23-0","sellTxId":"d8fd49868ff890dae86a24634b7e4ae68aa7f119"}
{"index": {"_index":"pob","_id":"1058158"}}
	{"id":1058158,"type":"sell","buyer":"freebornsociety","seller":"elricmoonslayer","symbol":"POB","quantity":"6.00000000","price":"1.31844071","timestamp":1621124115,"volume":"7.91064426","buyTxId":"MM-P-6995989-53925036-3-1-0","sellTxId":"846df11061f0ce71324366d3cbc08fdcc9513ad0"}
{"index": {"_index":"pob","_id":"1058172"}}
	{"id":1058172,"type":"sell","buyer":"ctime","seller":"tlundy47","symbol":"POB","quantity":"0.00008467","price":"1.31849074","timestamp":1621124478,"volume":"0.00011164","buyTxId":"MM-P-6996115-53925169-3-23-0","sellTxId":"e59af5c47cc5ccb28c72b26bfb5c6424119157ba"}
{"index": {"_index":"pob","_id":"1058180"}}
	{"id":1058180,"type":"sell","buyer":"freebornsociety","seller":"gank","symbol":"POB","quantity":"7.58437187","price":"1.31850075","timestamp":1621124718,"volume":"10.00000000","buyTxId":"MM-P-6996176-53925236-3-1-0","sellTxId":"18706f26c9bff2fc6c94e7818f254d659b4c22bb"}
{"index": {"_index":"pob","_id":"1058181"}}
	{"id":1058181,"type":"sell","buyer":"ctime","seller":"gank","symbol":"POB","quantity":"15.05723667","price":"1.31849074","timestamp":1621124718,"volume":"19.85282712","buyTxId":"MM-P-6996115-53925169-3-23-0","sellTxId":"18706f26c9bff2fc6c94e7818f254d659b4c22bb"}
{"index": {"_index":"pob","_id":"1058182"}}
	{"id":1058182,"type":"buy","buyer":"solovey6o2","seller":"gank","symbol":"POB","quantity":"3.75911397","price":"1.31849000","timestamp":1621124727,"volume":"4.95635418","buyTxId":"6c0157fb734b98aa2dd820b599c5f4ac63e6f1c3","sellTxId":"18706f26c9bff2fc6c94e7818f254d659b4c22bb"}
{"index": {"_index":"pob","_id":"1058195"}}
	{"id":1058195,"type":"sell","buyer":"solovey6o2","seller":"scooter77","symbol":"POB","quantity":"20.00000000","price":"1.31853079","timestamp":1621125171,"volume":"26.37061580","buyTxId":"0b687355af8e920f19039a62483b205b6f8ecdbe","sellTxId":"cc102f28a2050fc63c5b86a2d65bc3139bfcc9f7"}
{"index": {"_index":"pob","_id":"1058200"}}
	{"id":1058200,"type":"sell","buyer":"freebornsociety","seller":"panosdada","symbol":"POB","quantity":"1.56","price":"1.31854079","timestamp":1621125300,"volume":"2.05692363","buyTxId":"MM-P-6996364-53925436-3-1-0","sellTxId":"c5292ce3375ec8e03b6f47ae05b831c08890c24d"}
{"index": {"_index":"pob","_id":"1058216"}}
	{"id":1058216,"type":"sell","buyer":"freebornsociety","seller":"kevinnag58","symbol":"POB","quantity":"7.58402641","price":"1.31856081","timestamp":1621125615,"volume":"10.00000001","buyTxId":"MM-P-6996451-53925536-3-1-0","sellTxId":"99292c8776d86bf0f2f3e76cd01537c6d5670b94"}
{"index": {"_index":"pob","_id":"1058217"}}
	{"id":1058217,"type":"sell","buyer":"mmmmkkkk311","seller":"kevinnag58","symbol":"POB","quantity":"14.40066632","price":"1.31855080","timestamp":1621125615,"volume":"18.98801010","buyTxId":"MM-P-6996394-53925469-3-2-0","sellTxId":"99292c8776d86bf0f2f3e76cd01537c6d5670b94"}
{"index": {"_index":"pob","_id":"1058259"}}
	{"id":1058259,"type":"sell","buyer":"he-index","seller":"scooter77","symbol":"POB","quantity":"1.87700000","price":"1.31759048","timestamp":1621127085,"volume":"2.47311733","buyTxId":"960f01e5d43a67b460f5f8ff165cb8efb9a224d2","sellTxId":"bfb5c4906efc5eb582e10fa81d9ce3ceafb4db46"}
{"index": {"_index":"pob","_id":"1058260"}}
	{"id":1058260,"type":"sell","buyer":"freebornsociety","seller":"scooter77","symbol":"POB","quantity":"4.57012392","price":"1.31648008","timestamp":1621127085,"volume":"6.01647710","buyTxId":"MM-P-6996905-53926036-3-1-0","sellTxId":"bfb5c4906efc5eb582e10fa81d9ce3ceafb4db46"}
{"index": {"_index":"pob","_id":"1058261"}}
	{"id":1058261,"type":"sell","buyer":"mmmmkkkk311","seller":"scooter77","symbol":"POB","quantity":"3.55287608","price":"1.31647007","timestamp":1621127085,"volume":"4.67725502","buyTxId":"MM-P-6996843-53925969-3-2-0","sellTxId":"bfb5c4906efc5eb582e10fa81d9ce3ceafb4db46"}
{"index": {"_index":"pob","_id":"1058283"}}
	{"id":1058283,"type":"sell","buyer":"georgeknowsall","seller":"curation-man","symbol":"POB","quantity":"0.10000000","price":"1.41000000","timestamp":1621127661,"volume":"0.14100000","buyTxId":"f091243925165f3a549a79225644ce9009b1dc07","sellTxId":"f534cfea07896d1f1004fbc570ddeccad6d421e5"}
{"index": {"_index":"pob","_id":"1058284"}}
	{"id":1058284,"type":"sell","buyer":"solovey6o2","seller":"curation-man","symbol":"POB","quantity":"12.15000000","price":"1.31649010","timestamp":1621127661,"volume":"15.99535472","buyTxId":"a298fd314113f1a6668a602fd10504688c3c0b3e","sellTxId":"f534cfea07896d1f1004fbc570ddeccad6d421e5"}
{"index": {"_index":"pob","_id":"1058317"}}
	{"id":1058317,"type":"sell","buyer":"solovey6o2","seller":"brofi-market","symbol":"POB","quantity":"19.52032029","price":"1.31652012","timestamp":1621128138,"volume":"25.69889441","buyTxId":"c472e56117efc4edb425f79ca449d7045fa7ff62","sellTxId":"e0ed7ee9364de4d428645da11be8b8c7d7b3dc11"}
{"index": {"_index":"pob","_id":"1058344"}}
	{"id":1058344,"type":"sell","buyer":"ctime","seller":"dhedge-drips","symbol":"POB","quantity":"2.09158007","price":"1.31654012","timestamp":1621128363,"volume":"2.75364908","buyTxId":"MM-P-6997310-53926467-3-23-0","sellTxId":"1b60abe9e9896e7feb318c88177e62c528a4e42d"}
{"index": {"_index":"pob","_id":"1058375"}}
	{"id":1058375,"type":"sell","buyer":"solovey6o2","seller":"rob23","symbol":"POB","quantity":"2.8","price":"1.31659017","timestamp":1621129809,"volume":"3.68645248","buyTxId":"06374b23286e098091fc75a154a756ded3c8fb35","sellTxId":"c1d5b9dbbc0290f264e24263d60324bb9e447c2a"}
{"index": {"_index":"pob","_id":"1058394"}}
	{"id":1058394,"type":"buy","buyer":"georgeknowsall","seller":"solovey6o2","symbol":"POB","quantity":"0.20000000","price":"1.59985985","timestamp":1621130259,"volume":"0.31997197","buyTxId":"b3c11fa657cb15b7aa1dd252492eebfb81c5dfdd","sellTxId":"985c172554542a3f7897b4ec3960702fc41204c0"}
{"index": {"_index":"pob","_id":"1058467"}}
	{"id":1058467,"type":"sell","buyer":"freebornsociety","seller":"stayten","symbol":"POB","quantity":"1.04881106","price":"1.31676023","timestamp":1621131582,"volume":"1.38103269","buyTxId":"MM-P-6998220-53927534-3-1-0","sellTxId":"270cabdbf6b1486058a1cf6c2356c3115cee75b9"}
{"index": {"_index":"pob","_id":"1058504"}}
	{"id":1058504,"type":"buy","buyer":"offgridlife","seller":"solovey6o2","symbol":"POB","quantity":"0.10000000","price":"1.59973973","timestamp":1621132107,"volume":"0.15997397","buyTxId":"ff535c36c65d90d16877a7217bc3bad37d1dee42","sellTxId":"859dcfe427ad31a78c6b29c5c254a4714a3097a2"}
{"index": {"_index":"pob","_id":"1058505"}}
	{"id":1058505,"type":"buy","buyer":"offgridlife","seller":"solovey6o2","symbol":"POB","quantity":"0.10000000","price":"1.59973973","timestamp":1621132116,"volume":"0.15997397","buyTxId":"c41534ec3fbb1589a6413fa9879f68a3557a544f","sellTxId":"859dcfe427ad31a78c6b29c5c254a4714a3097a2"}
{"index": {"_index":"pob","_id":"1058506"}}
	{"id":1058506,"type":"buy","buyer":"offgridlife","seller":"solovey6o2","symbol":"POB","quantity":"0.10000000","price":"1.59973973","timestamp":1621132128,"volume":"0.15997397","buyTxId":"b4e206738f9a280cbe15fb1b584b5b1dd67818bc","sellTxId":"859dcfe427ad31a78c6b29c5c254a4714a3097a2"}
{"index": {"_index":"pob","_id":"1058507"}}
	{"id":1058507,"type":"buy","buyer":"offgridlife","seller":"solovey6o2","symbol":"POB","quantity":"0.10000000","price":"1.59973973","timestamp":1621132140,"volume":"0.15997397","buyTxId":"88d44fc9ebae9bfacae02611a3a50bc2362ee970","sellTxId":"859dcfe427ad31a78c6b29c5c254a4714a3097a2"}
