{"index": {"_index":"pob","_id":"3108966"}}
	{"id":3108966,"type":"sell","buyer":"master-lamps","seller":"dswap","symbol":"POB","quantity":"0.49498544","price":"0.02330200","timestamp":1648861827,"volume":"0.01153415","buyTxId":"cff0e5bf37ec024e30fcb68381464cb5b78defa0","sellTxId":"dc5f7abebfd617e5a0ef87a601c1e7e9acb18699"}
{"index": {"_index":"pob","_id":"3108970"}}
	{"id":3108970,"type":"sell","buyer":"master-lamps","seller":"spinvest-leo","symbol":"POB","quantity":"5.6073687","price":"0.02330200","timestamp":1648861845,"volume":"0.13066291","buyTxId":"cff0e5bf37ec024e30fcb68381464cb5b78defa0","sellTxId":"e0b5b9b932860b6eac172cb7a5b677ebab1d0593"}
{"index": {"_index":"pob","_id":"3109061"}}
	{"id":3109061,"type":"sell","buyer":"master-lamps","seller":"jackglory","symbol":"POB","quantity":"0.60421580","price":"0.02330200","timestamp":1648862967,"volume":"0.01407944","buyTxId":"cff0e5bf37ec024e30fcb68381464cb5b78defa0","sellTxId":"5d31b171d0665fd3fffd47bb8358c15c0f94373e"}
{"index": {"_index":"pob","_id":"3109197"}}
	{"id":3109197,"type":"sell","buyer":"richardcrill","seller":"chireerocks","symbol":"POB","quantity":"5.70264591","price":"0.02340000","timestamp":1648864995,"volume":"0.13344191","buyTxId":"MM-P-16158796-63147673-3-12-0","sellTxId":"d854f003bb1e586f27e6bab3d9f49ef0dc1d3425"}
{"index": {"_index":"pob","_id":"3109218"}}
	{"id":3109218,"type":"sell","buyer":"richardcrill","seller":"steem82868","symbol":"POB","quantity":"1.70157279","price":"0.02340000","timestamp":1648865343,"volume":"0.03981680","buyTxId":"MM-P-16158796-63147673-3-12-0","sellTxId":"a6c7964e08dcc8abb4e4aae7e81e1bdbf6a747f0"}
{"index": {"_index":"pob","_id":"3109260"}}
	{"id":3109260,"type":"sell","buyer":"richardcrill","seller":"melbourneswest","symbol":"POB","quantity":"7","price":"0.02340000","timestamp":1648865844,"volume":"0.16380000","buyTxId":"MM-P-16158796-63147673-3-12-0","sellTxId":"7864d566fe241bba6bd315cbc498982c08457701"}
{"index": {"_index":"pob","_id":"3109463"}}
	{"id":3109463,"type":"sell","buyer":"richardcrill","seller":"jersteemit","symbol":"POB","quantity":"9.17192332","price":"0.02340000","timestamp":1648868685,"volume":"0.21462301","buyTxId":"MM-P-16158796-63147673-3-12-0","sellTxId":"cafa070ac18de13358e1b199c62c6071b675b01e"}
{"index": {"_index":"pob","_id":"3109543"}}
	{"id":3109543,"type":"sell","buyer":"richardcrill","seller":"dswap","symbol":"POB","quantity":"0.11752637","price":"0.02340000","timestamp":1648870101,"volume":"0.00275012","buyTxId":"MM-P-16158796-63147673-3-12-0","sellTxId":"a5400f71d1dbd6416564891cfe18d138917edaf7"}
{"index": {"_index":"pob","_id":"3109630"}}
	{"id":3109630,"type":"sell","buyer":"richardcrill","seller":"iyanpol12","symbol":"POB","quantity":"2.77421494","price":"0.02340000","timestamp":1648871196,"volume":"0.06491663","buyTxId":"MM-P-16158796-63147673-3-12-0","sellTxId":"5d7093eb9c8064adff88d1da12562688498e7e78"}
{"index": {"_index":"pob","_id":"3109678"}}
	{"id":3109678,"type":"sell","buyer":"richardcrill","seller":"dswap","symbol":"POB","quantity":"0.13865865","price":"0.02340000","timestamp":1648871730,"volume":"0.00324461","buyTxId":"MM-P-16158796-63147673-3-12-0","sellTxId":"037cf503002b9357883cd112822b4ebd280c4388"}
{"index": {"_index":"pob","_id":"3109684"}}
	{"id":3109684,"type":"sell","buyer":"richardcrill","seller":"firstborn.pob","symbol":"POB","quantity":"102.56892132","price":"0.02340000","timestamp":1648871781,"volume":"2.40011276","buyTxId":"MM-P-16158796-63147673-3-12-0","sellTxId":"68901a538c233bdc499d2d40680311eca131daa4"}
{"index": {"_index":"pob","_id":"3109950"}}
	{"id":3109950,"type":"sell","buyer":"master-lamps","seller":"thatcryptodave","symbol":"POB","quantity":"4.70386299","price":"0.02340070","timestamp":1648874934,"volume":"0.11007369","buyTxId":"e5280c3365a314adbe9a4aa891f3abc3463c16eb","sellTxId":"83c14edc0c214e7ac734336fcfe003172ae5013e"}
{"index": {"_index":"pob","_id":"3109964"}}
	{"id":3109964,"type":"sell","buyer":"master-lamps","seller":"lbi-token","symbol":"POB","quantity":"24.07584488","price":"0.02340070","timestamp":1648875291,"volume":"0.56339162","buyTxId":"e5280c3365a314adbe9a4aa891f3abc3463c16eb","sellTxId":"cb5e57ca5a54b9b95969d2e0db9d03a1202c6a9d"}
{"index": {"_index":"pob","_id":"3109965"}}
	{"id":3109965,"type":"sell","buyer":"richardcrill","seller":"lbi-token","symbol":"POB","quantity":"94.91815512","price":"0.02340000","timestamp":1648875291,"volume":"2.22108483","buyTxId":"MM-P-16158796-63147673-3-12-0","sellTxId":"cb5e57ca5a54b9b95969d2e0db9d03a1202c6a9d"}
{"index": {"_index":"pob","_id":"3110157"}}
	{"id":3110157,"type":"sell","buyer":"richardcrill","seller":"operahoser","symbol":"POB","quantity":"0.00389108","price":"0.02340000","timestamp":1648877985,"volume":"0.00009105","buyTxId":"MM-P-16158796-63147673-3-12-0","sellTxId":"7f0e36dba160d98953f762810df0bcd51dde670b"}
{"index": {"_index":"pob","_id":"3110990"}}
	{"id":3110990,"type":"sell","buyer":"richardcrill","seller":"alyssasanders","symbol":"POB","quantity":"1.19003118","price":"0.02340000","timestamp":1648890924,"volume":"0.02784673","buyTxId":"MM-P-16158796-63147673-3-12-0","sellTxId":"2b34e55a2c70900a09f69faa55b64fe543c11a82"}
{"index": {"_index":"pob","_id":"3111001"}}
	{"id":3111001,"type":"sell","buyer":"richardcrill","seller":"stayoutoftherz","symbol":"POB","quantity":"4.59999999","price":"0.02340000","timestamp":1648891059,"volume":"0.10764000","buyTxId":"MM-P-16158796-63147673-3-12-0","sellTxId":"b3d504e74410751901ea7d96e8d7d98d7fb69616"}
{"index": {"_index":"pob","_id":"3111343"}}
	{"id":3111343,"type":"sell","buyer":"richardcrill","seller":"femcy-willcy","symbol":"POB","quantity":"5.46849628","price":"0.02340000","timestamp":1648895988,"volume":"0.12796281","buyTxId":"MM-P-16158796-63147673-3-12-0","sellTxId":"236e2b206c225fabeb878aa8c6676fc97fd92b19"}
{"index": {"_index":"pob","_id":"3111416"}}
	{"id":3111416,"type":"sell","buyer":"richardcrill","seller":"filotasriza3","symbol":"POB","quantity":"125.42354955","price":"0.02340000","timestamp":1648897380,"volume":"2.93491106","buyTxId":"MM-P-16158796-63147673-3-12-0","sellTxId":"6fc71129ccce1274df81ca25cfa6f2861b06eb79"}
{"index": {"_index":"pob","_id":"3111445"}}
	{"id":3111445,"type":"sell","buyer":"richardcrill","seller":"dswap","symbol":"POB","quantity":"103.42255945","price":"0.02340000","timestamp":1648897788,"volume":"2.42008789","buyTxId":"MM-P-16158796-63147673-3-12-0","sellTxId":"73e4be03926a0a8077ca323e4c929c431d16ff35"}
{"index": {"_index":"pob","_id":"3111504"}}
	{"id":3111504,"type":"buy","buyer":"chesatochi","seller":"richardcrill","symbol":"POB","quantity":"0.43927773","price":"0.02713700","timestamp":1648898499,"volume":"0.01192068","buyTxId":"606fa9060952d66374c2264f1f3e66e69976c649","sellTxId":"MM-P-16169864-63158745-3-12-0"}
{"index": {"_index":"pob","_id":"3111610"}}
	{"id":3111610,"type":"sell","buyer":"richardcrill","seller":"suanky","symbol":"POB","quantity":"0.82480584","price":"0.02340000","timestamp":1648900803,"volume":"0.01930046","buyTxId":"MM-P-16158796-63147673-3-12-0","sellTxId":"b787d8af21d989a4a6d163e46c4609bfe27ccd62"}
{"index": {"_index":"pob","_id":"3111685"}}
	{"id":3111685,"type":"sell","buyer":"richardcrill","seller":"brofi-market","symbol":"POB","quantity":"9.39746011","price":"0.02340000","timestamp":1648901766,"volume":"0.21990057","buyTxId":"MM-P-16158796-63147673-3-12-0","sellTxId":"6b1a56d786af9e3a9bac44ff3a794affa0eeec89"}
{"index": {"_index":"pob","_id":"3111802"}}
	{"id":3111802,"type":"sell","buyer":"richardcrill","seller":"dhedge-drips","symbol":"POB","quantity":"1.00687074","price":"0.02340000","timestamp":1648903611,"volume":"0.02356078","buyTxId":"MM-P-16158796-63147673-3-12-0","sellTxId":"559ae9fc3fe7dcc8e36af9730b303f7a7db2c776"}
{"index": {"_index":"pob","_id":"3111803"}}
	{"id":3111803,"type":"sell","buyer":"richardcrill","seller":"makeitreal95","symbol":"POB","quantity":"6.44","price":"0.02340000","timestamp":1648903614,"volume":"0.15069600","buyTxId":"MM-P-16158796-63147673-3-12-0","sellTxId":"e1bdbaaf472630e170f540be6d424682d644a784"}
{"index": {"_index":"pob","_id":"3111913"}}
	{"id":3111913,"type":"sell","buyer":"richardcrill","seller":"detlev","symbol":"POB","quantity":"246.98392066","price":"0.02340000","timestamp":1648904865,"volume":"5.77942374","buyTxId":"MM-P-16158796-63147673-3-12-0","sellTxId":"47344f73886bb9851ba5ca97abb03d4f26f10b4d"}
{"index": {"_index":"pob","_id":"3112055"}}
	{"id":3112055,"type":"sell","buyer":"richardcrill","seller":"rose98734","symbol":"POB","quantity":"0.27892698","price":"0.02340000","timestamp":1648906446,"volume":"0.00652689","buyTxId":"MM-P-16158796-63147673-3-12-0","sellTxId":"cb8a76d84636af7eaa5095d4376d1dad7d3e3dfc"}
{"index": {"_index":"pob","_id":"3112147"}}
	{"id":3112147,"type":"sell","buyer":"richardcrill","seller":"taskmaster4450","symbol":"POB","quantity":"38.31563516","price":"0.02340000","timestamp":1648907286,"volume":"0.89658586","buyTxId":"MM-P-16158796-63147673-3-12-0","sellTxId":"b7d1d47d01aff4b89bb4e97e0dd609e5e9432f66"}
{"index": {"_index":"pob","_id":"3112171"}}
	{"id":3112171,"type":"sell","buyer":"richardcrill","seller":"dsc-r2cornell","symbol":"POB","quantity":"0.75237428","price":"0.02340000","timestamp":1648907448,"volume":"0.01760556","buyTxId":"MM-P-16158796-63147673-3-12-0","sellTxId":"bd768eb69c28cf62b759a9b04994861addcf1653"}
{"index": {"_index":"pob","_id":"3112240"}}
	{"id":3112240,"type":"buy","buyer":"fnvdesigns","seller":"narumisweety","symbol":"POB","quantity":"0.12224173","price":"0.02340002","timestamp":1648907952,"volume":"0.00286046","buyTxId":"9731a4f966227eccbf930e9e3a59c7908c9dbe07","sellTxId":"5c1af0784db35c7ab79c1b5e8bf8114707a3ac99"}
{"index": {"_index":"pob","_id":"3112241"}}
	{"id":3112241,"type":"buy","buyer":"fnvdesigns","seller":"richardcrill","symbol":"POB","quantity":"4.87775827","price":"0.02700000","timestamp":1648907952,"volume":"0.13169947","buyTxId":"9731a4f966227eccbf930e9e3a59c7908c9dbe07","sellTxId":"MM-P-16172053-63160938-3-12-0"}
{"index": {"_index":"pob","_id":"3112263"}}
	{"id":3112263,"type":"sell","buyer":"richardcrill","seller":"revideogf","symbol":"POB","quantity":"0.00000349","price":"0.02340000","timestamp":1648908069,"volume":"0.00000008","buyTxId":"MM-P-16158796-63147673-3-12-0","sellTxId":"ac48f076fa713e1434cee0363e487af69b9e625a"}
{"index": {"_index":"pob","_id":"3112352"}}
	{"id":3112352,"type":"sell","buyer":"richardcrill","seller":"peerfinance","symbol":"POB","quantity":"0.83300000","price":"0.02340000","timestamp":1648908879,"volume":"0.01949220","buyTxId":"MM-P-16158796-63147673-3-12-0","sellTxId":"035559016bd1467095952cea4085a02694c5f6b8"}
{"index": {"_index":"pob","_id":"3112485"}}
	{"id":3112485,"type":"sell","buyer":"richardcrill","seller":"dwinblood","symbol":"POB","quantity":"6.02937100","price":"0.02340000","timestamp":1648909824,"volume":"0.14108728","buyTxId":"MM-P-16158796-63147673-3-12-0","sellTxId":"720a0623cefb7333da542a80563492a088654b5e"}
{"index": {"_index":"pob","_id":"3112609"}}
	{"id":3112609,"type":"sell","buyer":"richardcrill","seller":"kachinhenry","symbol":"POB","quantity":"122.37138323","price":"0.02340000","timestamp":1648911105,"volume":"2.86349037","buyTxId":"MM-P-16158796-63147673-3-12-0","sellTxId":"2132de64896103873a1337d95de0c5be40211f1f"}
{"index": {"_index":"pob","_id":"3112707"}}
	{"id":3112707,"type":"sell","buyer":"terminado","seller":"therealsnowjon","symbol":"POB","quantity":"9.74511386","price":"0.02310000","timestamp":1648912407,"volume":"0.22511213","buyTxId":"23e651ce71b946c2f5d8ad44631a753f20da7f17","sellTxId":"58fe762b979244c619afab7fa4345dcbaa448ff9"}
{"index": {"_index":"pob","_id":"3112728"}}
	{"id":3112728,"type":"buy","buyer":"rzc24-nftbbg","seller":"kachinhenry","symbol":"POB","quantity":"54.62861677","price":"0.02340000","timestamp":1648912626,"volume":"1.27830963","buyTxId":"54d1a034917b8ef56fa246d974f138739ed52125","sellTxId":"2132de64896103873a1337d95de0c5be40211f1f"}
{"index": {"_index":"pob","_id":"3112767"}}
	{"id":3112767,"type":"sell","buyer":"terminado","seller":"renovatio","symbol":"POB","quantity":"4.06932138","price":"0.02310000","timestamp":1648913031,"volume":"0.09400132","buyTxId":"23e651ce71b946c2f5d8ad44631a753f20da7f17","sellTxId":"b420c54a8cef59bd4406a432471c5a1ab9d4488e"}
{"index": {"_index":"pob","_id":"3112831"}}
	{"id":3112831,"type":"sell","buyer":"terminado","seller":"siniceku","symbol":"POB","quantity":"12.80000000","price":"0.02310000","timestamp":1648913709,"volume":"0.29568000","buyTxId":"23e651ce71b946c2f5d8ad44631a753f20da7f17","sellTxId":"774a4261f7608d1ed559e9abc08363c5d221e503"}
{"index": {"_index":"pob","_id":"3113033"}}
	{"id":3113033,"type":"sell","buyer":"terminado","seller":"trumpman","symbol":"POB","quantity":"54.19444792","price":"0.02310000","timestamp":1648915920,"volume":"1.25189175","buyTxId":"23e651ce71b946c2f5d8ad44631a753f20da7f17","sellTxId":"a27fb00a33fa1c28eb1dc092bbe74376d72aabd3"}
{"index": {"_index":"pob","_id":"3113039"}}
	{"id":3113039,"type":"sell","buyer":"terminado","seller":"brofi-market","symbol":"POB","quantity":"9.39752052","price":"0.02310000","timestamp":1648915968,"volume":"0.21708272","buyTxId":"23e651ce71b946c2f5d8ad44631a753f20da7f17","sellTxId":"ca12a7e07bfb9871a35fef04581dd7cae5829733"}
{"index": {"_index":"pob","_id":"3113113"}}
	{"id":3113113,"type":"sell","buyer":"terminado","seller":"andy4475","symbol":"POB","quantity":"15.64390006","price":"0.02310000","timestamp":1648916529,"volume":"0.36137409","buyTxId":"23e651ce71b946c2f5d8ad44631a753f20da7f17","sellTxId":"3a3af4195e7b625c273450be84656ac263aa47ba"}
{"index": {"_index":"pob","_id":"3113132"}}
	{"id":3113132,"type":"sell","buyer":"terminado","seller":"travelwritemoney","symbol":"POB","quantity":"15.01456128","price":"0.02310000","timestamp":1648916661,"volume":"0.34683637","buyTxId":"23e651ce71b946c2f5d8ad44631a753f20da7f17","sellTxId":"4d5e8a0e7a2ea34a52ce1ac0031d37e3958541ab"}
{"index": {"_index":"pob","_id":"3113379"}}
	{"id":3113379,"type":"sell","buyer":"richardcrill","seller":"automaton","symbol":"POB","quantity":"7.76000000","price":"0.02321000","timestamp":1648918884,"volume":"0.18010960","buyTxId":"MM-P-16176740-63165625-3-12-0","sellTxId":"22d228d452a54d5fd7c85a92a91b8fe99e4daec7"}
{"index": {"_index":"pob","_id":"3113488"}}
	{"id":3113488,"type":"buy","buyer":"chesatochi","seller":"flipflopcrypto","symbol":"POB","quantity":"1.12116579","price":"0.02690000","timestamp":1648919724,"volume":"0.03015936","buyTxId":"6b5a278692ddbcab6c01c3195ef1b63f5b9c47b0","sellTxId":"3e608fdbd1ce672f541302d72bed02ab3a263371"}
{"index": {"_index":"pob","_id":"3113542"}}
	{"id":3113542,"type":"sell","buyer":"richardcrill","seller":"whitelightxpress","symbol":"POB","quantity":"1.96823281","price":"0.02321000","timestamp":1648920231,"volume":"0.04568268","buyTxId":"MM-P-16176740-63165625-3-12-0","sellTxId":"063d44c80ac79055f91052d725867bc6a526898a"}
{"index": {"_index":"pob","_id":"3113642"}}
	{"id":3113642,"type":"sell","buyer":"richardcrill","seller":"hive-189742","symbol":"POB","quantity":"0.01221118","price":"0.02321000","timestamp":1648921026,"volume":"0.00028342","buyTxId":"MM-P-16176740-63165625-3-12-0","sellTxId":"f293d2c1d149181314d948f6aaa11d05fd860b4f"}
{"index": {"_index":"pob","_id":"3113843"}}
	{"id":3113843,"type":"sell","buyer":"richardcrill","seller":"ykretz","symbol":"POB","quantity":"5.65397607","price":"0.02321000","timestamp":1648923270,"volume":"0.13122878","buyTxId":"MM-P-16176740-63165625-3-12-0","sellTxId":"c592e441f9579305054a11675da8b95d610e446d"}
{"index": {"_index":"pob","_id":"3113881"}}
	{"id":3113881,"type":"sell","buyer":"richardcrill","seller":"flipflopcrypto","symbol":"POB","quantity":"49.01205446","price":"0.02321000","timestamp":1648923774,"volume":"1.13756978","buyTxId":"MM-P-16176740-63165625-3-12-0","sellTxId":"bbd5da51eb8bd1c7d69d677af19ed4c3a83b6514"}
{"index": {"_index":"pob","_id":"3113985"}}
	{"id":3113985,"type":"sell","buyer":"richardcrill","seller":"dhedge-drips","symbol":"POB","quantity":"0.61215463","price":"0.02321000","timestamp":1648925172,"volume":"0.01420811","buyTxId":"MM-P-16176740-63165625-3-12-0","sellTxId":"696265e93c7de0c00940bf99aca271ea5ff6a410"}
{"index": {"_index":"pob","_id":"3114173"}}
	{"id":3114173,"type":"sell","buyer":"onlydoge","seller":"finguru","symbol":"POB","quantity":"41.66412602","price":"0.02311000","timestamp":1648928202,"volume":"0.96285795","buyTxId":"251023b4a88007f8f9d6a825a719a17bc8310f5e","sellTxId":"8b4fe97203e7f7391a77f7902f418bc2454d6996"}
{"index": {"_index":"pob","_id":"3114212"}}
	{"id":3114212,"type":"sell","buyer":"onlydoge","seller":"michupa","symbol":"POB","quantity":"1.60717398","price":"0.02311000","timestamp":1648928586,"volume":"0.03714179","buyTxId":"251023b4a88007f8f9d6a825a719a17bc8310f5e","sellTxId":"06bf9da6e200c23b09c884c6d6d38bf4f81baf8a"}
{"index": {"_index":"pob","_id":"3114213"}}
	{"id":3114213,"type":"sell","buyer":"terminado","seller":"michupa","symbol":"POB","quantity":"351.22216413","price":"0.02310000","timestamp":1648928586,"volume":"8.11323199","buyTxId":"23e651ce71b946c2f5d8ad44631a753f20da7f17","sellTxId":"06bf9da6e200c23b09c884c6d6d38bf4f81baf8a"}
{"index": {"_index":"pob","_id":"3114558"}}
	{"id":3114558,"type":"sell","buyer":"onlydoge","seller":"deathwing","symbol":"POB","quantity":"0.025","price":"0.02142000","timestamp":1648932906,"volume":"0.00053550","buyTxId":"4098789306d53d20a78118192f46f6c7c9ecae82","sellTxId":"3038f96a18a99185fc35c8c66e0505ecfef4eca9-0"}
{"index": {"_index":"pob","_id":"3114625"}}
	{"id":3114625,"type":"buy","buyer":"frawdielp","seller":"michupa","symbol":"POB","quantity":"77.01956189","price":"0.02310000","timestamp":1648933533,"volume":"1.77915188","buyTxId":"833ed88d19f680688b987edc6fde2da675e9aa66","sellTxId":"06bf9da6e200c23b09c884c6d6d38bf4f81baf8a"}
{"index": {"_index":"pob","_id":"3114657"}}
	{"id":3114657,"type":"sell","buyer":"pro100cryptoss","seller":"revisesociology","symbol":"POB","quantity":"93.00000000","price":"0.02200000","timestamp":1648934439,"volume":"2.04600000","buyTxId":"1ce669efe4ad65b88e5f681891b27b3903b39de7","sellTxId":"08588a504e16adc01941c8174caf9eea3e8d1d2e"}
{"index": {"_index":"pob","_id":"3114813"}}
	{"id":3114813,"type":"sell","buyer":"pro100cryptoss","seller":"he-index","symbol":"POB","quantity":"0.10700000","price":"0.02200000","timestamp":1648936929,"volume":"0.00235400","buyTxId":"1ce669efe4ad65b88e5f681891b27b3903b39de7","sellTxId":"e1aa941fea21ed3d3f735a1266f016618ebd73ee"}
{"index": {"_index":"pob","_id":"3114855"}}
	{"id":3114855,"type":"sell","buyer":"pro100cryptoss","seller":"alexvan","symbol":"POB","quantity":"8.69824797","price":"0.02200000","timestamp":1648937439,"volume":"0.19136146","buyTxId":"1ce669efe4ad65b88e5f681891b27b3903b39de7","sellTxId":"3204da25c7c0070db0d1344eb20e33ccf5c27792"}
{"index": {"_index":"pob","_id":"3114999"}}
	{"id":3114999,"type":"sell","buyer":"pro100cryptoss","seller":"lordtimoty","symbol":"POB","quantity":"3.48709664","price":"0.02200000","timestamp":1648938939,"volume":"0.07671613","buyTxId":"1ce669efe4ad65b88e5f681891b27b3903b39de7","sellTxId":"32a7196ea342c50196f86b506a3cf8801816fd93"}
{"index": {"_index":"pob","_id":"3115008"}}
	{"id":3115008,"type":"sell","buyer":"pro100cryptoss","seller":"fatherfaith","symbol":"POB","quantity":"1.09213800","price":"0.02200000","timestamp":1648939074,"volume":"0.02402704","buyTxId":"1ce669efe4ad65b88e5f681891b27b3903b39de7","sellTxId":"651b33f58b6536a283bbe1bdcbfad4df04b99b77"}
{"index": {"_index":"pob","_id":"3115080"}}
	{"id":3115080,"type":"sell","buyer":"pro100cryptoss","seller":"hiro-hive","symbol":"POB","quantity":"11.530664","price":"0.02200000","timestamp":1648940055,"volume":"0.25367461","buyTxId":"1ce669efe4ad65b88e5f681891b27b3903b39de7","sellTxId":"85a184e9545533ab145a60205372d0a80a9e1abc"}
{"index": {"_index":"pob","_id":"3115111"}}
	{"id":3115111,"type":"sell","buyer":"pro100cryptoss","seller":"nrg","symbol":"POB","quantity":"13.38715995","price":"0.02200000","timestamp":1648940337,"volume":"0.29451752","buyTxId":"1ce669efe4ad65b88e5f681891b27b3903b39de7","sellTxId":"1e9269e475a3fdaa9f11a3999999e3a33e1d78dd-16"}
{"index": {"_index":"pob","_id":"3115220"}}
	{"id":3115220,"type":"sell","buyer":"pro100cryptoss","seller":"cine.comps","symbol":"POB","quantity":"65.88797692","price":"0.02200000","timestamp":1648942395,"volume":"1.44953549","buyTxId":"1ce669efe4ad65b88e5f681891b27b3903b39de7","sellTxId":"4474a35eb89a12535dd1cccafd5b687d5d5722ab"}
{"index": {"_index":"pob","_id":"3115231"}}
	{"id":3115231,"type":"sell","buyer":"pro100cryptoss","seller":"andy4475","symbol":"POB","quantity":"27.72442023","price":"0.02200000","timestamp":1648942497,"volume":"0.60993725","buyTxId":"1ce669efe4ad65b88e5f681891b27b3903b39de7","sellTxId":"9c88391ffc2abf0488079d73dc2ed167dc5f6bbe"}
{"index": {"_index":"pob","_id":"3115411"}}
	{"id":3115411,"type":"sell","buyer":"pro100cryptoss","seller":"nicosistemas5","symbol":"POB","quantity":"8.34821398","price":"0.02200000","timestamp":1648945236,"volume":"0.18366071","buyTxId":"1ce669efe4ad65b88e5f681891b27b3903b39de7","sellTxId":"d55d17158bfbdd7eb677f6b48ed0811da9d06076"}
{"index": {"_index":"pob","_id":"3115437"}}
	{"id":3115437,"type":"sell","buyer":"pro100cryptoss","seller":"operahoser","symbol":"POB","quantity":"0.71826636","price":"0.02200000","timestamp":1648945662,"volume":"0.01580186","buyTxId":"1ce669efe4ad65b88e5f681891b27b3903b39de7","sellTxId":"f72ebccf348f2f5aab70f2e14e6a928194375996"}
{"index": {"_index":"pob","_id":"3115523"}}
	{"id":3115523,"type":"sell","buyer":"pro100cryptoss","seller":"xabi","symbol":"POB","quantity":"6.66703411","price":"0.02200000","timestamp":1648946754,"volume":"0.14667475","buyTxId":"1ce669efe4ad65b88e5f681891b27b3903b39de7","sellTxId":"815e48edb75ea8185e4598ce1c5bd5c7f3baf41d"}
{"index": {"_index":"pob","_id":"3115550"}}
	{"id":3115550,"type":"buy","buyer":"terminado","seller":"richardcrill","symbol":"POB","quantity":"333.00000000","price":"0.02689999","timestamp":1648946949,"volume":"8.95769667","buyTxId":"1749b80add3b7a6049c2cfed2c3d0e60c12eb1c1","sellTxId":"MM-P-16186312-63175198-3-12-1"}
{"index": {"_index":"pob","_id":"3115551"}}
	{"id":3115551,"type":"buy","buyer":"terminado","seller":"master-lamps","symbol":"POB","quantity":"53.69067774","price":"0.02699999","timestamp":1648946949,"volume":"1.44964776","buyTxId":"1749b80add3b7a6049c2cfed2c3d0e60c12eb1c1","sellTxId":"d8ecc04bd884974c653a1ee3dc302ef4e142793f"}
{"index": {"_index":"pob","_id":"3115552"}}
	{"id":3115552,"type":"buy","buyer":"terminado","seller":"yintercept","symbol":"POB","quantity":"1.59911279","price":"0.02699999","timestamp":1648946949,"volume":"0.04317603","buyTxId":"1749b80add3b7a6049c2cfed2c3d0e60c12eb1c1","sellTxId":"a4425fe645cfd3360bf8a0e21ea72dd0e18a219a"}
{"index": {"_index":"pob","_id":"3115553"}}
	{"id":3115553,"type":"buy","buyer":"terminado","seller":"brofi-market","symbol":"POB","quantity":"9.39752052","price":"0.02700000","timestamp":1648946949,"volume":"0.25373305","buyTxId":"1749b80add3b7a6049c2cfed2c3d0e60c12eb1c1","sellTxId":"308566820cc65ecba45add636926fef684961a3a"}
{"index": {"_index":"pob","_id":"3115554"}}
	{"id":3115554,"type":"buy","buyer":"terminado","seller":"dhedge-drips","symbol":"POB","quantity":"0.61215463","price":"0.02700000","timestamp":1648946949,"volume":"0.01652818","buyTxId":"1749b80add3b7a6049c2cfed2c3d0e60c12eb1c1","sellTxId":"45cf741c98a86f269c471a474ccbbb9800b54929"}
{"index": {"_index":"pob","_id":"3115555"}}
	{"id":3115555,"type":"buy","buyer":"terminado","seller":"dhedge-drips","symbol":"POB","quantity":"1.00687074","price":"0.02703700","timestamp":1648946949,"volume":"0.02722276","buyTxId":"1749b80add3b7a6049c2cfed2c3d0e60c12eb1c1","sellTxId":"1eae18673ce05b238cfe1d82c8418735213597df"}
{"index": {"_index":"pob","_id":"3115556"}}
	{"id":3115556,"type":"buy","buyer":"terminado","seller":"brofi-market","symbol":"POB","quantity":"9.39746011","price":"0.02713700","timestamp":1648946949,"volume":"0.25501888","buyTxId":"1749b80add3b7a6049c2cfed2c3d0e60c12eb1c1","sellTxId":"b21a3759b345028868e5ecfab99c46e062d10cdd"}
{"index": {"_index":"pob","_id":"3115557"}}
	{"id":3115557,"type":"buy","buyer":"terminado","seller":"edipascal","symbol":"POB","quantity":"838.66866724","price":"0.02720000","timestamp":1648946949,"volume":"22.81178775","buyTxId":"1749b80add3b7a6049c2cfed2c3d0e60c12eb1c1","sellTxId":"17e97aa8d9976d0be6f69f79a420aacbb875740b"}
{"index": {"_index":"pob","_id":"3115558"}}
	{"id":3115558,"type":"buy","buyer":"terminado","seller":"firealien","symbol":"POB","quantity":"1.03086735","price":"0.02723530","timestamp":1648946949,"volume":"0.02807598","buyTxId":"1749b80add3b7a6049c2cfed2c3d0e60c12eb1c1","sellTxId":"8648905b82b7b52feecb53c981910d4289bfdf1b"}
{"index": {"_index":"pob","_id":"3115559"}}
	{"id":3115559,"type":"buy","buyer":"terminado","seller":"pob.curator","symbol":"POB","quantity":"11.09119484","price":"0.02723600","timestamp":1648946949,"volume":"0.30207978","buyTxId":"1749b80add3b7a6049c2cfed2c3d0e60c12eb1c1","sellTxId":"ce89531e63a1ce7faf09682da5d0e7c80b05c82e"}
{"index": {"_index":"pob","_id":"3115560"}}
	{"id":3115560,"type":"buy","buyer":"terminado","seller":"ben.haase","symbol":"POB","quantity":"0.95637596","price":"0.02723700","timestamp":1648946949,"volume":"0.02604881","buyTxId":"1749b80add3b7a6049c2cfed2c3d0e60c12eb1c1","sellTxId":"2e338561a1e6e5036c707a9f63bdfd7893c99b17"}
{"index": {"_index":"pob","_id":"3115561"}}
	{"id":3115561,"type":"buy","buyer":"terminado","seller":"erikah","symbol":"POB","quantity":"32.98243185","price":"0.02723700","timestamp":1648946949,"volume":"0.89834250","buyTxId":"1749b80add3b7a6049c2cfed2c3d0e60c12eb1c1","sellTxId":"b8811d98c76284688717434df8aaf9c6ea097838"}
{"index": {"_index":"pob","_id":"3115562"}}
	{"id":3115562,"type":"buy","buyer":"terminado","seller":"droida","symbol":"POB","quantity":"0.28881896","price":"0.02733997","timestamp":1648946949,"volume":"0.00789630","buyTxId":"1749b80add3b7a6049c2cfed2c3d0e60c12eb1c1","sellTxId":"d1616417b2a414f33b0fda5607ad7f2dbb2b9e9a"}
{"index": {"_index":"pob","_id":"3115563"}}
	{"id":3115563,"type":"buy","buyer":"terminado","seller":"droida","symbol":"POB","quantity":"0.92285949","price":"0.02733998","timestamp":1648946949,"volume":"0.02523096","buyTxId":"1749b80add3b7a6049c2cfed2c3d0e60c12eb1c1","sellTxId":"14abe2948fcd435ecb6c476d56617e90c35fb307"}
{"index": {"_index":"pob","_id":"3115564"}}
	{"id":3115564,"type":"buy","buyer":"terminado","seller":"quicktrades","symbol":"POB","quantity":"0.72930443","price":"0.02733999","timestamp":1648946949,"volume":"0.01993918","buyTxId":"1749b80add3b7a6049c2cfed2c3d0e60c12eb1c1","sellTxId":"92673b7ff6254d3c3a8828a0955be32a4c69c381"}
{"index": {"_index":"pob","_id":"3115565"}}
	{"id":3115565,"type":"buy","buyer":"terminado","seller":"leprechaun","symbol":"POB","quantity":"1.10992813","price":"0.02734000","timestamp":1648946949,"volume":"0.03034544","buyTxId":"1749b80add3b7a6049c2cfed2c3d0e60c12eb1c1","sellTxId":"dbd202acb73ade9adcafaebba34074434d3976bb"}
{"index": {"_index":"pob","_id":"3115566"}}
	{"id":3115566,"type":"buy","buyer":"terminado","seller":"marbrym","symbol":"POB","quantity":"156.51575522","price":"0.02734000","timestamp":1648946949,"volume":"4.27914075","buyTxId":"1749b80add3b7a6049c2cfed2c3d0e60c12eb1c1","sellTxId":"a5fe7bdab493d731ec45ead90ef35e5ab91c85d2"}
{"index": {"_index":"pob","_id":"3115574"}}
	{"id":3115574,"type":"sell","buyer":"richardcrill","seller":"dswap","symbol":"POB","quantity":"0.07660175","price":"0.02210000","timestamp":1648947039,"volume":"0.00169290","buyTxId":"MM-P-16186312-63175198-3-12-0","sellTxId":"48aa69bd636281a53816065465821ee2f469d302"}
