{"index": {"_index":"pob","_id":"1171992"}}
	{"id":1171992,"type":"sell","buyer":"mmmmkkkk311","seller":"coffeelovers","symbol":"POB","quantity":"4.95271482","price":"1.00283001","timestamp":1624675320,"volume":"4.96673105","buyTxId":"MM-P-8128501-55106429-3-2-0","sellTxId":"ae4bbef9f05462fb7d1758e4badb9522f927fef1"}
{"index": {"_index":"pob","_id":"1172000"}}
	{"id":1172000,"type":"sell","buyer":"solovey6o2","seller":"melbourneswest","symbol":"POB","quantity":"4.04849450","price":"1.00283003","timestamp":1624675752,"volume":"4.05995186","buyTxId":"56e4b9455bf87b28ea1dafd4b8b5c01bc7445f32","sellTxId":"16657beff46d3e79fb2c84c9afb4b9e0cb591f6b"}
{"index": {"_index":"pob","_id":"1172011"}}
	{"id":1172011,"type":"sell","buyer":"solovey6o2","seller":"eythorphoto","symbol":"POB","quantity":"0.03021752","price":"1.00293013","timestamp":1624677231,"volume":"0.03030606","buyTxId":"c355fae3a5c472e56e0915574f88e8ebd46232ef","sellTxId":"6aa80bbfc827a4ec2853443410faa4e91cc7209a"}
{"index": {"_index":"pob","_id":"1172020"}}
	{"id":1172020,"type":"sell","buyer":"bluesniper","seller":"ahmetay","symbol":"POB","quantity":"0.12111286","price":"1.00297016","timestamp":1624677708,"volume":"0.12147258","buyTxId":"MM-P-8130128-55108072-3-5-0","sellTxId":"b9ec9535bd2e379e1aa57c5a596950b761fd5b7b"}
{"index": {"_index":"pob","_id":"1172041"}}
	{"id":1172041,"type":"sell","buyer":"solovey6o2","seller":"taseli","symbol":"POB","quantity":"0.02629918","price":"1.00299019","timestamp":1624678089,"volume":"0.02637782","buyTxId":"ef819e999853057af6ec7450e6bc669c7a7a75b9","sellTxId":"1133f8be3a2e6928c6024afce043b00f5a3751ce"}
{"index": {"_index":"pob","_id":"1172082"}}
	{"id":1172082,"type":"sell","buyer":"solovey6o2","seller":"gungunkrishu","symbol":"POB","quantity":"5.30000000","price":"1.00313033","timestamp":1624680159,"volume":"5.31659075","buyTxId":"4f92b0d3f8a5c851e6c2879174a4a879b601c043","sellTxId":"2840af977b06c7e263bde0218ad51e5946071da0"}
{"index": {"_index":"pob","_id":"1172090"}}
	{"id":1172090,"type":"buy","buyer":"offgridlife","seller":"ahmetay","symbol":"POB","quantity":"0.10000000","price":"1.04500000","timestamp":1624680522,"volume":"0.10450000","buyTxId":"6d26253c20fb31b74600555e06480ae07252b4f7","sellTxId":"8a0972ea6944022fb7b3cb2276d14a23318086c3"}
{"index": {"_index":"pob","_id":"1172091"}}
	{"id":1172091,"type":"buy","buyer":"offgridlife","seller":"ahmetay","symbol":"POB","quantity":"0.10000000","price":"1.04500000","timestamp":1624680537,"volume":"0.10450000","buyTxId":"a3aaa036fc1b39463f36b0bc143bbd0f8bb71c12","sellTxId":"8a0972ea6944022fb7b3cb2276d14a23318086c3"}
{"index": {"_index":"pob","_id":"1172092"}}
	{"id":1172092,"type":"buy","buyer":"offgridlife","seller":"ahmetay","symbol":"POB","quantity":"0.10000000","price":"1.04500000","timestamp":1624680552,"volume":"0.10450000","buyTxId":"aadd11f83ab7568392cd3db67ccba7e1a8281c9a","sellTxId":"8a0972ea6944022fb7b3cb2276d14a23318086c3"}
{"index": {"_index":"pob","_id":"1172094"}}
	{"id":1172094,"type":"buy","buyer":"offgridlife","seller":"ahmetay","symbol":"POB","quantity":"0.10000000","price":"1.04500000","timestamp":1624680564,"volume":"0.10450000","buyTxId":"fb6a9b96cabef2793e4be1c1b7a4d0d73deab689","sellTxId":"8a0972ea6944022fb7b3cb2276d14a23318086c3"}
{"index": {"_index":"pob","_id":"1172095"}}
	{"id":1172095,"type":"buy","buyer":"offgridlife","seller":"ahmetay","symbol":"POB","quantity":"0.10000000","price":"1.04500000","timestamp":1624680573,"volume":"0.10450000","buyTxId":"318e4dc8f35814cb74260ec7ded19b7848f4e166","sellTxId":"8a0972ea6944022fb7b3cb2276d14a23318086c3"}
{"index": {"_index":"pob","_id":"1172098"}}
	{"id":1172098,"type":"sell","buyer":"solovey6o2","seller":"interpretation","symbol":"POB","quantity":"9.44081225","price":"1.00316036","timestamp":1624680630,"volume":"9.47064862","buyTxId":"442d2251486b5287e400bf6b3da3d225274bcd16","sellTxId":"25d98c1de552a93cfd706f7e2993fb82c6cb528b"}
{"index": {"_index":"pob","_id":"1172101"}}
	{"id":1172101,"type":"buy","buyer":"offgridlife","seller":"ahmetay","symbol":"POB","quantity":"0.10000000","price":"1.04500000","timestamp":1624680714,"volume":"0.10450000","buyTxId":"8a040ae5ee58c226b8591a19cdf87c33aae0ad39","sellTxId":"8a0972ea6944022fb7b3cb2276d14a23318086c3"}
{"index": {"_index":"pob","_id":"1172102"}}
	{"id":1172102,"type":"buy","buyer":"offgridlife","seller":"ahmetay","symbol":"POB","quantity":"0.10000000","price":"1.04500000","timestamp":1624680726,"volume":"0.10450000","buyTxId":"b3353729931c2a8c6446f21f361e636d7bae46c9","sellTxId":"8a0972ea6944022fb7b3cb2276d14a23318086c3"}
{"index": {"_index":"pob","_id":"1172103"}}
	{"id":1172103,"type":"buy","buyer":"offgridlife","seller":"ahmetay","symbol":"POB","quantity":"0.10000000","price":"1.04500000","timestamp":1624680741,"volume":"0.10450000","buyTxId":"192c4b5396426eb2b1f2ada2285c6f75c16a4551","sellTxId":"8a0972ea6944022fb7b3cb2276d14a23318086c3"}
{"index": {"_index":"pob","_id":"1172104"}}
	{"id":1172104,"type":"buy","buyer":"offgridlife","seller":"ahmetay","symbol":"POB","quantity":"0.10000000","price":"1.04500000","timestamp":1624680753,"volume":"0.10450000","buyTxId":"0284579d0650a61ed9d1e723ce81be490e8a8e74","sellTxId":"8a0972ea6944022fb7b3cb2276d14a23318086c3"}
{"index": {"_index":"pob","_id":"1172106"}}
	{"id":1172106,"type":"buy","buyer":"offgridlife","seller":"ahmetay","symbol":"POB","quantity":"0.10000000","price":"1.04500000","timestamp":1624680807,"volume":"0.10450000","buyTxId":"6c0f60e6468ea8e995f6e3777c1ace21c223b43a","sellTxId":"8a0972ea6944022fb7b3cb2276d14a23318086c3"}
{"index": {"_index":"pob","_id":"1172107"}}
	{"id":1172107,"type":"buy","buyer":"offgridlife","seller":"ahmetay","symbol":"POB","quantity":"0.10000000","price":"1.04500000","timestamp":1624680822,"volume":"0.10450000","buyTxId":"9883cc93118a26648834f6b66fd0a881bb6b3a51","sellTxId":"8a0972ea6944022fb7b3cb2276d14a23318086c3"}
{"index": {"_index":"pob","_id":"1172109"}}
	{"id":1172109,"type":"buy","buyer":"offgridlife","seller":"ahmetay","symbol":"POB","quantity":"0.10000000","price":"1.04500000","timestamp":1624680831,"volume":"0.10450000","buyTxId":"49debe9f1725f99ca0bcc3c5a8f55362be23d1d3","sellTxId":"8a0972ea6944022fb7b3cb2276d14a23318086c3"}
{"index": {"_index":"pob","_id":"1172110"}}
	{"id":1172110,"type":"buy","buyer":"offgridlife","seller":"ahmetay","symbol":"POB","quantity":"0.10000000","price":"1.04500000","timestamp":1624680846,"volume":"0.10450000","buyTxId":"7d4b7774c93b5675f630b039c3ce305c2df7751d","sellTxId":"8a0972ea6944022fb7b3cb2276d14a23318086c3"}
{"index": {"_index":"pob","_id":"1172112"}}
	{"id":1172112,"type":"buy","buyer":"offgridlife","seller":"ahmetay","symbol":"POB","quantity":"0.10000000","price":"1.04500000","timestamp":1624680858,"volume":"0.10450000","buyTxId":"a68b0486bd8f9a73e950be9d5cdfa9f55441b748","sellTxId":"8a0972ea6944022fb7b3cb2276d14a23318086c3"}
{"index": {"_index":"pob","_id":"1172113"}}
	{"id":1172113,"type":"buy","buyer":"offgridlife","seller":"ahmetay","symbol":"POB","quantity":"0.10000000","price":"1.04500000","timestamp":1624680873,"volume":"0.10450000","buyTxId":"e36272374ddaa964d3a39ae5d049e6740d60157e","sellTxId":"8a0972ea6944022fb7b3cb2276d14a23318086c3"}
{"index": {"_index":"pob","_id":"1172114"}}
	{"id":1172114,"type":"buy","buyer":"offgridlife","seller":"ahmetay","symbol":"POB","quantity":"0.10000000","price":"1.04500000","timestamp":1624680885,"volume":"0.10450000","buyTxId":"24777b6a807b843a1ba373558b2423f109103871","sellTxId":"8a0972ea6944022fb7b3cb2276d14a23318086c3"}
{"index": {"_index":"pob","_id":"1172120"}}
	{"id":1172120,"type":"sell","buyer":"mmmmkkkk311","seller":"mawit07","symbol":"POB","quantity":"0.00400000","price":"1.00320039","timestamp":1624681305,"volume":"0.00401280","buyTxId":"MM-P-8131267-55109228-3-2-0","sellTxId":"252d1a616105f3e24727899fec445296827aa401"}
{"index": {"_index":"pob","_id":"1172129"}}
	{"id":1172129,"type":"buy","buyer":"offgridlife","seller":"ahmetay","symbol":"POB","quantity":"0.10000000","price":"1.04500000","timestamp":1624681503,"volume":"0.10450000","buyTxId":"228057bbc985e6dca43720dad655f92dd496796b","sellTxId":"8a0972ea6944022fb7b3cb2276d14a23318086c3"}
{"index": {"_index":"pob","_id":"1172131"}}
	{"id":1172131,"type":"buy","buyer":"offgridlife","seller":"ahmetay","symbol":"POB","quantity":"0.10000000","price":"1.04500000","timestamp":1624681515,"volume":"0.10450000","buyTxId":"66b1d4e7ace9375bcff750eb0f99a6ceb6316b1e","sellTxId":"8a0972ea6944022fb7b3cb2276d14a23318086c3"}
{"index": {"_index":"pob","_id":"1172132"}}
	{"id":1172132,"type":"buy","buyer":"offgridlife","seller":"ahmetay","symbol":"POB","quantity":"0.10000000","price":"1.04500000","timestamp":1624681527,"volume":"0.10450000","buyTxId":"8582a22744107aca5d4c0d298f6e0de1bf87286f","sellTxId":"8a0972ea6944022fb7b3cb2276d14a23318086c3"}
{"index": {"_index":"pob","_id":"1172133"}}
	{"id":1172133,"type":"buy","buyer":"offgridlife","seller":"ahmetay","symbol":"POB","quantity":"0.10000000","price":"1.04500000","timestamp":1624681536,"volume":"0.10450000","buyTxId":"550f812bd890b9abff395c2d09dde689871740ca","sellTxId":"8a0972ea6944022fb7b3cb2276d14a23318086c3"}
{"index": {"_index":"pob","_id":"1172155"}}
	{"id":1172155,"type":"sell","buyer":"solovey6o2","seller":"ftfund","symbol":"POB","quantity":"10.84973369","price":"1.00339049","timestamp":1624682772,"volume":"10.88651960","buyTxId":"02929601ee928a99910ce0514378181696cb3255","sellTxId":"65589aff0ce3a2169ed2100316f7283a576f84df"}
{"index": {"_index":"pob","_id":"1172164"}}
	{"id":1172164,"type":"sell","buyer":"solovey6o2","seller":"ahmetay","symbol":"POB","quantity":"0.04191736","price":"1.00363053","timestamp":1624683348,"volume":"0.04206954","buyTxId":"1cf5df5dfd2758e8db28cb1a4a84740c76573eed","sellTxId":"8a0c3aa8e953163a31bfa24a6e429139c2ac6d02"}
{"index": {"_index":"pob","_id":"1172170"}}
	{"id":1172170,"type":"sell","buyer":"solovey6o2","seller":"finguru","symbol":"POB","quantity":"12.00000000","price":"1.00375055","timestamp":1624683660,"volume":"12.04500660","buyTxId":"781396706612d58842b646bae455549a33c8079d","sellTxId":"1c843b2f8226d9645ed74124603d7766bc09c4c9"}
{"index": {"_index":"pob","_id":"1172178"}}
	{"id":1172178,"type":"sell","buyer":"richardcrill","seller":"costanza","symbol":"POB","quantity":"14.12647404","price":"1.00387057","timestamp":1624683936,"volume":"14.18115155","buyTxId":"MM-P-8132170-55110138-3-10-0","sellTxId":"ae2cc6d16c49fd1645e7b0ee8c7ab9cd27b021e5"}
{"index": {"_index":"pob","_id":"1172202"}}
	{"id":1172202,"type":"sell","buyer":"gimme-your-coinz","seller":"dhedge-drips","symbol":"POB","quantity":"13.28240051","price":"1.00390069","timestamp":1624684575,"volume":"13.33421104","buyTxId":"c6b95deb3b0b93c1fe9f46d0974edbc85f7c102b","sellTxId":"a940915a3742711b7d35d2153bb6e0e6925da8ea"}
{"index": {"_index":"pob","_id":"1172204"}}
	{"id":1172204,"type":"sell","buyer":"gimme-your-coinz","seller":"dhedge-drips","symbol":"POB","quantity":"8.71759949","price":"1.00390069","timestamp":1624684584,"volume":"8.75160414","buyTxId":"c6b95deb3b0b93c1fe9f46d0974edbc85f7c102b","sellTxId":"031e2d6575710275481d162136f70829eefa364c"}
{"index": {"_index":"pob","_id":"1172206"}}
	{"id":1172206,"type":"buy","buyer":"solovey6o2","seller":"dhedge-drips","symbol":"POB","quantity":"4.56480102","price":"1.00390069","timestamp":1624684587,"volume":"4.58260689","buyTxId":"cff07764314c2c341825ae40bfef941eb6a40cd1","sellTxId":"031e2d6575710275481d162136f70829eefa364c"}
{"index": {"_index":"pob","_id":"1172267"}}
	{"id":1172267,"type":"sell","buyer":"solovey6o2","seller":"failingforwards","symbol":"POB","quantity":"20.51149418","price":"1.00400114","timestamp":1624686093,"volume":"20.59356354","buyTxId":"8115d2ffd77de15e7daf95857e6c1cb6547460e0","sellTxId":"728005b122561a8584147cf72f5b5f3318a5a110"}
{"index": {"_index":"pob","_id":"1172316"}}
	{"id":1172316,"type":"sell","buyer":"gimme-your-coinz","seller":"ahmetay","symbol":"POB","quantity":"0.03122189","price":"1.00416185","timestamp":1624688817,"volume":"0.03135183","buyTxId":"8851c2ede4d2a2c5141ae47f95ebbdfe1b6f0ff4","sellTxId":"ab4ec805578a7c3b18d11bb31b1267200991d67c"}
{"index": {"_index":"pob","_id":"1172320"}}
	{"id":1172320,"type":"buy","buyer":"ahmetay","seller":"solovey6o2","symbol":"POB","quantity":"1.15000000","price":"1.04886597","timestamp":1624688991,"volume":"1.20619587","buyTxId":"de6952d058a078fc7d88f16988c6a42aa95f3e8a","sellTxId":"95b816107eb6781301458cf627da443627a912d0"}
{"index": {"_index":"pob","_id":"1172371"}}
	{"id":1172371,"type":"buy","buyer":"darkflame","seller":"bluesniper","symbol":"POB","quantity":"0.00200000","price":"1.04884396","timestamp":1624689450,"volume":"0.00209769","buyTxId":"1bd43a14b4a7bfedcec303e011f6410d26fadff3","sellTxId":"MM-P-8133989-55111969-3-5-1"}
{"index": {"_index":"pob","_id":"1172392"}}
	{"id":1172392,"type":"sell","buyer":"gimme-your-coinz","seller":"yintercept","symbol":"POB","quantity":"0.78023210","price":"1.00423219","timestamp":1624690140,"volume":"0.78353419","buyTxId":"95c36dc3e29e21733f26467bb77dc0a254cb45dd","sellTxId":"6c8d737f567290ade0814d65a1dccd261787105f"}
{"index": {"_index":"pob","_id":"1172415"}}
	{"id":1172415,"type":"sell","buyer":"solovey6o2","seller":"bashadow","symbol":"POB","quantity":"20.05156063","price":"1.00432255","timestamp":1624691517,"volume":"20.13823450","buyTxId":"1a7d5e0243ba9f9378d273bc745b4fe70da23e2f","sellTxId":"bdbb942ca27a4956fe101ed02c87d7fa2c5f622e"}
{"index": {"_index":"pob","_id":"1172433"}}
	{"id":1172433,"type":"sell","buyer":"mmmmkkkk311","seller":"melbourneswest","symbol":"POB","quantity":"2.87164639","price":"1.00436275","timestamp":1624692273,"volume":"2.88417467","buyTxId":"MM-P-8134935-55112923-3-2-0","sellTxId":"b8b0dea68b8cf75d2c5258ca957103edca2fc280"}
{"index": {"_index":"pob","_id":"1172435"}}
	{"id":1172435,"type":"sell","buyer":"gimme-your-coinz","seller":"shadowmask","symbol":"POB","quantity":"2.17518415","price":"1.00436280","timestamp":1624692411,"volume":"2.18467404","buyTxId":"1f37e0d32d1d0973b57cb1ccc1380c5b00048a93","sellTxId":"197fb2c321849fda7a109ecfc83c31e82714be94"}
{"index": {"_index":"pob","_id":"1172441"}}
	{"id":1172441,"type":"sell","buyer":"gimme-your-coinz","seller":"madstacks","symbol":"POB","quantity":"22.00000000","price":"1.00436288","timestamp":1624692696,"volume":"22.09598336","buyTxId":"506ecc492daed62842a118fa658c621ddfabae6b","sellTxId":"330318f22bbb7c04ab6b45fe3dbf1be973d81a92"}
{"index": {"_index":"pob","_id":"1172442"}}
	{"id":1172442,"type":"sell","buyer":"solovey6o2","seller":"madstacks","symbol":"POB","quantity":"11.65079801","price":"1.00436287","timestamp":1624692696,"volume":"11.70162893","buyTxId":"f6a2afa6d42dbc762472a6d0086c90420ddfe40c","sellTxId":"330318f22bbb7c04ab6b45fe3dbf1be973d81a92"}
{"index": {"_index":"pob","_id":"1172450"}}
	{"id":1172450,"type":"sell","buyer":"solovey6o2","seller":"sugandhaseth","symbol":"POB","quantity":"1.00000000","price":"1.00436297","timestamp":1624692987,"volume":"1.00436297","buyTxId":"b4a5df8c9f03d97df148ffa765ad5abfdb5f3a58","sellTxId":"415c7b0985d66b3d5d92fde8d1914d8829941124"}
{"index": {"_index":"pob","_id":"1172452"}}
	{"id":1172452,"type":"sell","buyer":"gimme-your-coinz","seller":"sugandhaseth","symbol":"POB","quantity":"1.00000000","price":"1.00436300","timestamp":1624693044,"volume":"1.00436300","buyTxId":"fba59fe83e5be0fbb20b6c4a21c32f15f1412e6c","sellTxId":"c234a805d0354da90e8d53bf8465608b2c5cf037"}
{"index": {"_index":"pob","_id":"1172455"}}
	{"id":1172455,"type":"sell","buyer":"gimme-your-coinz","seller":"finguru","symbol":"POB","quantity":"0.41633769","price":"1.00436304","timestamp":1624693149,"volume":"0.41815419","buyTxId":"5a27a8a78ce11ca1ecbebc7ab6be5550daa635bb","sellTxId":"716e21c247180a48929ec88d21db49054876301a"}
{"index": {"_index":"pob","_id":"1172480"}}
	{"id":1172480,"type":"sell","buyer":"gimme-your-coinz","seller":"thegoliath","symbol":"POB","quantity":"22.00000000","price":"1.00440332","timestamp":1624694115,"volume":"22.09687304","buyTxId":"c74757f689948d94ab95867f6d3113979d02bb89","sellTxId":"657c4160679ead186049b9283094897a9ec60366"}
{"index": {"_index":"pob","_id":"1172481"}}
	{"id":1172481,"type":"sell","buyer":"mmmmkkkk311","seller":"thegoliath","symbol":"POB","quantity":"32.85532781","price":"1.00440331","timestamp":1624694115,"volume":"33.00000000","buyTxId":"MM-P-8135526-55113523-3-2-0","sellTxId":"657c4160679ead186049b9283094897a9ec60366"}
{"index": {"_index":"pob","_id":"1172482"}}
	{"id":1172482,"type":"sell","buyer":"solovey6o2","seller":"thegoliath","symbol":"POB","quantity":"133.01029711","price":"1.00439333","timestamp":1624694115,"volume":"133.59465524","buyTxId":"d59ed044a43753a958ef19c69f72955d61e74dc3","sellTxId":"657c4160679ead186049b9283094897a9ec60366"}
{"index": {"_index":"pob","_id":"1172483"}}
	{"id":1172483,"type":"sell","buyer":"bluesniper","seller":"thegoliath","symbol":"POB","quantity":"12.93486898","price":"1.00439327","timestamp":1624694115,"volume":"12.99169535","buyTxId":"MM-P-8135471-55113467-3-5-0","sellTxId":"657c4160679ead186049b9283094897a9ec60366"}
{"index": {"_index":"pob","_id":"1172538"}}
	{"id":1172538,"type":"sell","buyer":"gimme-your-coinz","seller":"matfilar","symbol":"POB","quantity":"9.05256259","price":"1.00439342","timestamp":1624694748,"volume":"9.09233430","buyTxId":"ee2156fc71ecc1e92788e68ddc16e237db5eafad","sellTxId":"4a05406c6c5573b16cda29506426b594d2ab6998"}
{"index": {"_index":"pob","_id":"1172545"}}
	{"id":1172545,"type":"buy","buyer":"offgridlife","seller":"bluesniper","symbol":"POB","quantity":"0.01000000","price":"1.04863478","timestamp":1624695198,"volume":"0.01048635","buyTxId":"5116b5cbafe6d21393d44d94de67514d48ee8c16","sellTxId":"MM-P-8135868-55113867-3-5-0"}
{"index": {"_index":"pob","_id":"1172546"}}
	{"id":1172546,"type":"buy","buyer":"offgridlife","seller":"bluesniper","symbol":"POB","quantity":"0.01000000","price":"1.04863478","timestamp":1624695210,"volume":"0.01048635","buyTxId":"3d195c5c8f029e644a3b301492eddd6ec85ae119","sellTxId":"MM-P-8135868-55113867-3-5-0"}
{"index": {"_index":"pob","_id":"1172548"}}
	{"id":1172548,"type":"buy","buyer":"offgridlife","seller":"bluesniper","symbol":"POB","quantity":"0.01000000","price":"1.04863478","timestamp":1624695219,"volume":"0.01048635","buyTxId":"1bce2351e7516dd9903a8ccf47bb5b3562e07c8e","sellTxId":"MM-P-8135868-55113867-3-5-0"}
{"index": {"_index":"pob","_id":"1172549"}}
	{"id":1172549,"type":"buy","buyer":"offgridlife","seller":"bluesniper","symbol":"POB","quantity":"0.01000000","price":"1.04863478","timestamp":1624695228,"volume":"0.01048635","buyTxId":"13803371f0954f24453eacb04d3f315951a8333f","sellTxId":"MM-P-8135868-55113867-3-5-0"}
{"index": {"_index":"pob","_id":"1172550"}}
	{"id":1172550,"type":"buy","buyer":"offgridlife","seller":"bluesniper","symbol":"POB","quantity":"0.01000000","price":"1.04863478","timestamp":1624695237,"volume":"0.01048635","buyTxId":"5de55b32cb4c42f4209fdbc43febcae7a69cbb09","sellTxId":"MM-P-8135868-55113867-3-5-0"}
{"index": {"_index":"pob","_id":"1172551"}}
	{"id":1172551,"type":"buy","buyer":"offgridlife","seller":"bluesniper","symbol":"POB","quantity":"0.01000000","price":"1.04863478","timestamp":1624695246,"volume":"0.01048635","buyTxId":"41c8d486c43b155f0cc015913ede3482bfd63455","sellTxId":"MM-P-8135868-55113867-3-5-0"}
{"index": {"_index":"pob","_id":"1172552"}}
	{"id":1172552,"type":"buy","buyer":"offgridlife","seller":"bluesniper","symbol":"POB","quantity":"0.01000000","price":"1.04863478","timestamp":1624695255,"volume":"0.01048635","buyTxId":"2485a4d1dde4ef499a59efd54f9013c3837c7acb","sellTxId":"MM-P-8135868-55113867-3-5-0"}
{"index": {"_index":"pob","_id":"1172553"}}
	{"id":1172553,"type":"buy","buyer":"fw206","seller":"bluesniper","symbol":"POB","quantity":"4.34000000","price":"1.04863478","timestamp":1624695279,"volume":"4.55107495","buyTxId":"4585a6e8014f9fdca784e9aa9892983a2fdad02f","sellTxId":"MM-P-8135868-55113867-3-5-0"}
{"index": {"_index":"pob","_id":"1172563"}}
	{"id":1172563,"type":"sell","buyer":"gimme-your-coinz","seller":"knowhow92","symbol":"POB","quantity":"6.44507717","price":"1.00439342","timestamp":1624695495,"volume":"6.47339310","buyTxId":"ee2156fc71ecc1e92788e68ddc16e237db5eafad","sellTxId":"bb46bd6aa3c41bbfaf7c09cfb9a22f588c8f2fe4"}
{"index": {"_index":"pob","_id":"1172572"}}
	{"id":1172572,"type":"sell","buyer":"gimme-your-coinz","seller":"anadolu","symbol":"POB","quantity":"6.50236024","price":"1.00439342","timestamp":1624695714,"volume":"6.53092784","buyTxId":"ee2156fc71ecc1e92788e68ddc16e237db5eafad","sellTxId":"1c7ea78656144985c93cb039451192c0bf2badef"}
{"index": {"_index":"pob","_id":"1172573"}}
	{"id":1172573,"type":"sell","buyer":"bluesniper","seller":"anadolu","symbol":"POB","quantity":"56.75894727","price":"1.00439327","timestamp":1624695714,"volume":"57.00830465","buyTxId":"MM-P-8135471-55113467-3-5-0","sellTxId":"1c7ea78656144985c93cb039451192c0bf2badef"}
{"index": {"_index":"pob","_id":"1172574"}}
	{"id":1172574,"type":"sell","buyer":"mmmmkkkk311","seller":"anadolu","symbol":"POB","quantity":"32.90621728","price":"1.00285000","timestamp":1624695714,"volume":"33.00000000","buyTxId":"MM-P-8136020-55114022-3-2-0","sellTxId":"1c7ea78656144985c93cb039451192c0bf2badef"}
{"index": {"_index":"pob","_id":"1172575"}}
	{"id":1172575,"type":"sell","buyer":"fenngen","seller":"anadolu","symbol":"POB","quantity":"10.00000000","price":"1.00268007","timestamp":1624695714,"volume":"10.02680070","buyTxId":"918653f8fdc02c9e09482d73aa0f279b39331870","sellTxId":"1c7ea78656144985c93cb039451192c0bf2badef"}
{"index": {"_index":"pob","_id":"1172576"}}
	{"id":1172576,"type":"sell","buyer":"lallo","seller":"anadolu","symbol":"POB","quantity":"1.50000000","price":"1.00046000","timestamp":1624695714,"volume":"1.50069000","buyTxId":"109711eaa9e992e39f6790d828acde9d8eca4c1e","sellTxId":"1c7ea78656144985c93cb039451192c0bf2badef"}
{"index": {"_index":"pob","_id":"1172634"}}
	{"id":1172634,"type":"sell","buyer":"gimme-your-coinz","seller":"ahmetay","symbol":"POB","quantity":"0.03742865","price":"0.96502001","timestamp":1624699182,"volume":"0.03611940","buyTxId":"5199b9cdd8628ce500579973f82de10ddae7ea7c","sellTxId":"977b8ea05e2ac1d6289a81f5c916c01f61822d63"}
{"index": {"_index":"pob","_id":"1172652"}}
	{"id":1172652,"type":"sell","buyer":"gimme-your-coinz","seller":"ahmetay","symbol":"POB","quantity":"0.02319811","price":"0.97000001","timestamp":1624700253,"volume":"0.02250217","buyTxId":"51c1694b557a12c75e1a6d9fb988351fadbcee1b","sellTxId":"0e3a243d1016a7ae7c233666291fd63d1705f23e"}
{"index": {"_index":"pob","_id":"1172750"}}
	{"id":1172750,"type":"sell","buyer":"solovey6o2","seller":"makeitreal95","symbol":"POB","quantity":"6.287","price":"0.97000018","timestamp":1624704117,"volume":"6.09839113","buyTxId":"bbe2f4353b8411b7b030b61ee0d93fe654b8bd13","sellTxId":"5a4f6e109a9a85245016c66498cb6e995cdfdf2f"}
{"index": {"_index":"pob","_id":"1172800"}}
	{"id":1172800,"type":"sell","buyer":"solovey6o2","seller":"itharagaian","symbol":"POB","quantity":"0.59600000","price":"0.97000018","timestamp":1624706679,"volume":"0.57812011","buyTxId":"bbe2f4353b8411b7b030b61ee0d93fe654b8bd13","sellTxId":"fc284616c2376dcfdc1d3fc7e0df7adf8b9173b1"}
{"index": {"_index":"pob","_id":"1172806"}}
	{"id":1172806,"type":"sell","buyer":"solovey6o2","seller":"niallon11","symbol":"POB","quantity":"1.42390850","price":"0.97000018","timestamp":1624706838,"volume":"1.38119150","buyTxId":"bbe2f4353b8411b7b030b61ee0d93fe654b8bd13","sellTxId":"c2e5fd26e61f3850c043d397de8dc29609053714"}
{"index": {"_index":"pob","_id":"1172807"}}
	{"id":1172807,"type":"sell","buyer":"solovey6o2","seller":"niallon11","symbol":"POB","quantity":"6.14496846","price":"0.97000018","timestamp":1624706838,"volume":"5.96062051","buyTxId":"bae9003627ded68183f442c4c475f88b2abc917b","sellTxId":"c2e5fd26e61f3850c043d397de8dc29609053714"}
{"index": {"_index":"pob","_id":"1172808"}}
	{"id":1172808,"type":"sell","buyer":"gimme-your-coinz","seller":"niallon11","symbol":"POB","quantity":"11.75292265","price":"0.97000017","timestamp":1624706838,"volume":"11.40033697","buyTxId":"f6d6e5f054b631c70481422bf62154b2396b0c00","sellTxId":"c2e5fd26e61f3850c043d397de8dc29609053714"}
{"index": {"_index":"pob","_id":"1172820"}}
	{"id":1172820,"type":"sell","buyer":"gimme-your-coinz","seller":"absolutfreedom","symbol":"POB","quantity":"3.09278299","price":"0.97000017","timestamp":1624707552,"volume":"3.00000003","buyTxId":"f6d6e5f054b631c70481422bf62154b2396b0c00","sellTxId":"c6d069a2d3966d3db11c198d2b1378bc4fb89e47"}
{"index": {"_index":"pob","_id":"1172830"}}
	{"id":1172830,"type":"sell","buyer":"gimme-your-coinz","seller":"liaminit1","symbol":"POB","quantity":"4.53000000","price":"0.97000017","timestamp":1624708224,"volume":"4.39410077","buyTxId":"f6d6e5f054b631c70481422bf62154b2396b0c00","sellTxId":"37f105cc61852bf006808cb2bc1ef31011bb607f"}
{"index": {"_index":"pob","_id":"1172831"}}
	{"id":1172831,"type":"sell","buyer":"gimme-your-coinz","seller":"marvinix","symbol":"POB","quantity":"2.62429436","price":"0.97000017","timestamp":1624708248,"volume":"2.54556597","buyTxId":"f6d6e5f054b631c70481422bf62154b2396b0c00","sellTxId":"521dc6ac235fed9ad48025f4bd0880bed7952035"}
{"index": {"_index":"pob","_id":"1172832"}}
	{"id":1172832,"type":"sell","buyer":"anadolu","seller":"marvinix","symbol":"POB","quantity":"7.37570564","price":"0.97000000","timestamp":1624708248,"volume":"7.15443447","buyTxId":"c73c8ff19fcdfb94d719d5c1aa2f3593e1bb0a80","sellTxId":"521dc6ac235fed9ad48025f4bd0880bed7952035"}
{"index": {"_index":"pob","_id":"1172836"}}
	{"id":1172836,"type":"sell","buyer":"anadolu","seller":"andy4475","symbol":"POB","quantity":"1.54580008","price":"0.97000000","timestamp":1624708545,"volume":"1.49942608","buyTxId":"c73c8ff19fcdfb94d719d5c1aa2f3593e1bb0a80","sellTxId":"161d6bdae9fd096de043cd7843f13bfb6188d9d2"}
{"index": {"_index":"pob","_id":"1172841"}}
	{"id":1172841,"type":"sell","buyer":"anadolu","seller":"lebah","symbol":"POB","quantity":"7.00000000","price":"0.97000000","timestamp":1624708677,"volume":"6.79000000","buyTxId":"c73c8ff19fcdfb94d719d5c1aa2f3593e1bb0a80","sellTxId":"aa12808c83f4e66c5ebd9ecbf189a7d9b11cfee4"}
{"index": {"_index":"pob","_id":"1172901"}}
	{"id":1172901,"type":"sell","buyer":"solovey6o2","seller":"interpretation","symbol":"POB","quantity":"0.65371577","price":"0.97000001","timestamp":1624708977,"volume":"0.63410430","buyTxId":"8cc09efd26ec347ed66fefe6535811be74bf2b9c","sellTxId":"3fef4d81ed22ca11433108c4830c25137a34a4db"}
{"index": {"_index":"pob","_id":"1172904"}}
	{"id":1172904,"type":"sell","buyer":"solovey6o2","seller":"madstacks","symbol":"POB","quantity":"6.98855539","price":"0.97000001","timestamp":1624709283,"volume":"6.77889880","buyTxId":"8cc09efd26ec347ed66fefe6535811be74bf2b9c","sellTxId":"6b3e43cd9809df7ec671224d7c66486fef20167e"}
{"index": {"_index":"pob","_id":"1172905"}}
	{"id":1172905,"type":"sell","buyer":"anadolu","seller":"madstacks","symbol":"POB","quantity":"84.07849428","price":"0.97000000","timestamp":1624709283,"volume":"81.55613945","buyTxId":"c73c8ff19fcdfb94d719d5c1aa2f3593e1bb0a80","sellTxId":"6b3e43cd9809df7ec671224d7c66486fef20167e"}
{"index": {"_index":"pob","_id":"1172906"}}
	{"id":1172906,"type":"sell","buyer":"anadolu","seller":"madstacks","symbol":"POB","quantity":"208.00000000","price":"0.97000000","timestamp":1624709283,"volume":"201.76000000","buyTxId":"f320ec3364d479658447a229e981a9f9f9679d8d","sellTxId":"6b3e43cd9809df7ec671224d7c66486fef20167e"}
{"index": {"_index":"pob","_id":"1172907"}}
	{"id":1172907,"type":"sell","buyer":"bluesniper","seller":"madstacks","symbol":"POB","quantity":"72.46826925","price":"0.96594000","timestamp":1624709283,"volume":"70.00000000","buyTxId":"MM-P-8140489-55118558-3-5-0","sellTxId":"6b3e43cd9809df7ec671224d7c66486fef20167e"}
{"index": {"_index":"pob","_id":"1172908"}}
	{"id":1172908,"type":"sell","buyer":"ctime","seller":"madstacks","symbol":"POB","quantity":"36.23450975","price":"0.96593000","timestamp":1624709283,"volume":"35.00000000","buyTxId":"MM-P-8140446-55118515-3-22-0","sellTxId":"6b3e43cd9809df7ec671224d7c66486fef20167e"}
{"index": {"_index":"pob","_id":"1172909"}}
	{"id":1172909,"type":"sell","buyer":"mmmmkkkk311","seller":"madstacks","symbol":"POB","quantity":"34.16432003","price":"0.96592000","timestamp":1624709283,"volume":"33.00000000","buyTxId":"MM-P-8140446-55118515-3-2-0","sellTxId":"6b3e43cd9809df7ec671224d7c66486fef20167e"}
{"index": {"_index":"pob","_id":"1172910"}}
	{"id":1172910,"type":"sell","buyer":"bilpcoinbpc","seller":"madstacks","symbol":"POB","quantity":"4.00000000","price":"0.96100000","timestamp":1624709283,"volume":"3.84400000","buyTxId":"ab7f2fce3394c85f6f64dd329e5a427404f20a7b","sellTxId":"6b3e43cd9809df7ec671224d7c66486fef20167e"}
{"index": {"_index":"pob","_id":"1172911"}}
	{"id":1172911,"type":"sell","buyer":"ezrider","seller":"madstacks","symbol":"POB","quantity":"24.20089752","price":"0.95904258","timestamp":1624709283,"volume":"23.20969120","buyTxId":"8586dd40735d50dcc6f0dd99df2629afee1c9386","sellTxId":"6b3e43cd9809df7ec671224d7c66486fef20167e"}
{"index": {"_index":"pob","_id":"1172912"}}
	{"id":1172912,"type":"sell","buyer":"eirik","seller":"madstacks","symbol":"POB","quantity":"1.00000000","price":"0.95000000","timestamp":1624709283,"volume":"0.95000000","buyTxId":"5932ed226ca1766722a602ab260cbd4a58b41b32","sellTxId":"6b3e43cd9809df7ec671224d7c66486fef20167e"}
{"index": {"_index":"pob","_id":"1172913"}}
	{"id":1172913,"type":"sell","buyer":"freebornsociety","seller":"madstacks","symbol":"POB","quantity":"1.05263158","price":"0.95000000","timestamp":1624709283,"volume":"1.00000000","buyTxId":"MM-P-8129136-55107073-3-3-0","sellTxId":"6b3e43cd9809df7ec671224d7c66486fef20167e"}
{"index": {"_index":"pob","_id":"1172914"}}
	{"id":1172914,"type":"sell","buyer":"coininstant","seller":"madstacks","symbol":"POB","quantity":"1.80898891","price":"0.90549000","timestamp":1624709283,"volume":"1.63802137","buyTxId":"9d3c78817edf01495ef69ed30dfe306e4afe8a49","sellTxId":"6b3e43cd9809df7ec671224d7c66486fef20167e"}
{"index": {"_index":"pob","_id":"1172915"}}
	{"id":1172915,"type":"sell","buyer":"coininstant","seller":"madstacks","symbol":"POB","quantity":"0.52826626","price":"0.90548000","timestamp":1624709283,"volume":"0.47833453","buyTxId":"7b5a7a664195bc4300bad339aba1a2803b3f1ac6","sellTxId":"6b3e43cd9809df7ec671224d7c66486fef20167e"}
{"index": {"_index":"pob","_id":"1172916"}}
	{"id":1172916,"type":"sell","buyer":"ezrider","seller":"madstacks","symbol":"POB","quantity":"825.47506703","price":"0.90150005","timestamp":1624709283,"volume":"744.16581420","buyTxId":"3a623a59ce848ead1f2e10c5e672793363df5044","sellTxId":"6b3e43cd9809df7ec671224d7c66486fef20167e"}
{"index": {"_index":"pob","_id":"1172917"}}
	{"id":1172917,"type":"sell","buyer":"ezrider","seller":"madstacks","symbol":"POB","quantity":"153.67354292","price":"0.90150005","timestamp":1624709313,"volume":"138.53670663","buyTxId":"3a623a59ce848ead1f2e10c5e672793363df5044","sellTxId":"d3b697fdf666ac4dafe51694a8dc5e36dbb354ee"}
{"index": {"_index":"pob","_id":"1172918"}}
	{"id":1172918,"type":"sell","buyer":"anthonyadavisii","seller":"madstacks","symbol":"POB","quantity":"22.77735945","price":"0.90000000","timestamp":1624709313,"volume":"20.49962350","buyTxId":"f8c3ce639e9bf843e4787fab851865575161eae0","sellTxId":"d3b697fdf666ac4dafe51694a8dc5e36dbb354ee"}
{"index": {"_index":"pob","_id":"1172919"}}
	{"id":1172919,"type":"sell","buyer":"allcapsonezero","seller":"madstacks","symbol":"POB","quantity":"18.54909763","price":"0.90000000","timestamp":1624709313,"volume":"16.69418787","buyTxId":"88c693dc8621a2e114293261e8921d6dee9fb4ac","sellTxId":"d3b697fdf666ac4dafe51694a8dc5e36dbb354ee"}
{"index": {"_index":"pob","_id":"1172920"}}
	{"id":1172920,"type":"buy","buyer":"miketr","seller":"solovey6o2","symbol":"POB","quantity":"6.00000000","price":"1.04466796","timestamp":1624709343,"volume":"6.26800776","buyTxId":"5251fa5c37fc62407163fb7841206e348248d779","sellTxId":"3bf34736e093a744145f590a76a7e803551fac59"}
{"index": {"_index":"pob","_id":"1172921"}}
	{"id":1172921,"type":"sell","buyer":"allcapsonezero","seller":"botefarm","symbol":"POB","quantity":"1.45090237","price":"0.90000000","timestamp":1624709361,"volume":"1.30581213","buyTxId":"88c693dc8621a2e114293261e8921d6dee9fb4ac","sellTxId":"1ddf5f53c3d8e89e52414166372d82f1e5e7d51f"}
{"index": {"_index":"pob","_id":"1172928"}}
	{"id":1172928,"type":"sell","buyer":"eirik","seller":"drunksamurai","symbol":"POB","quantity":"1.00000000","price":"0.85000000","timestamp":1624709619,"volume":"0.85000000","buyTxId":"cb9cabf1e88d30ddcb6983136054fced54f8a7d0","sellTxId":"fc956ffce0b5a755605f6f7ee8ada7d783fe0637"}
{"index": {"_index":"pob","_id":"1172930"}}
	{"id":1172930,"type":"buy","buyer":"cookaiss","seller":"drunksamurai","symbol":"POB","quantity":"0.66548015","price":"0.85000000","timestamp":1624709673,"volume":"0.56565813","buyTxId":"1323f5b42863c6f233a13accfbb08bba60d75d22","sellTxId":"fc956ffce0b5a755605f6f7ee8ada7d783fe0637"}
{"index": {"_index":"pob","_id":"1172931"}}
	{"id":1172931,"type":"buy","buyer":"cookaiss","seller":"botefarm","symbol":"POB","quantity":"1.33451985","price":"0.85000000","timestamp":1624709673,"volume":"1.13434187","buyTxId":"1323f5b42863c6f233a13accfbb08bba60d75d22","sellTxId":"a5973361a7bda5af4f6bcde7277d2ef8dc93fef9"}
{"index": {"_index":"pob","_id":"1172932"}}
	{"id":1172932,"type":"buy","buyer":"cookaiss","seller":"botefarm","symbol":"POB","quantity":"0.41068531","price":"0.85000000","timestamp":1624709700,"volume":"0.34908251","buyTxId":"db2511e035cc4b3f679bbe94ff8f517dff732400","sellTxId":"a5973361a7bda5af4f6bcde7277d2ef8dc93fef9"}
{"index": {"_index":"pob","_id":"1172934"}}
	{"id":1172934,"type":"sell","buyer":"solovey6o2","seller":"stickupboys","symbol":"POB","quantity":"6.98681754","price":"0.80000001","timestamp":1624709781,"volume":"5.58945410","buyTxId":"32d49a7f79c30ff3044b224ef189b9cb1c890d19","sellTxId":"f96b2d9726c74fc24b62881c88c05a9f4e244dd3"}
{"index": {"_index":"pob","_id":"1172938"}}
	{"id":1172938,"type":"buy","buyer":"cookaiss","seller":"stickupboys","symbol":"POB","quantity":"13.15754984","price":"0.80000001","timestamp":1624709871,"volume":"10.52604000","buyTxId":"74ed11d88839c628a89834f3ca7ed0ddf74791fb","sellTxId":"f96b2d9726c74fc24b62881c88c05a9f4e244dd3"}
{"index": {"_index":"pob","_id":"1172942"}}
	{"id":1172942,"type":"sell","buyer":"anthonyadavisii","seller":"chireerocks","symbol":"POB","quantity":"6.50613155","price":"0.80000000","timestamp":1624710009,"volume":"5.20490524","buyTxId":"39c41a636acc45eae9589d54bbf14ae48efb94c4","sellTxId":"70ae4a5abd8b41387a14b246558285044f9808dc"}
{"index": {"_index":"pob","_id":"1172946"}}
	{"id":1172946,"type":"sell","buyer":"anthonyadavisii","seller":"fullcoverbetting","symbol":"POB","quantity":"2.50000000","price":"0.80000000","timestamp":1624710255,"volume":"2.00000000","buyTxId":"39c41a636acc45eae9589d54bbf14ae48efb94c4","sellTxId":"82856df9db1c1501f273c17e788a5e723f2f29d8"}
{"index": {"_index":"pob","_id":"1172964"}}
	{"id":1172964,"type":"sell","buyer":"anthonyadavisii","seller":"preparedwombat","symbol":"POB","quantity":"1.16919469","price":"0.80000000","timestamp":1624710645,"volume":"0.93535575","buyTxId":"39c41a636acc45eae9589d54bbf14ae48efb94c4","sellTxId":"5b818064d76641b553cac635bae8f63ec06274df"}
{"index": {"_index":"pob","_id":"1172972"}}
	{"id":1172972,"type":"sell","buyer":"anthonyadavisii","seller":"uwelang","symbol":"POB","quantity":"12.84595878","price":"0.80000000","timestamp":1624711029,"volume":"10.27676702","buyTxId":"39c41a636acc45eae9589d54bbf14ae48efb94c4","sellTxId":"a6d0a7b4d3a1d93951ac4f2b5fad628cbb82fbc8"}
{"index": {"_index":"pob","_id":"1173001"}}
	{"id":1173001,"type":"buy","buyer":"tonytrillions","seller":"solovey6o2","symbol":"POB","quantity":"0.17826187","price":"1.04456987","timestamp":1624712172,"volume":"0.18620698","buyTxId":"06028cbf3302038ae71fe2b2bc8d86448ebebbd4","sellTxId":"31f67bd989f26d4cb872ca0c209d36431f026d1f"}
{"index": {"_index":"pob","_id":"1173007"}}
	{"id":1173007,"type":"buy","buyer":"tonytrillions","seller":"solovey6o2","symbol":"POB","quantity":"0.00000003","price":"1.04455886","timestamp":1624712466,"volume":"0.00000003","buyTxId":"ed73239578c98e0ae5564867915937a0da10d497","sellTxId":"656c50f8841d71ec5a825a46aad21317e63b19c7"}
{"index": {"_index":"pob","_id":"1173014"}}
	{"id":1173014,"type":"sell","buyer":"anthonyadavisii","seller":"stayten","symbol":"POB","quantity":"0.58014934","price":"0.80000000","timestamp":1624712832,"volume":"0.46411947","buyTxId":"39c41a636acc45eae9589d54bbf14ae48efb94c4","sellTxId":"f7a00425ed09eae4f2efe6ce26ed485002b28b80"}
{"index": {"_index":"pob","_id":"1173017"}}
	{"id":1173017,"type":"sell","buyer":"anthonyadavisii","seller":"dragosroua","symbol":"POB","quantity":"0.97150934","price":"0.80000000","timestamp":1624713126,"volume":"0.77720747","buyTxId":"39c41a636acc45eae9589d54bbf14ae48efb94c4","sellTxId":"88b06badaa83e598edd4120326d35f10ab1c35ac"}
{"index": {"_index":"pob","_id":"1173060"}}
	{"id":1173060,"type":"sell","buyer":"anthonyadavisii","seller":"cabinet24","symbol":"POB","quantity":"2.28666055","price":"0.80000000","timestamp":1624715508,"volume":"1.82932844","buyTxId":"39c41a636acc45eae9589d54bbf14ae48efb94c4","sellTxId":"22a4b99eb700d42977cd38cc5f2432a8371ad781"}
{"index": {"_index":"pob","_id":"1173091"}}
	{"id":1173091,"type":"sell","buyer":"anthonyadavisii","seller":"ftfund","symbol":"POB","quantity":"3.14039575","price":"0.80000000","timestamp":1624716345,"volume":"2.51231660","buyTxId":"39c41a636acc45eae9589d54bbf14ae48efb94c4","sellTxId":"b47294b85d28ebc207f068125b0732e90d827753"}
{"index": {"_index":"pob","_id":"1173092"}}
	{"id":1173092,"type":"sell","buyer":"anadolu","seller":"ftfund","symbol":"POB","quantity":"6.66781997","price":"0.80000000","timestamp":1624716345,"volume":"5.33425598","buyTxId":"0549813a67fd12a186d90ca7542bc078b0573135","sellTxId":"b47294b85d28ebc207f068125b0732e90d827753"}
{"index": {"_index":"pob","_id":"1173173"}}
	{"id":1173173,"type":"sell","buyer":"anadolu","seller":"brofi-market","symbol":"POB","quantity":"9.16665532","price":"0.80000000","timestamp":1624719318,"volume":"7.33332426","buyTxId":"0549813a67fd12a186d90ca7542bc078b0573135","sellTxId":"b0b6f3d7d551cb7169b4aeb94b5a3b035cae7773"}
{"index": {"_index":"pob","_id":"1173192"}}
	{"id":1173192,"type":"sell","buyer":"anadolu","seller":"justinparke","symbol":"POB","quantity":"10.37104856","price":"0.80000000","timestamp":1624720035,"volume":"8.29683885","buyTxId":"0549813a67fd12a186d90ca7542bc078b0573135","sellTxId":"ef2094a2f7f13598ec975864d668645e45a38cab"}
{"index": {"_index":"pob","_id":"1173212"}}
	{"id":1173212,"type":"buy","buyer":"offgridlife","seller":"trumpman","symbol":"POB","quantity":"0.10000000","price":"1.00000000","timestamp":1624721193,"volume":"0.10000000","buyTxId":"bf7843c67a5453d87385819f5384a8cc8064e3a4","sellTxId":"18b7bcfab97ebd5c7614e623adad01d520ae682e"}
{"index": {"_index":"pob","_id":"1173213"}}
	{"id":1173213,"type":"buy","buyer":"offgridlife","seller":"trumpman","symbol":"POB","quantity":"0.10000000","price":"1.00000000","timestamp":1624721211,"volume":"0.10000000","buyTxId":"6e87aa9cf6bd4abbbfb94aa5c8868cc79108518c","sellTxId":"18b7bcfab97ebd5c7614e623adad01d520ae682e"}
{"index": {"_index":"pob","_id":"1173226"}}
	{"id":1173226,"type":"sell","buyer":"anadolu","seller":"revisesociology","symbol":"POB","quantity":"3.30000000","price":"0.80000000","timestamp":1624721814,"volume":"2.64000000","buyTxId":"0549813a67fd12a186d90ca7542bc078b0573135","sellTxId":"946d84946be8036c857b00d6ed4bfed15ef6a517"}
{"index": {"_index":"pob","_id":"1173228"}}
	{"id":1173228,"type":"sell","buyer":"anadolu","seller":"chuchoafonso","symbol":"POB","quantity":"45.04335160","price":"0.80000000","timestamp":1624721946,"volume":"36.03468128","buyTxId":"0549813a67fd12a186d90ca7542bc078b0573135","sellTxId":"6eb32ed804224d89a344d5e151bdb3d92c3a8cef"}
{"index": {"_index":"pob","_id":"1173244"}}
	{"id":1173244,"type":"sell","buyer":"anadolu","seller":"iamalivechalleng","symbol":"POB","quantity":"1.749","price":"0.80000000","timestamp":1624722642,"volume":"1.39920000","buyTxId":"0549813a67fd12a186d90ca7542bc078b0573135","sellTxId":"1cb49321e2f8c403bf53afc93ef3593609ba4f53"}
{"index": {"_index":"pob","_id":"1173258"}}
	{"id":1173258,"type":"sell","buyer":"anadolu","seller":"saachi.list","symbol":"POB","quantity":"5.60000000","price":"0.80000000","timestamp":1624722969,"volume":"4.48000000","buyTxId":"0549813a67fd12a186d90ca7542bc078b0573135","sellTxId":"c11176d403c9d95c8bbdc152f7468e2d0f152c3c"}
{"index": {"_index":"pob","_id":"1173259"}}
	{"id":1173259,"type":"buy","buyer":"successfull","seller":"saachi.list","symbol":"POB","quantity":"4.00000000","price":"0.99000000","timestamp":1624722975,"volume":"3.96000000","buyTxId":"c5b9c2934fbe80ab2bb0e93be09f7e7f3d4fb66a","sellTxId":"190f0a2ea7576e1d56b3e2aae0a5bad567f7c0ac"}
{"index": {"_index":"pob","_id":"1173260"}}
	{"id":1173260,"type":"buy","buyer":"successfull","seller":"trumpman","symbol":"POB","quantity":"11.71335914","price":"1.00000000","timestamp":1624722975,"volume":"11.71335914","buyTxId":"c5b9c2934fbe80ab2bb0e93be09f7e7f3d4fb66a","sellTxId":"18b7bcfab97ebd5c7614e623adad01d520ae682e"}
{"index": {"_index":"pob","_id":"1173261"}}
	{"id":1173261,"type":"buy","buyer":"successfull","seller":"brofi-market","symbol":"POB","quantity":"9.16665532","price":"1.00000000","timestamp":1624722975,"volume":"9.16665532","buyTxId":"c5b9c2934fbe80ab2bb0e93be09f7e7f3d4fb66a","sellTxId":"2f8bba53acb02176115f5bdd17bedd2137fb7def"}
{"index": {"_index":"pob","_id":"1173262"}}
	{"id":1173262,"type":"buy","buyer":"successfull","seller":"solovey6o2","symbol":"POB","quantity":"347.31998554","price":"1.03890990","timestamp":1624722975,"volume":"360.83417145","buyTxId":"c5b9c2934fbe80ab2bb0e93be09f7e7f3d4fb66a","sellTxId":"ba9fb54d85b9637f3a69da425a8b92f33fa4a467"}
{"index": {"_index":"pob","_id":"1173267"}}
	{"id":1173267,"type":"buy","buyer":"successfull","seller":"solovey6o2","symbol":"POB","quantity":"24.88234668","price":"1.03889889","timestamp":1624723086,"volume":"25.85024235","buyTxId":"f8110ec9e6f33bdfcd93e49cda2135331ed21349","sellTxId":"9675eb88d21d86e5ccb7949fe66d3e440e1a3178"}
{"index": {"_index":"pob","_id":"1173268"}}
	{"id":1173268,"type":"buy","buyer":"successfull","seller":"bluesniper","symbol":"POB","quantity":"29.00000000","price":"1.03889890","timestamp":1624723086,"volume":"30.12806810","buyTxId":"f8110ec9e6f33bdfcd93e49cda2135331ed21349","sellTxId":"MM-P-8145082-55123155-3-5-1"}
{"index": {"_index":"pob","_id":"1173269"}}
	{"id":1173269,"type":"buy","buyer":"successfull","seller":"freebornsociety","symbol":"POB","quantity":"89.11765332","price":"1.03890890","timestamp":1624723086,"volume":"92.58512318","buyTxId":"f8110ec9e6f33bdfcd93e49cda2135331ed21349","sellTxId":"MM-P-8145082-55123155-3-3-1"}
{"index": {"_index":"pob","_id":"1173274"}}
	{"id":1173274,"type":"buy","buyer":"successfull","seller":"freebornsociety","symbol":"POB","quantity":"10.88234668","price":"1.03890890","timestamp":1624723218,"volume":"11.30576682","buyTxId":"473b33db76e349358920a654ed9f24df5cc30f0a","sellTxId":"MM-P-8145082-55123155-3-3-1"}
{"index": {"_index":"pob","_id":"1173275"}}
	{"id":1173275,"type":"buy","buyer":"successfull","seller":"anadolu","symbol":"POB","quantity":"65.00000000","price":"1.03900000","timestamp":1624723218,"volume":"67.53500000","buyTxId":"473b33db76e349358920a654ed9f24df5cc30f0a","sellTxId":"c67c428edf44bbbae38212c6cea21637fb6cb40b"}
{"index": {"_index":"pob","_id":"1173276"}}
	{"id":1173276,"type":"buy","buyer":"successfull","seller":"allcapsonezero","symbol":"POB","quantity":"8.00000000","price":"1.04000000","timestamp":1624723218,"volume":"8.32000000","buyTxId":"473b33db76e349358920a654ed9f24df5cc30f0a","sellTxId":"721e521e17d514c944e1aa27af402e2db84fc6f8"}
{"index": {"_index":"pob","_id":"1173277"}}
	{"id":1173277,"type":"buy","buyer":"successfull","seller":"anadolu","symbol":"POB","quantity":"143.00000000","price":"1.04400000","timestamp":1624723218,"volume":"149.29200000","buyTxId":"473b33db76e349358920a654ed9f24df5cc30f0a","sellTxId":"a15e03dafb1a91564a7eafee8852adf93b520d8f"}
{"index": {"_index":"pob","_id":"1173278"}}
	{"id":1173278,"type":"buy","buyer":"successfull","seller":"themarkymark","symbol":"POB","quantity":"91.60945584","price":"1.04456000","timestamp":1624723218,"volume":"95.69157319","buyTxId":"473b33db76e349358920a654ed9f24df5cc30f0a","sellTxId":"0f5d9de42c67d42a0c82cd11c45b6a290dae278e"}
{"index": {"_index":"pob","_id":"1173279"}}
	{"id":1173279,"type":"buy","buyer":"successfull","seller":"skylinebuds","symbol":"POB","quantity":"5.50819748","price":"1.08000000","timestamp":1624723218,"volume":"5.94885328","buyTxId":"473b33db76e349358920a654ed9f24df5cc30f0a","sellTxId":"571628cc586137e6c2b5624bc359ae844188ba0d"}
{"index": {"_index":"pob","_id":"1173282"}}
	{"id":1173282,"type":"buy","buyer":"successfull","seller":"skylinebuds","symbol":"POB","quantity":"318.49000000","price":"1.08000000","timestamp":1624723353,"volume":"343.96920000","buyTxId":"fa6c707c825087f1cd09a304a9f3e2f4ac26cba4","sellTxId":"571628cc586137e6c2b5624bc359ae844188ba0d"}
{"index": {"_index":"pob","_id":"1173284"}}
	{"id":1173284,"type":"buy","buyer":"successfull","seller":"skylinebuds","symbol":"POB","quantity":"0.00180252","price":"1.08000000","timestamp":1624723461,"volume":"0.00194672","buyTxId":"f81c809663c74888b58f14dc88b105b3ea9cae09","sellTxId":"571628cc586137e6c2b5624bc359ae844188ba0d"}
{"index": {"_index":"pob","_id":"1173285"}}
	{"id":1173285,"type":"buy","buyer":"successfull","seller":"bluesniper","symbol":"POB","quantity":"29.00000000","price":"1.09998900","timestamp":1624723461,"volume":"31.89968100","buyTxId":"f81c809663c74888b58f14dc88b105b3ea9cae09","sellTxId":"MM-P-8145181-55123255-3-5-1"}
{"index": {"_index":"pob","_id":"1173286"}}
	{"id":1173286,"type":"buy","buyer":"successfull","seller":"freebornsociety","symbol":"POB","quantity":"70.99819748","price":"1.09999900","timestamp":1624723461,"volume":"78.09794623","buyTxId":"f81c809663c74888b58f14dc88b105b3ea9cae09","sellTxId":"MM-P-8145181-55123255-3-3-1"}
{"index": {"_index":"pob","_id":"1173288"}}
	{"id":1173288,"type":"buy","buyer":"successfull","seller":"bluesniper","symbol":"POB","quantity":"29.00000000","price":"1.09998900","timestamp":1624723599,"volume":"31.89968100","buyTxId":"5ec0061b623363ac807dace668bde5d6e21f234b","sellTxId":"MM-P-8145281-55123355-3-5-1"}
{"index": {"_index":"pob","_id":"1173289"}}
	{"id":1173289,"type":"buy","buyer":"successfull","seller":"freebornsociety","symbol":"POB","quantity":"1.00000000","price":"1.09999900","timestamp":1624723599,"volume":"1.09999900","buyTxId":"5ec0061b623363ac807dace668bde5d6e21f234b","sellTxId":"MM-P-8145181-55123255-3-3-1"}
{"index": {"_index":"pob","_id":"1173295"}}
	{"id":1173295,"type":"buy","buyer":"successfull","seller":"freebornsociety","symbol":"POB","quantity":"28.00180252","price":"1.09999900","timestamp":1624723698,"volume":"30.80195477","buyTxId":"9ca6b655889e74f75a2c20b4ae29fcf22fe03abb","sellTxId":"MM-P-8145181-55123255-3-3-1"}
{"index": {"_index":"pob","_id":"1173296"}}
	{"id":1173296,"type":"buy","buyer":"successfull","seller":"miniature-tiger","symbol":"POB","quantity":"0.20546096","price":"1.10000000","timestamp":1624723698,"volume":"0.22600706","buyTxId":"9ca6b655889e74f75a2c20b4ae29fcf22fe03abb","sellTxId":"d0ed6e87101106d5e2e1efd528c950adcee7b8e1"}
{"index": {"_index":"pob","_id":"1173297"}}
	{"id":1173297,"type":"buy","buyer":"successfull","seller":"meesterbrain","symbol":"POB","quantity":"5.07805441","price":"1.10000000","timestamp":1624723698,"volume":"5.58585985","buyTxId":"9ca6b655889e74f75a2c20b4ae29fcf22fe03abb","sellTxId":"ba7e452828d581f36cf66f369969aec7f8d6f57c"}
{"index": {"_index":"pob","_id":"1173298"}}
	{"id":1173298,"type":"buy","buyer":"successfull","seller":"finguru","symbol":"POB","quantity":"8.71468211","price":"1.10000000","timestamp":1624723698,"volume":"9.58615032","buyTxId":"9ca6b655889e74f75a2c20b4ae29fcf22fe03abb","sellTxId":"df4e5ffe1c6a804d839a897909050122d1b65011"}
{"index": {"_index":"pob","_id":"1173299"}}
	{"id":1173299,"type":"buy","buyer":"successfull","seller":"finguru","symbol":"POB","quantity":"21.28531789","price":"1.10000000","timestamp":1624723929,"volume":"23.41384968","buyTxId":"c4ec8fbfb52e5801b92b4e0809a82b384ff1a290","sellTxId":"df4e5ffe1c6a804d839a897909050122d1b65011"}
{"index": {"_index":"pob","_id":"1173300"}}
	{"id":1173300,"type":"buy","buyer":"successfull","seller":"bluesniper","symbol":"POB","quantity":"20.71468211","price":"1.11097700","timestamp":1624723929,"volume":"23.01353539","buyTxId":"c4ec8fbfb52e5801b92b4e0809a82b384ff1a290","sellTxId":"MM-P-8145380-55123455-3-5-1"}
{"index": {"_index":"pob","_id":"1173302"}}
	{"id":1173302,"type":"buy","buyer":"successfull","seller":"bluesniper","symbol":"POB","quantity":"8.28531789","price":"1.11097700","timestamp":1624724127,"volume":"9.20479761","buyTxId":"d2fa8d880d930f4af9977c29ad103117016affd0","sellTxId":"MM-P-8145380-55123455-3-5-1"}
{"index": {"_index":"pob","_id":"1173303"}}
	{"id":1173303,"type":"buy","buyer":"successfull","seller":"freebornsociety","symbol":"POB","quantity":"91.71468211","price":"1.11098700","timestamp":1624724127,"volume":"101.89381953","buyTxId":"d2fa8d880d930f4af9977c29ad103117016affd0","sellTxId":"MM-P-8145380-55123455-3-3-1"}
{"index": {"_index":"pob","_id":"1173309"}}
	{"id":1173309,"type":"buy","buyer":"successfull","seller":"bluesniper","symbol":"POB","quantity":"29.00000000","price":"1.11097800","timestamp":1624724205,"volume":"32.21836200","buyTxId":"f6ae059f06b51b6e7f732a12abfd755c761c87d2","sellTxId":"MM-P-8145479-55123555-3-5-1"}
{"index": {"_index":"pob","_id":"1173310"}}
	{"id":1173310,"type":"buy","buyer":"successfull","seller":"freebornsociety","symbol":"POB","quantity":"8.28531789","price":"1.11098700","timestamp":1624724205,"volume":"9.20488047","buyTxId":"f6ae059f06b51b6e7f732a12abfd755c761c87d2","sellTxId":"MM-P-8145380-55123455-3-3-1"}
{"index": {"_index":"pob","_id":"1173311"}}
	{"id":1173311,"type":"buy","buyer":"successfull","seller":"brofi-market","symbol":"POB","quantity":"4.71468211","price":"1.11098800","timestamp":1624724205,"volume":"5.23795525","buyTxId":"f6ae059f06b51b6e7f732a12abfd755c761c87d2","sellTxId":"30619ab4cc9c722e54592168b9db0f86cb03857f"}
{"index": {"_index":"pob","_id":"1173318"}}
	{"id":1173318,"type":"buy","buyer":"successfull","seller":"brofi-market","symbol":"POB","quantity":"15.78763665","price":"1.11098800","timestamp":1624724295,"volume":"17.53987487","buyTxId":"8089b57bd2d62d6c158e6b0883616f43eb7053d8","sellTxId":"30619ab4cc9c722e54592168b9db0f86cb03857f"}
{"index": {"_index":"pob","_id":"1173319"}}
	{"id":1173319,"type":"buy","buyer":"successfull","seller":"tarazkp","symbol":"POB","quantity":"22.16524329","price":"1.11099900","timestamp":1624724295,"volume":"24.62556313","buyTxId":"8089b57bd2d62d6c158e6b0883616f43eb7053d8","sellTxId":"88f98a4c8461f58571b0ef2e579f04b381b127c2"}
{"index": {"_index":"pob","_id":"1173320"}}
	{"id":1173320,"type":"buy","buyer":"successfull","seller":"tarazkp","symbol":"POB","quantity":"15.78763665","price":"1.11099900","timestamp":1624724379,"volume":"17.54004853","buyTxId":"0df5add26c5bd9f7ba0f522cc78c690025a218c1","sellTxId":"88f98a4c8461f58571b0ef2e579f04b381b127c2"}
{"index": {"_index":"pob","_id":"1173321"}}
	{"id":1173321,"type":"buy","buyer":"successfull","seller":"babytarazkp","symbol":"POB","quantity":"7.76726625","price":"1.11100000","timestamp":1624724379,"volume":"8.62943280","buyTxId":"0df5add26c5bd9f7ba0f522cc78c690025a218c1","sellTxId":"c9d0f976a1153d865e38c0533fa1ed9bb6b9be89"}
{"index": {"_index":"pob","_id":"1173322"}}
	{"id":1173322,"type":"buy","buyer":"successfull","seller":"take-my-coinz","symbol":"POB","quantity":"18.48256342","price":"1.12999998","timestamp":1624724379,"volume":"20.88529629","buyTxId":"0df5add26c5bd9f7ba0f522cc78c690025a218c1","sellTxId":"f94a50cf17f5f78659ae5d9c9711bf005c7e1a29"}
{"index": {"_index":"pob","_id":"1173326"}}
	{"id":1173326,"type":"buy","buyer":"successfull","seller":"take-my-coinz","symbol":"POB","quantity":"23.55490290","price":"1.12999998","timestamp":1624724457,"volume":"26.61703981","buyTxId":"6d2f31d87fbd12b7408bcb695c1471bdb56931be","sellTxId":"f94a50cf17f5f78659ae5d9c9711bf005c7e1a29"}
{"index": {"_index":"pob","_id":"1173327"}}
	{"id":1173327,"type":"buy","buyer":"successfull","seller":"bilpcoinbpc","symbol":"POB","quantity":"1.00000000","price":"1.13000000","timestamp":1624724457,"volume":"1.13000000","buyTxId":"6d2f31d87fbd12b7408bcb695c1471bdb56931be","sellTxId":"d32f36f4f86a308bce208ff8e17c9d71b429a172"}
{"index": {"_index":"pob","_id":"1173328"}}
	{"id":1173328,"type":"buy","buyer":"successfull","seller":"bilpcoinbpc","symbol":"POB","quantity":"0.00100000","price":"1.13090000","timestamp":1624724457,"volume":"0.00113090","buyTxId":"6d2f31d87fbd12b7408bcb695c1471bdb56931be","sellTxId":"0b310d9b72f63a1e90b16482dce1387f3e18e991"}
{"index": {"_index":"pob","_id":"1173329"}}
	{"id":1173329,"type":"buy","buyer":"successfull","seller":"bilpcoinbpc","symbol":"POB","quantity":"0.00100000","price":"1.13099999","timestamp":1624724457,"volume":"0.00113100","buyTxId":"6d2f31d87fbd12b7408bcb695c1471bdb56931be","sellTxId":"5a0f8d10a901a87855a451c571ada7e55d52ed6e"}
{"index": {"_index":"pob","_id":"1173330"}}
	{"id":1173330,"type":"buy","buyer":"successfull","seller":"bilpcoinbpc","symbol":"POB","quantity":"0.00100000","price":"1.13100000","timestamp":1624724457,"volume":"0.00113100","buyTxId":"6d2f31d87fbd12b7408bcb695c1471bdb56931be","sellTxId":"b0717d44eaa5cfebcec5439ca0422f502463ba4d"}
{"index": {"_index":"pob","_id":"1173331"}}
	{"id":1173331,"type":"buy","buyer":"successfull","seller":"bilpcoinbpc","symbol":"POB","quantity":"0.00100000","price":"1.13899000","timestamp":1624724457,"volume":"0.00113899","buyTxId":"6d2f31d87fbd12b7408bcb695c1471bdb56931be","sellTxId":"8b5d04a3696ded89d5df79d9eb4d3c90e1aeadba"}
{"index": {"_index":"pob","_id":"1173332"}}
	{"id":1173332,"type":"buy","buyer":"successfull","seller":"bilpcoinbpc","symbol":"POB","quantity":"0.00500000","price":"1.13900000","timestamp":1624724457,"volume":"0.00569500","buyTxId":"6d2f31d87fbd12b7408bcb695c1471bdb56931be","sellTxId":"6f6124616e3cf6468e5ceceb90e1b0ae072962ef"}
{"index": {"_index":"pob","_id":"1173333"}}
	{"id":1173333,"type":"buy","buyer":"successfull","seller":"bilpcoinbpc","symbol":"POB","quantity":"0.00500000","price":"1.13999000","timestamp":1624724457,"volume":"0.00569995","buyTxId":"6d2f31d87fbd12b7408bcb695c1471bdb56931be","sellTxId":"687fec3d910f662500896604cc10d5c585c11174"}
{"index": {"_index":"pob","_id":"1173334"}}
	{"id":1173334,"type":"buy","buyer":"successfull","seller":"bilpcoinbpc","symbol":"POB","quantity":"0.50000000","price":"1.14000000","timestamp":1624724457,"volume":"0.57000000","buyTxId":"6d2f31d87fbd12b7408bcb695c1471bdb56931be","sellTxId":"b0e2c55a7bf64869a855b66307df520feb7b46e3"}
{"index": {"_index":"pob","_id":"1173335"}}
	{"id":1173335,"type":"buy","buyer":"successfull","seller":"brofi-market","symbol":"POB","quantity":"18.31000228","price":"1.14800000","timestamp":1624724457,"volume":"21.01988262","buyTxId":"6d2f31d87fbd12b7408bcb695c1471bdb56931be","sellTxId":"b131b78c79334e047493ec978a3755fc56e2e19e"}
{"index": {"_index":"pob","_id":"1173336"}}
	{"id":1173336,"type":"buy","buyer":"successfull","seller":"yonnathang","symbol":"POB","quantity":"5.63700000","price":"1.14800000","timestamp":1624724457,"volume":"6.47127600","buyTxId":"6d2f31d87fbd12b7408bcb695c1471bdb56931be","sellTxId":"8d32bae5cead846db88ea939317903d49f18cffa"}
{"index": {"_index":"pob","_id":"1173337"}}
	{"id":1173337,"type":"buy","buyer":"successfull","seller":"gadrian","symbol":"POB","quantity":"21.00000000","price":"1.14876540","timestamp":1624724457,"volume":"24.12407340","buyTxId":"6d2f31d87fbd12b7408bcb695c1471bdb56931be","sellTxId":"8e53c6782ed9ccf820195eb9aa9678f82972d38e"}
{"index": {"_index":"pob","_id":"1173338"}}
	{"id":1173338,"type":"buy","buyer":"successfull","seller":"eirik","symbol":"POB","quantity":"1.80000000","price":"1.15000000","timestamp":1624724457,"volume":"2.07000000","buyTxId":"6d2f31d87fbd12b7408bcb695c1471bdb56931be","sellTxId":"004a4f69dfe39e58977c24976cef4d3ebe745b9c"}
{"index": {"_index":"pob","_id":"1173339"}}
	{"id":1173339,"type":"buy","buyer":"successfull","seller":"faireye","symbol":"POB","quantity":"67.52848503","price":"1.15700000","timestamp":1624724457,"volume":"78.13045718","buyTxId":"6d2f31d87fbd12b7408bcb695c1471bdb56931be","sellTxId":"6c7bd6c0032f788d5a9d6e867d52f8e3a166716e"}
{"index": {"_index":"pob","_id":"1173340"}}
	{"id":1173340,"type":"buy","buyer":"successfull","seller":"faireye","symbol":"POB","quantity":"71.81590518","price":"1.15700000","timestamp":1624724526,"volume":"83.09100229","buyTxId":"e45fc291a70b2f701780bff471a56a700ec1d9bf","sellTxId":"6c7bd6c0032f788d5a9d6e867d52f8e3a166716e"}
{"index": {"_index":"pob","_id":"1173341"}}
	{"id":1173341,"type":"sell","buyer":"bluesniper","seller":"elricmoonslayer","symbol":"POB","quantity":"20.00000000","price":"0.80060010","timestamp":1624724529,"volume":"16.01200200","buyTxId":"MM-P-8145579-55123655-3-5-0","sellTxId":"833fe961cb2e9b77254b057f6297a63739be53d4"}
{"index": {"_index":"pob","_id":"1173350"}}
	{"id":1173350,"type":"buy","buyer":"successfull","seller":"bluesniper","symbol":"POB","quantity":"29.00000000","price":"1.17998900","timestamp":1624724685,"volume":"34.21968100","buyTxId":"cb77429e2395ca2aee396c206fc5ba11eefcf1e9","sellTxId":"MM-P-8145579-55123655-3-5-1"}
{"index": {"_index":"pob","_id":"1173351"}}
	{"id":1173351,"type":"buy","buyer":"successfull","seller":"freebornsociety","symbol":"POB","quantity":"25.00000000","price":"1.17999900","timestamp":1624724685,"volume":"29.49997500","buyTxId":"cb77429e2395ca2aee396c206fc5ba11eefcf1e9","sellTxId":"MM-P-8145579-55123655-3-3-1"}
{"index": {"_index":"pob","_id":"1173356"}}
	{"id":1173356,"type":"buy","buyer":"successfull","seller":"freebornsociety","symbol":"POB","quantity":"9.35360941","price":"1.17999900","timestamp":1624724754,"volume":"11.03724975","buyTxId":"6abb216bcab691fe9033b41840f28d6c85fd62c6","sellTxId":"MM-P-8145579-55123655-3-3-1"}
{"index": {"_index":"pob","_id":"1173357"}}
	{"id":1173357,"type":"buy","buyer":"successfull","seller":"stayoutoftherz","symbol":"POB","quantity":"9.60000000","price":"1.18000000","timestamp":1624724754,"volume":"11.32800000","buyTxId":"6abb216bcab691fe9033b41840f28d6c85fd62c6","sellTxId":"f5bb1bd9faa2fcaa7af9ad38a60d601394f021b5"}
{"index": {"_index":"pob","_id":"1173358"}}
	{"id":1173358,"type":"buy","buyer":"successfull","seller":"muratkbesiroglu","symbol":"POB","quantity":"31.78300000","price":"1.19000000","timestamp":1624724754,"volume":"37.82177000","buyTxId":"6abb216bcab691fe9033b41840f28d6c85fd62c6","sellTxId":"9502e180624632038763f36e38bfd8758a7e7e95"}
{"index": {"_index":"pob","_id":"1173359"}}
	{"id":1173359,"type":"buy","buyer":"successfull","seller":"bilpcoinbpc","symbol":"POB","quantity":"0.00010000","price":"1.20000000","timestamp":1624724754,"volume":"0.00012000","buyTxId":"6abb216bcab691fe9033b41840f28d6c85fd62c6","sellTxId":"39d96311536e5aa7a6af73c7e7f99e5d84116008"}
{"index": {"_index":"pob","_id":"1173360"}}
	{"id":1173360,"type":"buy","buyer":"successfull","seller":"avengerss","symbol":"POB","quantity":"3.26329059","price":"1.20000000","timestamp":1624724754,"volume":"3.91594871","buyTxId":"6abb216bcab691fe9033b41840f28d6c85fd62c6","sellTxId":"dd236adf820e2fcd63c7d0357130161c19c15aa9"}
{"index": {"_index":"pob","_id":"1173362"}}
	{"id":1173362,"type":"buy","buyer":"successfull","seller":"take-my-coinz","symbol":"POB","quantity":"44.00000000","price":"1.19999998","timestamp":1624724874,"volume":"52.79999912","buyTxId":"be854dc22633ccb0808fe51e586a602c0f54b6d8","sellTxId":"7b0aadab0df9745837b726997b816356bf8eb013"}
{"index": {"_index":"pob","_id":"1173363"}}
	{"id":1173363,"type":"buy","buyer":"successfull","seller":"avengerss","symbol":"POB","quantity":"16.90469219","price":"1.20000000","timestamp":1624724874,"volume":"20.28563063","buyTxId":"be854dc22633ccb0808fe51e586a602c0f54b6d8","sellTxId":"dd236adf820e2fcd63c7d0357130161c19c15aa9"}
{"index": {"_index":"pob","_id":"1173364"}}
	{"id":1173364,"type":"buy","buyer":"successfull","seller":"bluesniper","symbol":"POB","quantity":"29.00000000","price":"1.20099000","timestamp":1624724874,"volume":"34.82871000","buyTxId":"be854dc22633ccb0808fe51e586a602c0f54b6d8","sellTxId":"MM-P-8145678-55123755-3-5-1"}
{"index": {"_index":"pob","_id":"1173365"}}
	{"id":1173365,"type":"buy","buyer":"successfull","seller":"preparedwombat","symbol":"POB","quantity":"11.56478689","price":"1.20100000","timestamp":1624724874,"volume":"13.88930905","buyTxId":"be854dc22633ccb0808fe51e586a602c0f54b6d8","sellTxId":"81ec9c9b24de320ceed49386110e0f3a9c58b014"}
{"index": {"_index":"pob","_id":"1173366"}}
	{"id":1173366,"type":"buy","buyer":"successfull","seller":"lallo","symbol":"POB","quantity":"1.30000000","price":"1.20120000","timestamp":1624724874,"volume":"1.56156000","buyTxId":"be854dc22633ccb0808fe51e586a602c0f54b6d8","sellTxId":"fc03b18a9576dfda0246ead394122a69c06ff902"}
{"index": {"_index":"pob","_id":"1173367"}}
	{"id":1173367,"type":"buy","buyer":"successfull","seller":"flauwy","symbol":"POB","quantity":"54.00000000","price":"1.20127300","timestamp":1624724874,"volume":"64.86874200","buyTxId":"be854dc22633ccb0808fe51e586a602c0f54b6d8","sellTxId":"a739d860176c1434d8aa2f9a8cd045a938268ded"}
{"index": {"_index":"pob","_id":"1173368"}}
	{"id":1173368,"type":"buy","buyer":"successfull","seller":"ph1102","symbol":"POB","quantity":"2.33356577","price":"1.20195501","timestamp":1624724874,"volume":"2.80484107","buyTxId":"be854dc22633ccb0808fe51e586a602c0f54b6d8","sellTxId":"12e1604c0cf8466f41a91f0e01cab47e7f882f7b"}
{"index": {"_index":"pob","_id":"1173369"}}
	{"id":1173369,"type":"buy","buyer":"successfull","seller":"thranax","symbol":"POB","quantity":"26.27340799","price":"1.23000000","timestamp":1624724874,"volume":"32.31629183","buyTxId":"be854dc22633ccb0808fe51e586a602c0f54b6d8","sellTxId":"db7e8ade837684125054d8fbdeb2af74e5fbb8f1"}
{"index": {"_index":"pob","_id":"1173370"}}
	{"id":1173370,"type":"buy","buyer":"successfull","seller":"eirik","symbol":"POB","quantity":"1.80000000","price":"1.25000000","timestamp":1624724874,"volume":"2.25000000","buyTxId":"be854dc22633ccb0808fe51e586a602c0f54b6d8","sellTxId":"74d58ec832d1b5ac1e90f310777e7d1dd5e4f7cc"}
{"index": {"_index":"pob","_id":"1173371"}}
	{"id":1173371,"type":"buy","buyer":"successfull","seller":"themarkymark","symbol":"POB","quantity":"1.09488799","price":"1.29980000","timestamp":1624724874,"volume":"1.42313541","buyTxId":"be854dc22633ccb0808fe51e586a602c0f54b6d8","sellTxId":"ec9b3b85fb1430124ed59f269fdfc01fc92a19d8"}
{"index": {"_index":"pob","_id":"1173372"}}
	{"id":1173372,"type":"buy","buyer":"successfull","seller":"amigareaction","symbol":"POB","quantity":"0.50000000","price":"1.29999000","timestamp":1624724874,"volume":"0.64999500","buyTxId":"be854dc22633ccb0808fe51e586a602c0f54b6d8","sellTxId":"74587e11f2d0cf73ae4ab9ac389afc8123077b7e"}
{"index": {"_index":"pob","_id":"1173373"}}
	{"id":1173373,"type":"buy","buyer":"successfull","seller":"eirik","symbol":"POB","quantity":"0.90000000","price":"1.35000000","timestamp":1624724874,"volume":"1.21500000","buyTxId":"be854dc22633ccb0808fe51e586a602c0f54b6d8","sellTxId":"5ef28760649fd8eb60333961bc3fb121c770d2d0"}
{"index": {"_index":"pob","_id":"1173374"}}
	{"id":1173374,"type":"buy","buyer":"successfull","seller":"antonym","symbol":"POB","quantity":"34.54139533","price":"1.40000000","timestamp":1624724874,"volume":"48.35795346","buyTxId":"be854dc22633ccb0808fe51e586a602c0f54b6d8","sellTxId":"d841e9b8fb9341b41ebb7462a9c30b2b706fddb7"}
{"index": {"_index":"pob","_id":"1173375"}}
	{"id":1173375,"type":"buy","buyer":"successfull","seller":"thranax","symbol":"POB","quantity":"4.38726384","price":"1.42966000","timestamp":1624724874,"volume":"6.27229562","buyTxId":"be854dc22633ccb0808fe51e586a602c0f54b6d8","sellTxId":"cf2c09ba1973e5a739a1b40efc7f264eb8b4fd8e"}
{"index": {"_index":"pob","_id":"1173381"}}
	{"id":1173381,"type":"buy","buyer":"successfull","seller":"take-my-coinz","symbol":"POB","quantity":"44.00000000","price":"1.42965998","timestamp":1624725078,"volume":"62.90503912","buyTxId":"358bb728bd0cc72facffcfdcb25010e2b72d6fdc","sellTxId":"9b14278d7aa73e955d54b2eacac10d3f3faa9021"}
{"index": {"_index":"pob","_id":"1173382"}}
	{"id":1173382,"type":"buy","buyer":"successfull","seller":"take-my-coinz","symbol":"POB","quantity":"32.00000000","price":"1.42964996","timestamp":1624725135,"volume":"45.74879872","buyTxId":"5dc1bf32de76447cb30d56a96242223c03e83722","sellTxId":"ba6559e1d6841f3119e7c875b52b8ff80667bf7a"}
{"index": {"_index":"pob","_id":"1173384"}}
	{"id":1173384,"type":"sell","buyer":"gimme-your-coinz","seller":"khan.dayyanz","symbol":"POB","quantity":"0.17900304","price":"0.80084026","timestamp":1624725189,"volume":"0.14335284","buyTxId":"731b2257c42120976d656f170ad87c82784bdb4f","sellTxId":"2aa8e0e8c5ec4476c91007cf0c13a1a42c386f88"}
{"index": {"_index":"pob","_id":"1173386"}}
	{"id":1173386,"type":"buy","buyer":"successfull","seller":"take-my-coinz","symbol":"POB","quantity":"12.00000000","price":"1.42964996","timestamp":1624725210,"volume":"17.15579952","buyTxId":"f85d36e6d55d2e3f39164d3236fae03eb00ab95e","sellTxId":"ba6559e1d6841f3119e7c875b52b8ff80667bf7a"}
{"index": {"_index":"pob","_id":"1173387"}}
	{"id":1173387,"type":"buy","buyer":"successfull","seller":"bluesniper","symbol":"POB","quantity":"20.00000000","price":"1.42964998","timestamp":1624725210,"volume":"28.59299960","buyTxId":"f85d36e6d55d2e3f39164d3236fae03eb00ab95e","sellTxId":"MM-P-8145777-55123854-3-5-1"}
{"index": {"_index":"pob","_id":"1173393"}}
	{"id":1173393,"type":"sell","buyer":"mmmmkkkk311","seller":"josediccus","symbol":"POB","quantity":"41.20620399","price":"0.80085028","timestamp":1624725273,"volume":"33.00000000","buyTxId":"MM-P-8145834-55123911-3-2-0","sellTxId":"cbce6acbeda6d4d8299083df599e9ad26631e8f6"}
{"index": {"_index":"pob","_id":"1173394"}}
	{"id":1173394,"type":"sell","buyer":"ctime","seller":"josediccus","symbol":"POB","quantity":"6.42201684","price":"0.80085028","timestamp":1624725273,"volume":"5.14307398","buyTxId":"MM-P-8145834-55123911-3-22-0","sellTxId":"cbce6acbeda6d4d8299083df599e9ad26631e8f6"}
{"index": {"_index":"pob","_id":"1173413"}}
	{"id":1173413,"type":"buy","buyer":"successfull","seller":"take-my-coinz","symbol":"POB","quantity":"44.00000000","price":"1.42962996","timestamp":1624725450,"volume":"62.90371824","buyTxId":"486eef37c01ad721827f714cc4708948e4473580","sellTxId":"90d6229f54c85896c4b667cc356bfa54b32104e7"}
{"index": {"_index":"pob","_id":"1173417"}}
	{"id":1173417,"type":"buy","buyer":"successfull","seller":"madstacks","symbol":"POB","quantity":"32.00000000","price":"1.42962000","timestamp":1624725564,"volume":"45.74784000","buyTxId":"8b3f50da7823cc209bdee08cc6fe55fae07b90e6","sellTxId":"ee4326631d8ce1d2ed9ea60eac875ea6af272d80"}
{"index": {"_index":"pob","_id":"1173533"}}
	{"id":1173533,"type":"sell","buyer":"gimme-your-coinz","seller":"thatcryptodave","symbol":"POB","quantity":"2.52159881","price":"0.91070120","timestamp":1624728822,"volume":"2.29642306","buyTxId":"ce52abd6ddad8fd5b4889804bd1bf89234925e2e","sellTxId":"cfa9d19e71898c4058ab3c5cf97ef64ebda10447"}
{"index": {"_index":"pob","_id":"1173610"}}
	{"id":1173610,"type":"sell","buyer":"bluesniper","seller":"primersion","symbol":"POB","quantity":"2.40122821","price":"0.91142166","timestamp":1624730520,"volume":"2.18853140","buyTxId":"MM-P-8147567-55125654-3-5-0","sellTxId":"6859c73cc4fb81dd117da66302d3abfdb5140074"}
{"index": {"_index":"pob","_id":"1173627"}}
	{"id":1173627,"type":"sell","buyer":"gimme-your-coinz","seller":"automaton","symbol":"POB","quantity":"6.00000000","price":"0.91154175","timestamp":1624730856,"volume":"5.46925050","buyTxId":"a94e8beab08fdc0886895c556668f27ac687c40a","sellTxId":"2e2844f8c88c6f41b25148c41e9ebb2259fbe6f8"}
{"index": {"_index":"pob","_id":"1173628"}}
	{"id":1173628,"type":"sell","buyer":"gimme-your-coinz","seller":"madstacks","symbol":"POB","quantity":"82.00000000","price":"0.91154175","timestamp":1624730871,"volume":"74.74642350","buyTxId":"a94e8beab08fdc0886895c556668f27ac687c40a","sellTxId":"cbc23f7798d24810049e1edee53c70728cea186a"}
{"index": {"_index":"pob","_id":"1173629"}}
	{"id":1173629,"type":"sell","buyer":"bluesniper","seller":"madstacks","symbol":"POB","quantity":"76.79297275","price":"0.91154174","timestamp":1624730871,"volume":"70.00000000","buyTxId":"MM-P-8147667-55125754-3-5-0","sellTxId":"cbc23f7798d24810049e1edee53c70728cea186a"}
{"index": {"_index":"pob","_id":"1173630"}}
	{"id":1173630,"type":"sell","buyer":"freebornsociety","seller":"madstacks","symbol":"POB","quantity":"1.09705329","price":"0.91153275","timestamp":1624730871,"volume":"1.00000000","buyTxId":"MM-P-8147667-55125754-3-3-0","sellTxId":"cbc23f7798d24810049e1edee53c70728cea186a"}
{"index": {"_index":"pob","_id":"1173631"}}
	{"id":1173631,"type":"sell","buyer":"gimme-your-coinz","seller":"madstacks","symbol":"POB","quantity":"88.00000000","price":"0.91153175","timestamp":1624730871,"volume":"80.21479400","buyTxId":"de17323a8c31ae875d81195a7845864c61732288","sellTxId":"cbc23f7798d24810049e1edee53c70728cea186a"}
{"index": {"_index":"pob","_id":"1173632"}}
	{"id":1173632,"type":"sell","buyer":"richardcrill","seller":"madstacks","symbol":"POB","quantity":"28.07878469","price":"0.91153172","timestamp":1624730871,"volume":"25.59470290","buyTxId":"MM-P-8147633-55125720-3-10-0","sellTxId":"cbc23f7798d24810049e1edee53c70728cea186a"}
{"index": {"_index":"pob","_id":"1173633"}}
	{"id":1173633,"type":"buy","buyer":"solovey6o2","seller":"madstacks","symbol":"POB","quantity":"240.12787247","price":"0.91153000","timestamp":1624730874,"volume":"218.88375959","buyTxId":"955ab05f2c04c454853b58345ffaa69de7351840","sellTxId":"cbc23f7798d24810049e1edee53c70728cea186a"}
{"index": {"_index":"pob","_id":"1173651"}}
	{"id":1173651,"type":"sell","buyer":"gimme-your-coinz","seller":"derangedvisions","symbol":"POB","quantity":"5.47300861","price":"0.91157186","timestamp":1624731306,"volume":"4.98904064","buyTxId":"e8fb0f7aedc135901d695e51fcf2abfce5d3a293","sellTxId":"8174a53e87950bcdcb5b5a2b05169bd85af69ea7"}
{"index": {"_index":"pob","_id":"1173652"}}
	{"id":1173652,"type":"buy","buyer":"cryptictruth","seller":"risingstargame","symbol":"POB","quantity":"1.00000000","price":"1.00000000","timestamp":1624731342,"volume":"1.00000000","buyTxId":"4b2cd061af6c525d65473b5aaaf6e66ebca9c15f","sellTxId":"4777153d31e383075820890b0c213be16ffd4901"}
{"index": {"_index":"pob","_id":"1173658"}}
	{"id":1173658,"type":"sell","buyer":"gimme-your-coinz","seller":"abachon","symbol":"POB","quantity":"0.22238880","price":"0.91159196","timestamp":1624731684,"volume":"0.20272784","buyTxId":"8e6bcb82dd566c578fb3fef5aca56f83104f8713","sellTxId":"62d1b9396017fffc0c11b0a969737ab0e199acfb"}
{"index": {"_index":"pob","_id":"1173685"}}
	{"id":1173685,"type":"buy","buyer":"miketr","seller":"risingstargame","symbol":"POB","quantity":"4.00000000","price":"1.00000000","timestamp":1624733184,"volume":"4.00000000","buyTxId":"2d79450eed586511efb56fd9d8a44e4470e6bb03","sellTxId":"4777153d31e383075820890b0c213be16ffd4901"}
{"index": {"_index":"pob","_id":"1173765"}}
	{"id":1173765,"type":"buy","buyer":"mmmmkkkk311","seller":"spinvest","symbol":"POB","quantity":"28.83522267","price":"0.91193000","timestamp":1624736667,"volume":"26.29570461","buyTxId":"MM-P-8149616-55127708-3-2-0","sellTxId":"e696180a3637587e69fdc9de770cb70d5c3d62a3"}
{"index": {"_index":"pob","_id":"1173837"}}
	{"id":1173837,"type":"sell","buyer":"gimme-your-coinz","seller":"dwinblood","symbol":"POB","quantity":"88.00000000","price":"0.91239636","timestamp":1624739160,"volume":"80.29087968","buyTxId":"b612e91bb70dd875434655947da1c67c815c760c","sellTxId":"7d90b26c5640346d2cc53c6f7058eff4d13dbc73"}
{"index": {"_index":"pob","_id":"1173838"}}
	{"id":1173838,"type":"sell","buyer":"solovey6o2","seller":"dwinblood","symbol":"POB","quantity":"42.00000000","price":"0.91239636","timestamp":1624739160,"volume":"38.32064712","buyTxId":"e70a01165a0260d8bb42e5bd41c3257e0c35ef9f","sellTxId":"7d90b26c5640346d2cc53c6f7058eff4d13dbc73"}
{"index": {"_index":"pob","_id":"1173857"}}
	{"id":1173857,"type":"sell","buyer":"solovey6o2","seller":"alexvan","symbol":"POB","quantity":"17.11777468","price":"0.91288678","timestamp":1624740558,"volume":"15.62659021","buyTxId":"9374307a716f8611b9abb118dad4dadc28ea3a60","sellTxId":"55c43eb067c03f2a1a54d1406e39a7eba5e29bc3"}
{"index": {"_index":"pob","_id":"1173858"}}
	{"id":1173858,"type":"sell","buyer":"mmmmkkkk311","seller":"paulmoon410","symbol":"POB","quantity":"0.35665684","price":"0.91289678","timestamp":1624740579,"volume":"0.32559088","buyTxId":"MM-P-8150908-55129007-3-2-0","sellTxId":"902821cb0400467e0fa1297b9f7bac069c0cab5d"}
{"index": {"_index":"pob","_id":"1173888"}}
	{"id":1173888,"type":"buy","buyer":"thranax","seller":"kemmyb","symbol":"POB","quantity":"3.00000000","price":"0.97000000","timestamp":1624741551,"volume":"2.91000000","buyTxId":"ff848fd4a3d2830000dd9b37927377cf0cd20ee1","sellTxId":"b4150cfc7045e4aabf2e7e470f8299fb6c9407af"}
{"index": {"_index":"pob","_id":"1173897"}}
	{"id":1173897,"type":"buy","buyer":"thranax","seller":"solovey6o2","symbol":"POB","quantity":"32.43921257","price":"1.09985985","timestamp":1624741752,"volume":"35.67858747","buyTxId":"02328d6c659bb7e6b7cbc00f4932062872cdf6cb","sellTxId":"06200e7fb25057add41a5ed0779acd70cf1a4fa5"}
{"index": {"_index":"pob","_id":"1173916"}}
	{"id":1173916,"type":"sell","buyer":"bluesniper","seller":"enforcer48","symbol":"POB","quantity":"2.03800000","price":"0.96035029","timestamp":1624742511,"volume":"1.95719389","buyTxId":"MM-P-8151549-55129649-3-5-0","sellTxId":"9cace85cd9553f90a378399d0d3354b209069101"}
{"index": {"_index":"pob","_id":"1173921"}}
	{"id":1173921,"type":"buy","buyer":"offgridlife","seller":"mawit07","symbol":"POB","quantity":"0.01000000","price":"1.04000000","timestamp":1624742643,"volume":"0.01040000","buyTxId":"63a3481719bfd7f1efae321bfbf7d72a1cdf59ae","sellTxId":"6badae1108b576e45eaa0600b1720dbcd2972fa5"}
{"index": {"_index":"pob","_id":"1173922"}}
	{"id":1173922,"type":"buy","buyer":"offgridlife","seller":"mawit07","symbol":"POB","quantity":"0.01000000","price":"1.04000000","timestamp":1624742652,"volume":"0.01040000","buyTxId":"4f53c4f588e9458214c5f5867601b2f4e3c32ee7","sellTxId":"6badae1108b576e45eaa0600b1720dbcd2972fa5"}
{"index": {"_index":"pob","_id":"1173923"}}
	{"id":1173923,"type":"buy","buyer":"offgridlife","seller":"mawit07","symbol":"POB","quantity":"0.01000000","price":"1.04000000","timestamp":1624742664,"volume":"0.01040000","buyTxId":"16ea23fef8e8742e4df0bcf6afef1e17c42e9693","sellTxId":"6badae1108b576e45eaa0600b1720dbcd2972fa5"}
{"index": {"_index":"pob","_id":"1173928"}}
	{"id":1173928,"type":"sell","buyer":"gimme-your-coinz","seller":"lbi-token","symbol":"POB","quantity":"88.00000000","price":"0.96047040","timestamp":1624742838,"volume":"84.52139520","buyTxId":"728148a2aea36c5ce31a98e6269dced1a032af1e","sellTxId":"58294ba75d33b7003e6194114989ceefe455f666"}
{"index": {"_index":"pob","_id":"1173929"}}
	{"id":1173929,"type":"sell","buyer":"bluesniper","seller":"lbi-token","symbol":"POB","quantity":"8.65401028","price":"0.96047039","timestamp":1624742838,"volume":"8.31192063","buyTxId":"MM-P-8151649-55129749-3-5-0","sellTxId":"58294ba75d33b7003e6194114989ceefe455f666"}
{"index": {"_index":"pob","_id":"1173931"}}
	{"id":1173931,"type":"sell","buyer":"richardcrill","seller":"enrique89","symbol":"POB","quantity":"20.70373178","price":"0.96058045","timestamp":1624743003,"volume":"19.88759999","buyTxId":"MM-P-8151716-55129816-3-10-0","sellTxId":"e31217c96eb1d4974da3e6f6959118b77c41b2ec"}
{"index": {"_index":"pob","_id":"1173932"}}
	{"id":1173932,"type":"sell","buyer":"gimme-your-coinz","seller":"enrique89","symbol":"POB","quantity":"0.29626822","price":"0.96048045","timestamp":1624743003,"volume":"0.28455983","buyTxId":"3780b2810b9b26b2e398e22c8bda65083a1b407a","sellTxId":"e31217c96eb1d4974da3e6f6959118b77c41b2ec"}
{"index": {"_index":"pob","_id":"1173937"}}
	{"id":1173937,"type":"buy","buyer":"elricmoonslayer","seller":"mawit07","symbol":"POB","quantity":"0.52059283","price":"1.04000000","timestamp":1624743222,"volume":"0.54141654","buyTxId":"7b7fab7afe7ca68935638b8e1b201a2809e16e47","sellTxId":"6badae1108b576e45eaa0600b1720dbcd2972fa5"}
{"index": {"_index":"pob","_id":"1173938"}}
	{"id":1173938,"type":"buy","buyer":"elricmoonslayer","seller":"solovey6o2","symbol":"POB","quantity":"4.47940717","price":"1.09980980","timestamp":1624743222,"volume":"4.92649590","buyTxId":"7b7fab7afe7ca68935638b8e1b201a2809e16e47","sellTxId":"3bff130d1ccc8c7d7b1ea346be9d94a97b61dbb3"}
{"index": {"_index":"pob","_id":"1173945"}}
	{"id":1173945,"type":"sell","buyer":"gimme-your-coinz","seller":"esecholo","symbol":"POB","quantity":"5.74000000","price":"0.96064080","timestamp":1624744032,"volume":"5.51407819","buyTxId":"fdb2c12375af6ed2dbeffbcbff2618a9ea7a24c9","sellTxId":"1a625f63b574a48848f1491a8e421fd9ce23c984"}
{"index": {"_index":"pob","_id":"1173946"}}
	{"id":1173946,"type":"sell","buyer":"gimme-your-coinz","seller":"elricmoonslayer","symbol":"POB","quantity":"3.00000000","price":"0.96064080","timestamp":1624744035,"volume":"2.88192240","buyTxId":"fdb2c12375af6ed2dbeffbcbff2618a9ea7a24c9","sellTxId":"6d73bcea7d3242ff1fdb30502d8f46d8db8602d7"}
{"index": {"_index":"pob","_id":"1173993"}}
	{"id":1173993,"type":"buy","buyer":"offgridlife","seller":"solovey6o2","symbol":"POB","quantity":"0.01000000","price":"1.09972972","timestamp":1624745673,"volume":"0.01099730","buyTxId":"22e7e94c2cd671b57b3ec1c06132b904589a6c00","sellTxId":"f77fa8a2c09cfe0ff9f2ed828e4bbb59e51442ac"}
{"index": {"_index":"pob","_id":"1173994"}}
	{"id":1173994,"type":"buy","buyer":"offgridlife","seller":"solovey6o2","symbol":"POB","quantity":"0.01000000","price":"1.09972972","timestamp":1624745688,"volume":"0.01099730","buyTxId":"43c7ccb8006fe028475e66ee64eeaaa7404c9476","sellTxId":"f77fa8a2c09cfe0ff9f2ed828e4bbb59e51442ac"}
{"index": {"_index":"pob","_id":"1173995"}}
	{"id":1173995,"type":"buy","buyer":"offgridlife","seller":"solovey6o2","symbol":"POB","quantity":"0.01000000","price":"1.09972972","timestamp":1624745700,"volume":"0.01099730","buyTxId":"19dcd73822b6e18b6daa72d9a93774d628c74a0d","sellTxId":"f77fa8a2c09cfe0ff9f2ed828e4bbb59e51442ac"}
{"index": {"_index":"pob","_id":"1173996"}}
	{"id":1173996,"type":"buy","buyer":"offgridlife","seller":"solovey6o2","symbol":"POB","quantity":"0.01000000","price":"1.09972972","timestamp":1624745712,"volume":"0.01099730","buyTxId":"71d9fe643c628f53619ed23a9452d90ad2a2f87a","sellTxId":"f77fa8a2c09cfe0ff9f2ed828e4bbb59e51442ac"}
{"index": {"_index":"pob","_id":"1174014"}}
	{"id":1174014,"type":"sell","buyer":"sidekickmatt","seller":"chubb149","symbol":"POB","quantity":"1.00000000","price":"1.05000000","timestamp":1624746648,"volume":"1.05000000","buyTxId":"7f779118fb56dabc5dc95be8649e3b81250cefd6","sellTxId":"63f3cb63de6a95435be1635c100175345254264d"}
{"index": {"_index":"pob","_id":"1174015"}}
	{"id":1174015,"type":"buy","buyer":"elkaos","seller":"solovey6o2","symbol":"POB","quantity":"0.31844767","price":"1.09969969","timestamp":1624746681,"volume":"0.35019680","buyTxId":"888bef5537908f840d5cdd6de4dd697a6d7a9792","sellTxId":"9a06e3df72d4252fc2060e2ffc20ca24a2d86ad0"}
{"index": {"_index":"pob","_id":"1174123"}}
	{"id":1174123,"type":"sell","buyer":"gimme-your-coinz","seller":"pialejoana","symbol":"POB","quantity":"88.00000000","price":"0.96106213","timestamp":1624750401,"volume":"84.57346744","buyTxId":"31ef6edad523842a0bab1632116e3f6d0b0e73e5","sellTxId":"0cccddfaff1b25e995b029fcb8188b9c2487abd1"}
{"index": {"_index":"pob","_id":"1174130"}}
	{"id":1174130,"type":"sell","buyer":"gimme-your-coinz","seller":"pialejoana","symbol":"POB","quantity":"25.00000000","price":"0.96108223","timestamp":1624750695,"volume":"24.02705575","buyTxId":"b57bd9aa06c9c8581ee86ad20f7797c2d7352577","sellTxId":"cdebfd4a72e37c2f2d3318a12eb8aa4bb75a24cc"}
{"index": {"_index":"pob","_id":"1174146"}}
	{"id":1174146,"type":"sell","buyer":"gimme-your-coinz","seller":"tlundy47","symbol":"POB","quantity":"0.06411061","price":"0.96114250","timestamp":1624751535,"volume":"0.06161943","buyTxId":"e7d48f2d45390f1ed7a37ef52bd232bccc135b5f","sellTxId":"22f91d20b13c5575a26e9bd960dd2722d8816bc6"}
{"index": {"_index":"pob","_id":"1174211"}}
	{"id":1174211,"type":"buy","buyer":"offgridlife","seller":"solovey6o2","symbol":"POB","quantity":"0.01000000","price":"1.09939939","timestamp":1624755513,"volume":"0.01099399","buyTxId":"b8ba854dd2c27df139c37d4c881dff263ee06241","sellTxId":"de588375bac95721e1b0f688fd6b57ee55679943"}
{"index": {"_index":"pob","_id":"1174212"}}
	{"id":1174212,"type":"buy","buyer":"offgridlife","seller":"solovey6o2","symbol":"POB","quantity":"0.01000000","price":"1.09939939","timestamp":1624755525,"volume":"0.01099399","buyTxId":"bf1a95fa5e957b5bfab4c1019fdd7c25f7c53d0f","sellTxId":"de588375bac95721e1b0f688fd6b57ee55679943"}
{"index": {"_index":"pob","_id":"1174213"}}
	{"id":1174213,"type":"buy","buyer":"offgridlife","seller":"solovey6o2","symbol":"POB","quantity":"0.01000000","price":"1.09939939","timestamp":1624755546,"volume":"0.01099399","buyTxId":"dc08575c077b80dbc7e61ed1cd406e77ce16b981","sellTxId":"de588375bac95721e1b0f688fd6b57ee55679943"}
{"index": {"_index":"pob","_id":"1174245"}}
	{"id":1174245,"type":"sell","buyer":"gimme-your-coinz","seller":"coyotelation","symbol":"POB","quantity":"20.99359834","price":"0.96149405","timestamp":1624756857,"volume":"20.18521989","buyTxId":"ee9cef6545ab82ac0c946a3c36550da97523b741","sellTxId":"53eefe13fa2a61647f9db5cf57f75f4cb9163fc0"}
{"index": {"_index":"pob","_id":"1174250"}}
	{"id":1174250,"type":"sell","buyer":"gimme-your-coinz","seller":"afril","symbol":"POB","quantity":"0.39968004","price":"0.96152415","timestamp":1624757244,"volume":"0.38430201","buyTxId":"06373e963792d8effff65ef034b6e66ed9d0ca89","sellTxId":"8f48be0f3cc0f4ffcc2915367fd8f03c6cc9b3a5"}
{"index": {"_index":"pob","_id":"1174286"}}
	{"id":1174286,"type":"sell","buyer":"gimme-your-coinz","seller":"juanvegetarian","symbol":"POB","quantity":"0.07988806","price":"0.96223051","timestamp":1624760703,"volume":"0.07687073","buyTxId":"dda9ba346e7441ca18ef60d50eea4ce0d624e3a4","sellTxId":"ce16705489c046f3e393df3e587fd357d3a6500b"}
{"index": {"_index":"pob","_id":"1174291"}}
	{"id":1174291,"type":"sell","buyer":"bluesniper","seller":"espandorr","symbol":"POB","quantity":"51.00000000","price":"0.96226061","timestamp":1624761102,"volume":"49.07529111","buyTxId":"MM-P-8157669-55135841-3-5-0","sellTxId":"43e43184bc4dea76f115a3238736eea04575ba2c"}
{"index": {"_index":"pob","_id":"1174304"}}
	{"id":1174304,"type":"sell","buyer":"gimme-your-coinz","seller":"jakiro12","symbol":"POB","quantity":"19.10596068","price":"0.96229075","timestamp":1624761651,"volume":"18.38548923","buyTxId":"32fc7588ac43ad349b8beb9291d568488aca5d2f","sellTxId":"3b3f1da2cf48b4303a638dc5740a5a490613c647"}
