{"index": {"_index":"pob","_id":"3746090"}}
	{"id":3746090,"type":"sell","buyer":"maarnio","seller":"tanzil2024","symbol":"POB","quantity":"19.39305234","price":"0.01610000","timestamp":1655865210,"volume":"0.31222814","buyTxId":"35f36a670d6bdae760bd439d211c5a9fe96acd2f","sellTxId":"7a2c3d05c2d7cc4abeb23bf1cee69ed200a9a9ab"}
{"index": {"_index":"pob","_id":"3746106"}}
	{"id":3746106,"type":"sell","buyer":"maarnio","seller":"steem82868","symbol":"POB","quantity":"3.87740461","price":"0.01610000","timestamp":1655865543,"volume":"0.06242621","buyTxId":"35f36a670d6bdae760bd439d211c5a9fe96acd2f","sellTxId":"f092af66aa72ee599e46225ec4296ec384fa1e0d"}
{"index": {"_index":"pob","_id":"3746893"}}
	{"id":3746893,"type":"sell","buyer":"pedrobrito2004","seller":"monsterbuster","symbol":"POB","quantity":"9.79478686","price":"0.01650000","timestamp":1655879769,"volume":"0.16161398","buyTxId":"a34c509f5c416b54952116da60e0aa341a7f44c7","sellTxId":"fa91afad1acd16926879aa82326ef4e745994d37"}
{"index": {"_index":"pob","_id":"3746967"}}
	{"id":3746967,"type":"sell","buyer":"pedrobrito2004","seller":"astrocreator","symbol":"POB","quantity":"60.20521314","price":"0.01650000","timestamp":1655880483,"volume":"0.99338602","buyTxId":"a34c509f5c416b54952116da60e0aa341a7f44c7","sellTxId":"24dcee512414e1ceadfdd50bcefdac8d29665e16"}
{"index": {"_index":"pob","_id":"3746968"}}
	{"id":3746968,"type":"sell","buyer":"he-index","seller":"astrocreator","symbol":"POB","quantity":"0.24200000","price":"0.01650000","timestamp":1655880483,"volume":"0.00399300","buyTxId":"078fa01c2d28559a018c08299a4dbc255884f68d","sellTxId":"24dcee512414e1ceadfdd50bcefdac8d29665e16"}
{"index": {"_index":"pob","_id":"3746969"}}
	{"id":3746969,"type":"sell","buyer":"maarnio","seller":"astrocreator","symbol":"POB","quantity":"201.73770489","price":"0.01610000","timestamp":1655880483,"volume":"3.24797705","buyTxId":"35f36a670d6bdae760bd439d211c5a9fe96acd2f","sellTxId":"24dcee512414e1ceadfdd50bcefdac8d29665e16"}
{"index": {"_index":"pob","_id":"3746970"}}
	{"id":3746970,"type":"sell","buyer":"churchoftheway","seller":"astrocreator","symbol":"POB","quantity":"5.00000000","price":"0.01610000","timestamp":1655880483,"volume":"0.08050000","buyTxId":"88c27cb0ba81c48995afaa15848497c430a471b1","sellTxId":"24dcee512414e1ceadfdd50bcefdac8d29665e16"}
{"index": {"_index":"pob","_id":"3746974"}}
	{"id":3746974,"type":"buy","buyer":"pjansen","seller":"astrocreator","symbol":"POB","quantity":"623.91284274","price":"0.01602804","timestamp":1655880534,"volume":"10.0001","buyTxId":"29d8f80d772e2e154572d60d0dd257068a8cc411","sellTxId":"24dcee512414e1ceadfdd50bcefdac8d29665e16"}
{"index": {"_index":"pob","_id":"3746976"}}
	{"id":3746976,"type":"buy","buyer":"pjansen","seller":"astrocreator","symbol":"POB","quantity":"623.91284274","price":"0.01602804","timestamp":1655880570,"volume":"10.0001","buyTxId":"5b2860f7d7dc2409770a53d6a722eb840bf8ddd3","sellTxId":"24dcee512414e1ceadfdd50bcefdac8d29665e16"}
{"index": {"_index":"pob","_id":"3747028"}}
	{"id":3747028,"type":"sell","buyer":"shanhenry","seller":"atyh","symbol":"POB","quantity":"1.84404052","price":"0.01600000","timestamp":1655881293,"volume":"0.02950465","buyTxId":"5719a8abd5555939998d1558e6ff20ed7221045d","sellTxId":"5e0d099ee1f9781aadbcc0fa12fb5a0442f942d3"}
{"index": {"_index":"pob","_id":"3747100"}}
	{"id":3747100,"type":"sell","buyer":"shanhenry","seller":"florenceboens","symbol":"POB","quantity":"0.16054700","price":"0.01600000","timestamp":1655882112,"volume":"0.00256875","buyTxId":"5719a8abd5555939998d1558e6ff20ed7221045d","sellTxId":"351ccac6926c7067e1e1f855b60f098adc8f957a"}
{"index": {"_index":"pob","_id":"3747175"}}
	{"id":3747175,"type":"sell","buyer":"shanhenry","seller":"ugochill","symbol":"POB","quantity":"0.21494695","price":"0.01600000","timestamp":1655883258,"volume":"0.00343915","buyTxId":"5719a8abd5555939998d1558e6ff20ed7221045d","sellTxId":"92fda89c4d5bdf849ebbfbed0bfbd64a61f5cf8a"}
{"index": {"_index":"pob","_id":"3747278"}}
	{"id":3747278,"type":"sell","buyer":"shanhenry","seller":"embunpagi","symbol":"POB","quantity":"1.00000000","price":"0.01600000","timestamp":1655884542,"volume":"0.01600000","buyTxId":"5719a8abd5555939998d1558e6ff20ed7221045d","sellTxId":"82931dc843e20d095ccb5662f56713aa647472f9"}
{"index": {"_index":"pob","_id":"3747310"}}
	{"id":3747310,"type":"sell","buyer":"shanhenry","seller":"embunpagi","symbol":"POB","quantity":"2.00000000","price":"0.01600000","timestamp":1655884923,"volume":"0.03200000","buyTxId":"5719a8abd5555939998d1558e6ff20ed7221045d","sellTxId":"d0225e5d34248b4eafe36c43250a5ca49f7ce11a"}
{"index": {"_index":"pob","_id":"3747314"}}
	{"id":3747314,"type":"sell","buyer":"shanhenry","seller":"kizunasport","symbol":"POB","quantity":"187.37372716","price":"0.01600000","timestamp":1655884968,"volume":"2.99797963","buyTxId":"5719a8abd5555939998d1558e6ff20ed7221045d","sellTxId":"3e870761428e465cfe1531c68cf57f7366e7794e"}
{"index": {"_index":"pob","_id":"3747414"}}
	{"id":3747414,"type":"sell","buyer":"shanhenry","seller":"ctpsb","symbol":"POB","quantity":"3.01200000","price":"0.01600000","timestamp":1655886258,"volume":"0.04819200","buyTxId":"5719a8abd5555939998d1558e6ff20ed7221045d","sellTxId":"6d638001e9481b13e8239db524c97a752404945a"}
{"index": {"_index":"pob","_id":"3747542"}}
	{"id":3747542,"type":"sell","buyer":"shanhenry","seller":"erikah","symbol":"POB","quantity":"103.00000000","price":"0.01600000","timestamp":1655887575,"volume":"1.64800000","buyTxId":"5719a8abd5555939998d1558e6ff20ed7221045d","sellTxId":"fb45771248c6a5f4b184a75385ad4ff5d9b251f2"}
{"index": {"_index":"pob","_id":"3747667"}}
	{"id":3747667,"type":"sell","buyer":"shanhenry","seller":"liotes.voter","symbol":"POB","quantity":"27.52000000","price":"0.01600000","timestamp":1655888826,"volume":"0.44032000","buyTxId":"5719a8abd5555939998d1558e6ff20ed7221045d","sellTxId":"05633f9e956cfa67f3fc438b5092762522f947cc"}
{"index": {"_index":"pob","_id":"3747722"}}
	{"id":3747722,"type":"sell","buyer":"shanhenry","seller":"ezun1","symbol":"POB","quantity":"23.00000000","price":"0.01600000","timestamp":1655889624,"volume":"0.36800000","buyTxId":"5719a8abd5555939998d1558e6ff20ed7221045d","sellTxId":"32ca47727c0fffac0554950a6aa752a3ebe0d12f"}
{"index": {"_index":"pob","_id":"3747754"}}
	{"id":3747754,"type":"sell","buyer":"shanhenry","seller":"leslieq78","symbol":"POB","quantity":"22.67525301","price":"0.01600000","timestamp":1655889873,"volume":"0.36280405","buyTxId":"5719a8abd5555939998d1558e6ff20ed7221045d","sellTxId":"9458a893db8cc04b4e4e1093a8e75fcc1676efa7"}
{"index": {"_index":"pob","_id":"3747849"}}
	{"id":3747849,"type":"buy","buyer":"pjansen","seller":"astrocreator","symbol":"POB","quantity":"128.89286525","price":"0.01602804","timestamp":1655891313,"volume":"2.0659","buyTxId":"9fa7d1adb096144e8acd22ed9a306bee94f2ae22","sellTxId":"24dcee512414e1ceadfdd50bcefdac8d29665e16"}
{"index": {"_index":"pob","_id":"3747963"}}
	{"id":3747963,"type":"sell","buyer":"shanhenry","seller":"botefarm","symbol":"POB","quantity":"4.57133711","price":"0.01600000","timestamp":1655893575,"volume":"0.07314139","buyTxId":"5719a8abd5555939998d1558e6ff20ed7221045d","sellTxId":"5711c1152a31e268900c0a4fc81d6d946c5e6bf6"}
{"index": {"_index":"pob","_id":"3747974"}}
	{"id":3747974,"type":"buy","buyer":"pjansen","seller":"astrocreator","symbol":"POB","quantity":"109.65158559","price":"0.01602804","timestamp":1655893848,"volume":"1.7575","buyTxId":"0b96d3b0ba7e3dc018c38a2bbca9db7805a1b4d1","sellTxId":"24dcee512414e1ceadfdd50bcefdac8d29665e16"}
{"index": {"_index":"pob","_id":"3748008"}}
	{"id":3748008,"type":"buy","buyer":"frawdielp","seller":"astrocreator","symbol":"POB","quantity":"61.29345925","price":"0.01602804","timestamp":1655894199,"volume":"0.98241402","buyTxId":"ab4523c45d3579fd1efe2574c88f18e9335b7c8c","sellTxId":"24dcee512414e1ceadfdd50bcefdac8d29665e16"}
{"index": {"_index":"pob","_id":"3748009"}}
	{"id":3748009,"type":"buy","buyer":"frawdielp","seller":"damla","symbol":"POB","quantity":"3.19714672","price":"0.01602804","timestamp":1655894199,"volume":"0.05124400","buyTxId":"ab4523c45d3579fd1efe2574c88f18e9335b7c8c","sellTxId":"7915bef82cd951cc1d13d29504acf313b04361fa"}
{"index": {"_index":"pob","_id":"3748010"}}
	{"id":3748010,"type":"buy","buyer":"frawdielp","seller":"onlydoge","symbol":"POB","quantity":"152.82898009","price":"0.01680000","timestamp":1655894199,"volume":"2.56752687","buyTxId":"ab4523c45d3579fd1efe2574c88f18e9335b7c8c","sellTxId":"dfdb91c34de0e87d6abb627ece88347e60330512"}
{"index": {"_index":"pob","_id":"3748036"}}
	{"id":3748036,"type":"buy","buyer":"pjansen","seller":"quicktrades","symbol":"POB","quantity":"5.44311850","price":"0.01689998","timestamp":1655894736,"volume":"0.09198859","buyTxId":"fccadf14cfd2e5b0bdca02d662528c4789bf3a82","sellTxId":"0c0a50f3b9ea883be3262403dc3a323d7bb15376"}
{"index": {"_index":"pob","_id":"3748037"}}
	{"id":3748037,"type":"buy","buyer":"pjansen","seller":"droida","symbol":"POB","quantity":"0.51209016","price":"0.01689999","timestamp":1655894736,"volume":"0.00865432","buyTxId":"fccadf14cfd2e5b0bdca02d662528c4789bf3a82","sellTxId":"47b86ce408338475ac5101f53badab406f81b7c9"}
{"index": {"_index":"pob","_id":"3748038"}}
	{"id":3748038,"type":"buy","buyer":"pjansen","seller":"richardcrill","symbol":"POB","quantity":"104.97970946","price":"0.01690000","timestamp":1655894736,"volume":"1.77415709","buyTxId":"fccadf14cfd2e5b0bdca02d662528c4789bf3a82","sellTxId":"MM-P-18489057-65480774-3-12-0"}
{"index": {"_index":"pob","_id":"3748115"}}
	{"id":3748115,"type":"sell","buyer":"shanhenry","seller":"rose98734","symbol":"POB","quantity":"0.53067034","price":"0.01600000","timestamp":1655895909,"volume":"0.00849073","buyTxId":"5719a8abd5555939998d1558e6ff20ed7221045d","sellTxId":"e964ed4fc361e3ab0cd3debc8498f5c08d5d9b6d"}
{"index": {"_index":"pob","_id":"3748186"}}
	{"id":3748186,"type":"sell","buyer":"shanhenry","seller":"bilpcoinbpc","symbol":"POB","quantity":"0.56081350","price":"0.01600000","timestamp":1655897073,"volume":"0.00897302","buyTxId":"5719a8abd5555939998d1558e6ff20ed7221045d","sellTxId":"235368faaf0cc95ae5ed85d111e7402bcd1c8284"}
{"index": {"_index":"pob","_id":"3748187"}}
	{"id":3748187,"type":"sell","buyer":"shanhenry","seller":"jerryzikko","symbol":"POB","quantity":"0.24562384","price":"0.01600000","timestamp":1655897091,"volume":"0.00392998","buyTxId":"5719a8abd5555939998d1558e6ff20ed7221045d","sellTxId":"377a9fa30bc0347d842a5055fed202e6709cdbda"}
{"index": {"_index":"pob","_id":"3748890"}}
	{"id":3748890,"type":"sell","buyer":"onlydoge","seller":"ugochill","symbol":"POB","quantity":"0.01663363","price":"0.01530000","timestamp":1655904984,"volume":"0.00025449","buyTxId":"4360b374c0152c0014df936226aab723bd9cf73a","sellTxId":"2c23cadba6e012cd20511be8c5801aaa04f0b7f6"}
{"index": {"_index":"pob","_id":"3749311"}}
	{"id":3749311,"type":"sell","buyer":"onlydoge","seller":"trumpman","symbol":"POB","quantity":"73.17306993","price":"0.01530000","timestamp":1655907831,"volume":"1.11954797","buyTxId":"4360b374c0152c0014df936226aab723bd9cf73a","sellTxId":"93d2432a8b23aa2a9ab7d1eef91934d1f56c124a"}
{"index": {"_index":"pob","_id":"3749523"}}
	{"id":3749523,"type":"sell","buyer":"onlydoge","seller":"andy4475","symbol":"POB","quantity":"18.00952182","price":"0.01530000","timestamp":1655909739,"volume":"0.27554568","buyTxId":"4360b374c0152c0014df936226aab723bd9cf73a","sellTxId":"019e8c486e4b796954dfed792e75028dfb743549"}
{"index": {"_index":"pob","_id":"3749530"}}
	{"id":3749530,"type":"sell","buyer":"onlydoge","seller":"papacrusher","symbol":"POB","quantity":"34.39431516","price":"0.01530000","timestamp":1655909781,"volume":"0.52623302","buyTxId":"4360b374c0152c0014df936226aab723bd9cf73a","sellTxId":"3035ac243c32401ec6b20a64e52ecec3bad3626d"}
{"index": {"_index":"pob","_id":"3749962"}}
	{"id":3749962,"type":"buy","buyer":"frawdielp","seller":"onlydoge","symbol":"POB","quantity":"73.18970355","price":"0.01680000","timestamp":1655913798,"volume":"1.22958702","buyTxId":"9063d73a52bf8415d169223f92ed46ac0e4408bf","sellTxId":"0445155faeeab9f817b86ad4fdcd053f9b13ade7"}
{"index": {"_index":"pob","_id":"3749989"}}
	{"id":3749989,"type":"buy","buyer":"pjansen","seller":"onlydoge","symbol":"POB","quantity":"52.40383698","price":"0.01680000","timestamp":1655914161,"volume":"0.88038446","buyTxId":"94bee271c66a6dfdd1147fc5ae11e2b6776b53c4","sellTxId":"61cbe16cdcd4a53ed9317b061b08367b83ff2cf0"}
{"index": {"_index":"pob","_id":"3749990"}}
	{"id":3749990,"type":"buy","buyer":"pjansen","seller":"richardcrill","symbol":"POB","quantity":"0.00091952","price":"0.01690000","timestamp":1655914161,"volume":"0.00001554","buyTxId":"94bee271c66a6dfdd1147fc5ae11e2b6776b53c4","sellTxId":"MM-P-18489057-65480774-3-12-0"}
{"index": {"_index":"pob","_id":"3750043"}}
	{"id":3750043,"type":"sell","buyer":"onlydoge","seller":"denmarkguy","symbol":"POB","quantity":"2.62384363","price":"0.01530000","timestamp":1655914683,"volume":"0.04014481","buyTxId":"4360b374c0152c0014df936226aab723bd9cf73a","sellTxId":"6588bb71c70217467c92045130342df23a982c8d"}
{"index": {"_index":"pob","_id":"3750194"}}
	{"id":3750194,"type":"sell","buyer":"onlydoge","seller":"whitelightxpress","symbol":"POB","quantity":"1.27366936","price":"0.01530000","timestamp":1655915529,"volume":"0.01948714","buyTxId":"4360b374c0152c0014df936226aab723bd9cf73a","sellTxId":"904cdd6ba3490328b22e79adf459f36f73f9c449"}
{"index": {"_index":"pob","_id":"3750637"}}
	{"id":3750637,"type":"sell","buyer":"irivers","seller":"cwow2","symbol":"POB","quantity":"5.10204246","price":"0.01540000","timestamp":1655918361,"volume":"0.07857145","buyTxId":"0b12db126360ae199ea9f37a5691564450b895fc","sellTxId":"300f850563df36a4ff04f739e95586b6ae2d0279"}
{"index": {"_index":"pob","_id":"3750888"}}
	{"id":3750888,"type":"sell","buyer":"irivers","seller":"zakludick","symbol":"POB","quantity":"0.72779514","price":"0.01540000","timestamp":1655920320,"volume":"0.01120805","buyTxId":"0b12db126360ae199ea9f37a5691564450b895fc","sellTxId":"2f244e58643d69bf0953787e432311b52837d60a"}
{"index": {"_index":"pob","_id":"3751137"}}
	{"id":3751137,"type":"sell","buyer":"irivers","seller":"lordneroo","symbol":"POB","quantity":"12.17016240","price":"0.01540000","timestamp":1655923146,"volume":"0.18742050","buyTxId":"0b12db126360ae199ea9f37a5691564450b895fc","sellTxId":"e24b9d7b1b5e207c8a6493cad933e4c0a6dac666"}
{"index": {"_index":"pob","_id":"3751142"}}
	{"id":3751142,"type":"buy","buyer":"frawdielp","seller":"lordneroo","symbol":"POB","quantity":"17.05644068","price":"0.01534164","timestamp":1655923212,"volume":"0.26167377","buyTxId":"42b0d29dbc67c153094e2b071ebcd45d65b3a9f9","sellTxId":"e24b9d7b1b5e207c8a6493cad933e4c0a6dac666"}
{"index": {"_index":"pob","_id":"3751509"}}
	{"id":3751509,"type":"sell","buyer":"onlydoge","seller":"ham222mer","symbol":"POB","quantity":"0.29333142","price":"0.01530000","timestamp":1655925711,"volume":"0.00448797","buyTxId":"4360b374c0152c0014df936226aab723bd9cf73a","sellTxId":"13848a57347fba0f5b11816e2c5f2c0fdc0ba08a"}
{"index": {"_index":"pob","_id":"3751671"}}
	{"id":3751671,"type":"sell","buyer":"onlydoge","seller":"crypto-futurist","symbol":"POB","quantity":"0.02168578","price":"0.01530000","timestamp":1655927496,"volume":"0.00033179","buyTxId":"4360b374c0152c0014df936226aab723bd9cf73a","sellTxId":"f55f905148c601357a828d54485dbbff5961596e"}
{"index": {"_index":"pob","_id":"3751806"}}
	{"id":3751806,"type":"sell","buyer":"onlydoge","seller":"andy4475","symbol":"POB","quantity":"13.00981573","price":"0.01530000","timestamp":1655929389,"volume":"0.19905018","buyTxId":"4360b374c0152c0014df936226aab723bd9cf73a","sellTxId":"1b38acb9fd875fb01d8371e35da8d05f6f49e63e"}
{"index": {"_index":"pob","_id":"3751999"}}
	{"id":3751999,"type":"sell","buyer":"onlydoge","seller":"deathwing","symbol":"POB","quantity":"0.025","price":"0.01530000","timestamp":1655931306,"volume":"0.00038250","buyTxId":"4360b374c0152c0014df936226aab723bd9cf73a","sellTxId":"ee4b4c5ec90fbeaf7461972cef4ef7ea0b048222-0"}
{"index": {"_index":"pob","_id":"3752037"}}
	{"id":3752037,"type":"sell","buyer":"onlydoge","seller":"darth-azrael","symbol":"POB","quantity":"15.00000000","price":"0.01530000","timestamp":1655931900,"volume":"0.22950000","buyTxId":"4360b374c0152c0014df936226aab723bd9cf73a","sellTxId":"5c93b4ba5e25f39f5eb89f7529c5b43690d11e8e"}
{"index": {"_index":"pob","_id":"3752044"}}
	{"id":3752044,"type":"sell","buyer":"onlydoge","seller":"gubbatv","symbol":"POB","quantity":"32.57925031","price":"0.01530000","timestamp":1655932047,"volume":"0.49846253","buyTxId":"4360b374c0152c0014df936226aab723bd9cf73a","sellTxId":"0716bb90fe9f19f77cf6d8e336ea7f44f253ea5c"}
{"index": {"_index":"pob","_id":"3752063"}}
	{"id":3752063,"type":"buy","buyer":"thegoliath","seller":"quicktrades","symbol":"POB","quantity":"0.54720671","price":"0.01689998","timestamp":1655932260,"volume":"0.00924778","buyTxId":"c31ba29a22bad79d3ead69703bf1036c30546444","sellTxId":"542a5dc3622a2c4244bb257b39021c81e51dcd44"}
{"index": {"_index":"pob","_id":"3752064"}}
	{"id":3752064,"type":"buy","buyer":"thegoliath","seller":"droida","symbol":"POB","quantity":"0.75343923","price":"0.01689999","timestamp":1655932260,"volume":"0.01273312","buyTxId":"c31ba29a22bad79d3ead69703bf1036c30546444","sellTxId":"55238208cef334e3f84860fe7c586b001c60ad1c"}
{"index": {"_index":"pob","_id":"3752065"}}
	{"id":3752065,"type":"buy","buyer":"thegoliath","seller":"richardcrill","symbol":"POB","quantity":"228.01937102","price":"0.01690000","timestamp":1655932260,"volume":"3.85352737","buyTxId":"c31ba29a22bad79d3ead69703bf1036c30546444","sellTxId":"MM-P-18489057-65480774-3-12-0"}
{"index": {"_index":"pob","_id":"3752066"}}
	{"id":3752066,"type":"buy","buyer":"thegoliath","seller":"bala41288","symbol":"POB","quantity":"215.07770902","price":"0.01700000","timestamp":1655932260,"volume":"3.65632105","buyTxId":"c31ba29a22bad79d3ead69703bf1036c30546444","sellTxId":"9b31d6dbb2fd7659bd20dac521ddbd1b6e714718"}
{"index": {"_index":"pob","_id":"3752067"}}
	{"id":3752067,"type":"buy","buyer":"thegoliath","seller":"zirochka","symbol":"POB","quantity":"0.16088941","price":"0.01700000","timestamp":1655932260,"volume":"0.00273512","buyTxId":"c31ba29a22bad79d3ead69703bf1036c30546444","sellTxId":"ede44584f8c5111c48e44001e2a13092174e57bf"}
{"index": {"_index":"pob","_id":"3752068"}}
	{"id":3752068,"type":"buy","buyer":"thegoliath","seller":"giono","symbol":"POB","quantity":"20.00000000","price":"0.01700000","timestamp":1655932260,"volume":"0.34000000","buyTxId":"c31ba29a22bad79d3ead69703bf1036c30546444","sellTxId":"98fe9fa51c698b15752750514dee94819f76cfb5"}
{"index": {"_index":"pob","_id":"3752069"}}
	{"id":3752069,"type":"buy","buyer":"thegoliath","seller":"dhedge-drips","symbol":"POB","quantity":"0.25002737","price":"0.01870000","timestamp":1655932260,"volume":"0.00467551","buyTxId":"c31ba29a22bad79d3ead69703bf1036c30546444","sellTxId":"24107d8faef5b8de716911efeaead2d783769002"}
{"index": {"_index":"pob","_id":"3752070"}}
	{"id":3752070,"type":"buy","buyer":"thegoliath","seller":"amigareaction","symbol":"POB","quantity":"1.07883908","price":"0.01900000","timestamp":1655932260,"volume":"0.02049794","buyTxId":"c31ba29a22bad79d3ead69703bf1036c30546444","sellTxId":"6ff511c343201625f640dc38b8b6f24e8ccbdd7f"}
{"index": {"_index":"pob","_id":"3752071"}}
	{"id":3752071,"type":"buy","buyer":"thegoliath","seller":"beemd","symbol":"POB","quantity":"30.78044843","price":"0.01990000","timestamp":1655932260,"volume":"0.61253092","buyTxId":"c31ba29a22bad79d3ead69703bf1036c30546444","sellTxId":"b834916d10c6917b1ff6986a1cb805d95a9c01cb"}
{"index": {"_index":"pob","_id":"3752072"}}
	{"id":3752072,"type":"buy","buyer":"thegoliath","seller":"r1s2g3","symbol":"POB","quantity":"12.40352168","price":"0.02000000","timestamp":1655932260,"volume":"0.24807043","buyTxId":"c31ba29a22bad79d3ead69703bf1036c30546444","sellTxId":"55506a2f0ab87012c257ce4da14fa8eadc620995"}
{"index": {"_index":"pob","_id":"3752073"}}
	{"id":3752073,"type":"buy","buyer":"thegoliath","seller":"saachi","symbol":"POB","quantity":"16.46380034","price":"0.02000000","timestamp":1655932260,"volume":"0.32927601","buyTxId":"c31ba29a22bad79d3ead69703bf1036c30546444","sellTxId":"e4c81eb0719b4395bb41e487f19d647397453c63"}
{"index": {"_index":"pob","_id":"3752074"}}
	{"id":3752074,"type":"buy","buyer":"thegoliath","seller":"saachi.list","symbol":"POB","quantity":"13.49192486","price":"0.02000000","timestamp":1655932260,"volume":"0.26983850","buyTxId":"c31ba29a22bad79d3ead69703bf1036c30546444","sellTxId":"025101c287470af5475a23234c73abf535ce71a3"}
{"index": {"_index":"pob","_id":"3752075"}}
	{"id":3752075,"type":"buy","buyer":"thegoliath","seller":"damla","symbol":"POB","quantity":"0.30507484","price":"0.02000000","timestamp":1655932260,"volume":"0.00610150","buyTxId":"c31ba29a22bad79d3ead69703bf1036c30546444","sellTxId":"784a02139606681707c56497a17c893fdfd15db1"}
{"index": {"_index":"pob","_id":"3752076"}}
	{"id":3752076,"type":"buy","buyer":"thegoliath","seller":"woelfchen","symbol":"POB","quantity":"50.00000000","price":"0.02058800","timestamp":1655932260,"volume":"1.02940000","buyTxId":"c31ba29a22bad79d3ead69703bf1036c30546444","sellTxId":"2e71e0a0199ed0386547edfca753733d7199e565"}
{"index": {"_index":"pob","_id":"3752077"}}
	{"id":3752077,"type":"buy","buyer":"thegoliath","seller":"imagenius.dac","symbol":"POB","quantity":"203.00000000","price":"0.02070000","timestamp":1655932260,"volume":"4.20210000","buyTxId":"c31ba29a22bad79d3ead69703bf1036c30546444","sellTxId":"4b6ce36fddbab46700ddee883775998d3fdc7989"}
{"index": {"_index":"pob","_id":"3752078"}}
	{"id":3752078,"type":"buy","buyer":"thegoliath","seller":"beemd","symbol":"POB","quantity":"207.66774801","price":"0.02190000","timestamp":1655932260,"volume":"4.54792368","buyTxId":"c31ba29a22bad79d3ead69703bf1036c30546444","sellTxId":"89782a005f1f902780a9377e0ac0738006db86cb"}
{"index": {"_index":"pob","_id":"3752197"}}
	{"id":3752197,"type":"sell","buyer":"onlydoge","seller":"rebet","symbol":"POB","quantity":"12.13660456","price":"0.01530000","timestamp":1655934360,"volume":"0.18569005","buyTxId":"4360b374c0152c0014df936226aab723bd9cf73a","sellTxId":"74909ae8c3f928a92358bb6ac9ef639fc5e8e24b"}
{"index": {"_index":"pob","_id":"3752261"}}
	{"id":3752261,"type":"sell","buyer":"onlydoge","seller":"he-index","symbol":"POB","quantity":"0.04600000","price":"0.01530000","timestamp":1655935263,"volume":"0.00070380","buyTxId":"4360b374c0152c0014df936226aab723bd9cf73a","sellTxId":"20f900124d5ecf7aa32e58a67c67ee0a7cc5e48a"}
{"index": {"_index":"pob","_id":"3752333"}}
	{"id":3752333,"type":"sell","buyer":"onlydoge","seller":"ugochill","symbol":"POB","quantity":"0.01597597","price":"0.01530000","timestamp":1655935800,"volume":"0.00024443","buyTxId":"4360b374c0152c0014df936226aab723bd9cf73a","sellTxId":"0ab4c40b812340806144400a106b7711406f1bfc"}
{"index": {"_index":"pob","_id":"3752424"}}
	{"id":3752424,"type":"sell","buyer":"onlydoge","seller":"oople","symbol":"POB","quantity":"0.00104446","price":"0.01530000","timestamp":1655937126,"volume":"0.00001598","buyTxId":"4360b374c0152c0014df936226aab723bd9cf73a","sellTxId":"986ad6209112577d5b79176ff4bea4e9cfa0a6e2"}
{"index": {"_index":"pob","_id":"3752469"}}
	{"id":3752469,"type":"sell","buyer":"onlydoge","seller":"frawdielp","symbol":"POB","quantity":"777.77233823","price":"0.01530000","timestamp":1655937558,"volume":"11.89991677","buyTxId":"4360b374c0152c0014df936226aab723bd9cf73a","sellTxId":"ede1d0e2b853355d039d3cafdaf702b7679bfb9f"}
{"index": {"_index":"pob","_id":"3752471"}}
	{"id":3752471,"type":"sell","buyer":"maarnio","seller":"funshee","symbol":"POB","quantity":"150.00000000","price":"0.01522000","timestamp":1655937666,"volume":"2.28300000","buyTxId":"454026b8c360733006f4d5153c1cea7e8161b916","sellTxId":"bf646a8dd84f215b667bf3d08757af202b5e1256"}
{"index": {"_index":"pob","_id":"3752484"}}
	{"id":3752484,"type":"sell","buyer":"maarnio","seller":"hive-189742","symbol":"POB","quantity":"0.95310683","price":"0.01522000","timestamp":1655937762,"volume":"0.01450629","buyTxId":"454026b8c360733006f4d5153c1cea7e8161b916","sellTxId":"380a6c4c0b8c9e2e0285129afd0bf1b22f18f971"}
{"index": {"_index":"pob","_id":"3752633"}}
	{"id":3752633,"type":"sell","buyer":"maarnio","seller":"curatorcat.pal","symbol":"POB","quantity":"0.45660576","price":"0.01522000","timestamp":1655940099,"volume":"0.00694954","buyTxId":"454026b8c360733006f4d5153c1cea7e8161b916","sellTxId":"6708889e90594564e1cd9a2e3245281dd8c571e9"}
{"index": {"_index":"pob","_id":"3752696"}}
	{"id":3752696,"type":"sell","buyer":"maarnio","seller":"cflclosers","symbol":"POB","quantity":"11.58661668","price":"0.01522000","timestamp":1655941089,"volume":"0.17634831","buyTxId":"454026b8c360733006f4d5153c1cea7e8161b916","sellTxId":"2c746e29f2b290dc50f906dc9f8b94b2bf5c6dab"}
{"index": {"_index":"pob","_id":"3752724"}}
	{"id":3752724,"type":"sell","buyer":"maarnio","seller":"candy49","symbol":"POB","quantity":"0.15831044","price":"0.01522000","timestamp":1655941506,"volume":"0.00240948","buyTxId":"454026b8c360733006f4d5153c1cea7e8161b916","sellTxId":"f08457fadb75ed5dbd3b96c570dcbc96bea4838b"}
{"index": {"_index":"pob","_id":"3752729"}}
	{"id":3752729,"type":"sell","buyer":"maarnio","seller":"lipe100dedos","symbol":"POB","quantity":"11.77084244","price":"0.01522000","timestamp":1655941590,"volume":"0.17915222","buyTxId":"454026b8c360733006f4d5153c1cea7e8161b916","sellTxId":"52b88ddead4463af5b237919dd1ef9ed55477c60"}
{"index": {"_index":"pob","_id":"3753069"}}
	{"id":3753069,"type":"sell","buyer":"pedrobrito2004","seller":"frawdielp","symbol":"POB","quantity":"64.99999999","price":"0.01550000","timestamp":1655945856,"volume":"1.00750000","buyTxId":"ce36c0709dfcfdafa237a80871995db1f2ecc843","sellTxId":"d5dcccde5bc9fbd0ec8f01d8dcff8d40759d7fb1"}
