{"index": {"_index":"pob","_id":"1598094"}}
	{"id":1598094,"type":"sell","buyer":"sbi-tokens","seller":"anggreklestari","symbol":"POB","quantity":"64.00086170","price":"0.28100000","timestamp":1632799245,"volume":"17.98424214","buyTxId":"13b2be27833df5426f21345e24cec3b420f4fda0","sellTxId":"26439bf50586780a3a5876178fe5702a2c6cf438"}
{"index": {"_index":"pob","_id":"1598410"}}
	{"id":1598410,"type":"sell","buyer":"sbi-tokens","seller":"jongolson","symbol":"POB","quantity":"2.75860814","price":"0.28100000","timestamp":1632803724,"volume":"0.77516889","buyTxId":"13b2be27833df5426f21345e24cec3b420f4fda0","sellTxId":"4fd6948e5b43a389fc208f8408d45f8198bd16ee"}
{"index": {"_index":"pob","_id":"1598452"}}
	{"id":1598452,"type":"sell","buyer":"sbi-tokens","seller":"aswita","symbol":"POB","quantity":"62.19169776","price":"0.28100000","timestamp":1632804099,"volume":"17.47586707","buyTxId":"13b2be27833df5426f21345e24cec3b420f4fda0","sellTxId":"574f73791094825c13a030124f87a65e89f4571a"}
{"index": {"_index":"pob","_id":"1598522"}}
	{"id":1598522,"type":"sell","buyer":"sbi-tokens","seller":"gimmetricks1","symbol":"POB","quantity":"6.42723631","price":"0.28100000","timestamp":1632805281,"volume":"1.80605340","buyTxId":"13b2be27833df5426f21345e24cec3b420f4fda0","sellTxId":"c155673496ed6973d8b4acea53ceed2df770a4bc"}
{"index": {"_index":"pob","_id":"1598544"}}
	{"id":1598544,"type":"sell","buyer":"sbi-tokens","seller":"creativemary","symbol":"POB","quantity":"46.41","price":"0.28100000","timestamp":1632805659,"volume":"13.04121000","buyTxId":"13b2be27833df5426f21345e24cec3b420f4fda0","sellTxId":"3bc7baaa2fd73a7753d27b7a6d19d0c0005bd3c4"}
{"index": {"_index":"pob","_id":"1598611"}}
	{"id":1598611,"type":"sell","buyer":"sbi-tokens","seller":"failingforward","symbol":"POB","quantity":"8.76973465","price":"0.28100000","timestamp":1632806373,"volume":"2.46429544","buyTxId":"13b2be27833df5426f21345e24cec3b420f4fda0","sellTxId":"b2c9b4c0a70833174c97f52523f5e1de07b5b161"}
{"index": {"_index":"pob","_id":"1598625"}}
	{"id":1598625,"type":"sell","buyer":"sbi-tokens","seller":"jesustiano","symbol":"POB","quantity":"1.34173465","price":"0.28100000","timestamp":1632806823,"volume":"0.37702744","buyTxId":"13b2be27833df5426f21345e24cec3b420f4fda0","sellTxId":"cef866c67cdbb494ad60aff6cdc1e08bd7de9428"}
{"index": {"_index":"pob","_id":"1598649"}}
	{"id":1598649,"type":"sell","buyer":"sbi-tokens","seller":"hive.pizza","symbol":"POB","quantity":"0.51701492","price":"0.28100000","timestamp":1632807231,"volume":"0.14528119","buyTxId":"13b2be27833df5426f21345e24cec3b420f4fda0","sellTxId":"8f53bfbf31466a526156b314506bf436bf40e53f"}
{"index": {"_index":"pob","_id":"1598650"}}
	{"id":1598650,"type":"sell","buyer":"sbi-tokens","seller":"jocieprosza","symbol":"POB","quantity":"0.14211912","price":"0.28100000","timestamp":1632807240,"volume":"0.03993547","buyTxId":"13b2be27833df5426f21345e24cec3b420f4fda0","sellTxId":"8d5a48c11d4348b5fffb0f6c1e7c3f009e464bba"}
{"index": {"_index":"pob","_id":"1598674"}}
	{"id":1598674,"type":"sell","buyer":"sbi-tokens","seller":"mightyrocklee","symbol":"POB","quantity":"3.67856284","price":"0.28100000","timestamp":1632807735,"volume":"1.03367616","buyTxId":"13b2be27833df5426f21345e24cec3b420f4fda0","sellTxId":"c0aa826ae0e6d9204fe8204cb97c8be2def702dc"}
{"index": {"_index":"pob","_id":"1598730"}}
	{"id":1598730,"type":"sell","buyer":"sbi-tokens","seller":"badbitch","symbol":"POB","quantity":"104.64358709","price":"0.28100000","timestamp":1632808431,"volume":"29.40484797","buyTxId":"13b2be27833df5426f21345e24cec3b420f4fda0","sellTxId":"5141b00f2b9863afb753a8be0336b31757356462"}
{"index": {"_index":"pob","_id":"1598737"}}
	{"id":1598737,"type":"buy","buyer":"trostparadox.pob","seller":"melbourneswest","symbol":"POB","quantity":"0.94847681","price":"0.29000000","timestamp":1632808494,"volume":"0.27505827","buyTxId":"ec2db9009b9c6c08ead6f15d611310f8153b7873","sellTxId":"a103ee7a4075635a50170e36e8fa14c0bae0f3df"}
{"index": {"_index":"pob","_id":"1598738"}}
	{"id":1598738,"type":"buy","buyer":"trostparadox.pob","seller":"solovey6o2","symbol":"POB","quantity":"2275.24359279","price":"0.29899999","timestamp":1632808494,"volume":"680.29781149","buyTxId":"ec2db9009b9c6c08ead6f15d611310f8153b7873","sellTxId":"e2cfe1cc79b7988ab163e78ea6f8d9dadeafef23"}
{"index": {"_index":"pob","_id":"1598739"}}
	{"id":1598739,"type":"buy","buyer":"trostparadox.pob","seller":"sbi-tokens","symbol":"POB","quantity":"500.37882322","price":"0.29900000","timestamp":1632808494,"volume":"149.61326814","buyTxId":"ec2db9009b9c6c08ead6f15d611310f8153b7873","sellTxId":"1792a12c9f42a760a333616e2d1cd3ba57d22490"}
{"index": {"_index":"pob","_id":"1598740"}}
	{"id":1598740,"type":"buy","buyer":"trostparadox.pob","seller":"brofi-market","symbol":"POB","quantity":"4.95019385","price":"0.29999999","timestamp":1632808494,"volume":"1.48505811","buyTxId":"ec2db9009b9c6c08ead6f15d611310f8153b7873","sellTxId":"69ff5b12afd4e45db77aba3485da3a5cf76eeac8"}
{"index": {"_index":"pob","_id":"1598741"}}
	{"id":1598741,"type":"buy","buyer":"trostparadox.pob","seller":"fireguardian","symbol":"POB","quantity":"218.47891333","price":"0.30000000","timestamp":1632808494,"volume":"65.54367400","buyTxId":"ec2db9009b9c6c08ead6f15d611310f8153b7873","sellTxId":"b0aa13cb1ad8372a796ed15dab50d9e201728966"}
{"index": {"_index":"pob","_id":"1598790"}}
	{"id":1598790,"type":"sell","buyer":"solovey6o2","seller":"firayumni","symbol":"POB","quantity":"10.00000000","price":"0.28100001","timestamp":1632809511,"volume":"2.81000010","buyTxId":"bf1985b24f05e5c393bb44493acad5ff91a8031a","sellTxId":"a8053e24700e3f639ea5af25b5409a04cfc125cd"}
{"index": {"_index":"pob","_id":"1598859"}}
	{"id":1598859,"type":"sell","buyer":"solovey6o2","seller":"globetrottergcc","symbol":"POB","quantity":"6.69148096","price":"0.28100001","timestamp":1632811023,"volume":"1.88030622","buyTxId":"bf1985b24f05e5c393bb44493acad5ff91a8031a","sellTxId":"b875efa3f270fdc95c6d320a6264b8f73b19c4db"}
{"index": {"_index":"pob","_id":"1598954"}}
	{"id":1598954,"type":"sell","buyer":"solovey6o2","seller":"revisesociology","symbol":"POB","quantity":"9.00000000","price":"0.28100001","timestamp":1632812208,"volume":"2.52900009","buyTxId":"bf1985b24f05e5c393bb44493acad5ff91a8031a","sellTxId":"de125d9874ff38440aabe27b59a616f6b3ad5560"}
{"index": {"_index":"pob","_id":"1599020"}}
	{"id":1599020,"type":"sell","buyer":"gimme-your-coinz","seller":"lxsxl","symbol":"POB","quantity":"0.12759067","price":"0.28300001","timestamp":1632812847,"volume":"0.03610816","buyTxId":"ef2e68894f816186a5306f06100bb071f3292e93","sellTxId":"e441a39b896ef36698520791cff6c0a0d506c98e"}
{"index": {"_index":"pob","_id":"1599336"}}
	{"id":1599336,"type":"buy","buyer":"anadolu","seller":"pablodare","symbol":"POB","quantity":"0.42471995","price":"0.29590000","timestamp":1632817212,"volume":"0.12567463","buyTxId":"c8dba9893e1e91bcdacc466e8667dfcf8985a363","sellTxId":"d9551ffbad437de559e437cf74abb09d7d49d262"}
{"index": {"_index":"pob","_id":"1599337"}}
	{"id":1599337,"type":"buy","buyer":"anadolu","seller":"globetrottergcc","symbol":"POB","quantity":"57.53788305","price":"0.29590000","timestamp":1632817212,"volume":"17.02545959","buyTxId":"c8dba9893e1e91bcdacc466e8667dfcf8985a363","sellTxId":"0c6a401f31b00ffbc409a12b55beb3c2e26b4eff"}
{"index": {"_index":"pob","_id":"1599409"}}
	{"id":1599409,"type":"sell","buyer":"gimme-your-coinz","seller":"monsterbuster","symbol":"POB","quantity":"10.45650843","price":"0.28490020","timestamp":1632818472,"volume":"2.97906134","buyTxId":"613ff8838404e2b7d1f3141b90945cee2fb6d977","sellTxId":"a7f2d1853154792f20a12fe995512270b6135204"}
{"index": {"_index":"pob","_id":"1599517"}}
	{"id":1599517,"type":"sell","buyer":"gimme-your-coinz","seller":"damla","symbol":"POB","quantity":"0.75143530","price":"0.28490020","timestamp":1632820623,"volume":"0.21408407","buyTxId":"613ff8838404e2b7d1f3141b90945cee2fb6d977","sellTxId":"2235ce3581a1369da2c981f78936f89dc7fe0c7b"}
{"index": {"_index":"pob","_id":"1599555"}}
	{"id":1599555,"type":"sell","buyer":"gimme-your-coinz","seller":"claudio83","symbol":"POB","quantity":"21.79205627","price":"0.28490020","timestamp":1632821112,"volume":"6.20856119","buyTxId":"613ff8838404e2b7d1f3141b90945cee2fb6d977","sellTxId":"bb5208f7969483483ac06668941a941d18313e43"}
{"index": {"_index":"pob","_id":"1599556"}}
	{"id":1599556,"type":"sell","buyer":"anadolu","seller":"claudio83","symbol":"POB","quantity":"16.44468165","price":"0.28490019","timestamp":1632821112,"volume":"4.68509293","buyTxId":"MM-P-10829095-57813805-3-8-0","sellTxId":"bb5208f7969483483ac06668941a941d18313e43"}
{"index": {"_index":"pob","_id":"1599583"}}
	{"id":1599583,"type":"sell","buyer":"anadolu","seller":"hive-143869","symbol":"POB","quantity":"0.01310000","price":"0.28500020","timestamp":1632821547,"volume":"0.00373350","buyTxId":"MM-P-10830093-57814803-3-8-0","sellTxId":"9e331c1dc3aa767b7327670f53b365f99bfd72b5"}
{"index": {"_index":"pob","_id":"1599608"}}
	{"id":1599608,"type":"sell","buyer":"anadolu","seller":"olaexcel","symbol":"POB","quantity":"17.20000000","price":"0.28500020","timestamp":1632822195,"volume":"4.90200344","buyTxId":"MM-P-10830093-57814803-3-8-0","sellTxId":"15f78c015f6b0b2423f18094c45492f74f56ca55"}
{"index": {"_index":"pob","_id":"1599644"}}
	{"id":1599644,"type":"sell","buyer":"anadolu","seller":"scooter77","symbol":"POB","quantity":"9.80752522","price":"0.28500020","timestamp":1632823623,"volume":"2.79514665","buyTxId":"MM-P-10830093-57814803-3-8-0","sellTxId":"2247d792fceea8800d34d3f282398560bbab8780"}
{"index": {"_index":"pob","_id":"1599700"}}
	{"id":1599700,"type":"sell","buyer":"anadolu","seller":"liaminit1","symbol":"POB","quantity":"1.61290248","price":"0.28500020","timestamp":1632824697,"volume":"0.45967753","buyTxId":"MM-P-10830093-57814803-3-8-0","sellTxId":"e456bea171aa812cd08962821f19b76a9f66d72a"}
{"index": {"_index":"pob","_id":"1599770"}}
	{"id":1599770,"type":"sell","buyer":"anadolu","seller":"charcoalbuffet","symbol":"POB","quantity":"7.89729092","price":"0.28500020","timestamp":1632826206,"volume":"2.25072949","buyTxId":"MM-P-10830093-57814803-3-8-0","sellTxId":"9260450f9d3253987580093b3d32adae453a93c8"}
{"index": {"_index":"pob","_id":"1599886"}}
	{"id":1599886,"type":"sell","buyer":"anadolu","seller":"knowhow92","symbol":"POB","quantity":"10.09192138","price":"0.28500020","timestamp":1632828882,"volume":"2.87619961","buyTxId":"MM-P-10830093-57814803-3-8-0","sellTxId":"bce6d97dc04bee2ab6b4bc3cc385c467722b1a2c"}
{"index": {"_index":"pob","_id":"1599961"}}
	{"id":1599961,"type":"sell","buyer":"anadolu","seller":"captaincryptic","symbol":"POB","quantity":"4.55181494","price":"0.28500020","timestamp":1632829965,"volume":"1.29726817","buyTxId":"MM-P-10830093-57814803-3-8-0","sellTxId":"edcdb87f14eb9035dbd03d676fe81add158ed632"}
{"index": {"_index":"pob","_id":"1599973"}}
	{"id":1599973,"type":"sell","buyer":"anadolu","seller":"maxwellnewlife7","symbol":"POB","quantity":"0.00133522","price":"0.28500020","timestamp":1632830235,"volume":"0.00038054","buyTxId":"MM-P-10830093-57814803-3-8-0","sellTxId":"f39cb4b0e9b8a00657aaddcc3a0e5ce483d09eed"}
{"index": {"_index":"pob","_id":"1599990"}}
	{"id":1599990,"type":"sell","buyer":"anadolu","seller":"edward.martin","symbol":"POB","quantity":"1.57120486","price":"0.28500020","timestamp":1632830472,"volume":"0.44779370","buyTxId":"MM-P-10830093-57814803-3-8-0","sellTxId":"dd28e3408b83c6cc2d508f78cefb991baadf1e90"}
{"index": {"_index":"pob","_id":"1600020"}}
	{"id":1600020,"type":"sell","buyer":"anadolu","seller":"andy4475","symbol":"POB","quantity":"0.48854805","price":"0.28500020","timestamp":1632830889,"volume":"0.13923629","buyTxId":"MM-P-10830093-57814803-3-8-0","sellTxId":"42d3ba36ef5020784f4920e8f1a6aae5068b2401"}
{"index": {"_index":"pob","_id":"1600052"}}
	{"id":1600052,"type":"sell","buyer":"anadolu","seller":"gadrian","symbol":"POB","quantity":"2.96222505","price":"0.28500020","timestamp":1632831063,"volume":"0.84423473","buyTxId":"MM-P-10830093-57814803-3-8-0","sellTxId":"998fba861422aa89bed85ec56d04401abf91ec54"}
{"index": {"_index":"pob","_id":"1600187"}}
	{"id":1600187,"type":"sell","buyer":"anadolu","seller":"forexbrokr","symbol":"POB","quantity":"6.10267199","price":"0.28500020","timestamp":1632832023,"volume":"1.73926274","buyTxId":"MM-P-10830093-57814803-3-8-0","sellTxId":"2f41b0eb1de09755872d01e921ba9857103f4986"}
{"index": {"_index":"pob","_id":"1600222"}}
	{"id":1600222,"type":"sell","buyer":"anadolu","seller":"valor2s","symbol":"POB","quantity":"1.72872225","price":"0.28500020","timestamp":1632832506,"volume":"0.49268619","buyTxId":"MM-P-10830093-57814803-3-8-0","sellTxId":"e3ff37b7e38b24d631ae9b0fdb0c0663890f846c"}
{"index": {"_index":"pob","_id":"1600273"}}
	{"id":1600273,"type":"sell","buyer":"anadolu","seller":"coffeelovers","symbol":"POB","quantity":"5.67375357","price":"0.28500020","timestamp":1632833139,"volume":"1.61702090","buyTxId":"MM-P-10830093-57814803-3-8-0","sellTxId":"9417c2e59515f93598f194eec089ba4ad57d3338"}
{"index": {"_index":"pob","_id":"1600363"}}
	{"id":1600363,"type":"sell","buyer":"anadolu","seller":"alfarero","symbol":"POB","quantity":"2.00000000","price":"0.28500020","timestamp":1632834306,"volume":"0.57000040","buyTxId":"MM-P-10830093-57814803-3-8-0","sellTxId":"722f3bc28a97aef8d5349fbea4a72edb50440f59"}
{"index": {"_index":"pob","_id":"1600405"}}
	{"id":1600405,"type":"sell","buyer":"anadolu","seller":"toofasteddie","symbol":"POB","quantity":"10.00000000","price":"0.28500020","timestamp":1632835056,"volume":"2.85000200","buyTxId":"MM-P-10830093-57814803-3-8-0","sellTxId":"aa64539a5129ca8d94f8e40aae425fd387613e9b"}
{"index": {"_index":"pob","_id":"1600410"}}
	{"id":1600410,"type":"sell","buyer":"anadolu","seller":"chireerocks","symbol":"POB","quantity":"6.01622076","price":"0.28500020","timestamp":1632835089,"volume":"1.71462412","buyTxId":"MM-P-10830093-57814803-3-8-0","sellTxId":"6ac7763684b41bee58c73be89d4b4bcacc9d0956"}
{"index": {"_index":"pob","_id":"1600429"}}
	{"id":1600429,"type":"sell","buyer":"gimme-your-coinz","seller":"beemd","symbol":"POB","quantity":"0.36658823","price":"0.28311001","timestamp":1632835503,"volume":"0.10378480","buyTxId":"29afeda5da8c765e12cc49be0e6c2fbf5b6f0fb3","sellTxId":"82cfbe598da05adf20a8243cde5ed5745f27d0fd"}
{"index": {"_index":"pob","_id":"1600434"}}
	{"id":1600434,"type":"sell","buyer":"gimme-your-coinz","seller":"justinparke","symbol":"POB","quantity":"5.97119076","price":"0.28311001","timestamp":1632835575,"volume":"1.69050388","buyTxId":"29afeda5da8c765e12cc49be0e6c2fbf5b6f0fb3","sellTxId":"e39654fe1b2a006330251f3577e0c36991da1e73"}
{"index": {"_index":"pob","_id":"1600486"}}
	{"id":1600486,"type":"sell","buyer":"gimme-your-coinz","seller":"chireerocks","symbol":"POB","quantity":"5.83509413","price":"0.28331003","timestamp":1632836082,"volume":"1.65314069","buyTxId":"1a9cd8585bc114efb1310abb08112a0140d279f1","sellTxId":"ea1108f9ad52ac1d31526ad031032474a79b78e3"}
{"index": {"_index":"pob","_id":"1600572"}}
	{"id":1600572,"type":"sell","buyer":"gimme-your-coinz","seller":"candy49","symbol":"POB","quantity":"1.36164609","price":"0.28381008","timestamp":1632837591,"volume":"0.38644889","buyTxId":"31b039c82c8c31855924f74da274594b9e28185d","sellTxId":"257a11f18b876f5999d45e17acd57b0c831cba77"}
{"index": {"_index":"pob","_id":"1600577"}}
	{"id":1600577,"type":"sell","buyer":"gimme-your-coinz","seller":"quantumg","symbol":"POB","quantity":"2.81823558","price":"0.28381008","timestamp":1632837630,"volume":"0.79984367","buyTxId":"31b039c82c8c31855924f74da274594b9e28185d","sellTxId":"16b950bcc51074609e6e4a894b283eab827496a3"}
{"index": {"_index":"pob","_id":"1600578"}}
	{"id":1600578,"type":"sell","buyer":"gimme-your-coinz","seller":"sztorm","symbol":"POB","quantity":"4.64642724","price":"0.28381008","timestamp":1632837633,"volume":"1.31870289","buyTxId":"31b039c82c8c31855924f74da274594b9e28185d","sellTxId":"197416d287d253405f703f1f9463b7e87983799f"}
{"index": {"_index":"pob","_id":"1600747"}}
	{"id":1600747,"type":"sell","buyer":"gimme-your-coinz","seller":"kevinnag58","symbol":"POB","quantity":"24.17369109","price":"0.28381008","timestamp":1632840411,"volume":"6.86073720","buyTxId":"31b039c82c8c31855924f74da274594b9e28185d","sellTxId":"c7229db0ae38223335e1dc91476bc58166019a90"}
{"index": {"_index":"pob","_id":"1600748"}}
	{"id":1600748,"type":"sell","buyer":"anadolu","seller":"kevinnag58","symbol":"POB","quantity":"3.01278467","price":"0.28381007","timestamp":1632840411,"volume":"0.85505863","buyTxId":"MM-P-10835472-57820183-3-8-0","sellTxId":"c7229db0ae38223335e1dc91476bc58166019a90"}
{"index": {"_index":"pob","_id":"1600749"}}
	{"id":1600749,"type":"sell","buyer":"gimme-your-coinz","seller":"kevmcc","symbol":"POB","quantity":"2.00000000","price":"0.28381008","timestamp":1632840459,"volume":"0.56762016","buyTxId":"90b9d2dad56333b1161311d8fd5d65724be16d7d","sellTxId":"f5e327a22eaaf45d543491508b4ffb78431385af"}
{"index": {"_index":"pob","_id":"1600973"}}
	{"id":1600973,"type":"sell","buyer":"gimme-your-coinz","seller":"captainquack22","symbol":"POB","quantity":"1.45","price":"0.28491019","timestamp":1632843606,"volume":"0.41311978","buyTxId":"13115d283506e7abacefc78f489c2dfc5dc748d7","sellTxId":"8e9e32f3be1c3a9cb706b61a477d03fa869c38cd"}
{"index": {"_index":"pob","_id":"1601054"}}
	{"id":1601054,"type":"sell","buyer":"anadolu","seller":"jimre1","symbol":"POB","quantity":"0.04400000","price":"0.28501019","timestamp":1632844893,"volume":"0.01254045","buyTxId":"MM-P-10837564-57822275-3-8-0","sellTxId":"4e0cb80144c788d547cdc2a93382f4dc39fb42c6"}
{"index": {"_index":"pob","_id":"1601062"}}
	{"id":1601062,"type":"sell","buyer":"anadolu","seller":"whitelightxpress","symbol":"POB","quantity":"0.73024118","price":"0.28501019","timestamp":1632845031,"volume":"0.20812618","buyTxId":"MM-P-10837564-57822275-3-8-0","sellTxId":"a46dd822b22c8e6455530ca4f104bc1bd0b9b754"}
{"index": {"_index":"pob","_id":"1601168"}}
	{"id":1601168,"type":"sell","buyer":"anadolu","seller":"curatorcat.pal","symbol":"POB","quantity":"0.70778147","price":"0.28501019","timestamp":1632846012,"volume":"0.20172493","buyTxId":"MM-P-10837564-57822275-3-8-0","sellTxId":"e242dac7851be94659dc01b39f264e064f54c841"}
{"index": {"_index":"pob","_id":"1601187"}}
	{"id":1601187,"type":"sell","buyer":"anadolu","seller":"bahagia-arbi","symbol":"POB","quantity":"1.73800991","price":"0.28501019","timestamp":1632846204,"volume":"0.49535053","buyTxId":"MM-P-10837564-57822275-3-8-0","sellTxId":"e3f94d2a7e1b11e31aeb371624e749d8aaff07eb"}
{"index": {"_index":"pob","_id":"1601222"}}
	{"id":1601222,"type":"buy","buyer":"tipy","seller":"skylinebuds","symbol":"POB","quantity":"0.00630682","price":"0.29999900","timestamp":1632846516,"volume":"0.00189204","buyTxId":"4fdddc5fe319df291cfa5a5bccad7e27758bffdf","sellTxId":"e324f1abcfcdf4e83c2d4b6031e4aa8a58e7f1bc"}
{"index": {"_index":"pob","_id":"1601238"}}
	{"id":1601238,"type":"sell","buyer":"anadolu","seller":"silvertop","symbol":"POB","quantity":"0.10058894","price":"0.28501019","timestamp":1632846645,"volume":"0.02866887","buyTxId":"MM-P-10837564-57822275-3-8-0","sellTxId":"10c8a812fc40e08da8db0a82197ed3a260dbac51"}
{"index": {"_index":"pob","_id":"1601368"}}
	{"id":1601368,"type":"sell","buyer":"anadolu","seller":"alive.chat","symbol":"POB","quantity":"2.171","price":"0.28501019","timestamp":1632847905,"volume":"0.61875712","buyTxId":"MM-P-10837564-57822275-3-8-0","sellTxId":"384eb3389599ffccd16e36044643dbc452d9b28d"}
{"index": {"_index":"pob","_id":"1601392"}}
	{"id":1601392,"type":"sell","buyer":"anadolu","seller":"jeniffer23","symbol":"POB","quantity":"1.44151870","price":"0.28501019","timestamp":1632848193,"volume":"0.41084752","buyTxId":"MM-P-10837564-57822275-3-8-0","sellTxId":"8f0defb6b58bcdd01a887e50812d71107f46df17"}
{"index": {"_index":"pob","_id":"1601423"}}
	{"id":1601423,"type":"sell","buyer":"anadolu","seller":"chinorf","symbol":"POB","quantity":"3.72568832","price":"0.28501019","timestamp":1632848478,"volume":"1.06185914","buyTxId":"MM-P-10837564-57822275-3-8-0","sellTxId":"4883e3a9376de9006c64b8d79fff81418052110b"}
{"index": {"_index":"pob","_id":"1601461"}}
	{"id":1601461,"type":"buy","buyer":"jersteemit","seller":"anadolu","symbol":"POB","quantity":"85.00000000","price":"0.29989900","timestamp":1632849222,"volume":"25.49141500","buyTxId":"158d7034e58d22f9f0c6d459c025a0d759ba39ae","sellTxId":"MM-P-10838961-57823672-3-8-0"}
{"index": {"_index":"pob","_id":"1601480"}}
	{"id":1601480,"type":"sell","buyer":"jersteemit","seller":"abbey877","symbol":"POB","quantity":"28.92357597","price":"0.28700000","timestamp":1632849567,"volume":"8.30106630","buyTxId":"1c572bcfab48f68388fe6ae6a0adc73398418bad","sellTxId":"18b2892c626986c3c6397553970923ed93b23f20"}
{"index": {"_index":"pob","_id":"1601491"}}
	{"id":1601491,"type":"sell","buyer":"jersteemit","seller":"hookup.pop","symbol":"POB","quantity":"32.00000000","price":"0.28700000","timestamp":1632849699,"volume":"9.18400000","buyTxId":"1c572bcfab48f68388fe6ae6a0adc73398418bad","sellTxId":"668f0f03bd5dc724c7daa8bccc67fabcbc4780e4"}
{"index": {"_index":"pob","_id":"1601636"}}
	{"id":1601636,"type":"sell","buyer":"jersteemit","seller":"amirhayat572","symbol":"POB","quantity":"1.74606159","price":"0.28700000","timestamp":1632851193,"volume":"0.50111968","buyTxId":"1c572bcfab48f68388fe6ae6a0adc73398418bad","sellTxId":"63347e47edbd422c55fcd7d98298fd235a5b9841"}
{"index": {"_index":"pob","_id":"1601852"}}
	{"id":1601852,"type":"sell","buyer":"gimme-your-coinz","seller":"wdougwatson","symbol":"POB","quantity":"0.78933076","price":"0.28700001","timestamp":1632854046,"volume":"0.22653794","buyTxId":"d675fe70b29bec5ad5b6aa350a09064a2d98ec0c","sellTxId":"65cb1c387831722bdf575a88b238421d4d9c9d2b"}
{"index": {"_index":"pob","_id":"1601891"}}
	{"id":1601891,"type":"sell","buyer":"gimme-your-coinz","seller":"acesontop","symbol":"POB","quantity":"16.06459528","price":"0.28720003","timestamp":1632854646,"volume":"4.61375225","buyTxId":"7e6b933ffb3911fda53a64e77824a22b157aa50b","sellTxId":"75b0b7a38cff062751c499fa98a4b974cc21517e"}
{"index": {"_index":"pob","_id":"1601892"}}
	{"id":1601892,"type":"sell","buyer":"gimme-your-coinz","seller":"bokica80","symbol":"POB","quantity":"0.19712969","price":"0.28720003","timestamp":1632854667,"volume":"0.05661565","buyTxId":"7e6b933ffb3911fda53a64e77824a22b157aa50b","sellTxId":"8fa78d3fc73246590d0ea2fb56db7d1af39e07ee"}
{"index": {"_index":"pob","_id":"1601901"}}
	{"id":1601901,"type":"sell","buyer":"gimme-your-coinz","seller":"soehada","symbol":"POB","quantity":"21.18406680","price":"0.28720003","timestamp":1632854742,"volume":"6.08406462","buyTxId":"7e6b933ffb3911fda53a64e77824a22b157aa50b","sellTxId":"e5c23321d4e7d1cf2d8c97c473384741a1d71918"}
{"index": {"_index":"pob","_id":"1601903"}}
	{"id":1601903,"type":"sell","buyer":"gimme-your-coinz","seller":"proto26","symbol":"POB","quantity":"0.15206592","price":"0.28720003","timestamp":1632854745,"volume":"0.04367334","buyTxId":"7e6b933ffb3911fda53a64e77824a22b157aa50b","sellTxId":"f7c133e491f89437cc6182b97f45071954ded5be"}
{"index": {"_index":"pob","_id":"1601969"}}
	{"id":1601969,"type":"sell","buyer":"anadolu","seller":"luecas","symbol":"POB","quantity":"14.20961833","price":"0.28730003","timestamp":1632855258,"volume":"4.08242377","buyTxId":"MM-P-10841258-57825969-3-8-0","sellTxId":"6aa69404b54920516062d1e36f36fec57a782206"}
{"index": {"_index":"pob","_id":"1602072"}}
	{"id":1602072,"type":"sell","buyer":"anadolu","seller":"alfarero","symbol":"POB","quantity":"5.00000000","price":"0.28730003","timestamp":1632856923,"volume":"1.43650015","buyTxId":"MM-P-10841258-57825969-3-8-0","sellTxId":"4f18f65134aefbc858aad10c9595b340de7277bd"}
{"index": {"_index":"pob","_id":"1602104"}}
	{"id":1602104,"type":"buy","buyer":"ahmetay","seller":"anadolu","symbol":"POB","quantity":"33.34455933","price":"0.29989900","timestamp":1632857235,"volume":"10","buyTxId":"9ef96a4ee8352253522476e55f47c028181abb04","sellTxId":"MM-P-10839461-57824172-3-8-0"}
{"index": {"_index":"pob","_id":"1602409"}}
	{"id":1602409,"type":"sell","buyer":"anadolu","seller":"andy4475","symbol":"POB","quantity":"1.67352694","price":"0.28810001","timestamp":1632861618,"volume":"0.48214313","buyTxId":"MM-P-10842453-57827164-3-8-0","sellTxId":"79ca7f74e9e565ee2ada558ba62577caa45de3dd"}
{"index": {"_index":"pob","_id":"1602443"}}
	{"id":1602443,"type":"sell","buyer":"gimme-your-coinz","seller":"caciques","symbol":"POB","quantity":"1.46439818","price":"0.28820003","timestamp":1632862053,"volume":"0.42203960","buyTxId":"0a9361ea2431d6936b094d8b958889bb9c7aee11","sellTxId":"7cd26451eb8fa0ca5b0b85f65998ba530fcf5d40"}
{"index": {"_index":"pob","_id":"1602492"}}
	{"id":1602492,"type":"sell","buyer":"gimme-your-coinz","seller":"cflclosers","symbol":"POB","quantity":"5.80535902","price":"0.28850006","timestamp":1632862872,"volume":"1.67484643","buyTxId":"b5aa9b675a23add0bbf193c83fa3c246b80c6b12","sellTxId":"da0ecf0ba44320a47e701881720ead95499f3d46"}
{"index": {"_index":"pob","_id":"1602493"}}
	{"id":1602493,"type":"sell","buyer":"gimme-your-coinz","seller":"automaton","symbol":"POB","quantity":"8.00000000","price":"0.28850006","timestamp":1632862887,"volume":"2.30800048","buyTxId":"b5aa9b675a23add0bbf193c83fa3c246b80c6b12","sellTxId":"49f0e2adae633bd897cf5d969132aa443e131d4c"}
{"index": {"_index":"pob","_id":"1602591"}}
	{"id":1602591,"type":"sell","buyer":"gimme-your-coinz","seller":"darkflame","symbol":"POB","quantity":"44.40000000","price":"0.28880009","timestamp":1632863856,"volume":"12.82272400","buyTxId":"d6c68472e11c620180ee64ed915faaffac486144","sellTxId":"927b60d1670364fb6f4fbd5dbda322813fc038d5"}
{"index": {"_index":"pob","_id":"1602594"}}
	{"id":1602594,"type":"sell","buyer":"gimme-your-coinz","seller":"darkflame","symbol":"POB","quantity":"9.00000000","price":"0.28890010","timestamp":1632863916,"volume":"2.60010090","buyTxId":"b01517680526e1cf3fab11c2a4dd63d0c0ca0068","sellTxId":"a2bd9cd94963d685d3466618a10986b677650cb9"}
{"index": {"_index":"pob","_id":"1602629"}}
	{"id":1602629,"type":"sell","buyer":"anadolu","seller":"ugochill","symbol":"POB","quantity":"0.00500000","price":"0.28910011","timestamp":1632864507,"volume":"0.00144550","buyTxId":"MM-P-10844447-57829159-3-8-0","sellTxId":"3e32d11a7e8ce99d7e1bd7e4f253c65d94280bb7"}
{"index": {"_index":"pob","_id":"1602637"}}
	{"id":1602637,"type":"sell","buyer":"gimme-your-coinz","seller":"mawit07","symbol":"POB","quantity":"6.39052711","price":"0.28910012","timestamp":1632864612,"volume":"1.84750215","buyTxId":"17564a360891964e4f3973fa5d19423b116593c1","sellTxId":"7358200e541913a98b010463b6d983eddaa2d4e6"}
{"index": {"_index":"pob","_id":"1602655"}}
	{"id":1602655,"type":"sell","buyer":"gimme-your-coinz","seller":"zonadigital21","symbol":"POB","quantity":"0.90796526","price":"0.28910012","timestamp":1632864783,"volume":"0.26249287","buyTxId":"17564a360891964e4f3973fa5d19423b116593c1","sellTxId":"aa7b17116b1ff7dde9fdff5a48cb99042431a83d"}
{"index": {"_index":"pob","_id":"1602688"}}
	{"id":1602688,"type":"sell","buyer":"gimme-your-coinz","seller":"kevinnag58","symbol":"POB","quantity":"20","price":"0.28940015","timestamp":1632865506,"volume":"5.78800300","buyTxId":"7f8129fba44ef96a79d0efd4b87abb9af565d2d6","sellTxId":"5d744141abc51c164e8de4e1ac729a91fb16dc07"}
{"index": {"_index":"pob","_id":"1602775"}}
	{"id":1602775,"type":"sell","buyer":"gimme-your-coinz","seller":"dudeontheweb","symbol":"POB","quantity":"1.00000000","price":"0.28940015","timestamp":1632866643,"volume":"0.28940015","buyTxId":"7f8129fba44ef96a79d0efd4b87abb9af565d2d6","sellTxId":"24fff2e0a191f1ebe984cf97ff67d7507233ab91"}
{"index": {"_index":"pob","_id":"1602777"}}
	{"id":1602777,"type":"sell","buyer":"gimme-your-coinz","seller":"cliffagreen","symbol":"POB","quantity":"0.07079918","price":"0.28940015","timestamp":1632866688,"volume":"0.02048929","buyTxId":"7f8129fba44ef96a79d0efd4b87abb9af565d2d6","sellTxId":"6be9c8fb489735d87a2828bb386697ba220b7649"}
{"index": {"_index":"pob","_id":"1602812"}}
	{"id":1602812,"type":"buy","buyer":"phusionphil","seller":"anadolu","symbol":"POB","quantity":"85.00000000","price":"0.29889999","timestamp":1632867075,"volume":"25.40649915","buyTxId":"2ea7e1fede90bff9c08c199cf5719aae5e2d4227","sellTxId":"MM-P-10842453-57827164-3-8-1"}
{"index": {"_index":"pob","_id":"1602816"}}
	{"id":1602816,"type":"buy","buyer":"phusionphil","seller":"solovey6o2","symbol":"POB","quantity":"25.69148000","price":"0.29899999","timestamp":1632867153,"volume":"7.68175226","buyTxId":"0d03048395822d8c994afd6798544915ed8f1fc4","sellTxId":"dec820c92e0c62dde3c95730646f27209817379e"}
{"index": {"_index":"pob","_id":"1602818"}}
	{"id":1602818,"type":"buy","buyer":"phusionphil","seller":"solovey6o2","symbol":"POB","quantity":"0.00000097","price":"0.29899999","timestamp":1632867171,"volume":"0.00000029","buyTxId":"26d00820b165b37e4592f853a50f5781228904a2","sellTxId":"dec820c92e0c62dde3c95730646f27209817379e"}
{"index": {"_index":"pob","_id":"1602819"}}
	{"id":1602819,"type":"buy","buyer":"phusionphil","seller":"sbi-tokens","symbol":"POB","quantity":"300.88115603","price":"0.29900000","timestamp":1632867171,"volume":"89.96346565","buyTxId":"26d00820b165b37e4592f853a50f5781228904a2","sellTxId":"c08bf0d68f4809c2b02e41bd61c4a43a0c901aa4"}
{"index": {"_index":"pob","_id":"1602822"}}
	{"id":1602822,"type":"buy","buyer":"phusionphil","seller":"sbi-tokens","symbol":"POB","quantity":"0.00000115","price":"0.29900000","timestamp":1632867207,"volume":"0.00000034","buyTxId":"d4f87944b8654c9186d17017e650d513db36d381","sellTxId":"c08bf0d68f4809c2b02e41bd61c4a43a0c901aa4"}
{"index": {"_index":"pob","_id":"1602823"}}
	{"id":1602823,"type":"buy","buyer":"phusionphil","seller":"anadolu","symbol":"POB","quantity":"73.34865030","price":"0.29989900","timestamp":1632867207,"volume":"21.99718688","buyTxId":"d4f87944b8654c9186d17017e650d513db36d381","sellTxId":"MM-P-10845346-57830058-3-8-0"}
{"index": {"_index":"pob","_id":"1602824"}}
	{"id":1602824,"type":"buy","buyer":"phusionphil","seller":"amigareaction","symbol":"POB","quantity":"0.25000000","price":"0.29990000","timestamp":1632867207,"volume":"0.07497500","buyTxId":"d4f87944b8654c9186d17017e650d513db36d381","sellTxId":"17799afcbd6f03663522cf0ad973a1516b0e27f0"}
{"index": {"_index":"pob","_id":"1602825"}}
	{"id":1602825,"type":"buy","buyer":"phusionphil","seller":"skylinebuds","symbol":"POB","quantity":"11.33470255","price":"0.29999900","timestamp":1632867207,"volume":"3.40039943","buyTxId":"d4f87944b8654c9186d17017e650d513db36d381","sellTxId":"e324f1abcfcdf4e83c2d4b6031e4aa8a58e7f1bc"}
{"index": {"_index":"pob","_id":"1602844"}}
	{"id":1602844,"type":"sell","buyer":"gimme-your-coinz","seller":"shortsegments","symbol":"POB","quantity":"23.00000000","price":"0.28940015","timestamp":1632867471,"volume":"6.65620345","buyTxId":"7f8129fba44ef96a79d0efd4b87abb9af565d2d6","sellTxId":"400f8c87ec4f8c48b1a9c060e2b63b8b8e772b53"}
{"index": {"_index":"pob","_id":"1602847"}}
	{"id":1602847,"type":"sell","buyer":"gimme-your-coinz","seller":"shortsegments","symbol":"POB","quantity":"44.40000000","price":"0.28950017","timestamp":1632867528,"volume":"12.85380755","buyTxId":"295a038a53c569a57a72b8f213c21b7684bf47e2","sellTxId":"3d08960b10f052c2af18a456fa13f44ddc83c7e8"}
{"index": {"_index":"pob","_id":"1602848"}}
	{"id":1602848,"type":"sell","buyer":"anadolu","seller":"shortsegments","symbol":"POB","quantity":"3.01350021","price":"0.28950016","timestamp":1632867528,"volume":"0.87240879","buyTxId":"MM-P-10845445-57830157-3-8-0","sellTxId":"3d08960b10f052c2af18a456fa13f44ddc83c7e8"}
{"index": {"_index":"pob","_id":"1602881"}}
	{"id":1602881,"type":"buy","buyer":"elricmoonslayer","seller":"anadolu","symbol":"POB","quantity":"2.80000000","price":"0.29989900","timestamp":1632867939,"volume":"0.83971720","buyTxId":"b1256311cb77384c938a6cd779d319a7f61af6cf","sellTxId":"MM-P-10845545-57830257-3-8-1"}
{"index": {"_index":"pob","_id":"1602882"}}
	{"id":1602882,"type":"buy","buyer":"elricmoonslayer","seller":"anadolu","symbol":"POB","quantity":"0.21350021","price":"0.29989900","timestamp":1632868029,"volume":"0.06402850","buyTxId":"448cfb76b07ebad4f2ae44acf87c71d46e2c079e","sellTxId":"MM-P-10845545-57830257-3-8-1"}
{"index": {"_index":"pob","_id":"1602936"}}
	{"id":1602936,"type":"sell","buyer":"gimme-your-coinz","seller":"traciyork","symbol":"POB","quantity":"2.08075998","price":"0.28992022","timestamp":1632868710,"volume":"0.60325439","buyTxId":"fc8845eb20939bf6eab1d9483ca8dddc2875405f","sellTxId":"1416351f1221c6f904b18d78f81ea27cd931e160"}
{"index": {"_index":"pob","_id":"1602960"}}
	{"id":1602960,"type":"buy","buyer":"pixelfan","seller":"skylinebuds","symbol":"POB","quantity":"0.22578532","price":"0.29999900","timestamp":1632869073,"volume":"0.06773537","buyTxId":"3fef09fa68cb9f8a6f680be5bb1b03229b6decb6","sellTxId":"e324f1abcfcdf4e83c2d4b6031e4aa8a58e7f1bc"}
{"index": {"_index":"pob","_id":"1602966"}}
	{"id":1602966,"type":"buy","buyer":"pixelfan","seller":"skylinebuds","symbol":"POB","quantity":"9.00000000","price":"0.29999900","timestamp":1632869115,"volume":"2.69999100","buyTxId":"d0cc4feeca45bd8aa1e1a75030e2a23cc5daef5a","sellTxId":"e324f1abcfcdf4e83c2d4b6031e4aa8a58e7f1bc"}
{"index": {"_index":"pob","_id":"1602970"}}
	{"id":1602970,"type":"buy","buyer":"pixelfan","seller":"skylinebuds","symbol":"POB","quantity":"0.83320531","price":"0.29999900","timestamp":1632869157,"volume":"0.24996076","buyTxId":"53c3e568af1b83e0e98a75327f1892555b9203ec","sellTxId":"e324f1abcfcdf4e83c2d4b6031e4aa8a58e7f1bc"}
{"index": {"_index":"pob","_id":"1602971"}}
	{"id":1602971,"type":"buy","buyer":"pixelfan","seller":"akukamaruzzaman","symbol":"POB","quantity":"9.16679469","price":"0.29999900","timestamp":1632869157,"volume":"2.75002924","buyTxId":"53c3e568af1b83e0e98a75327f1892555b9203ec","sellTxId":"36ab81da3385356dab795afc8933c86c12b276f2"}
{"index": {"_index":"pob","_id":"1602991"}}
	{"id":1602991,"type":"sell","buyer":"gimme-your-coinz","seller":"meesterboom","symbol":"POB","quantity":"10.76666622","price":"0.29025028","timestamp":1632869784,"volume":"3.12502789","buyTxId":"8edc42d829bc5f66a4e9487a4b3162092b44c667","sellTxId":"9d7682fa56d532a1cb1efdfd8bcc6f5bbbacfeee"}
{"index": {"_index":"pob","_id":"1603046"}}
	{"id":1603046,"type":"sell","buyer":"gimme-your-coinz","seller":"fireguardian","symbol":"POB","quantity":"34.36","price":"0.29059032","timestamp":1632870768,"volume":"9.98468340","buyTxId":"163f92589004f74888b701bb45ed772360f94d35","sellTxId":"f262d8f667a551650e7305ea3bdfad74f1fd89b5"}
{"index": {"_index":"pob","_id":"1603068"}}
	{"id":1603068,"type":"buy","buyer":"anadolu","seller":"anadolu","symbol":"POB","quantity":"15.70262065","price":"0.29989900","timestamp":1632871245,"volume":"4.70920023","buyTxId":"5bddbc33d0a74b159119c3449c1c6e8981d83be4","sellTxId":"MM-P-10846244-57830956-3-8-1"}
{"index": {"_index":"pob","_id":"1603069"}}
	{"id":1603069,"type":"buy","buyer":"anadolu","seller":"akukamaruzzaman","symbol":"POB","quantity":"50.96950246","price":"0.29999900","timestamp":1632871245,"volume":"15.29079977","buyTxId":"5bddbc33d0a74b159119c3449c1c6e8981d83be4","sellTxId":"36ab81da3385356dab795afc8933c86c12b276f2"}
{"index": {"_index":"pob","_id":"1603087"}}
	{"id":1603087,"type":"sell","buyer":"gimme-your-coinz","seller":"derangedvisions","symbol":"POB","quantity":"9.89215447","price":"0.29091035","timestamp":1632871521,"volume":"2.87773012","buyTxId":"0a0a79650f22272d9c73271341d0e20a75e6760b","sellTxId":"e452c40c30ab4a92784239d1a38e65dd358acef3"}
{"index": {"_index":"pob","_id":"1603241"}}
	{"id":1603241,"type":"buy","buyer":"anadolu","seller":"akukamaruzzaman","symbol":"POB","quantity":"3.40336425","price":"0.29999900","timestamp":1632873792,"volume":"1.02100587","buyTxId":"7e5cae4b99c81a79816472279b1725554522a020","sellTxId":"36ab81da3385356dab795afc8933c86c12b276f2"}
{"index": {"_index":"pob","_id":"1603242"}}
	{"id":1603242,"type":"buy","buyer":"anadolu","seller":"camiloferrua","symbol":"POB","quantity":"38.19528604","price":"0.30000000","timestamp":1632873792,"volume":"11.45858581","buyTxId":"7e5cae4b99c81a79816472279b1725554522a020","sellTxId":"176f3ef00c3b3ac7507e11a3705ab0ac41a19d02"}
{"index": {"_index":"pob","_id":"1603243"}}
	{"id":1603243,"type":"buy","buyer":"anadolu","seller":"ctpsb","symbol":"POB","quantity":"0.83600000","price":"0.30000000","timestamp":1632873792,"volume":"0.25080000","buyTxId":"7e5cae4b99c81a79816472279b1725554522a020","sellTxId":"d0df3182e6e876dbb7e6d2f1707b4ffb03858f44"}
{"index": {"_index":"pob","_id":"1603244"}}
	{"id":1603244,"type":"buy","buyer":"anadolu","seller":"lebah","symbol":"POB","quantity":"5.90000000","price":"0.30000000","timestamp":1632873792,"volume":"1.77000000","buyTxId":"7e5cae4b99c81a79816472279b1725554522a020","sellTxId":"c6855ba452518fd90f2a9828f1b45b0cb3e1da1d"}
{"index": {"_index":"pob","_id":"1603245"}}
	{"id":1603245,"type":"buy","buyer":"anadolu","seller":"erikah","symbol":"POB","quantity":"10.00000000","price":"0.30000000","timestamp":1632873792,"volume":"3.00000000","buyTxId":"7e5cae4b99c81a79816472279b1725554522a020","sellTxId":"e2d3c8fd2118aae2bf12ea6e5dfb67899145c346"}
{"index": {"_index":"pob","_id":"1603246"}}
	{"id":1603246,"type":"buy","buyer":"anadolu","seller":"akumagai","symbol":"POB","quantity":"6.59663571","price":"0.30000000","timestamp":1632873792,"volume":"1.97899071","buyTxId":"7e5cae4b99c81a79816472279b1725554522a020","sellTxId":"82390649e127baef0d861bdc651e4401a3e720fd"}
{"index": {"_index":"pob","_id":"1603250"}}
	{"id":1603250,"type":"buy","buyer":"anadolu","seller":"akumagai","symbol":"POB","quantity":"3.40336400","price":"0.30000000","timestamp":1632873831,"volume":"1.02100920","buyTxId":"46173043f10fa80e9fe5b0dfc9bb746fbd5a3727","sellTxId":"82390649e127baef0d861bdc651e4401a3e720fd"}
{"index": {"_index":"pob","_id":"1603285"}}
	{"id":1603285,"type":"sell","buyer":"gimme-your-coinz","seller":"brofi-market","symbol":"POB","quantity":"36.07279117","price":"0.29201048","timestamp":1632874530,"volume":"10.53363306","buyTxId":"8a6a0d1f1f8147dde8aa52aa079edae4833dead7","sellTxId":"4c3d622353ac9dc20464f21c33313fa0357775d0"}
{"index": {"_index":"pob","_id":"1603307"}}
	{"id":1603307,"type":"sell","buyer":"gimme-your-coinz","seller":"josediccus","symbol":"POB","quantity":"22.00000000","price":"0.29202048","timestamp":1632874698,"volume":"6.42445056","buyTxId":"e2ac1645cb07b8080cc0fce9b50e90823f1e696b","sellTxId":"88443c12e3cdb9c8e34535d694dcbe0d7f94568f"}
{"index": {"_index":"pob","_id":"1603322"}}
	{"id":1603322,"type":"sell","buyer":"gimme-your-coinz","seller":"bitcoinflood","symbol":"POB","quantity":"29.69492079","price":"0.29212049","timestamp":1632874863,"volume":"8.67449481","buyTxId":"48334698a7584017b047479bd59358c530bedcd1","sellTxId":"25c45a4cdd0cce45085928f3b82780376caa67c2"}
{"index": {"_index":"pob","_id":"1603368"}}
	{"id":1603368,"type":"sell","buyer":"gimme-your-coinz","seller":"morenow","symbol":"POB","quantity":"10.75426372","price":"0.29212049","timestamp":1632875715,"volume":"3.14154079","buyTxId":"48334698a7584017b047479bd59358c530bedcd1","sellTxId":"b62049412c27db86d5a1d8d48687defff586188e"}
{"index": {"_index":"pob","_id":"1603372"}}
	{"id":1603372,"type":"sell","buyer":"gimme-your-coinz","seller":"trentonlundy1","symbol":"POB","quantity":"0.11245854","price":"0.29212049","timestamp":1632875856,"volume":"0.03285144","buyTxId":"48334698a7584017b047479bd59358c530bedcd1","sellTxId":"74f96cc481f90b475a9d8fcff8d8cd9f03feb74b"}
{"index": {"_index":"pob","_id":"1603585"}}
	{"id":1603585,"type":"sell","buyer":"gimme-your-coinz","seller":"melbourneswest","symbol":"POB","quantity":"3.83835695","price":"0.29212049","timestamp":1632879015,"volume":"1.12126271","buyTxId":"48334698a7584017b047479bd59358c530bedcd1","sellTxId":"ae5ac9ef6f81ba2873808f3c9b238565af5634ca"}
{"index": {"_index":"pob","_id":"1603615"}}
	{"id":1603615,"type":"sell","buyer":"gimme-your-coinz","seller":"andy4475","symbol":"POB","quantity":"1.46378704","price":"0.29205050","timestamp":1632879462,"volume":"0.42749974","buyTxId":"c460e7f20d902568ad27a649c07f799bad321aa3","sellTxId":"1a0f8068cab1c3d4bc277aaefd181f9c35a2a3ee"}
{"index": {"_index":"pob","_id":"1603617"}}
	{"id":1603617,"type":"buy","buyer":"anadolu","seller":"melbourneswest","symbol":"POB","quantity":"2.90194697","price":"0.29212049","timestamp":1632879498,"volume":"0.84771817","buyTxId":"MM-P-10849437-57834150-3-8-0","sellTxId":"ae5ac9ef6f81ba2873808f3c9b238565af5634ca"}
{"index": {"_index":"pob","_id":"1603663"}}
	{"id":1603663,"type":"buy","buyer":"abundance.tribe","seller":"akumagai","symbol":"POB","quantity":"0.00000029","price":"0.30000000","timestamp":1632880074,"volume":"0.00000009","buyTxId":"b7420a895063df244b14d8d00dcbb3b853066ead","sellTxId":"82390649e127baef0d861bdc651e4401a3e720fd"}
{"index": {"_index":"pob","_id":"1603664"}}
	{"id":1603664,"type":"buy","buyer":"abundance.tribe","seller":"brofi-market","symbol":"POB","quantity":"29.99999971","price":"0.30000000","timestamp":1632880074,"volume":"8.99999991","buyTxId":"b7420a895063df244b14d8d00dcbb3b853066ead","sellTxId":"cf570ac6bd1ccf243d368405e3e92077749e98fc"}
{"index": {"_index":"pob","_id":"1603772"}}
	{"id":1603772,"type":"sell","buyer":"gimme-your-coinz","seller":"valor2s","symbol":"POB","quantity":"1.84634293","price":"0.29271056","timestamp":1632881268,"volume":"0.54044407","buyTxId":"9c2e2dbe7b94fd3c14474032b49e0811e49d1f51","sellTxId":"e3ad98b4804878166e0be110ef2f4a335eb5a36b"}
{"index": {"_index":"pob","_id":"1603807"}}
	{"id":1603807,"type":"buy","buyer":"coininstant","seller":"brofi-market","symbol":"POB","quantity":"6.07279146","price":"0.30000000","timestamp":1632881739,"volume":"1.82183744","buyTxId":"5b4fb445d40cceb96dfca44078e7f8e5a507844c","sellTxId":"cf570ac6bd1ccf243d368405e3e92077749e98fc"}
{"index": {"_index":"pob","_id":"1603810"}}
	{"id":1603810,"type":"buy","buyer":"coininstant","seller":"kemmyb","symbol":"POB","quantity":"10.00000000","price":"0.31000000","timestamp":1632881766,"volume":"3.10000000","buyTxId":"6d22e12b1f8085ad48dd85b191e646b685032761","sellTxId":"6648cec1e78005033ca560c959df2d7c06240291"}
{"index": {"_index":"pob","_id":"1603812"}}
	{"id":1603812,"type":"buy","buyer":"coininstant","seller":"eirik","symbol":"POB","quantity":"7.10000000","price":"0.32500000","timestamp":1632881799,"volume":"2.30750000","buyTxId":"1afd3dfda0150602caea34bf89f9a905a247a0e5","sellTxId":"32832f3eac906ec41cd6cf7f46ca59423c419697"}
{"index": {"_index":"pob","_id":"1603813"}}
	{"id":1603813,"type":"buy","buyer":"coininstant","seller":"liotes.voter","symbol":"POB","quantity":"2.00000000","price":"0.32999501","timestamp":1632881859,"volume":"0.65999002","buyTxId":"787ce84fdc8a99e2cc61546b9eb767f32237cc81","sellTxId":"909b57f3308a3ecf5cc9d5ccd0e59dc5c26e00f9"}
{"index": {"_index":"pob","_id":"1603815"}}
	{"id":1603815,"type":"buy","buyer":"coininstant","seller":"liotes.voter","symbol":"POB","quantity":"1.84932019","price":"0.32999501","timestamp":1632881895,"volume":"0.61026643","buyTxId":"3cd42367cc0db5b8fef2daff781cd0e1eec2b651","sellTxId":"909b57f3308a3ecf5cc9d5ccd0e59dc5c26e00f9"}
{"index": {"_index":"pob","_id":"1603816"}}
	{"id":1603816,"type":"buy","buyer":"coininstant","seller":"leprechaun","symbol":"POB","quantity":"0.15067981","price":"0.33000000","timestamp":1632881895,"volume":"0.04972434","buyTxId":"3cd42367cc0db5b8fef2daff781cd0e1eec2b651","sellTxId":"90e47de5259ca6c71bafd3617d37bb57ec59ccb1"}
{"index": {"_index":"pob","_id":"1603820"}}
	{"id":1603820,"type":"buy","buyer":"coininstant","seller":"leprechaun","symbol":"POB","quantity":"385.28658436","price":"0.33000000","timestamp":1632881955,"volume":"127.14457284","buyTxId":"4614e697893423a608717967c68ed500d436de77","sellTxId":"90e47de5259ca6c71bafd3617d37bb57ec59ccb1"}
{"index": {"_index":"pob","_id":"1603843"}}
	{"id":1603843,"type":"sell","buyer":"coininstant","seller":"mawit07","symbol":"POB","quantity":"2.00000000","price":"0.32900000","timestamp":1632882225,"volume":"0.65800000","buyTxId":"7dd1861c5a55436e0f1a0b7515b57565cd14f52d","sellTxId":"0bc8052fa36c49d1c6606f0a60c4368e7a1786ca"}
{"index": {"_index":"pob","_id":"1603866"}}
	{"id":1603866,"type":"sell","buyer":"mmmmkkkk311","seller":"goldcoin","symbol":"POB","quantity":"3.14921454","price":"0.29325071","timestamp":1632882711,"volume":"0.92350940","buyTxId":"MM-P-10850500-57835213-3-19-0","sellTxId":"6127ce59effbf21d8cbe2c1bb436337718f704b0"}
