{"index": {"_index":"pob","_id":"3216779"}}
	{"id":3216779,"type":"sell","buyer":"sunset.curator","seller":"aschatria","symbol":"POB","quantity":"0.70893822","price":"0.02033000","timestamp":1650173700,"volume":"0.01441271","buyTxId":"2d887dcdab2c211f79154c3c4523d8eaab2d765f","sellTxId":"4dd72dbf49d1c6681738cede1435761cf3b2f0cd"}
{"index": {"_index":"pob","_id":"3216780"}}
	{"id":3216780,"type":"sell","buyer":"sunset.curator","seller":"erikah","symbol":"POB","quantity":"12.31220000","price":"0.02033000","timestamp":1650173712,"volume":"0.25030703","buyTxId":"2d887dcdab2c211f79154c3c4523d8eaab2d765f","sellTxId":"3156ff6c951b3e3769baaac05d5893ee61061997"}
{"index": {"_index":"pob","_id":"3216895"}}
	{"id":3216895,"type":"sell","buyer":"sunset.curator","seller":"ggbits","symbol":"POB","quantity":"1.07134680","price":"0.02033000","timestamp":1650175797,"volume":"0.02178048","buyTxId":"2d887dcdab2c211f79154c3c4523d8eaab2d765f","sellTxId":"196fd8ef6d524542fb1068528a7909fc63435b36"}
{"index": {"_index":"pob","_id":"3217053"}}
	{"id":3217053,"type":"sell","buyer":"sunset.curator","seller":"mein-senf-dazu","symbol":"POB","quantity":"4.67963985","price":"0.02033000","timestamp":1650178008,"volume":"0.09513708","buyTxId":"2d887dcdab2c211f79154c3c4523d8eaab2d765f","sellTxId":"8b70ee7792ccf549a70a27849c48eb8179f5ffe6"}
{"index": {"_index":"pob","_id":"3217081"}}
	{"id":3217081,"type":"sell","buyer":"sunset.curator","seller":"oks2crypto","symbol":"POB","quantity":"0.46641506","price":"0.02033000","timestamp":1650178248,"volume":"0.00948222","buyTxId":"2d887dcdab2c211f79154c3c4523d8eaab2d765f","sellTxId":"1bdf49c5c22f40ed360bf4e1a9645f7f360b3664"}
{"index": {"_index":"pob","_id":"3217158"}}
	{"id":3217158,"type":"sell","buyer":"sunset.curator","seller":"pjansen","symbol":"POB","quantity":"2.99413162","price":"0.02033000","timestamp":1650179184,"volume":"0.06087070","buyTxId":"2d887dcdab2c211f79154c3c4523d8eaab2d765f","sellTxId":"40239d546b3651bd0bd1e7dc1e65a5cabbfac817"}
{"index": {"_index":"pob","_id":"3217159"}}
	{"id":3217159,"type":"sell","buyer":"pob.curator","seller":"pjansen","symbol":"POB","quantity":"88.57312561","price":"0.02029999","timestamp":1650179184,"volume":"1.79803356","buyTxId":"f2b7ef4fe22c7fbf8d0970562326f81eba7d4fe7","sellTxId":"40239d546b3651bd0bd1e7dc1e65a5cabbfac817"}
{"index": {"_index":"pob","_id":"3217160"}}
	{"id":3217160,"type":"sell","buyer":"trostparadox","seller":"pjansen","symbol":"POB","quantity":"274.70416385","price":"0.02000020","timestamp":1650179184,"volume":"5.49413822","buyTxId":"d1377aecb431ba5ec5571500da7b53a72203115b","sellTxId":"40239d546b3651bd0bd1e7dc1e65a5cabbfac817"}
{"index": {"_index":"pob","_id":"3217180"}}
	{"id":3217180,"type":"sell","buyer":"trostparadox","seller":"clixmoney","symbol":"POB","quantity":"16.83808837","price":"0.02000020","timestamp":1650179631,"volume":"0.33676514","buyTxId":"d1377aecb431ba5ec5571500da7b53a72203115b","sellTxId":"ffe4b728fbdcf7c44b3af45742f3687b8745ac95"}
{"index": {"_index":"pob","_id":"3217198"}}
	{"id":3217198,"type":"sell","buyer":"trostparadox","seller":"ugochill","symbol":"POB","quantity":"0.05000000","price":"0.02000020","timestamp":1650179895,"volume":"0.00100001","buyTxId":"d1377aecb431ba5ec5571500da7b53a72203115b","sellTxId":"88e156653ce944ce853b95bf7fdfa82e6800461e"}
{"index": {"_index":"pob","_id":"3217348"}}
	{"id":3217348,"type":"sell","buyer":"trostparadox","seller":"pedrobrito2004","symbol":"POB","quantity":"0.73592997","price":"0.02000020","timestamp":1650181854,"volume":"0.01471875","buyTxId":"d1377aecb431ba5ec5571500da7b53a72203115b","sellTxId":"c3c0ea9c6bb43ef9b197293bba4515ce2bffad2c"}
{"index": {"_index":"pob","_id":"3217474"}}
	{"id":3217474,"type":"buy","buyer":"danielhuhservice","seller":"richardcrill","symbol":"POB","quantity":"4.00000000","price":"0.02660000","timestamp":1650183057,"volume":"0.10640000","buyTxId":"8d747074e4e2d69b5769afc92d63ab3a9e3c68d4","sellTxId":"MM-P-16577934-63567310-3-12-1"}
{"index": {"_index":"pob","_id":"3217492"}}
	{"id":3217492,"type":"sell","buyer":"trostparadox","seller":"steem82868","symbol":"POB","quantity":"0.17823113","price":"0.02000020","timestamp":1650183189,"volume":"0.00356466","buyTxId":"d1377aecb431ba5ec5571500da7b53a72203115b","sellTxId":"54cdbe2a40068473382b52ac2e590f1b3976aaa0"}
{"index": {"_index":"pob","_id":"3217545"}}
	{"id":3217545,"type":"sell","buyer":"trostparadox","seller":"lightcaptured","symbol":"POB","quantity":"6.98725145","price":"0.02000020","timestamp":1650183975,"volume":"0.13974643","buyTxId":"d1377aecb431ba5ec5571500da7b53a72203115b","sellTxId":"7c25d3350c7837f7dad18aed4b36813c80f5bc41"}
{"index": {"_index":"pob","_id":"3217704"}}
	{"id":3217704,"type":"sell","buyer":"trostparadox","seller":"steem82868","symbol":"POB","quantity":"0.01368875","price":"0.02000020","timestamp":1650187101,"volume":"0.00027378","buyTxId":"d1377aecb431ba5ec5571500da7b53a72203115b","sellTxId":"7533ba2cb8ad86351b8a8baa4a5b00d8a939de3f"}
{"index": {"_index":"pob","_id":"3217958"}}
	{"id":3217958,"type":"buy","buyer":"valentin86","seller":"liotes.voter","symbol":"POB","quantity":"6.81253018","price":"0.02550000","timestamp":1650190446,"volume":"0.17371952","buyTxId":"a98558cb7567b4f591c44f519654f6aee98797b6","sellTxId":"b0eef692a648f3a5d7cc086a07ab73f27f19c5b2"}
{"index": {"_index":"pob","_id":"3217959"}}
	{"id":3217959,"type":"buy","buyer":"valentin86","seller":"richardcrill","symbol":"POB","quantity":"93.18746982","price":"0.02660000","timestamp":1650190446,"volume":"2.47878670","buyTxId":"a98558cb7567b4f591c44f519654f6aee98797b6","sellTxId":"MM-P-16577934-63567310-3-12-1"}
{"index": {"_index":"pob","_id":"3218012"}}
	{"id":3218012,"type":"buy","buyer":"chesatochi","seller":"richardcrill","symbol":"POB","quantity":"0.36443947","price":"0.02660000","timestamp":1650190920,"volume":"0.00969409","buyTxId":"93c01c9abfbd56761687fe588ba0a5f21de5b6e1","sellTxId":"MM-P-16577934-63567310-3-12-1"}
{"index": {"_index":"pob","_id":"3218340"}}
	{"id":3218340,"type":"sell","buyer":"trostparadox","seller":"mehmetfix","symbol":"POB","quantity":"43.00000000","price":"0.02000020","timestamp":1650196752,"volume":"0.86000860","buyTxId":"d1377aecb431ba5ec5571500da7b53a72203115b","sellTxId":"c642cc3059bae4700fbcc6bdaacea07438f0c8fa"}
{"index": {"_index":"pob","_id":"3218398"}}
	{"id":3218398,"type":"sell","buyer":"trostparadox","seller":"brofi-market","symbol":"POB","quantity":"3.42236172","price":"0.02000020","timestamp":1650197916,"volume":"0.06844792","buyTxId":"d1377aecb431ba5ec5571500da7b53a72203115b","sellTxId":"20419834355e2ba788c25aa8b8b1980d5811f098"}
{"index": {"_index":"pob","_id":"3218453"}}
	{"id":3218453,"type":"buy","buyer":"richardcrill","seller":"amedhya","symbol":"POB","quantity":"0.02386308","price":"0.02000035","timestamp":1650198441,"volume":"0.00047727","buyTxId":"MM-P-16601858-63591246-3-12-0","sellTxId":"ccba7343da002c57d036f8d6af848491b0f3bdbe"}
{"index": {"_index":"pob","_id":"3218454"}}
	{"id":3218454,"type":"buy","buyer":"richardcrill","seller":"brofi-market","symbol":"POB","quantity":"3.42236172","price":"0.02000035","timestamp":1650198441,"volume":"0.06844843","buyTxId":"MM-P-16601858-63591246-3-12-0","sellTxId":"9ae63a117e35af145aa2f920996c56a716085891"}
{"index": {"_index":"pob","_id":"3218565"}}
	{"id":3218565,"type":"sell","buyer":"richardcrill","seller":"dhedge-drips","symbol":"POB","quantity":"0.36668161","price":"0.02010020","timestamp":1650199680,"volume":"0.00737037","buyTxId":"MM-P-16601858-63591246-3-12-0","sellTxId":"f557bc63e62051150bc37b1b9f71f250ae808b08"}
{"index": {"_index":"pob","_id":"3218709"}}
	{"id":3218709,"type":"sell","buyer":"richardcrill","seller":"frawdielp","symbol":"POB","quantity":"153.67533003","price":"0.02010020","timestamp":1650200964,"volume":"3.08890487","buyTxId":"MM-P-16601858-63591246-3-12-0","sellTxId":"785cb3b982da4925de4450e97a0f9449e642b6b2"}
{"index": {"_index":"pob","_id":"3218710"}}
	{"id":3218710,"type":"sell","buyer":"trostparadox","seller":"frawdielp","symbol":"POB","quantity":"121.61967836","price":"0.02000020","timestamp":1650200964,"volume":"2.43241789","buyTxId":"d1377aecb431ba5ec5571500da7b53a72203115b","sellTxId":"785cb3b982da4925de4450e97a0f9449e642b6b2"}
{"index": {"_index":"pob","_id":"3218814"}}
	{"id":3218814,"type":"sell","buyer":"trostparadox","seller":"frawdielp","symbol":"POB","quantity":"283.86204187","price":"0.02000020","timestamp":1650201672,"volume":"5.67729761","buyTxId":"d1377aecb431ba5ec5571500da7b53a72203115b","sellTxId":"3b681fed7a841d2102da1fb2bbcbdc50a3314fdb"}
{"index": {"_index":"pob","_id":"3218817"}}
	{"id":3218817,"type":"sell","buyer":"trostparadox","seller":"frawdielp","symbol":"POB","quantity":"293.39312056","price":"0.02000020","timestamp":1650201705,"volume":"5.86792109","buyTxId":"d1377aecb431ba5ec5571500da7b53a72203115b","sellTxId":"aaa6cfe59965e106e555f58656ebf5d3e901b752"}
{"index": {"_index":"pob","_id":"3218954"}}
	{"id":3218954,"type":"sell","buyer":"trostparadox","seller":"esmeesmith","symbol":"POB","quantity":"0.88089579","price":"0.02000020","timestamp":1650203127,"volume":"0.01761809","buyTxId":"d1377aecb431ba5ec5571500da7b53a72203115b","sellTxId":"46175af93ef9474007b99cd40886ba6b0f52d25d"}
{"index": {"_index":"pob","_id":"3219059"}}
	{"id":3219059,"type":"sell","buyer":"trostparadox","seller":"hitmeasap","symbol":"POB","quantity":"8.12093949","price":"0.02000020","timestamp":1650204030,"volume":"0.16242041","buyTxId":"d1377aecb431ba5ec5571500da7b53a72203115b","sellTxId":"4bd413074c59bc973360a20863d2cbbb0677140d"}
{"index": {"_index":"pob","_id":"3219161"}}
	{"id":3219161,"type":"sell","buyer":"trostparadox","seller":"isiksenpalvoja","symbol":"POB","quantity":"0.06379500","price":"0.02000020","timestamp":1650205485,"volume":"0.00127591","buyTxId":"d1377aecb431ba5ec5571500da7b53a72203115b","sellTxId":"2d9ca3d00c9cabb72a387d4e0e594b354c297a8a"}
{"index": {"_index":"pob","_id":"3219461"}}
	{"id":3219461,"type":"sell","buyer":"trostparadox","seller":"offgridlife","symbol":"POB","quantity":"40.32912569","price":"0.02000020","timestamp":1650208599,"volume":"0.80659058","buyTxId":"d1377aecb431ba5ec5571500da7b53a72203115b","sellTxId":"ddb2ce8676b3829644950533363e65bdf03565e6"}
{"index": {"_index":"pob","_id":"3219502"}}
	{"id":3219502,"type":"buy","buyer":"chesatochi","seller":"richardcrill","symbol":"POB","quantity":"11.54128404","price":"0.02570000","timestamp":1650209460,"volume":"0.296611","buyTxId":"5dc3d12c2a35d9cbf8a211e36127df2cef997359","sellTxId":"MM-P-16605149-63594539-3-12-0"}
{"index": {"_index":"pob","_id":"3219607"}}
	{"id":3219607,"type":"sell","buyer":"trostparadox","seller":"zainalbakri","symbol":"POB","quantity":"3.44936240","price":"0.02000020","timestamp":1650210570,"volume":"0.06898794","buyTxId":"d1377aecb431ba5ec5571500da7b53a72203115b","sellTxId":"52750eedccbb85f5343736eb23b751e3b3c6059f"}
{"index": {"_index":"pob","_id":"3219929"}}
	{"id":3219929,"type":"sell","buyer":"trostparadox","seller":"dswap","symbol":"POB","quantity":"0.00007068","price":"0.02000020","timestamp":1650214320,"volume":"0.00000141","buyTxId":"d1377aecb431ba5ec5571500da7b53a72203115b","sellTxId":"87d4c8ff81bba6832d8641c8b80014ce8fb05fc7"}
{"index": {"_index":"pob","_id":"3219977"}}
	{"id":3219977,"type":"sell","buyer":"trostparadox","seller":"ndari","symbol":"POB","quantity":"1.01680714","price":"0.02000020","timestamp":1650214581,"volume":"0.02033635","buyTxId":"d1377aecb431ba5ec5571500da7b53a72203115b","sellTxId":"bc34af08c5424c2ac9a8c5b447e9f704674fcded"}
{"index": {"_index":"pob","_id":"3220086"}}
	{"id":3220086,"type":"sell","buyer":"trostparadox","seller":"jsantana","symbol":"POB","quantity":"1.33198141","price":"0.02000020","timestamp":1650216048,"volume":"0.02663989","buyTxId":"d1377aecb431ba5ec5571500da7b53a72203115b","sellTxId":"594c8def221ed8069ba30bd315b121211e953e70"}
{"index": {"_index":"pob","_id":"3220148"}}
	{"id":3220148,"type":"sell","buyer":"trostparadox","seller":"tfranzini","symbol":"POB","quantity":"76.3","price":"0.02000020","timestamp":1650216282,"volume":"1.52601526","buyTxId":"d1377aecb431ba5ec5571500da7b53a72203115b","sellTxId":"78d6c0ce2fae37727944cea5def421abf5b81bd7"}
{"index": {"_index":"pob","_id":"3220238"}}
	{"id":3220238,"type":"sell","buyer":"trostparadox","seller":"spinvest","symbol":"POB","quantity":"112.00000000","price":"0.02000020","timestamp":1650216966,"volume":"2.24002240","buyTxId":"d1377aecb431ba5ec5571500da7b53a72203115b","sellTxId":"817a98943f27b2173342a0eea04b7269802ad2e4"}
{"index": {"_index":"pob","_id":"3220340"}}
	{"id":3220340,"type":"sell","buyer":"trostparadox","seller":"pantera1","symbol":"POB","quantity":"34.03338271","price":"0.02000020","timestamp":1650217950,"volume":"0.68067446","buyTxId":"d1377aecb431ba5ec5571500da7b53a72203115b","sellTxId":"9fc85fa98b8110e128f086db4b6568103d353277"}
{"index": {"_index":"pob","_id":"3220351"}}
	{"id":3220351,"type":"sell","buyer":"trostparadox","seller":"esmeesmith","symbol":"POB","quantity":"1.00730322","price":"0.02000020","timestamp":1650218046,"volume":"0.02014627","buyTxId":"d1377aecb431ba5ec5571500da7b53a72203115b","sellTxId":"3794479325fdc0532704f2df410e5abeaa4b8a44"}
{"index": {"_index":"pob","_id":"3220527"}}
	{"id":3220527,"type":"sell","buyer":"trostparadox","seller":"alyssasanders","symbol":"POB","quantity":"0.34081960","price":"0.02000020","timestamp":1650219132,"volume":"0.00681646","buyTxId":"d1377aecb431ba5ec5571500da7b53a72203115b","sellTxId":"14e6701a59354a5483654bb44cd6f61402ee91eb"}
{"index": {"_index":"pob","_id":"3220718"}}
	{"id":3220718,"type":"sell","buyer":"trostparadox","seller":"jacoalberts","symbol":"POB","quantity":"40.00000000","price":"0.02000020","timestamp":1650220965,"volume":"0.80000800","buyTxId":"d1377aecb431ba5ec5571500da7b53a72203115b","sellTxId":"d6052ddf90182689ffcf8de00f7e99529878a22f"}
{"index": {"_index":"pob","_id":"3220922"}}
	{"id":3220922,"type":"sell","buyer":"trostparadox","seller":"travelwritemoney","symbol":"POB","quantity":"14.54850626","price":"0.02000020","timestamp":1650222555,"volume":"0.29097303","buyTxId":"d1377aecb431ba5ec5571500da7b53a72203115b","sellTxId":"f84e3605169c512769068d1c1fcc36aa6920cf2b"}
{"index": {"_index":"pob","_id":"3221144"}}
	{"id":3221144,"type":"sell","buyer":"trostparadox","seller":"taskmaster4450","symbol":"POB","quantity":"214.79825639","price":"0.02000020","timestamp":1650224610,"volume":"4.29600809","buyTxId":"d1377aecb431ba5ec5571500da7b53a72203115b","sellTxId":"26f2b969e819fd3495969c856f527d4e3c523d6b"}
{"index": {"_index":"pob","_id":"3221258"}}
	{"id":3221258,"type":"sell","buyer":"trostparadox","seller":"taskmaster4450le","symbol":"POB","quantity":"581.99083298","price":"0.02000020","timestamp":1650225564,"volume":"11.63993306","buyTxId":"d1377aecb431ba5ec5571500da7b53a72203115b","sellTxId":"57bd28ecbe60a4e33726570e46321a47f40d8226"}
{"index": {"_index":"pob","_id":"3221327"}}
	{"id":3221327,"type":"buy","buyer":"yintercept","seller":"zainalbakri","symbol":"POB","quantity":"0.08634805","price":"0.02000022","timestamp":1650226197,"volume":"0.00172698","buyTxId":"a7683855a75c51730f6ffc3d6a5e4f0da803fb7d","sellTxId":"fd54169934b002058fe6b4aadd69b0b9eb86ec3c"}
{"index": {"_index":"pob","_id":"3221402"}}
	{"id":3221402,"type":"sell","buyer":"yintercept","seller":"andy4475","symbol":"POB","quantity":"3.21365195","price":"0.02000022","timestamp":1650226755,"volume":"0.06427375","buyTxId":"a7683855a75c51730f6ffc3d6a5e4f0da803fb7d","sellTxId":"60de5b428729e0658d6931eacafd400fbbd4e00d"}
{"index": {"_index":"pob","_id":"3221403"}}
	{"id":3221403,"type":"sell","buyer":"trostparadox","seller":"andy4475","symbol":"POB","quantity":"131.79003458","price":"0.02000020","timestamp":1650226755,"volume":"2.63582705","buyTxId":"d1377aecb431ba5ec5571500da7b53a72203115b","sellTxId":"60de5b428729e0658d6931eacafd400fbbd4e00d"}
{"index": {"_index":"pob","_id":"3221574"}}
	{"id":3221574,"type":"sell","buyer":"trostparadox","seller":"deathwing","symbol":"POB","quantity":"0.026","price":"0.02000020","timestamp":1650228906,"volume":"0.00052001","buyTxId":"d1377aecb431ba5ec5571500da7b53a72203115b","sellTxId":"a62f1c12372dd0efb2692f7f30b0acef87b8950a-1"}
{"index": {"_index":"pob","_id":"3221634"}}
	{"id":3221634,"type":"sell","buyer":"trostparadox","seller":"toofasteddie","symbol":"POB","quantity":"16.19842162","price":"0.02000020","timestamp":1650229797,"volume":"0.32397167","buyTxId":"d1377aecb431ba5ec5571500da7b53a72203115b","sellTxId":"5f0302e4d674e336373b5d134f7dedd463077d08"}
{"index": {"_index":"pob","_id":"3221907"}}
	{"id":3221907,"type":"sell","buyer":"trostparadox","seller":"he-index","symbol":"POB","quantity":"0.08200000","price":"0.02000020","timestamp":1650232995,"volume":"0.00164002","buyTxId":"d1377aecb431ba5ec5571500da7b53a72203115b","sellTxId":"aec4c48d4f625b7810c9c513c4010bd9c808575d"}
{"index": {"_index":"pob","_id":"3221968"}}
	{"id":3221968,"type":"sell","buyer":"trostparadox","seller":"vagabondspirit","symbol":"POB","quantity":"0.51217541","price":"0.02000020","timestamp":1650233664,"volume":"0.01024361","buyTxId":"d1377aecb431ba5ec5571500da7b53a72203115b","sellTxId":"892997af3789d137cb78376a1de03bccbff11462"}
{"index": {"_index":"pob","_id":"3221993"}}
	{"id":3221993,"type":"sell","buyer":"trostparadox","seller":"laloretoyya","symbol":"POB","quantity":"31.29123008","price":"0.02000020","timestamp":1650233865,"volume":"0.62583086","buyTxId":"d1377aecb431ba5ec5571500da7b53a72203115b","sellTxId":"9fdf1b47e5c2e0e60385cd4e3f7c1597632eafee"}
{"index": {"_index":"pob","_id":"3222053"}}
	{"id":3222053,"type":"sell","buyer":"trostparadox","seller":"niallon11","symbol":"POB","quantity":"46.05430583","price":"0.02000020","timestamp":1650234909,"volume":"0.92109533","buyTxId":"d1377aecb431ba5ec5571500da7b53a72203115b","sellTxId":"77f5e10b62e326f7b47112ea9fbcf3caab4a39c0"}
{"index": {"_index":"pob","_id":"3222259"}}
	{"id":3222259,"type":"sell","buyer":"trostparadox","seller":"jackglory","symbol":"POB","quantity":"15.60914147","price":"0.02000020","timestamp":1650237660,"volume":"0.31218595","buyTxId":"d1377aecb431ba5ec5571500da7b53a72203115b","sellTxId":"354fe43ab32a6fa4622778715f0fa3d421cbc9b2"}
{"index": {"_index":"pob","_id":"3222425"}}
	{"id":3222425,"type":"sell","buyer":"trostparadox","seller":"frawdie","symbol":"POB","quantity":"129.73110068","price":"0.02000020","timestamp":1650239304,"volume":"2.59464796","buyTxId":"d1377aecb431ba5ec5571500da7b53a72203115b","sellTxId":"b5c6411f42d272800deab94b8bbad36f331d3cfd"}
{"index": {"_index":"pob","_id":"3222601"}}
	{"id":3222601,"type":"sell","buyer":"trostparadox","seller":"melbourneswest","symbol":"POB","quantity":"10","price":"0.02000020","timestamp":1650240639,"volume":"0.20000200","buyTxId":"d1377aecb431ba5ec5571500da7b53a72203115b","sellTxId":"32b42d89b41610f81a55b24702bca7e76aa8d65c"}
{"index": {"_index":"pob","_id":"3222642"}}
	{"id":3222642,"type":"sell","buyer":"trostparadox","seller":"decentropia","symbol":"POB","quantity":"0.05973699","price":"0.02000020","timestamp":1650240921,"volume":"0.00119475","buyTxId":"d1377aecb431ba5ec5571500da7b53a72203115b","sellTxId":"4b212aec0819351c78399f3a2004078d49e40f0b"}
{"index": {"_index":"pob","_id":"3222710"}}
	{"id":3222710,"type":"sell","buyer":"trostparadox","seller":"operahoser","symbol":"POB","quantity":"0.85019609","price":"0.02000020","timestamp":1650241197,"volume":"0.01700409","buyTxId":"d1377aecb431ba5ec5571500da7b53a72203115b","sellTxId":"f52283ca292f16f68af11ee94dfb3b21dfca7f95"}
{"index": {"_index":"pob","_id":"3223083"}}
	{"id":3223083,"type":"sell","buyer":"trostparadox","seller":"teatree","symbol":"POB","quantity":"0.15211800","price":"0.02000020","timestamp":1650245202,"volume":"0.00304239","buyTxId":"d1377aecb431ba5ec5571500da7b53a72203115b","sellTxId":"dd3adb9d4a9ab6ad658c59ec36345e0edf5dd1dc"}
{"index": {"_index":"pob","_id":"3223152"}}
	{"id":3223152,"type":"sell","buyer":"trostparadox","seller":"felipejoys","symbol":"POB","quantity":"28.48292105","price":"0.02000020","timestamp":1650245580,"volume":"0.56966412","buyTxId":"d1377aecb431ba5ec5571500da7b53a72203115b","sellTxId":"7e374158ab08ed958c380f495d6f7b1779f4af3e"}
{"index": {"_index":"pob","_id":"3223242"}}
	{"id":3223242,"type":"sell","buyer":"trostparadox","seller":"readthisplease","symbol":"POB","quantity":"810.00000000","price":"0.02000020","timestamp":1650246606,"volume":"16.20016200","buyTxId":"d1377aecb431ba5ec5571500da7b53a72203115b","sellTxId":"c87a81a18afe06ea7ca5407a7010ea364bd11c1d"}
{"index": {"_index":"pob","_id":"3223307"}}
	{"id":3223307,"type":"sell","buyer":"trostparadox","seller":"steem82868","symbol":"POB","quantity":"0.91309249","price":"0.02000020","timestamp":1650247635,"volume":"0.01826203","buyTxId":"d1377aecb431ba5ec5571500da7b53a72203115b","sellTxId":"3b0437a875dee9a09956d92f6b6bf15dd34583ab"}
{"index": {"_index":"pob","_id":"3223432"}}
	{"id":3223432,"type":"sell","buyer":"trostparadox","seller":"chireerocks","symbol":"POB","quantity":"19.23448505","price":"0.02000020","timestamp":1650248901,"volume":"0.38469355","buyTxId":"d1377aecb431ba5ec5571500da7b53a72203115b","sellTxId":"49c813b435172ce3ed0aa270ff5fdb8286521cc5"}
