{"index": {"_index":"pob","_id":"3799790"}}
	{"id":3799790,"type":"sell","buyer":"onlydoge","seller":"steem82868","symbol":"POB","quantity":"2.77056214","price":"0.01140000","timestamp":1656464091,"volume":"0.03158441","buyTxId":"35d29b603cc6b79a9b88c542cc83e6d6fb2c93c0","sellTxId":"e55412eee91d0548063cef8ad80352aeb0e9e80f"}
{"index": {"_index":"pob","_id":"3800461"}}
	{"id":3800461,"type":"sell","buyer":"onlydoge","seller":"pjansen","symbol":"POB","quantity":"1087.38261837","price":"0.01140000","timestamp":1656469686,"volume":"12.39616185","buyTxId":"35d29b603cc6b79a9b88c542cc83e6d6fb2c93c0","sellTxId":"f5192a11c9da8857a3f55e40a6be64690b2516e1"}
{"index": {"_index":"pob","_id":"3800470"}}
	{"id":3800470,"type":"sell","buyer":"onlydoge","seller":"pjansen","symbol":"POB","quantity":"1.30838847","price":"0.01140000","timestamp":1656469719,"volume":"0.01491563","buyTxId":"35d29b603cc6b79a9b88c542cc83e6d6fb2c93c0","sellTxId":"5ef35ce16bab7efe102dc7aa969af33bf876f74e"}
{"index": {"_index":"pob","_id":"3801003"}}
	{"id":3801003,"type":"sell","buyer":"onlydoge","seller":"melbourneswest","symbol":"POB","quantity":"10","price":"0.01140000","timestamp":1656476508,"volume":"0.11400000","buyTxId":"35d29b603cc6b79a9b88c542cc83e6d6fb2c93c0","sellTxId":"c2a9d4b919f114b41c05120015895b0411da5427"}
{"index": {"_index":"pob","_id":"3801047"}}
	{"id":3801047,"type":"sell","buyer":"onlydoge","seller":"pjansen","symbol":"POB","quantity":"56.34196816","price":"0.01140000","timestamp":1656477483,"volume":"0.64229844","buyTxId":"35d29b603cc6b79a9b88c542cc83e6d6fb2c93c0","sellTxId":"66e96079c6ddabfd60bafddfc2ce5534a0f7a72f"}
{"index": {"_index":"pob","_id":"3801066"}}
	{"id":3801066,"type":"sell","buyer":"onlydoge","seller":"japex1226","symbol":"POB","quantity":"73.90220000","price":"0.01140000","timestamp":1656477864,"volume":"0.84248508","buyTxId":"35d29b603cc6b79a9b88c542cc83e6d6fb2c93c0","sellTxId":"558d475c95143c27d961aab8088ed412de26ccc3"}
{"index": {"_index":"pob","_id":"3801259"}}
	{"id":3801259,"type":"sell","buyer":"onlydoge","seller":"frawdielp2","symbol":"POB","quantity":"0.00015669","price":"0.01140000","timestamp":1656480207,"volume":"0.00000179","buyTxId":"35d29b603cc6b79a9b88c542cc83e6d6fb2c93c0","sellTxId":"ebb13f20a3d4753b3b89896e4ea74d5e819a64ab"}
{"index": {"_index":"pob","_id":"3801303"}}
	{"id":3801303,"type":"sell","buyer":"onlydoge","seller":"rzc24-nftbbg","symbol":"POB","quantity":"80.83308358","price":"0.01140000","timestamp":1656480579,"volume":"0.92149715","buyTxId":"35d29b603cc6b79a9b88c542cc83e6d6fb2c93c0","sellTxId":"20511288837deded512409f0c81fb68b8afded1e"}
{"index": {"_index":"pob","_id":"3801510"}}
	{"id":3801510,"type":"sell","buyer":"maarnio","seller":"beyondhorizonmm","symbol":"POB","quantity":"30.54971104","price":"0.01131000","timestamp":1656483603,"volume":"0.34551723","buyTxId":"34bc0246aba53d030474a0daec8f8711f90c0ef0","sellTxId":"080b09e7ceb9689b30978237d47d9efd3747c897"}
{"index": {"_index":"pob","_id":"3801635"}}
	{"id":3801635,"type":"sell","buyer":"maarnio","seller":"pjansen","symbol":"POB","quantity":"2.982963","price":"0.01131000","timestamp":1656484725,"volume":"0.03373731","buyTxId":"34bc0246aba53d030474a0daec8f8711f90c0ef0","sellTxId":"4de41d6bffc4fb89c101f3c4ddbc8a0cb9cf5aa7"}
{"index": {"_index":"pob","_id":"3801668"}}
	{"id":3801668,"type":"sell","buyer":"maarnio","seller":"ugochill","symbol":"POB","quantity":"0.22003080","price":"0.01131000","timestamp":1656485052,"volume":"0.00248855","buyTxId":"34bc0246aba53d030474a0daec8f8711f90c0ef0","sellTxId":"1baad0c73f04805a6f1aee41c02d375c2ecfd26f"}
{"index": {"_index":"pob","_id":"3801754"}}
	{"id":3801754,"type":"sell","buyer":"maarnio","seller":"hoosie","symbol":"POB","quantity":"1.22324704","price":"0.01131000","timestamp":1656485757,"volume":"0.01383492","buyTxId":"34bc0246aba53d030474a0daec8f8711f90c0ef0","sellTxId":"40e04061ce6e9ba30e3bfdd2c4f1d80bae40d8d5"}
{"index": {"_index":"pob","_id":"3801873"}}
	{"id":3801873,"type":"sell","buyer":"maarnio","seller":"theia7","symbol":"POB","quantity":"0.81741701","price":"0.01131000","timestamp":1656486705,"volume":"0.00924499","buyTxId":"34bc0246aba53d030474a0daec8f8711f90c0ef0","sellTxId":"2778ca9a51973d1a36d667f142f8bfa3b824fb6d"}
{"index": {"_index":"pob","_id":"3802100"}}
	{"id":3802100,"type":"sell","buyer":"maarnio","seller":"pjansen","symbol":"POB","quantity":"73.81639754","price":"0.01131000","timestamp":1656489738,"volume":"0.83486346","buyTxId":"34bc0246aba53d030474a0daec8f8711f90c0ef0","sellTxId":"456e019908415d0db5f1c75fed550537bfdd62ea"}
{"index": {"_index":"pob","_id":"3802172"}}
	{"id":3802172,"type":"sell","buyer":"maarnio","seller":"soulsdetour","symbol":"POB","quantity":"28.58816242","price":"0.01131000","timestamp":1656490728,"volume":"0.32333212","buyTxId":"34bc0246aba53d030474a0daec8f8711f90c0ef0","sellTxId":"d544665a8bb8b65964383d78695829fb4930ea61"}
{"index": {"_index":"pob","_id":"3802198"}}
	{"id":3802198,"type":"sell","buyer":"maarnio","seller":"noblebright","symbol":"POB","quantity":"0.17855021","price":"0.01131000","timestamp":1656490956,"volume":"0.00201940","buyTxId":"34bc0246aba53d030474a0daec8f8711f90c0ef0","sellTxId":"9bbad04f1005ff0c438fad7817bc5317f7583001"}
{"index": {"_index":"pob","_id":"3802286"}}
	{"id":3802286,"type":"sell","buyer":"maarnio","seller":"finguru","symbol":"POB","quantity":"6.47978479","price":"0.01131000","timestamp":1656492114,"volume":"0.07328637","buyTxId":"34bc0246aba53d030474a0daec8f8711f90c0ef0","sellTxId":"c9b983cfc66293e890d8684845f548814e55c9da"}
{"index": {"_index":"pob","_id":"3802329"}}
	{"id":3802329,"type":"sell","buyer":"maarnio","seller":"barbarabezina","symbol":"POB","quantity":"14.43930232","price":"0.01131000","timestamp":1656492855,"volume":"0.16330851","buyTxId":"34bc0246aba53d030474a0daec8f8711f90c0ef0","sellTxId":"7e209a9ee0ee0efebc2a1ef9598704869a42945d"}
{"index": {"_index":"pob","_id":"3802391"}}
	{"id":3802391,"type":"sell","buyer":"maarnio","seller":"florenceboens","symbol":"POB","quantity":"0.20985000","price":"0.01131000","timestamp":1656493524,"volume":"0.00237340","buyTxId":"34bc0246aba53d030474a0daec8f8711f90c0ef0","sellTxId":"f4636e4a7d1717c0d1ecd9129c4816bb9aa2da21"}
{"index": {"_index":"pob","_id":"3802392"}}
	{"id":3802392,"type":"sell","buyer":"maarnio","seller":"ugochill","symbol":"POB","quantity":"0.01615376","price":"0.01131000","timestamp":1656493542,"volume":"0.00018270","buyTxId":"34bc0246aba53d030474a0daec8f8711f90c0ef0","sellTxId":"678f54db433984862b57bde72afb9c65601b6825"}
{"index": {"_index":"pob","_id":"3802441"}}
	{"id":3802441,"type":"sell","buyer":"maarnio","seller":"esther-emmanuel","symbol":"POB","quantity":"43.27144876","price":"0.01131000","timestamp":1656493908,"volume":"0.48940008","buyTxId":"34bc0246aba53d030474a0daec8f8711f90c0ef0","sellTxId":"263fb0c4a4fc2d2405dbfa5074ff41c70462a489"}
{"index": {"_index":"pob","_id":"3802595"}}
	{"id":3802595,"type":"buy","buyer":"chesatochi","seller":"esther-emmanuel","symbol":"POB","quantity":"13.24643678","price":"0.01131000","timestamp":1656496431,"volume":"0.1498172","buyTxId":"efd19c5452866b1147cb4b068853d2c4d18ea7c3","sellTxId":"263fb0c4a4fc2d2405dbfa5074ff41c70462a489"}
{"index": {"_index":"pob","_id":"3802662"}}
	{"id":3802662,"type":"sell","buyer":"shanhenry","seller":"steem82868","symbol":"POB","quantity":"0.12740296","price":"0.01130010","timestamp":1656497451,"volume":"0.00143967","buyTxId":"c532d525bf06fdb73e94480d40a5cf4ed5392280","sellTxId":"ba7dc02665400455c224c354919303adbedafcb1"}
{"index": {"_index":"pob","_id":"3802743"}}
	{"id":3802743,"type":"buy","buyer":"frawdielp","seller":"esther-emmanuel","symbol":"POB","quantity":"33.48211446","price":"0.01131000","timestamp":1656498450,"volume":"0.37868271","buyTxId":"1b70cc59174d101c99649a792b9b0c75874f09ea","sellTxId":"263fb0c4a4fc2d2405dbfa5074ff41c70462a489"}
{"index": {"_index":"pob","_id":"3802744"}}
	{"id":3802744,"type":"buy","buyer":"frawdielp","seller":"damla","symbol":"POB","quantity":"1.15011108","price":"0.01131000","timestamp":1656498450,"volume":"0.01300776","buyTxId":"1b70cc59174d101c99649a792b9b0c75874f09ea","sellTxId":"e422320257c63fb5a4d07d755a306c931f227dcb"}
{"index": {"_index":"pob","_id":"3802745"}}
	{"id":3802745,"type":"buy","buyer":"frawdielp","seller":"oople","symbol":"POB","quantity":"0.01413514","price":"0.01131003","timestamp":1656498450,"volume":"0.00015987","buyTxId":"1b70cc59174d101c99649a792b9b0c75874f09ea","sellTxId":"89d2c228de1487c2456fdf337d34be2d4ce5a49c"}
{"index": {"_index":"pob","_id":"3802746"}}
	{"id":3802746,"type":"buy","buyer":"frawdielp","seller":"rzc24-nftbbg","symbol":"POB","quantity":"23.78415070","price":"0.01140000","timestamp":1656498450,"volume":"0.27113932","buyTxId":"1b70cc59174d101c99649a792b9b0c75874f09ea","sellTxId":"20511288837deded512409f0c81fb68b8afded1e"}
{"index": {"_index":"pob","_id":"3802747"}}
	{"id":3802747,"type":"buy","buyer":"frawdielp","seller":"sketchygamerguy","symbol":"POB","quantity":"0.15770677","price":"0.01140001","timestamp":1656498450,"volume":"0.00179786","buyTxId":"1b70cc59174d101c99649a792b9b0c75874f09ea","sellTxId":"810aa4cf4e09015db11a0a75d40066c7d4d84aa9"}
{"index": {"_index":"pob","_id":"3802806"}}
	{"id":3802806,"type":"buy","buyer":"thegoliath","seller":"richardcrill","symbol":"POB","quantity":"1000.00000000","price":"0.01490000","timestamp":1656499440,"volume":"14.90000000","buyTxId":"6c47a5355f101c6e388ff68e932cc091f1f0c9ac","sellTxId":"MM-P-18694385-65686527-3-12-0"}
{"index": {"_index":"pob","_id":"3802807"}}
	{"id":3802807,"type":"buy","buyer":"thegoliath","seller":"onlydoge","symbol":"POB","quantity":"1315.78940000","price":"0.01500000","timestamp":1656499440,"volume":"19.73684100","buyTxId":"6c47a5355f101c6e388ff68e932cc091f1f0c9ac","sellTxId":"78ee9524948aab6d7b591c330acc16201df4814f"}
{"index": {"_index":"pob","_id":"3802808"}}
	{"id":3802808,"type":"buy","buyer":"thegoliath","seller":"coininstant","symbol":"POB","quantity":"6.77321709","price":"0.01540000","timestamp":1656499440,"volume":"0.10430754","buyTxId":"6c47a5355f101c6e388ff68e932cc091f1f0c9ac","sellTxId":"111b4aac760a98e67bcb313867aae6619998c456"}
{"index": {"_index":"pob","_id":"3802809"}}
	{"id":3802809,"type":"buy","buyer":"thegoliath","seller":"sunset.curator","symbol":"POB","quantity":"3.91230600","price":"0.01567783","timestamp":1656499440,"volume":"0.06133647","buyTxId":"6c47a5355f101c6e388ff68e932cc091f1f0c9ac","sellTxId":"380881d8ce41d53d0a481f703ad95e22b8f6b199"}
{"index": {"_index":"pob","_id":"3802810"}}
	{"id":3802810,"type":"buy","buyer":"thegoliath","seller":"helios.voter","symbol":"POB","quantity":"9.41804829","price":"0.01567783","timestamp":1656499440,"volume":"0.14765456","buyTxId":"6c47a5355f101c6e388ff68e932cc091f1f0c9ac","sellTxId":"511fd0c533f74723286dd2b583eb264a12afe0c4"}
{"index": {"_index":"pob","_id":"3802811"}}
	{"id":3802811,"type":"buy","buyer":"thegoliath","seller":"damla","symbol":"POB","quantity":"0.18335805","price":"0.01577785","timestamp":1656499440,"volume":"0.00289300","buyTxId":"6c47a5355f101c6e388ff68e932cc091f1f0c9ac","sellTxId":"fdc92c429507effee431577db08858ac33e38b84"}
{"index": {"_index":"pob","_id":"3802812"}}
	{"id":3802812,"type":"buy","buyer":"thegoliath","seller":"barmbo","symbol":"POB","quantity":"63.92367057","price":"0.01587785","timestamp":1656499440,"volume":"1.01497045","buyTxId":"6c47a5355f101c6e388ff68e932cc091f1f0c9ac","sellTxId":"2f38ee75da808298afd81fec6fcd1f838348d8b6"}
{"index": {"_index":"pob","_id":"3802883"}}
	{"id":3802883,"type":"sell","buyer":"onlydoge","seller":"phortun","symbol":"POB","quantity":"2.51159129","price":"0.01140000","timestamp":1656500142,"volume":"0.02863214","buyTxId":"2e0a589c74ef28aac274ddc52e2dbbbba18d8000","sellTxId":"6b47627d6428cc0c188fbb016b5be0792fdf6caa"}
{"index": {"_index":"pob","_id":"3802968"}}
	{"id":3802968,"type":"sell","buyer":"onlydoge","seller":"acesontop","symbol":"POB","quantity":"323.55900426","price":"0.01140000","timestamp":1656501192,"volume":"3.68857265","buyTxId":"2e0a589c74ef28aac274ddc52e2dbbbba18d8000","sellTxId":"6cafd56f7aacb00b24dac28293691627036477bb"}
{"index": {"_index":"pob","_id":"3803226"}}
	{"id":3803226,"type":"sell","buyer":"onlydoge","seller":"lordneroo","symbol":"POB","quantity":"44.09788174","price":"0.01140000","timestamp":1656504300,"volume":"0.50271585","buyTxId":"2e0a589c74ef28aac274ddc52e2dbbbba18d8000","sellTxId":"a72e46382d165bbe23d03c01c2de7446e3d9b950"}
{"index": {"_index":"pob","_id":"3803497"}}
	{"id":3803497,"type":"sell","buyer":"maarnio","seller":"fiberfrau","symbol":"POB","quantity":"0.96519313","price":"0.01141000","timestamp":1656506607,"volume":"0.01101285","buyTxId":"02e5e6650038bac9443dee6d895b2de24f58b0c5","sellTxId":"27ddfbc17aa94bae15ba54498b325b017f1c199b"}
{"index": {"_index":"pob","_id":"3803609"}}
	{"id":3803609,"type":"sell","buyer":"maarnio","seller":"elricmoonslayer","symbol":"POB","quantity":"31.59776297","price":"0.01141000","timestamp":1656507942,"volume":"0.36053048","buyTxId":"02e5e6650038bac9443dee6d895b2de24f58b0c5","sellTxId":"cc06aee695d63ec1babd6f946546c4799dddfc0b"}
{"index": {"_index":"pob","_id":"3803826"}}
	{"id":3803826,"type":"sell","buyer":"maarnio","seller":"royalpeek","symbol":"POB","quantity":"25.6","price":"0.01141000","timestamp":1656510849,"volume":"0.29209600","buyTxId":"02e5e6650038bac9443dee6d895b2de24f58b0c5","sellTxId":"25eba1eee2c1e7f7c59f56182e9206da16b86de1"}
{"index": {"_index":"pob","_id":"3803929"}}
	{"id":3803929,"type":"sell","buyer":"maarnio","seller":"marbrym","symbol":"POB","quantity":"154.73660299","price":"0.01141000","timestamp":1656512112,"volume":"1.76554464","buyTxId":"02e5e6650038bac9443dee6d895b2de24f58b0c5","sellTxId":"3e0cbc9363468c22afd63c994e55c52a9f217352"}
{"index": {"_index":"pob","_id":"3804100"}}
	{"id":3804100,"type":"sell","buyer":"maarnio","seller":"felipejoys","symbol":"POB","quantity":"36.53113723","price":"0.01141000","timestamp":1656513588,"volume":"0.41682028","buyTxId":"02e5e6650038bac9443dee6d895b2de24f58b0c5","sellTxId":"c87396e20014859ac56ca4e23202f80f00b7ec6f"}
{"index": {"_index":"pob","_id":"3804137"}}
	{"id":3804137,"type":"sell","buyer":"maarnio","seller":"ugochill","symbol":"POB","quantity":"0.01582818","price":"0.01141000","timestamp":1656514266,"volume":"0.00018060","buyTxId":"02e5e6650038bac9443dee6d895b2de24f58b0c5","sellTxId":"edd85f6959021e73cbcbe598dfd452098811ce9f"}
{"index": {"_index":"pob","_id":"3804222"}}
	{"id":3804222,"type":"sell","buyer":"maarnio","seller":"kraken99","symbol":"POB","quantity":"3.61003962","price":"0.01141000","timestamp":1656515136,"volume":"0.04119055","buyTxId":"02e5e6650038bac9443dee6d895b2de24f58b0c5","sellTxId":"30d245c9eb31e0a8c741d37da9dfb94ec5ce7e16"}
{"index": {"_index":"pob","_id":"3804623"}}
	{"id":3804623,"type":"buy","buyer":"ugochill","seller":"richardcrill","symbol":"POB","quantity":"5.00000000","price":"0.01480000","timestamp":1656519498,"volume":"0.07400000","buyTxId":"e9df1e64556eb284f0f0ed93c4bd89b63f28b976","sellTxId":"MM-P-18700857-65693018-3-12-0"}
{"index": {"_index":"pob","_id":"3804625"}}
	{"id":3804625,"type":"sell","buyer":"maarnio","seller":"trumpman","symbol":"POB","quantity":"20.6096836","price":"0.01141000","timestamp":1656519558,"volume":"0.23515649","buyTxId":"02e5e6650038bac9443dee6d895b2de24f58b0c5","sellTxId":"f2bb5b22e6fcfaffdc9af13c3181f5e292578d32"}
{"index": {"_index":"pob","_id":"3804789"}}
	{"id":3804789,"type":"sell","buyer":"maarnio","seller":"osomar357","symbol":"POB","quantity":"20.02330690","price":"0.01141000","timestamp":1656520899,"volume":"0.22846593","buyTxId":"02e5e6650038bac9443dee6d895b2de24f58b0c5","sellTxId":"594df5242262547cc9c925bada8c42e1f6c618a1"}
{"index": {"_index":"pob","_id":"3804844"}}
	{"id":3804844,"type":"sell","buyer":"maarnio","seller":"zallin","symbol":"POB","quantity":"150.31044538","price":"0.01141000","timestamp":1656521358,"volume":"1.71504218","buyTxId":"02e5e6650038bac9443dee6d895b2de24f58b0c5","sellTxId":"34200aee59f4caf6a81c3917cca6fc93fbf84ad8"}
{"index": {"_index":"pob","_id":"3804845"}}
	{"id":3804845,"type":"sell","buyer":"shanhenry","seller":"zallin","symbol":"POB","quantity":"68.74764087","price":"0.01130010","timestamp":1656521358,"volume":"0.77685522","buyTxId":"c532d525bf06fdb73e94480d40a5cf4ed5392280","sellTxId":"34200aee59f4caf6a81c3917cca6fc93fbf84ad8"}
{"index": {"_index":"pob","_id":"3805124"}}
	{"id":3805124,"type":"sell","buyer":"maarnio","seller":"curatorcat.pal","symbol":"POB","quantity":"0.50494461","price":"0.01131000","timestamp":1656524289,"volume":"0.00571092","buyTxId":"c11f95158fc3eb9a84430007433fb265a294f1dd","sellTxId":"4fed5c5843ae78e0352754a7056d8be684c14d1d"}
{"index": {"_index":"pob","_id":"3805381"}}
	{"id":3805381,"type":"buy","buyer":"ugochill","seller":"richardcrill","symbol":"POB","quantity":"5.00000000","price":"0.01440000","timestamp":1656527016,"volume":"0.07200000","buyTxId":"c20e56c014bcb7c2fe6474fce362c727d590cb14","sellTxId":"MM-P-18702545-65694712-3-12-0"}
{"index": {"_index":"pob","_id":"3805560"}}
	{"id":3805560,"type":"sell","buyer":"maarnio","seller":"coquicoin","symbol":"POB","quantity":"52.32469203","price":"0.01131000","timestamp":1656529323,"volume":"0.59179227","buyTxId":"c11f95158fc3eb9a84430007433fb265a294f1dd","sellTxId":"2df3c86df9b53e7abe2442d1ec4c3d0f6a55f458"}
{"index": {"_index":"pob","_id":"3805722"}}
	{"id":3805722,"type":"sell","buyer":"maarnio","seller":"crypto-futurist","symbol":"POB","quantity":"0.00161514","price":"0.01131000","timestamp":1656531567,"volume":"0.00001827","buyTxId":"c11f95158fc3eb9a84430007433fb265a294f1dd","sellTxId":"38d57b76f48f749af514e3367d3ea9b00fe867c0"}
{"index": {"_index":"pob","_id":"3806042"}}
	{"id":3806042,"type":"sell","buyer":"maarnio","seller":"deathwing","symbol":"POB","quantity":"0.026","price":"0.01131000","timestamp":1656536106,"volume":"0.00029406","buyTxId":"c11f95158fc3eb9a84430007433fb265a294f1dd","sellTxId":"0e08439e23ab4f1c74e4e6f41ae1c1e2ee97e355-0"}
{"index": {"_index":"pob","_id":"3806123"}}
	{"id":3806123,"type":"sell","buyer":"maarnio","seller":"ugochill","symbol":"POB","quantity":"0.02235885","price":"0.01131000","timestamp":1656537651,"volume":"0.00025288","buyTxId":"c11f95158fc3eb9a84430007433fb265a294f1dd","sellTxId":"3bfeca1d278634bd483796ef423f26a9207e480f"}
{"index": {"_index":"pob","_id":"3806225"}}
	{"id":3806225,"type":"sell","buyer":"maarnio","seller":"darth-azrael","symbol":"POB","quantity":"3.00000000","price":"0.01131000","timestamp":1656538701,"volume":"0.03393000","buyTxId":"c11f95158fc3eb9a84430007433fb265a294f1dd","sellTxId":"928f705e5a19e8c19ee0945b9e5ddde50cf562b1"}
{"index": {"_index":"pob","_id":"3806319"}}
	{"id":3806319,"type":"sell","buyer":"maarnio","seller":"he-index","symbol":"POB","quantity":"0.07600000","price":"0.01131000","timestamp":1656540072,"volume":"0.00085956","buyTxId":"c11f95158fc3eb9a84430007433fb265a294f1dd","sellTxId":"c561e949e73b6f25c2d9ba6d685b2bc5f72fef79"}
{"index": {"_index":"pob","_id":"3806468"}}
	{"id":3806468,"type":"sell","buyer":"maarnio","seller":"elmichiote","symbol":"POB","quantity":"0.00180078","price":"0.01131000","timestamp":1656542196,"volume":"0.00002037","buyTxId":"c11f95158fc3eb9a84430007433fb265a294f1dd","sellTxId":"e93fe63c30929700d920b2a5cb54dcd97f0148e3"}
{"index": {"_index":"pob","_id":"3806572"}}
	{"id":3806572,"type":"buy","buyer":"sonfecisinan","seller":"richardcrill","symbol":"POB","quantity":"490.77168880","price":"0.01340000","timestamp":1656542877,"volume":"6.57634063","buyTxId":"bea410fa7f3741436f7a2a8bff1d214390076644","sellTxId":"MM-P-18708334-65700507-3-12-0"}
{"index": {"_index":"pob","_id":"3806769"}}
	{"id":3806769,"type":"sell","buyer":"maarnio","seller":"beyondhorizonmm","symbol":"POB","quantity":"25.06262870","price":"0.01131000","timestamp":1656545148,"volume":"0.28345833","buyTxId":"c11f95158fc3eb9a84430007433fb265a294f1dd","sellTxId":"1f707b5045bf021b90f5273cfb578bca9f5e919b"}
{"index": {"_index":"pob","_id":"3806902"}}
	{"id":3806902,"type":"sell","buyer":"maarnio","seller":"lapacodo","symbol":"POB","quantity":"7.34000000","price":"0.01131000","timestamp":1656546078,"volume":"0.08301540","buyTxId":"c11f95158fc3eb9a84430007433fb265a294f1dd","sellTxId":"4cefabe78722b458a58807b599590f36e860399d"}
{"index": {"_index":"pob","_id":"3807086"}}
	{"id":3807086,"type":"sell","buyer":"maarnio","seller":"quantumg","symbol":"POB","quantity":"2.43657727","price":"0.01131000","timestamp":1656547902,"volume":"0.02755769","buyTxId":"c11f95158fc3eb9a84430007433fb265a294f1dd","sellTxId":"cb43b0592ea6c799924697654c5d3e01a0e9a22f"}
{"index": {"_index":"pob","_id":"3807422"}}
	{"id":3807422,"type":"sell","buyer":"maarnio","seller":"dhedge-drips","symbol":"POB","quantity":"0.12933164","price":"0.01131000","timestamp":1656549969,"volume":"0.00146274","buyTxId":"c11f95158fc3eb9a84430007433fb265a294f1dd","sellTxId":"0129aeb6f690ef5239d572f11c231c1afdf8ae0b"}
