{"index": {"_index":"pob","_id":"2766456"}}
	{"id":2766456,"type":"sell","buyer":"richardcrill","seller":"alexanderfluke","symbol":"POB","quantity":"0.60100000","price":"0.02272500","timestamp":1644726477,"volume":"0.01365773","buyTxId":"MM-P-14784615-61771984-3-11-0","sellTxId":"fdbde7d355b3ede8cd961c4e30a35cb2b54c8470"}
{"index": {"_index":"pob","_id":"2766457"}}
	{"id":2766457,"type":"sell","buyer":"richardcrill","seller":"dswap","symbol":"POB","quantity":"0.10461872","price":"0.02272500","timestamp":1644726483,"volume":"0.00237746","buyTxId":"MM-P-14784615-61771984-3-11-0","sellTxId":"cbe44f735baa05cf91700bc3e5720167b8172d5a"}
{"index": {"_index":"pob","_id":"2766527"}}
	{"id":2766527,"type":"sell","buyer":"richardcrill","seller":"mango-juice","symbol":"POB","quantity":"13.63979319","price":"0.02272500","timestamp":1644727485,"volume":"0.30996430","buyTxId":"MM-P-14784615-61771984-3-11-0","sellTxId":"df5f7657203e96ed2a87b81fd19b1aada9b9090c"}
{"index": {"_index":"pob","_id":"2766571"}}
	{"id":2766571,"type":"buy","buyer":"ahmetay","seller":"master-lamps","symbol":"POB","quantity":"0.04468062","price":"0.02698799","timestamp":1644728829,"volume":"0.00120584","buyTxId":"8448333337b45a0e70ca25d6e2eb9695e1830402","sellTxId":"6aee787265e5bbe4698957a54ba2ea1d8a361dab"}
{"index": {"_index":"pob","_id":"2766572"}}
	{"id":2766572,"type":"buy","buyer":"ahmetay","seller":"savagetobi","symbol":"POB","quantity":"50.86860031","price":"0.02698800","timestamp":1644728829,"volume":"1.37284179","buyTxId":"8448333337b45a0e70ca25d6e2eb9695e1830402","sellTxId":"78bd9aec5e389cf0083ae617a6e1936f41d458ea"}
{"index": {"_index":"pob","_id":"2766573"}}
	{"id":2766573,"type":"buy","buyer":"ahmetay","seller":"dhedge-drips","symbol":"POB","quantity":"0.72148476","price":"0.02698800","timestamp":1644728829,"volume":"0.01947143","buyTxId":"8448333337b45a0e70ca25d6e2eb9695e1830402","sellTxId":"66ad7f889b652cb5c6312e66c303d50f81c88507"}
{"index": {"_index":"pob","_id":"2766574"}}
	{"id":2766574,"type":"buy","buyer":"ahmetay","seller":"balina","symbol":"POB","quantity":"241.68578525","price":"0.02733500","timestamp":1644728829,"volume":"6.60648094","buyTxId":"8448333337b45a0e70ca25d6e2eb9695e1830402","sellTxId":"MM-P-14786125-61773495-3-0-1"}
{"index": {"_index":"pob","_id":"2766674"}}
	{"id":2766674,"type":"sell","buyer":"richardcrill","seller":"salvadornkpara","symbol":"POB","quantity":"219.35396185","price":"0.02272500","timestamp":1644730431,"volume":"4.98481878","buyTxId":"MM-P-14784615-61771984-3-11-0","sellTxId":"1930814b99054a07b255f47fae6d45f9dbf8cbcf"}
{"index": {"_index":"pob","_id":"2766813"}}
	{"id":2766813,"type":"sell","buyer":"richardcrill","seller":"barbarabezina","symbol":"POB","quantity":"0.69775579","price":"0.02282600","timestamp":1644733527,"volume":"0.01592697","buyTxId":"MM-P-14787106-61774476-3-11-0","sellTxId":"fb146c9a3cab8af01561d6f8f341d80556622ff8"}
{"index": {"_index":"pob","_id":"2767000"}}
	{"id":2767000,"type":"sell","buyer":"richardcrill","seller":"projectmamabg","symbol":"POB","quantity":"1.54363560","price":"0.02292700","timestamp":1644736764,"volume":"0.03539093","buyTxId":"MM-P-14788802-61776172-3-11-0","sellTxId":"6ab89dc31a37829468f2a77b17df00eac6f7ab80"}
{"index": {"_index":"pob","_id":"2767038"}}
	{"id":2767038,"type":"sell","buyer":"richardcrill","seller":"oks2crypto","symbol":"POB","quantity":"0.05529662","price":"0.02292700","timestamp":1644737031,"volume":"0.00126779","buyTxId":"MM-P-14788802-61776172-3-11-0","sellTxId":"08bd91c522641e3aed20b611859a44b8dadad04f"}
{"index": {"_index":"pob","_id":"2767165"}}
	{"id":2767165,"type":"sell","buyer":"richardcrill","seller":"chekohler","symbol":"POB","quantity":"8.50932191","price":"0.02292700","timestamp":1644738645,"volume":"0.19509322","buyTxId":"MM-P-14788802-61776172-3-11-0","sellTxId":"6ce73efa0ac62f47ac2c275a9c756ae2c7af4bc2"}
{"index": {"_index":"pob","_id":"2767210"}}
	{"id":2767210,"type":"sell","buyer":"richardcrill","seller":"mawit07","symbol":"POB","quantity":"12.01594666","price":"0.02292700","timestamp":1644739182,"volume":"0.27548961","buyTxId":"MM-P-14788802-61776172-3-11-0","sellTxId":"14f62aca06976263e816f4c69586cbbf4514088d"}
{"index": {"_index":"pob","_id":"2767306"}}
	{"id":2767306,"type":"buy","buyer":"thecrevolution","seller":"quicktrades","symbol":"POB","quantity":"1.00419485","price":"0.02739998","timestamp":1644740826,"volume":"0.02751492","buyTxId":"4c4fe2b5853569ce52270e1d41b87c8bbacc182a","sellTxId":"1e6ad6a0a2e78ae90977a814bd6c250648dda652"}
{"index": {"_index":"pob","_id":"2767373"}}
	{"id":2767373,"type":"buy","buyer":"thecrevolution","seller":"droida","symbol":"POB","quantity":"0.42680853","price":"0.02739999","timestamp":1644741678,"volume":"0.01169455","buyTxId":"311f3a38f203608c3e949aa9b85f91927731b1ab","sellTxId":"fde60f095621620d9a8c329c5e589094b8fb6041"}
{"index": {"_index":"pob","_id":"2767381"}}
	{"id":2767381,"type":"buy","buyer":"thecrevolution","seller":"lebah","symbol":"POB","quantity":"40.00000000","price":"0.02740000","timestamp":1644741750,"volume":"1.09600000","buyTxId":"d808d7cd3fc7b612938c403e8eb9b24c99f32913","sellTxId":"4ff952ad18ea7808eb32edae97abdee74c232aee"}
{"index": {"_index":"pob","_id":"2767387"}}
	{"id":2767387,"type":"buy","buyer":"thecrevolution","seller":"chrisparis","symbol":"POB","quantity":"3.98667198","price":"0.02758000","timestamp":1644741924,"volume":"0.10995241","buyTxId":"b0e5f065f4c8009cda358e1f5cc3ec8b5f55d91e","sellTxId":"a00503495f08ff815a86d7b7efc8a29dab42efde"}
{"index": {"_index":"pob","_id":"2767388"}}
	{"id":2767388,"type":"buy","buyer":"thecrevolution","seller":"brofi-market","symbol":"POB","quantity":"6.73385781","price":"0.02758000","timestamp":1644741924,"volume":"0.18571980","buyTxId":"b0e5f065f4c8009cda358e1f5cc3ec8b5f55d91e","sellTxId":"5b7459c541372b190c570ba0511686ad80ebbeb9"}
{"index": {"_index":"pob","_id":"2767397"}}
	{"id":2767397,"type":"buy","buyer":"thecrevolution","seller":"mein-senf-dazu","symbol":"POB","quantity":"2.46000000","price":"0.02760000","timestamp":1644742074,"volume":"0.06789600","buyTxId":"e3eaceadfd01277a6760b14988afb6df8d448893","sellTxId":"4e10f4e45897e2f334520b3c900bb8c333f261d4"}
{"index": {"_index":"pob","_id":"2767577"}}
	{"id":2767577,"type":"sell","buyer":"master-lamps","seller":"ugochill","symbol":"POB","quantity":"0.00780000","price":"0.02312901","timestamp":1644744825,"volume":"0.00018041","buyTxId":"d0f44021d2e2f3f4f4b5fc2360dfbe89f9a961f9","sellTxId":"a986f88f846bac9deebe19bfc2d55e6a7b84d1c0"}
{"index": {"_index":"pob","_id":"2767626"}}
	{"id":2767626,"type":"sell","buyer":"master-lamps","seller":"nata86","symbol":"POB","quantity":"0.04059167","price":"0.02312901","timestamp":1644745497,"volume":"0.00093885","buyTxId":"d0f44021d2e2f3f4f4b5fc2360dfbe89f9a961f9","sellTxId":"98f3e3a3fe040af24456de24a030cc0cf691987e"}
{"index": {"_index":"pob","_id":"2767779"}}
	{"id":2767779,"type":"sell","buyer":"master-lamps","seller":"filuris","symbol":"POB","quantity":"0.00374373","price":"0.02312901","timestamp":1644747591,"volume":"0.00008658","buyTxId":"d0f44021d2e2f3f4f4b5fc2360dfbe89f9a961f9","sellTxId":"cb2739ee3aa73858ce793d2dee09c7156c24c3c8"}
{"index": {"_index":"pob","_id":"2767780"}}
	{"id":2767780,"type":"sell","buyer":"master-lamps","seller":"filuris","symbol":"POB","quantity":"0.02959388","price":"0.02312901","timestamp":1644747591,"volume":"0.00068448","buyTxId":"2fc59d8c80d3e8be0318b23b6a10583825027c82","sellTxId":"cb2739ee3aa73858ce793d2dee09c7156c24c3c8"}
{"index": {"_index":"pob","_id":"2767811"}}
	{"id":2767811,"type":"sell","buyer":"master-lamps","seller":"shebe","symbol":"POB","quantity":"0.02254152","price":"0.02312901","timestamp":1644748152,"volume":"0.00052136","buyTxId":"2fc59d8c80d3e8be0318b23b6a10583825027c82","sellTxId":"34beeeb8c24b1fd26e4c9b052394864dc616961f"}
{"index": {"_index":"pob","_id":"2767812"}}
	{"id":2767812,"type":"sell","buyer":"richardcrill","seller":"shebe","symbol":"POB","quantity":"8.53084905","price":"0.02312900","timestamp":1644748152,"volume":"0.19731001","buyTxId":"MM-P-14790694-61778065-3-11-0","sellTxId":"34beeeb8c24b1fd26e4c9b052394864dc616961f"}
{"index": {"_index":"pob","_id":"2768068"}}
	{"id":2768068,"type":"sell","buyer":"richardcrill","seller":"kballories011","symbol":"POB","quantity":"5.66817574","price":"0.02312900","timestamp":1644752802,"volume":"0.13109924","buyTxId":"MM-P-14790694-61778065-3-11-0","sellTxId":"9d7762c7c4e9ce1f3d62cdcac3153eee12550a80"}
{"index": {"_index":"pob","_id":"2768100"}}
	{"id":2768100,"type":"sell","buyer":"richardcrill","seller":"hiroshige","symbol":"POB","quantity":"24.34726456","price":"0.02312900","timestamp":1644753633,"volume":"0.56312788","buyTxId":"MM-P-14790694-61778065-3-11-0","sellTxId":"4320c7caf8ae47e1c1c156a329ea27c3af8b142f"}
{"index": {"_index":"pob","_id":"2768113"}}
	{"id":2768113,"type":"sell","buyer":"richardcrill","seller":"alfarero","symbol":"POB","quantity":"0.96854595","price":"0.02312900","timestamp":1644753807,"volume":"0.02240150","buyTxId":"MM-P-14790694-61778065-3-11-0","sellTxId":"522176e47bccc3a0fddcf0459417e5956ca421d6"}
{"index": {"_index":"pob","_id":"2768144"}}
	{"id":2768144,"type":"sell","buyer":"richardcrill","seller":"insight.pob","symbol":"POB","quantity":"13.70000000","price":"0.02312900","timestamp":1644754221,"volume":"0.31686730","buyTxId":"MM-P-14790694-61778065-3-11-0","sellTxId":"3fe58f3c95c65dc852c3806cdbffce1b7f4c5cf3"}
{"index": {"_index":"pob","_id":"2768160"}}
	{"id":2768160,"type":"buy","buyer":"chesatochi","seller":"master-lamps","symbol":"POB","quantity":"0.23214406","price":"0.02779998","timestamp":1644754410,"volume":"0.00645360","buyTxId":"90f4135de6cd7268e14d0aad058eb7b2753e9c29","sellTxId":"2ba4d2a1a2191666ee0025afedcb3e1f887870ea"}
{"index": {"_index":"pob","_id":"2768184"}}
	{"id":2768184,"type":"sell","buyer":"richardcrill","seller":"faquan","symbol":"POB","quantity":"104.61363831","price":"0.02312900","timestamp":1644755115,"volume":"2.41960884","buyTxId":"MM-P-14790694-61778065-3-11-0","sellTxId":"f591c40367e5d73213954b17eba5be884a2189f1"}
{"index": {"_index":"pob","_id":"2768204"}}
	{"id":2768204,"type":"buy","buyer":"master-lamps","seller":"clixmoney","symbol":"POB","quantity":"0.27901428","price":"0.02313000","timestamp":1644755424,"volume":"0.00645360","buyTxId":"1595dfb51e2a8ec025ba1747ba19ded2e24140b8","sellTxId":"726cd531de1b66f7822546e48ac4fb12c438f19c"}
{"index": {"_index":"pob","_id":"2768211"}}
	{"id":2768211,"type":"buy","buyer":"master-lamps","seller":"clixmoney","symbol":"POB","quantity":"7.29159709","price":"0.02313000","timestamp":1644755490,"volume":"0.16865464","buyTxId":"d516b3927a0abed02b6c29e742de005280720e6e","sellTxId":"726cd531de1b66f7822546e48ac4fb12c438f19c"}
{"index": {"_index":"pob","_id":"2768233"}}
	{"id":2768233,"type":"sell","buyer":"richardcrill","seller":"candy49","symbol":"POB","quantity":"3.56239728","price":"0.02312900","timestamp":1644755823,"volume":"0.08239469","buyTxId":"MM-P-14790694-61778065-3-11-0","sellTxId":"e93032f9b5437364204629eb39bee0f4534daacf"}
{"index": {"_index":"pob","_id":"2768523"}}
	{"id":2768523,"type":"sell","buyer":"richardcrill","seller":"mindone","symbol":"POB","quantity":"68.00000000","price":"0.02312900","timestamp":1644759522,"volume":"1.57277200","buyTxId":"MM-P-14790694-61778065-3-11-0","sellTxId":"0adef1e7b5eb20baa7f9807f314e011227380949"}
{"index": {"_index":"pob","_id":"2768549"}}
	{"id":2768549,"type":"sell","buyer":"richardcrill","seller":"teteuzinho","symbol":"POB","quantity":"16.88625771","price":"0.02312900","timestamp":1644759993,"volume":"0.39056225","buyTxId":"MM-P-14790694-61778065-3-11-0","sellTxId":"66d93e57a76ecf2737e03b583965e38e8635d421"}
{"index": {"_index":"pob","_id":"2768718"}}
	{"id":2768718,"type":"sell","buyer":"richardcrill","seller":"snvault","symbol":"POB","quantity":"1.9","price":"0.02312900","timestamp":1644762651,"volume":"0.04394510","buyTxId":"MM-P-14790694-61778065-3-11-0","sellTxId":"350666122784740ce47b797f0e36e6179088c5c4"}
{"index": {"_index":"pob","_id":"2768776"}}
	{"id":2768776,"type":"sell","buyer":"richardcrill","seller":"brofi-market","symbol":"POB","quantity":"3.37620080","price":"0.02312900","timestamp":1644763500,"volume":"0.07808815","buyTxId":"MM-P-14790694-61778065-3-11-0","sellTxId":"a250cd564a5a0cd093c3b9cc22b9cbb628f1f4bf"}
{"index": {"_index":"pob","_id":"2768929"}}
	{"id":2768929,"type":"buy","buyer":"ugochill","seller":"master-lamps","symbol":"POB","quantity":"0.07514058","price":"0.02779998","timestamp":1644765705,"volume":"0.00208891","buyTxId":"420678f223d83789088e6394df543778c561843c","sellTxId":"2ba4d2a1a2191666ee0025afedcb3e1f887870ea"}
{"index": {"_index":"pob","_id":"2768930"}}
	{"id":2768930,"type":"buy","buyer":"ugochill","seller":"master-lamps","symbol":"POB","quantity":"0.29384964","price":"0.02779998","timestamp":1644765705,"volume":"0.00816901","buyTxId":"420678f223d83789088e6394df543778c561843c","sellTxId":"acb348e2d119b22f8b1015b073a09be8fe77491b"}
{"index": {"_index":"pob","_id":"2768931"}}
	{"id":2768931,"type":"buy","buyer":"ugochill","seller":"master-lamps","symbol":"POB","quantity":"2.63100978","price":"0.02779998","timestamp":1644765705,"volume":"0.07314202","buyTxId":"420678f223d83789088e6394df543778c561843c","sellTxId":"93d54191c086e0d53943772276e2de16095d9b9f"}
{"index": {"_index":"pob","_id":"2769017"}}
	{"id":2769017,"type":"sell","buyer":"richardcrill","seller":"elianaicgomes","symbol":"POB","quantity":"9.37821254","price":"0.02312900","timestamp":1644766863,"volume":"0.21690868","buyTxId":"MM-P-14790694-61778065-3-11-0","sellTxId":"fba517089bead68704ee6e1901e2e04d0fd28746"}
{"index": {"_index":"pob","_id":"2769038"}}
	{"id":2769038,"type":"sell","buyer":"richardcrill","seller":"gadrian","symbol":"POB","quantity":"5.14289555","price":"0.02312900","timestamp":1644767259,"volume":"0.11895003","buyTxId":"MM-P-14790694-61778065-3-11-0","sellTxId":"02a4767940ab34e977c21bcb785e233efca698cd"}
{"index": {"_index":"pob","_id":"2769075"}}
	{"id":2769075,"type":"sell","buyer":"richardcrill","seller":"bitcoinflood","symbol":"POB","quantity":"4.53384203","price":"0.02312900","timestamp":1644767559,"volume":"0.10486323","buyTxId":"MM-P-14790694-61778065-3-11-0","sellTxId":"4a58b9c33b0b70f84ec8f7d7fdecab8195f02e1f"}
{"index": {"_index":"pob","_id":"2769128"}}
	{"id":2769128,"type":"sell","buyer":"richardcrill","seller":"kevmcc","symbol":"POB","quantity":"1.11666390","price":"0.02312900","timestamp":1644768144,"volume":"0.02582732","buyTxId":"MM-P-14790694-61778065-3-11-0","sellTxId":"a6984817d6eaef257216cd04d60f7ed134f044d4"}
{"index": {"_index":"pob","_id":"2769289"}}
	{"id":2769289,"type":"sell","buyer":"richardcrill","seller":"ourfadedglory","symbol":"POB","quantity":"0.00257422","price":"0.02312900","timestamp":1644770418,"volume":"0.00005954","buyTxId":"MM-P-14790694-61778065-3-11-0","sellTxId":"370da251e4a2ebd4cc5614122a50c2849bf19590"}
{"index": {"_index":"pob","_id":"2769432"}}
	{"id":2769432,"type":"buy","buyer":"master-lamps","seller":"dsc-r2cornell","symbol":"POB","quantity":"0.80294421","price":"0.02313000","timestamp":1644771690,"volume":"0.01857210","buyTxId":"a23d148ec1da2b6143c8b57de001f5c56fbc24c5","sellTxId":"ab7b884481ff2edd52d32d7a0e99d7b3ce1edb57"}
{"index": {"_index":"pob","_id":"2769516"}}
	{"id":2769516,"type":"sell","buyer":"richardcrill","seller":"drunksamurai","symbol":"POB","quantity":"0.98184596","price":"0.02323000","timestamp":1644772656,"volume":"0.02280828","buyTxId":"MM-P-14800677-61788049-3-11-0","sellTxId":"0082ac7ef937876df3ad7327c1007090784d53d1"}
{"index": {"_index":"pob","_id":"2769616"}}
	{"id":2769616,"type":"sell","buyer":"richardcrill","seller":"jessicaossom","symbol":"POB","quantity":"15.9","price":"0.02343200","timestamp":1644773775,"volume":"0.37256880","buyTxId":"MM-P-14801075-61788447-3-11-0","sellTxId":"8c9ce59adcf0b037d75ffec559cc309ed912679e"}
{"index": {"_index":"pob","_id":"2770030"}}
	{"id":2770030,"type":"sell","buyer":"richardcrill","seller":"dhedge-drips","symbol":"POB","quantity":"0.36173580","price":"0.02343200","timestamp":1644778011,"volume":"0.00847619","buyTxId":"MM-P-14801075-61788447-3-11-0","sellTxId":"6561fc81f83858ac79cedd7bc0b581ee02fbb7d5"}
{"index": {"_index":"pob","_id":"2770051"}}
	{"id":2770051,"type":"sell","buyer":"richardcrill","seller":"shebe","symbol":"POB","quantity":"1.78685362","price":"0.02343200","timestamp":1644778116,"volume":"0.04186955","buyTxId":"MM-P-14801075-61788447-3-11-0","sellTxId":"8f0db71d7618ab4e6152487da2b48a251d79ef64"}
{"index": {"_index":"pob","_id":"2770232"}}
	{"id":2770232,"type":"sell","buyer":"faireye","seller":"nineclaws","symbol":"POB","quantity":"0.07305655","price":"0.02345000","timestamp":1644780366,"volume":"0.00171318","buyTxId":"e28e89c61c895a01379a6707fa90655dd5b57c32","sellTxId":"e710c01669c3dc0e97bf51d7b3a907c335baa8b9"}
{"index": {"_index":"pob","_id":"2770369"}}
	{"id":2770369,"type":"sell","buyer":"faireye","seller":"hilbyguy","symbol":"POB","quantity":"0.80612235","price":"0.02345000","timestamp":1644781980,"volume":"0.01890357","buyTxId":"e28e89c61c895a01379a6707fa90655dd5b57c32","sellTxId":"5f1ff2a08a6b9030252e12b40c0eaad733ab3561"}
{"index": {"_index":"pob","_id":"2770505"}}
	{"id":2770505,"type":"sell","buyer":"richardcrill","seller":"enforcer48","symbol":"POB","quantity":"2.65000000","price":"0.02353300","timestamp":1644783837,"volume":"0.06236245","buyTxId":"MM-P-14804268-61791640-3-11-0","sellTxId":"c4901e40ea2cd5d5c995a4d6b0614ea8af142812"}
{"index": {"_index":"pob","_id":"2770519"}}
	{"id":2770519,"type":"sell","buyer":"richardcrill","seller":"valor2s","symbol":"POB","quantity":"2.23070096","price":"0.02353300","timestamp":1644783975,"volume":"0.05249509","buyTxId":"MM-P-14804268-61791640-3-11-0","sellTxId":"7460f3e6a405fcda0895239e161949e391ad6646"}
{"index": {"_index":"pob","_id":"2770556"}}
	{"id":2770556,"type":"sell","buyer":"richardcrill","seller":"tykee","symbol":"POB","quantity":"3.38945751","price":"0.02353300","timestamp":1644784350,"volume":"0.07976410","buyTxId":"MM-P-14804268-61791640-3-11-0","sellTxId":"cfc6bcdb8e675a9ee59ef4cc0a23d66eb9351e2f"}
{"index": {"_index":"pob","_id":"2770595"}}
	{"id":2770595,"type":"sell","buyer":"richardcrill","seller":"savagetobi","symbol":"POB","quantity":"117.56252525","price":"0.02353300","timestamp":1644784686,"volume":"2.76659891","buyTxId":"MM-P-14804268-61791640-3-11-0","sellTxId":"0fcc9376bea1bd8200dfa65ab99e632e0f34b3a8"}
{"index": {"_index":"pob","_id":"2770662"}}
	{"id":2770662,"type":"sell","buyer":"richardcrill","seller":"erikah","symbol":"POB","quantity":"94.64000000","price":"0.02353300","timestamp":1644785463,"volume":"2.22716312","buyTxId":"MM-P-14804268-61791640-3-11-0","sellTxId":"a6108766d68235fbb557233499d2013469dfa197"}
{"index": {"_index":"pob","_id":"2770679"}}
	{"id":2770679,"type":"sell","buyer":"richardcrill","seller":"deathwing","symbol":"POB","quantity":"0.025","price":"0.02353300","timestamp":1644785706,"volume":"0.00058833","buyTxId":"MM-P-14804268-61791640-3-11-0","sellTxId":"18c773bfde1bf86c12296febe2e0d2a78922eca8-0"}
{"index": {"_index":"pob","_id":"2770709"}}
	{"id":2770709,"type":"sell","buyer":"richardcrill","seller":"itachi24","symbol":"POB","quantity":"6.31413624","price":"0.02353300","timestamp":1644785994,"volume":"0.14859057","buyTxId":"MM-P-14804268-61791640-3-11-0","sellTxId":"dca4a4d9addf8fc532dfade6f15c7e5887575c2d"}
{"index": {"_index":"pob","_id":"2770714"}}
	{"id":2770714,"type":"sell","buyer":"richardcrill","seller":"captaincryptic","symbol":"POB","quantity":"21.55207924","price":"0.02353300","timestamp":1644786063,"volume":"0.50718508","buyTxId":"MM-P-14804268-61791640-3-11-0","sellTxId":"189a3ee052cab884ad5584b6f7716d6150bee649"}
{"index": {"_index":"pob","_id":"2770965"}}
	{"id":2770965,"type":"sell","buyer":"richardcrill","seller":"kamrunnahar","symbol":"POB","quantity":"0.00689352","price":"0.02353300","timestamp":1644790233,"volume":"0.00016223","buyTxId":"MM-P-14804268-61791640-3-11-0","sellTxId":"ca8812724019541c572f6265a57a4e705e8ec0e8"}
{"index": {"_index":"pob","_id":"2771195"}}
	{"id":2771195,"type":"sell","buyer":"faireye","seller":"projectmamabg","symbol":"POB","quantity":"2.00000000","price":"0.02400000","timestamp":1644793047,"volume":"0.04800000","buyTxId":"7ea470d594ca2a3b627a3d98de2b0fd8f7793f15","sellTxId":"83bad76f94545ee466228844bb46946ef69968ad"}
{"index": {"_index":"pob","_id":"2771296"}}
	{"id":2771296,"type":"sell","buyer":"richardcrill","seller":"dswap","symbol":"POB","quantity":"3.00034051","price":"0.02353300","timestamp":1644794451,"volume":"0.07060701","buyTxId":"MM-P-14804268-61791640-3-11-0","sellTxId":"7a31f9a01c4e3645e19c29ab7c349300b27c1725"}
{"index": {"_index":"pob","_id":"2771473"}}
	{"id":2771473,"type":"sell","buyer":"richardcrill","seller":"offgridlife","symbol":"POB","quantity":"20.00000000","price":"0.02353300","timestamp":1644797304,"volume":"0.47066000","buyTxId":"MM-P-14804268-61791640-3-11-0","sellTxId":"c7ab4b6370ec1233036098f38dd1a91cf10064a8"}
{"index": {"_index":"pob","_id":"2771478"}}
	{"id":2771478,"type":"sell","buyer":"richardcrill","seller":"fiberfrau","symbol":"POB","quantity":"1.26327578","price":"0.02353300","timestamp":1644797403,"volume":"0.02972867","buyTxId":"MM-P-14804268-61791640-3-11-0","sellTxId":"9ac7cbd0f8f21dc67396b7e9e3e81c6520d6ecc6"}
{"index": {"_index":"pob","_id":"2771569"}}
	{"id":2771569,"type":"buy","buyer":"opidia","seller":"projectmamabg","symbol":"POB","quantity":"9.87985495","price":"0.02400000","timestamp":1644797964,"volume":"0.23711652","buyTxId":"f7cf24f6d787ec3a5c8f06e7e43773e969b7fe29","sellTxId":"83bad76f94545ee466228844bb46946ef69968ad"}
{"index": {"_index":"pob","_id":"2771570"}}
	{"id":2771570,"type":"buy","buyer":"opidia","seller":"he-index","symbol":"POB","quantity":"0.07299905","price":"0.02400000","timestamp":1644797964,"volume":"0.00175198","buyTxId":"f7cf24f6d787ec3a5c8f06e7e43773e969b7fe29","sellTxId":"0dbeb341c465a7e01af2a58dac872f7a5acbc3da"}
{"index": {"_index":"pob","_id":"2771574"}}
	{"id":2771574,"type":"buy","buyer":"opidia","seller":"he-index","symbol":"POB","quantity":"0.00000095","price":"0.02400000","timestamp":1644798000,"volume":"0.00000002","buyTxId":"66f5b77ddf6a296b829bf9d87e5ae9cb45a8b454","sellTxId":"0dbeb341c465a7e01af2a58dac872f7a5acbc3da"}
{"index": {"_index":"pob","_id":"2771575"}}
	{"id":2771575,"type":"buy","buyer":"opidia","seller":"quicktrades","symbol":"POB","quantity":"0.83218205","price":"0.02779797","timestamp":1644798000,"volume":"0.02313297","buyTxId":"66f5b77ddf6a296b829bf9d87e5ae9cb45a8b454","sellTxId":"62faffd8ba17fb0e622648d86e674f84644399ac"}
{"index": {"_index":"pob","_id":"2771749"}}
	{"id":2771749,"type":"sell","buyer":"opidia","seller":"littledisciples","symbol":"POB","quantity":"188.59522443","price":"0.02700000","timestamp":1644800283,"volume":"5.09207106","buyTxId":"c8d3714553a8b15f1b4e50e254d60e5d8f4d3ef2","sellTxId":"ce480a2163454bb4aa9f0b64dd821885d682b7db"}
{"index": {"_index":"pob","_id":"2771809"}}
	{"id":2771809,"type":"sell","buyer":"opidia","seller":"underlock","symbol":"POB","quantity":"62.81743586","price":"0.02700000","timestamp":1644801603,"volume":"1.69607077","buyTxId":"c8d3714553a8b15f1b4e50e254d60e5d8f4d3ef2","sellTxId":"4b338afd3bd9a8a4c85e8997cdcf47c57836f4c9"}
{"index": {"_index":"pob","_id":"2771967"}}
	{"id":2771967,"type":"sell","buyer":"opidia","seller":"xabi","symbol":"POB","quantity":"5.32825992","price":"0.02700000","timestamp":1644804621,"volume":"0.14386302","buyTxId":"c8d3714553a8b15f1b4e50e254d60e5d8f4d3ef2","sellTxId":"1d969629c3f544c3c4019f12d4295c79e6af7fee"}
{"index": {"_index":"pob","_id":"2772086"}}
	{"id":2772086,"type":"sell","buyer":"opidia","seller":"decentropia","symbol":"POB","quantity":"0.10853376","price":"0.02700000","timestamp":1644806124,"volume":"0.00293041","buyTxId":"c8d3714553a8b15f1b4e50e254d60e5d8f4d3ef2","sellTxId":"7db90d262018dc723eda576f5d6f51f8c0b8a11b"}
{"index": {"_index":"pob","_id":"2772131"}}
	{"id":2772131,"type":"sell","buyer":"opidia","seller":"double-eagle","symbol":"POB","quantity":"0.31770407","price":"0.02700000","timestamp":1644806901,"volume":"0.00857801","buyTxId":"c8d3714553a8b15f1b4e50e254d60e5d8f4d3ef2","sellTxId":"e540d8216cd733638785827c64f57033c68ecdda"}
{"index": {"_index":"pob","_id":"2772186"}}
	{"id":2772186,"type":"sell","buyer":"opidia","seller":"elricmoonslayer","symbol":"POB","quantity":"1.64532401","price":"0.02700000","timestamp":1644807570,"volume":"0.04442375","buyTxId":"c8d3714553a8b15f1b4e50e254d60e5d8f4d3ef2","sellTxId":"0ebaaa9aaca7190aa5f37c47bc2b3b9eed757859"}
{"index": {"_index":"pob","_id":"2772233"}}
	{"id":2772233,"type":"sell","buyer":"opidia","seller":"cinetalkies","symbol":"POB","quantity":"9.33214053","price":"0.02700000","timestamp":1644808290,"volume":"0.25196779","buyTxId":"c8d3714553a8b15f1b4e50e254d60e5d8f4d3ef2","sellTxId":"62ac34cb26853b5f9430928803cecb810ac92ed0"}
{"index": {"_index":"pob","_id":"2772235"}}
	{"id":2772235,"type":"sell","buyer":"opidia","seller":"theguru.photos","symbol":"POB","quantity":"49.49996354","price":"0.02700000","timestamp":1644808338,"volume":"1.33649902","buyTxId":"c8d3714553a8b15f1b4e50e254d60e5d8f4d3ef2","sellTxId":"e5bc4b209eadf620e150b7cfc1e4e7a276ce74e8"}
