{"index": {"_index":"pob","_id":"4109353"}}
	{"id":4109353,"type":"sell","buyer":"faireye","seller":"osomar357","symbol":"POB","quantity":"8.44284238","price":"0.01270000","timestamp":1660187757,"volume":"0.10722410","buyTxId":"e877b46354e3dbe377d0ae4e02ca49b3389bacb2","sellTxId":"cf009c58083c6b99b600f286249228c1560435f3"}
{"index": {"_index":"pob","_id":"4109529"}}
	{"id":4109529,"type":"sell","buyer":"faireye","seller":"femcy-willcy","symbol":"POB","quantity":"9.78056512","price":"0.01270000","timestamp":1660190124,"volume":"0.12421318","buyTxId":"e877b46354e3dbe377d0ae4e02ca49b3389bacb2","sellTxId":"36f966cd1e9b99970b352ba4de96b2dd28c1adee"}
{"index": {"_index":"pob","_id":"4109710"}}
	{"id":4109710,"type":"sell","buyer":"faireye","seller":"pob.macro","symbol":"POB","quantity":"0.50124256","price":"0.01270000","timestamp":1660192143,"volume":"0.00636578","buyTxId":"e877b46354e3dbe377d0ae4e02ca49b3389bacb2","sellTxId":"0a8887daa192fe10f712bd4a926fe8485d096346"}
{"index": {"_index":"pob","_id":"4109816"}}
	{"id":4109816,"type":"sell","buyer":"faireye","seller":"mein-senf-dazu","symbol":"POB","quantity":"3.51052403","price":"0.01270000","timestamp":1660194762,"volume":"0.04458366","buyTxId":"e877b46354e3dbe377d0ae4e02ca49b3389bacb2","sellTxId":"5cae6815883e22f1caa58a749e269b5c4ab12abb"}
{"index": {"_index":"pob","_id":"4109818"}}
	{"id":4109818,"type":"sell","buyer":"faireye","seller":"felipejoys","symbol":"POB","quantity":"7.32377033","price":"0.01270000","timestamp":1660194780,"volume":"0.09301188","buyTxId":"e877b46354e3dbe377d0ae4e02ca49b3389bacb2","sellTxId":"220bd785238f24f1f9597c39d02cef3757546c0d"}
{"index": {"_index":"pob","_id":"4109819"}}
	{"id":4109819,"type":"sell","buyer":"faireye","seller":"felipejoys","symbol":"POB","quantity":"49.05653937","price":"0.01270000","timestamp":1660194780,"volume":"0.62301805","buyTxId":"06d5a3eb423420dcc8478fd5e28f576735594101","sellTxId":"220bd785238f24f1f9597c39d02cef3757546c0d"}
{"index": {"_index":"pob","_id":"4109820"}}
	{"id":4109820,"type":"sell","buyer":"sbi-tokens","seller":"felipejoys","symbol":"POB","quantity":"444.26592294","price":"0.01260000","timestamp":1660194780,"volume":"5.59775063","buyTxId":"1fb8cf8e01cd552dcde108dbc00f97323e7d1b83","sellTxId":"220bd785238f24f1f9597c39d02cef3757546c0d"}
{"index": {"_index":"pob","_id":"4110134"}}
	{"id":4110134,"type":"buy","buyer":"god0","seller":"zirochka","symbol":"POB","quantity":"0.20839975","price":"0.01300000","timestamp":1660200732,"volume":"0.00270920","buyTxId":"36c112459948b1560aa5803b5cb4b659658b80cb-0","sellTxId":"d3c9b414f0ef6749a3abf7df9dfa762170176180"}
{"index": {"_index":"pob","_id":"4110161"}}
	{"id":4110161,"type":"sell","buyer":"sbi-tokens","seller":"splinter100dedos","symbol":"POB","quantity":"10.43750476","price":"0.01260000","timestamp":1660201086,"volume":"0.13151256","buyTxId":"1fb8cf8e01cd552dcde108dbc00f97323e7d1b83","sellTxId":"838cb4ecd2b10a63102c0a2419918ea9dedc60e6"}
{"index": {"_index":"pob","_id":"4110185"}}
	{"id":4110185,"type":"sell","buyer":"sbi-tokens","seller":"kaminchan","symbol":"POB","quantity":"2.78704429","price":"0.01260000","timestamp":1660201458,"volume":"0.03511676","buyTxId":"1fb8cf8e01cd552dcde108dbc00f97323e7d1b83","sellTxId":"29cd8ce05b3f50703fc0a6bbacf02c5e7bb092f1"}
{"index": {"_index":"pob","_id":"4110278"}}
	{"id":4110278,"type":"sell","buyer":"sbi-tokens","seller":"damla","symbol":"POB","quantity":"2.34320870","price":"0.01260000","timestamp":1660202853,"volume":"0.02952443","buyTxId":"1fb8cf8e01cd552dcde108dbc00f97323e7d1b83","sellTxId":"daf5e2d1f62c3bf284863ada04c20340979bed2a"}
{"index": {"_index":"pob","_id":"4110285"}}
	{"id":4110285,"type":"sell","buyer":"sbi-tokens","seller":"shortsegments","symbol":"POB","quantity":"52.16066012","price":"0.01260000","timestamp":1660202907,"volume":"0.65722432","buyTxId":"1fb8cf8e01cd552dcde108dbc00f97323e7d1b83","sellTxId":"a1fba5dfd8857ca1fd98f32f650728139576ac0c"}
{"index": {"_index":"pob","_id":"4110384"}}
	{"id":4110384,"type":"sell","buyer":"sbi-tokens","seller":"ugochill","symbol":"POB","quantity":"0.34357936","price":"0.01260000","timestamp":1660204068,"volume":"0.00432910","buyTxId":"1fb8cf8e01cd552dcde108dbc00f97323e7d1b83","sellTxId":"bdc98b9736ce8f8abaaf10f164341b9dfb7712b7"}
{"index": {"_index":"pob","_id":"4110530"}}
	{"id":4110530,"type":"sell","buyer":"sbi-tokens","seller":"florenceboens","symbol":"POB","quantity":"0.27374100","price":"0.01260000","timestamp":1660205298,"volume":"0.00344914","buyTxId":"1fb8cf8e01cd552dcde108dbc00f97323e7d1b83","sellTxId":"e9c450e4291c9279491502b7f44e516ce498dbe7"}
{"index": {"_index":"pob","_id":"4110850"}}
	{"id":4110850,"type":"sell","buyer":"sbi-tokens","seller":"travelcontest","symbol":"POB","quantity":"6.18003654","price":"0.01260000","timestamp":1660211019,"volume":"0.07786846","buyTxId":"1fb8cf8e01cd552dcde108dbc00f97323e7d1b83","sellTxId":"84ca0b5921761fc18a6b0045dfb7d95c50c8472b"}
{"index": {"_index":"pob","_id":"4110881"}}
	{"id":4110881,"type":"sell","buyer":"sbi-tokens","seller":"steem82868","symbol":"POB","quantity":"0.10652137","price":"0.01260000","timestamp":1660211529,"volume":"0.00134217","buyTxId":"1fb8cf8e01cd552dcde108dbc00f97323e7d1b83","sellTxId":"f112886871fa22828c82cf90de319dbce3f567bf"}
{"index": {"_index":"pob","_id":"4111167"}}
	{"id":4111167,"type":"sell","buyer":"sbi-tokens","seller":"rollingbones","symbol":"POB","quantity":"6.31008467","price":"0.01260000","timestamp":1660216569,"volume":"0.07950707","buyTxId":"1fb8cf8e01cd552dcde108dbc00f97323e7d1b83","sellTxId":"c0d75a2693b6abde67c845861488fbc95e1f85bf"}
{"index": {"_index":"pob","_id":"4111249"}}
	{"id":4111249,"type":"sell","buyer":"sbi-tokens","seller":"hankanon","symbol":"POB","quantity":"5.26491066","price":"0.01260000","timestamp":1660218018,"volume":"0.06633787","buyTxId":"1fb8cf8e01cd552dcde108dbc00f97323e7d1b83","sellTxId":"5c94b4919aeb7d6beca8f67ea7302188a15fd6e1"}
{"index": {"_index":"pob","_id":"4111324"}}
	{"id":4111324,"type":"sell","buyer":"sbi-tokens","seller":"dswap","symbol":"POB","quantity":"3.1376779","price":"0.01260000","timestamp":1660218870,"volume":"0.03953474","buyTxId":"1fb8cf8e01cd552dcde108dbc00f97323e7d1b83","sellTxId":"77768bc4bdc10133c14a1c5ac225f4ddc44a7e7a"}
{"index": {"_index":"pob","_id":"4111635"}}
	{"id":4111635,"type":"sell","buyer":"sbi-tokens","seller":"dswap","symbol":"POB","quantity":"3.5","price":"0.01260000","timestamp":1660223283,"volume":"0.04410000","buyTxId":"1fb8cf8e01cd552dcde108dbc00f97323e7d1b83","sellTxId":"ff03ee93057ec8186f07a7042340843e82e0fa52"}
{"index": {"_index":"pob","_id":"4111683"}}
	{"id":4111683,"type":"sell","buyer":"sbi-tokens","seller":"jersteemit","symbol":"POB","quantity":"33.28390190","price":"0.01260000","timestamp":1660223934,"volume":"0.41937716","buyTxId":"1fb8cf8e01cd552dcde108dbc00f97323e7d1b83","sellTxId":"dc1925c383dd117d277fd0f2dc96cb991c81a800"}
{"index": {"_index":"pob","_id":"4111684"}}
	{"id":4111684,"type":"buy","buyer":"god0","seller":"jersteemit","symbol":"POB","quantity":"14.55669631","price":"0.01260000","timestamp":1660223934,"volume":"0.18341437","buyTxId":"cf5cf43a273d799694c0d3ac15d27aacb5056bc0-0","sellTxId":"dc1925c383dd117d277fd0f2dc96cb991c81a800"}
{"index": {"_index":"pob","_id":"4112228"}}
	{"id":4112228,"type":"sell","buyer":"richardcrill","seller":"alekst7","symbol":"POB","quantity":"42.00000000","price":"0.01275000","timestamp":1660230015,"volume":"0.53550000","buyTxId":"MM-P-19933309-66927635-3-12-0","sellTxId":"3d8a2266e6820cc455ef4eb7804d9cb445e79f54"}
{"index": {"_index":"pob","_id":"4112475"}}
	{"id":4112475,"type":"buy","buyer":"koleso","seller":"anech512","symbol":"POB","quantity":"0.09247692","price":"0.01755000","timestamp":1660231725,"volume":"0.00162297","buyTxId":"c9c0d73b64a72310d93288d2b6d86f2a1ea49ddf","sellTxId":"47e0bf9396219322bf9dfe5702ed2cf8d2ec75e9"}
{"index": {"_index":"pob","_id":"4112486"}}
	{"id":4112486,"type":"sell","buyer":"god0","seller":"koleso","symbol":"POB","quantity":"0.09638984","price":"0.01295001","timestamp":1660231794,"volume":"0.00124825","buyTxId":"d6781199d6dd1451a5dc95159b1911a4782d2ee3-0","sellTxId":"3714571784c21a4235892964db3e4028fd2b398e"}
{"index": {"_index":"pob","_id":"4112593"}}
	{"id":4112593,"type":"sell","buyer":"anech512","seller":"jorgebgt","symbol":"POB","quantity":"6.00000000","price":"0.01295000","timestamp":1660233075,"volume":"0.07770000","buyTxId":"765d5bcfba1aad9185db10d6d6064297bf651f1e","sellTxId":"5a2bb9be8453c975ba5b0c36c39d2c1eb58b7900"}
{"index": {"_index":"pob","_id":"4112594"}}
	{"id":4112594,"type":"sell","buyer":"faireye","seller":"jorgebgt","symbol":"POB","quantity":"30.00000000","price":"0.01295000","timestamp":1660233075,"volume":"0.38850000","buyTxId":"f2034cf6b08e31c6e812fad6419707534d331b10","sellTxId":"5a2bb9be8453c975ba5b0c36c39d2c1eb58b7900"}
{"index": {"_index":"pob","_id":"4112595"}}
	{"id":4112595,"type":"sell","buyer":"richardcrill","seller":"jorgebgt","symbol":"POB","quantity":"135.66125569","price":"0.01275000","timestamp":1660233075,"volume":"1.72968101","buyTxId":"MM-P-19933309-66927635-3-12-0","sellTxId":"5a2bb9be8453c975ba5b0c36c39d2c1eb58b7900"}
{"index": {"_index":"pob","_id":"4112596"}}
	{"id":4112596,"type":"sell","buyer":"faireye","seller":"jorgebgt","symbol":"POB","quantity":"60.00000000","price":"0.01274000","timestamp":1660233075,"volume":"0.76440000","buyTxId":"b3f2d87bf6e69fab44572d3e3ab3fb48d44bf21f","sellTxId":"5a2bb9be8453c975ba5b0c36c39d2c1eb58b7900"}
{"index": {"_index":"pob","_id":"4112597"}}
	{"id":4112597,"type":"sell","buyer":"faireye","seller":"jorgebgt","symbol":"POB","quantity":"60.00000000","price":"0.01272000","timestamp":1660233075,"volume":"0.76320000","buyTxId":"86f809dad03b40e9128ceb821583f06e719da6fd","sellTxId":"5a2bb9be8453c975ba5b0c36c39d2c1eb58b7900"}
{"index": {"_index":"pob","_id":"4112598"}}
	{"id":4112598,"type":"sell","buyer":"he-index","seller":"jorgebgt","symbol":"POB","quantity":"3.17500000","price":"0.01260000","timestamp":1660233075,"volume":"0.04000500","buyTxId":"fa217032a1da9a2d41d1c13c79d5d35961f537b8","sellTxId":"5a2bb9be8453c975ba5b0c36c39d2c1eb58b7900"}
{"index": {"_index":"pob","_id":"4112599"}}
	{"id":4112599,"type":"buy","buyer":"god0","seller":"jorgebgt","symbol":"POB","quantity":"110.16136636","price":"0.01259868","timestamp":1660233075,"volume":"1.38788780","buyTxId":"6ae0855dee50cc4d72093ab536fe6ea730c09166-0","sellTxId":"5a2bb9be8453c975ba5b0c36c39d2c1eb58b7900"}
{"index": {"_index":"pob","_id":"4112787"}}
	{"id":4112787,"type":"sell","buyer":"faireye","seller":"curatorcat.pal","symbol":"POB","quantity":"0.52820714","price":"0.01250000","timestamp":1660235010,"volume":"0.00660259","buyTxId":"56d54bfab9ada38f6c7bb7bb975d0d6b2b4edb63","sellTxId":"c2526909afb2200034f98f74fdd68eb98fefa889"}
{"index": {"_index":"pob","_id":"4113152"}}
	{"id":4113152,"type":"sell","buyer":"faireye","seller":"necho41","symbol":"POB","quantity":"67.05271261","price":"0.01250000","timestamp":1660240068,"volume":"0.83815891","buyTxId":"56d54bfab9ada38f6c7bb7bb975d0d6b2b4edb63","sellTxId":"c22cd6bd63ff41ce7e23d7541f3c26eb847099b8"}
{"index": {"_index":"pob","_id":"4113166"}}
	{"id":4113166,"type":"sell","buyer":"faireye","seller":"elricmoonslayer","symbol":"POB","quantity":"18.55529460","price":"0.01250000","timestamp":1660240215,"volume":"0.23194118","buyTxId":"56d54bfab9ada38f6c7bb7bb975d0d6b2b4edb63","sellTxId":"83c440c36732d0d429c04deb38d9662bd1da80dc"}
{"index": {"_index":"pob","_id":"4113371"}}
	{"id":4113371,"type":"sell","buyer":"faireye","seller":"repayme4568","symbol":"POB","quantity":"34.54980000","price":"0.01250000","timestamp":1660241517,"volume":"0.43187250","buyTxId":"56d54bfab9ada38f6c7bb7bb975d0d6b2b4edb63","sellTxId":"8665d4accd216ec7116156d008326395e8e57f1a"}
{"index": {"_index":"pob","_id":"4113502"}}
	{"id":4113502,"type":"buy","buyer":"thegoliath","seller":"yintercept","symbol":"POB","quantity":"5.36146534","price":"0.01750000","timestamp":1660242999,"volume":"0.09382564","buyTxId":"89d497c59a00720e29466dbd5f311caaa1c1c46b","sellTxId":"b57e4836a5fb229c13161e1971514d1e0fa4f135"}
{"index": {"_index":"pob","_id":"4113503"}}
	{"id":4113503,"type":"buy","buyer":"thegoliath","seller":"richardcrill","symbol":"POB","quantity":"750.00000000","price":"0.01753000","timestamp":1660242999,"volume":"13.14750000","buyTxId":"89d497c59a00720e29466dbd5f311caaa1c1c46b","sellTxId":"MM-P-19936897-66931223-3-12-0"}
{"index": {"_index":"pob","_id":"4113504"}}
	{"id":4113504,"type":"buy","buyer":"thegoliath","seller":"anech512","symbol":"POB","quantity":"5.29858246","price":"0.01755000","timestamp":1660242999,"volume":"0.09299012","buyTxId":"89d497c59a00720e29466dbd5f311caaa1c1c46b","sellTxId":"47e0bf9396219322bf9dfe5702ed2cf8d2ec75e9"}
{"index": {"_index":"pob","_id":"4113505"}}
	{"id":4113505,"type":"buy","buyer":"thegoliath","seller":"master-lamps","symbol":"POB","quantity":"15.68962119","price":"0.01760000","timestamp":1660242999,"volume":"0.27613733","buyTxId":"89d497c59a00720e29466dbd5f311caaa1c1c46b","sellTxId":"29ef99e1a3c649c1bf12507cd7f1e556a638bc27"}
{"index": {"_index":"pob","_id":"4113506"}}
	{"id":4113506,"type":"buy","buyer":"thegoliath","seller":"knowhow92","symbol":"POB","quantity":"23.83367323","price":"0.01760000","timestamp":1660242999,"volume":"0.41947265","buyTxId":"89d497c59a00720e29466dbd5f311caaa1c1c46b","sellTxId":"2794bdc7131f767be45e8dcb00618d8cc35a958a"}
{"index": {"_index":"pob","_id":"4113507"}}
	{"id":4113507,"type":"buy","buyer":"thegoliath","seller":"elon.curator","symbol":"POB","quantity":"1.71490005","price":"0.01774454","timestamp":1660242999,"volume":"0.03043011","buyTxId":"89d497c59a00720e29466dbd5f311caaa1c1c46b","sellTxId":"3113677950b18ebc4f044009681740eaeaffe51f"}
{"index": {"_index":"pob","_id":"4113508"}}
	{"id":4113508,"type":"buy","buyer":"thegoliath","seller":"sunset.curator","symbol":"POB","quantity":"1.26673247","price":"0.01774500","timestamp":1660242999,"volume":"0.02247817","buyTxId":"89d497c59a00720e29466dbd5f311caaa1c1c46b","sellTxId":"20013956d9ed7fbb3dd9198cd2699ac82a850722"}
{"index": {"_index":"pob","_id":"4113509"}}
	{"id":4113509,"type":"buy","buyer":"thegoliath","seller":"helios.voter","symbol":"POB","quantity":"5.97984900","price":"0.01774500","timestamp":1660242999,"volume":"0.10611242","buyTxId":"89d497c59a00720e29466dbd5f311caaa1c1c46b","sellTxId":"3fcef313637777d744ee021e570006335d72b41a"}
{"index": {"_index":"pob","_id":"4113510"}}
	{"id":4113510,"type":"buy","buyer":"thegoliath","seller":"putu300","symbol":"POB","quantity":"6.75631770","price":"0.01775699","timestamp":1660242999,"volume":"0.11997187","buyTxId":"89d497c59a00720e29466dbd5f311caaa1c1c46b","sellTxId":"e114905a4f17bda6c3c6124fef085503e9cd5700"}
{"index": {"_index":"pob","_id":"4113511"}}
	{"id":4113511,"type":"buy","buyer":"thegoliath","seller":"beyondhorizonmm","symbol":"POB","quantity":"26.09269491","price":"0.01775699","timestamp":1660242999,"volume":"0.46332772","buyTxId":"89d497c59a00720e29466dbd5f311caaa1c1c46b","sellTxId":"61e7f5955aa9715fa7407438945131ce0a3a3ef2"}
{"index": {"_index":"pob","_id":"4113512"}}
	{"id":4113512,"type":"buy","buyer":"thegoliath","seller":"vagabondspirit","symbol":"POB","quantity":"18.38593534","price":"0.01777000","timestamp":1660242999,"volume":"0.32671807","buyTxId":"89d497c59a00720e29466dbd5f311caaa1c1c46b","sellTxId":"59851e8c0ba7d7d8f3be8e36115d825d7fb8fbfa"}
{"index": {"_index":"pob","_id":"4113513"}}
	{"id":4113513,"type":"sell","buyer":"thegoliath","seller":"god0","symbol":"POB","quantity":"1255.03398479","price":"0.01777000","timestamp":1660243002,"volume":"22.30195391","buyTxId":"89d497c59a00720e29466dbd5f311caaa1c1c46b","sellTxId":"26c97d2502c097858e5ed6abd379b81b1d87f039-1"}
{"index": {"_index":"pob","_id":"4113579"}}
	{"id":4113579,"type":"sell","buyer":"thegoliath","seller":"pjansen","symbol":"POB","quantity":"292.77074448","price":"0.01777000","timestamp":1660243062,"volume":"5.20253613","buyTxId":"89d497c59a00720e29466dbd5f311caaa1c1c46b","sellTxId":"73d14400c8c5955c926092fdc28e929bdfb43b89-1"}
{"index": {"_index":"pob","_id":"4113581"}}
	{"id":4113581,"type":"sell","buyer":"thegoliath","seller":"pjansen","symbol":"POB","quantity":"85.42059642","price":"0.01777000","timestamp":1660243074,"volume":"1.51792400","buyTxId":"89d497c59a00720e29466dbd5f311caaa1c1c46b","sellTxId":"f20b17af0893da9e911a58f4a2bf5d22e242e968"}
{"index": {"_index":"pob","_id":"4113586"}}
	{"id":4113586,"type":"sell","buyer":"thegoliath","seller":"faireye","symbol":"POB","quantity":"34.54980000","price":"0.01777000","timestamp":1660243131,"volume":"0.61394995","buyTxId":"89d497c59a00720e29466dbd5f311caaa1c1c46b","sellTxId":"01efbabf619032b8ce94a002985bee329e7295b1"}
{"index": {"_index":"pob","_id":"4113588"}}
	{"id":4113588,"type":"sell","buyer":"thegoliath","seller":"pjansen","symbol":"POB","quantity":"476.28244557","price":"0.01777000","timestamp":1660243137,"volume":"8.46353906","buyTxId":"89d497c59a00720e29466dbd5f311caaa1c1c46b","sellTxId":"39380a7d9d66acdee2d0ab1f78cf88e35a539312"}
{"index": {"_index":"pob","_id":"4113592"}}
	{"id":4113592,"type":"sell","buyer":"thegoliath","seller":"faireye","symbol":"POB","quantity":"35.65162999","price":"0.01777000","timestamp":1660243188,"volume":"0.63352946","buyTxId":"89d497c59a00720e29466dbd5f311caaa1c1c46b","sellTxId":"d60396d0ac2e8feccffad090f902e6b1d2f07ccd"}
{"index": {"_index":"pob","_id":"4113594"}}
	{"id":4113594,"type":"sell","buyer":"thegoliath","seller":"pjansen","symbol":"POB","quantity":"263.46414155","price":"0.01777000","timestamp":1660243209,"volume":"4.68175780","buyTxId":"89d497c59a00720e29466dbd5f311caaa1c1c46b","sellTxId":"3427714958dad7a64accde0eadf6bf7a04c33075-1"}
{"index": {"_index":"pob","_id":"4113597"}}
	{"id":4113597,"type":"sell","buyer":"thegoliath","seller":"pjansen","symbol":"POB","quantity":"65.88185896","price":"0.01777000","timestamp":1660243221,"volume":"1.17072063","buyTxId":"89d497c59a00720e29466dbd5f311caaa1c1c46b","sellTxId":"9cbb26b6cb40ede8f549e04d3f4f33223db2dd81"}
{"index": {"_index":"pob","_id":"4113603"}}
	{"id":4113603,"type":"sell","buyer":"thegoliath","seller":"god0","symbol":"POB","quantity":"199.57567773","price":"0.01777000","timestamp":1660243272,"volume":"3.54645979","buyTxId":"89d497c59a00720e29466dbd5f311caaa1c1c46b","sellTxId":"b33aaa57bfe368275023d3a4098a084e52541732-1"}
{"index": {"_index":"pob","_id":"4113607"}}
	{"id":4113607,"type":"sell","buyer":"thegoliath","seller":"pjansen","symbol":"POB","quantity":"76.73679105","price":"0.01777000","timestamp":1660243305,"volume":"1.36361278","buyTxId":"89d497c59a00720e29466dbd5f311caaa1c1c46b","sellTxId":"5ce920eb3a76802ca16b8d9800f6e0b0ca0bf269"}
{"index": {"_index":"pob","_id":"4113614"}}
	{"id":4113614,"type":"sell","buyer":"thegoliath","seller":"pjansen","symbol":"POB","quantity":"0.45470196","price":"0.01777000","timestamp":1660243371,"volume":"0.00808005","buyTxId":"89d497c59a00720e29466dbd5f311caaa1c1c46b","sellTxId":"22b3e8605e4765b304bab19f122ad7cee8cee3b6-1"}
{"index": {"_index":"pob","_id":"4113617"}}
	{"id":4113617,"type":"sell","buyer":"thegoliath","seller":"pjansen","symbol":"POB","quantity":"0.10804817","price":"0.01777000","timestamp":1660243383,"volume":"0.00192002","buyTxId":"89d497c59a00720e29466dbd5f311caaa1c1c46b","sellTxId":"83305896bbffe9ecb76f6931a5ab5fb6ee6e6c93"}
{"index": {"_index":"pob","_id":"4113720"}}
	{"id":4113720,"type":"sell","buyer":"thegoliath","seller":"cryptobyers","symbol":"POB","quantity":"2.7439679","price":"0.01777000","timestamp":1660244445,"volume":"0.04876031","buyTxId":"89d497c59a00720e29466dbd5f311caaa1c1c46b","sellTxId":"2f8da390e07701e9a4cf8ae6b5adb0eb19a2e234"}
{"index": {"_index":"pob","_id":"4113768"}}
	{"id":4113768,"type":"sell","buyer":"thegoliath","seller":"pjansen","symbol":"POB","quantity":"50.09199205","price":"0.01777000","timestamp":1660244889,"volume":"0.89013470","buyTxId":"89d497c59a00720e29466dbd5f311caaa1c1c46b","sellTxId":"4bbcf720635a9b1c2c14856be2374f97a1f19cd7-1"}
{"index": {"_index":"pob","_id":"4113769"}}
	{"id":4113769,"type":"sell","buyer":"thegoliath","seller":"pjansen","symbol":"POB","quantity":"12.51932435","price":"0.01777000","timestamp":1660244901,"volume":"0.22246839","buyTxId":"89d497c59a00720e29466dbd5f311caaa1c1c46b","sellTxId":"5594f589eb4b29d6e8b90461304cce97355f4b6f"}
{"index": {"_index":"pob","_id":"4113780"}}
	{"id":4113780,"type":"sell","buyer":"thegoliath","seller":"pjansen","symbol":"POB","quantity":"0.45470272","price":"0.01777000","timestamp":1660244991,"volume":"0.00808007","buyTxId":"89d497c59a00720e29466dbd5f311caaa1c1c46b","sellTxId":"942f1ece960254dddfa8a4ba4887fff07f808ab4-1"}
{"index": {"_index":"pob","_id":"4113783"}}
	{"id":4113783,"type":"sell","buyer":"thegoliath","seller":"pjansen","symbol":"POB","quantity":"0.10804834","price":"0.01777000","timestamp":1660245003,"volume":"0.00192002","buyTxId":"89d497c59a00720e29466dbd5f311caaa1c1c46b","sellTxId":"dfaf7d188b54ef62634319101337404d10933d95"}
{"index": {"_index":"pob","_id":"4113800"}}
	{"id":4113800,"type":"sell","buyer":"thegoliath","seller":"master-lamps","symbol":"POB","quantity":"46.31736239","price":"0.01777000","timestamp":1660245303,"volume":"0.82305953","buyTxId":"89d497c59a00720e29466dbd5f311caaa1c1c46b","sellTxId":"bdd6a6eb2a5363e1dcafe9114abbec4f07458915"}
{"index": {"_index":"pob","_id":"4113839"}}
	{"id":4113839,"type":"sell","buyer":"thegoliath","seller":"epicur0","symbol":"POB","quantity":"4.50060309","price":"0.01777000","timestamp":1660245885,"volume":"0.07997572","buyTxId":"89d497c59a00720e29466dbd5f311caaa1c1c46b","sellTxId":"5da90d1baf53a87dbb37c6a3b51db38af972e0ca"}
{"index": {"_index":"pob","_id":"4113970"}}
	{"id":4113970,"type":"sell","buyer":"thegoliath","seller":"kuhnchun","symbol":"POB","quantity":"1.31151311","price":"0.01777000","timestamp":1660247559,"volume":"0.02330559","buyTxId":"89d497c59a00720e29466dbd5f311caaa1c1c46b","sellTxId":"87c999aaaa55047b037e0ce4ae7c13bd6549b022"}
{"index": {"_index":"pob","_id":"4113998"}}
	{"id":4113998,"type":"sell","buyer":"thegoliath","seller":"morzex","symbol":"POB","quantity":"25.89498246","price":"0.01777000","timestamp":1660247877,"volume":"0.46015384","buyTxId":"89d497c59a00720e29466dbd5f311caaa1c1c46b","sellTxId":"d6b011ddf52e58507d8271cba403d55b650573f1"}
{"index": {"_index":"pob","_id":"4114023"}}
	{"id":4114023,"type":"sell","buyer":"thegoliath","seller":"cflclosers","symbol":"POB","quantity":"3.45142675","price":"0.01777000","timestamp":1660248369,"volume":"0.06133185","buyTxId":"89d497c59a00720e29466dbd5f311caaa1c1c46b","sellTxId":"b69a94eadde4319bd8344f1dd0e9da4fcd96dcd0"}
{"index": {"_index":"pob","_id":"4114111"}}
	{"id":4114111,"type":"sell","buyer":"thegoliath","seller":"jesustiano","symbol":"POB","quantity":"72.46726099","price":"0.01777000","timestamp":1660249827,"volume":"1.28774323","buyTxId":"89d497c59a00720e29466dbd5f311caaa1c1c46b","sellTxId":"a312eb2f85e7c0e5e50634a56fd4491454bf1ff0"}
{"index": {"_index":"pob","_id":"4114150"}}
	{"id":4114150,"type":"sell","buyer":"thegoliath","seller":"dswap","symbol":"POB","quantity":"30","price":"0.01777000","timestamp":1660250865,"volume":"0.53310000","buyTxId":"89d497c59a00720e29466dbd5f311caaa1c1c46b","sellTxId":"dce531f609d828fe6ba1f932bab40916b035021b"}
{"index": {"_index":"pob","_id":"4114217"}}
	{"id":4114217,"type":"sell","buyer":"thegoliath","seller":"stayoutoftherz","symbol":"POB","quantity":"6.60000000","price":"0.01777000","timestamp":1660251630,"volume":"0.11728200","buyTxId":"89d497c59a00720e29466dbd5f311caaa1c1c46b","sellTxId":"f3534eb9149a4b1bd81ccd80aecab0e04b752139"}
{"index": {"_index":"pob","_id":"4114250"}}
	{"id":4114250,"type":"sell","buyer":"thegoliath","seller":"damla","symbol":"POB","quantity":"0.54098976","price":"0.01777000","timestamp":1660251966,"volume":"0.00961339","buyTxId":"89d497c59a00720e29466dbd5f311caaa1c1c46b","sellTxId":"bfdf90bfd747d327e3b6428e6502327dc61d37d9"}
{"index": {"_index":"pob","_id":"4114268"}}
	{"id":4114268,"type":"sell","buyer":"thegoliath","seller":"kheldar1982","symbol":"POB","quantity":"12.15177562","price":"0.01777000","timestamp":1660252206,"volume":"0.21593705","buyTxId":"89d497c59a00720e29466dbd5f311caaa1c1c46b","sellTxId":"0bbfa4baa64390244116672750e508fd210f5cfe"}
{"index": {"_index":"pob","_id":"4114422"}}
	{"id":4114422,"type":"sell","buyer":"thegoliath","seller":"ugochill","symbol":"POB","quantity":"1.21891200","price":"0.01777000","timestamp":1660254201,"volume":"0.02166007","buyTxId":"89d497c59a00720e29466dbd5f311caaa1c1c46b","sellTxId":"559cc0f5f7efb2b04d4ee191ebdf01227a40c030"}
{"index": {"_index":"pob","_id":"4114447"}}
	{"id":4114447,"type":"sell","buyer":"thegoliath","seller":"kenechukwu97","symbol":"POB","quantity":"76.56126494","price":"0.01777000","timestamp":1660254519,"volume":"1.36049368","buyTxId":"89d497c59a00720e29466dbd5f311caaa1c1c46b","sellTxId":"c847898105a01cd802379a266ea1749f08fab453"}
{"index": {"_index":"pob","_id":"4114484"}}
	{"id":4114484,"type":"sell","buyer":"thegoliath","seller":"god0","symbol":"POB","quantity":"21.85332506","price":"0.01777000","timestamp":1660254975,"volume":"0.38833359","buyTxId":"89d497c59a00720e29466dbd5f311caaa1c1c46b","sellTxId":"92a12f45004f7995d973a63a51fb7c827a1a9037-1"}
{"index": {"_index":"pob","_id":"4114502"}}
	{"id":4114502,"type":"sell","buyer":"thegoliath","seller":"brianhuang","symbol":"POB","quantity":"1.58967016","price":"0.01777000","timestamp":1660255245,"volume":"0.02824844","buyTxId":"89d497c59a00720e29466dbd5f311caaa1c1c46b","sellTxId":"55128aa7dc7595faecc24536360760c970a56250"}
{"index": {"_index":"pob","_id":"4114508"}}
	{"id":4114508,"type":"sell","buyer":"thegoliath","seller":"he-index","symbol":"POB","quantity":"0.05300000","price":"0.01777000","timestamp":1660255323,"volume":"0.00094181","buyTxId":"89d497c59a00720e29466dbd5f311caaa1c1c46b","sellTxId":"acc3e7bf06a84bc0ea3d712b4340c7b7bceb5e03"}
{"index": {"_index":"pob","_id":"4114538"}}
	{"id":4114538,"type":"sell","buyer":"thegoliath","seller":"candy49","symbol":"POB","quantity":"10.46877914","price":"0.01777000","timestamp":1660255776,"volume":"0.18603021","buyTxId":"89d497c59a00720e29466dbd5f311caaa1c1c46b","sellTxId":"2853466c05a24e2fb15c9e6ba8c30abb8e0d426a"}
{"index": {"_index":"pob","_id":"4114597"}}
	{"id":4114597,"type":"sell","buyer":"thegoliath","seller":"underlock","symbol":"POB","quantity":"53.44525290","price":"0.01777000","timestamp":1660256709,"volume":"0.94972214","buyTxId":"89d497c59a00720e29466dbd5f311caaa1c1c46b","sellTxId":"ef06e48180f9936d5a1ee40e6373f56d06bb1bf7"}
{"index": {"_index":"pob","_id":"4114608"}}
	{"id":4114608,"type":"sell","buyer":"thegoliath","seller":"pjansen","symbol":"POB","quantity":"85.05430294","price":"0.01777000","timestamp":1660256940,"volume":"1.51141496","buyTxId":"89d497c59a00720e29466dbd5f311caaa1c1c46b","sellTxId":"55b36da7612e559ba8648ec963fbbedf734debc3-1"}
{"index": {"_index":"pob","_id":"4114609"}}
	{"id":4114609,"type":"sell","buyer":"thegoliath","seller":"pjansen","symbol":"POB","quantity":"21.25907381","price":"0.01777000","timestamp":1660256952,"volume":"0.37777374","buyTxId":"89d497c59a00720e29466dbd5f311caaa1c1c46b","sellTxId":"6607d67bc07bf4f1bc88d1e759748537aec9af6b"}
{"index": {"_index":"pob","_id":"4114693"}}
	{"id":4114693,"type":"sell","buyer":"thegoliath","seller":"phoenixwren","symbol":"POB","quantity":"0.74244738","price":"0.01777000","timestamp":1660258068,"volume":"0.01319329","buyTxId":"89d497c59a00720e29466dbd5f311caaa1c1c46b","sellTxId":"5901730a68a55478ccf1b9e309a517fa9977f62f"}
{"index": {"_index":"pob","_id":"4114722"}}
	{"id":4114722,"type":"sell","buyer":"thegoliath","seller":"cflclosers","symbol":"POB","quantity":"7.06894557","price":"0.01777000","timestamp":1660258464,"volume":"0.12561516","buyTxId":"89d497c59a00720e29466dbd5f311caaa1c1c46b","sellTxId":"f8fb9cfcc509ac5be31b8e6c420ffc1a5e1a4d65"}
{"index": {"_index":"pob","_id":"4114969"}}
	{"id":4114969,"type":"sell","buyer":"thegoliath","seller":"amigareaction","symbol":"POB","quantity":"0.50152461","price":"0.01777000","timestamp":1660260975,"volume":"0.00891209","buyTxId":"89d497c59a00720e29466dbd5f311caaa1c1c46b","sellTxId":"5356966a28c05a246e8c52416fa33ec5ee946964"}
{"index": {"_index":"pob","_id":"4115112"}}
	{"id":4115112,"type":"sell","buyer":"thegoliath","seller":"andy4475","symbol":"POB","quantity":"51.83049453","price":"0.01777000","timestamp":1660262955,"volume":"0.92102789","buyTxId":"89d497c59a00720e29466dbd5f311caaa1c1c46b","sellTxId":"236c72bda1e97e0725f7d6429010a3830ecd4b8e"}
{"index": {"_index":"pob","_id":"4115249"}}
	{"id":4115249,"type":"sell","buyer":"thegoliath","seller":"pjansen","symbol":"POB","quantity":"138.14592500","price":"0.01777000","timestamp":1660263255,"volume":"2.45485309","buyTxId":"89d497c59a00720e29466dbd5f311caaa1c1c46b","sellTxId":"1f1ea3f0c3e73c7b186f096ff8cb145788792745-1"}
{"index": {"_index":"pob","_id":"4115251"}}
	{"id":4115251,"type":"sell","buyer":"thegoliath","seller":"pjansen","symbol":"POB","quantity":"34.5376848","price":"0.01777000","timestamp":1660263267,"volume":"0.61373466","buyTxId":"89d497c59a00720e29466dbd5f311caaa1c1c46b","sellTxId":"bf2b0d9082b8aa0bb2de45eeca01f0059dde3ece"}
{"index": {"_index":"pob","_id":"4115262"}}
	{"id":4115262,"type":"sell","buyer":"thegoliath","seller":"pjansen","symbol":"POB","quantity":"0.45470648","price":"0.01777000","timestamp":1660263330,"volume":"0.00808013","buyTxId":"89d497c59a00720e29466dbd5f311caaa1c1c46b","sellTxId":"9f71883fc927b5bd4db938804b1c728b3ce8981b-1"}
{"index": {"_index":"pob","_id":"4115265"}}
	{"id":4115265,"type":"sell","buyer":"thegoliath","seller":"pjansen","symbol":"POB","quantity":"0.10804924","price":"0.01777000","timestamp":1660263342,"volume":"0.00192003","buyTxId":"89d497c59a00720e29466dbd5f311caaa1c1c46b","sellTxId":"fe4d24e441e7fd70c74d06b2767adf1508aebc9c"}
{"index": {"_index":"pob","_id":"4115304"}}
	{"id":4115304,"type":"sell","buyer":"thegoliath","seller":"cryptonotes","symbol":"POB","quantity":"3.57716400","price":"0.01777000","timestamp":1660263591,"volume":"0.06356620","buyTxId":"89d497c59a00720e29466dbd5f311caaa1c1c46b","sellTxId":"5e4a43efb70b053bbc7ef3be70965e3b1f1fcdb9"}
{"index": {"_index":"pob","_id":"4115576"}}
	{"id":4115576,"type":"sell","buyer":"thegoliath","seller":"koleso","symbol":"POB","quantity":"0.01061089","price":"0.01777000","timestamp":1660266855,"volume":"0.00018856","buyTxId":"89d497c59a00720e29466dbd5f311caaa1c1c46b","sellTxId":"9a49d625d302aabcce365809dc12ca9296542953"}
{"index": {"_index":"pob","_id":"4115765"}}
	{"id":4115765,"type":"sell","buyer":"thegoliath","seller":"ham222mer","symbol":"POB","quantity":"0.09017978","price":"0.01777000","timestamp":1660269480,"volume":"0.00160249","buyTxId":"89d497c59a00720e29466dbd5f311caaa1c1c46b","sellTxId":"2d52cab61518b2e933faa434d94bf98dcc8187b4"}
{"index": {"_index":"pob","_id":"4115792"}}
	{"id":4115792,"type":"sell","buyer":"thegoliath","seller":"pjansen","symbol":"POB","quantity":"1.80995430","price":"0.01777000","timestamp":1660269957,"volume":"0.03216289","buyTxId":"89d497c59a00720e29466dbd5f311caaa1c1c46b","sellTxId":"4976a71cc6b3ca9c3183f9b66659a4aa1e908511-1"}
{"index": {"_index":"pob","_id":"4115793"}}
	{"id":4115793,"type":"sell","buyer":"thegoliath","seller":"pjansen","symbol":"POB","quantity":"0.44686171","price":"0.01777000","timestamp":1660269969,"volume":"0.00794073","buyTxId":"89d497c59a00720e29466dbd5f311caaa1c1c46b","sellTxId":"2aca723178a45cf2e4ce95d9eb6ee923de464acb"}
{"index": {"_index":"pob","_id":"4115896"}}
	{"id":4115896,"type":"sell","buyer":"thegoliath","seller":"steem82868","symbol":"POB","quantity":"4.33409800","price":"0.01777000","timestamp":1660271403,"volume":"0.07701692","buyTxId":"89d497c59a00720e29466dbd5f311caaa1c1c46b","sellTxId":"5b997a4b5d3649c9df58157d628189cbe8f2bbf9"}
{"index": {"_index":"pob","_id":"4115990"}}
	{"id":4115990,"type":"sell","buyer":"thegoliath","seller":"dswap","symbol":"POB","quantity":"3.32217699","price":"0.01777000","timestamp":1660272402,"volume":"0.05903509","buyTxId":"89d497c59a00720e29466dbd5f311caaa1c1c46b","sellTxId":"3514afd9016bc54c2cb156521b941088890c3271"}
