{"jsonrpc":"2.0","id":1,"result":[{"_id":2970441,"type":"sell","buyer":"richardcrill","seller":"vanillavow","symbol":"POB","quantity":"19.88903806","price":"0.02055400","timestamp":1647237231,"volume":"0.40879929","buyTxId":"MM-P-15614847-62602924-3-13-0","sellTxId":"d62ae57e465dccf7e542a5ad8a8a4d4d865a65b3"},{"_id":2970791,"type":"sell","buyer":"richardcrill","seller":"gillianpearce","symbol":"POB","quantity":"50.00000000","price":"0.02055400","timestamp":1647242724,"volume":"1.02770000","buyTxId":"MM-P-15614847-62602924-3-13-0","sellTxId":"1114b3ba9d18f071aecbbc9b1014c5a421c50ea0"},{"_id":2970892,"type":"sell","buyer":"richardcrill","seller":"asterkame","symbol":"POB","quantity":"1.00000000","price":"0.02055400","timestamp":1647244167,"volume":"0.02055400","buyTxId":"MM-P-15614847-62602924-3-13-0","sellTxId":"06b6cd766c57f367343ef363d024c2cf84a40482"},{"_id":2971104,"type":"sell","buyer":"richardcrill","seller":"revisesociology","symbol":"POB","quantity":"62.00000000","price":"0.02055400","timestamp":1647246966,"volume":"1.27434800","buyTxId":"MM-P-15614847-62602924-3-13-0","sellTxId":"beafa88d234891fedfa7431cb144aeac63bc4786"},{"_id":2971111,"type":"sell","buyer":"richardcrill","seller":"revise.pob","symbol":"POB","quantity":"840.00000000","price":"0.02055400","timestamp":1647247032,"volume":"17.26536000","buyTxId":"MM-P-15614847-62602924-3-13-0","sellTxId":"70d6dcc6090f59edd1dbd379dfb7ecac6dbf0d1b"},{"_id":2971135,"type":"sell","buyer":"richardcrill","seller":"trostnandia.pob","symbol":"POB","quantity":"44.60234231","price":"0.02055400","timestamp":1647247332,"volume":"0.91675654","buyTxId":"MM-P-15614847-62602924-3-13-0","sellTxId":"a9ffd8c9d911386214b83902618454b429c1a937"},{"_id":2971275,"type":"sell","buyer":"opidia","seller":"oks2crypto","symbol":"POB","quantity":"0.00032349","price":"0.02050000","timestamp":1647250206,"volume":"0.00000663","buyTxId":"675d5b687e57e1fcefba4af84ac854acc15e6962","sellTxId":"637570cb65b771d9fbcc8ec8c0268637632fc4af"},{"_id":2971283,"type":"sell","buyer":"opidia","seller":"drunksamurai","symbol":"POB","quantity":"0.66255401","price":"0.02050000","timestamp":1647250380,"volume":"0.01358236","buyTxId":"675d5b687e57e1fcefba4af84ac854acc15e6962","sellTxId":"149fdcb680e6c5cdfe6d475b2a082361dbea01d2"},{"_id":2971336,"type":"sell","buyer":"opidia","seller":"drunksamurai","symbol":"POB","quantity":"0.47700675","price":"0.02050000","timestamp":1647250821,"volume":"0.00977864","buyTxId":"675d5b687e57e1fcefba4af84ac854acc15e6962","sellTxId":"fa0fbff15838d984ed91b6192cdcdef3604517df"},{"_id":2971389,"type":"sell","buyer":"opidia","seller":"florenceboens","symbol":"POB","quantity":"0.15917070","price":"0.02050000","timestamp":1647251580,"volume":"0.00326300","buyTxId":"675d5b687e57e1fcefba4af84ac854acc15e6962","sellTxId":"98ebc7bb46e8d5f7482af2c9abd9ab4873d307e8"},{"_id":2971483,"type":"sell","buyer":"opidia","seller":"liotes.voter","symbol":"POB","quantity":"7.82092096","price":"0.02050000","timestamp":1647253182,"volume":"0.16032888","buyTxId":"675d5b687e57e1fcefba4af84ac854acc15e6962","sellTxId":"108d3d3a518f1061731fd2fdfba87e0cac5b3895"},{"_id":2971508,"type":"sell","buyer":"opidia","seller":"toofasteddie","symbol":"POB","quantity":"46.74025471","price":"0.02050000","timestamp":1647253494,"volume":"0.95817522","buyTxId":"675d5b687e57e1fcefba4af84ac854acc15e6962","sellTxId":"a69488fd6d9066c63f36eb745c753bf06396049f"},{"_id":2971566,"type":"sell","buyer":"opidia","seller":"vikisecrets","symbol":"POB","quantity":"119.45667014","price":"0.02050000","timestamp":1647254808,"volume":"2.44886174","buyTxId":"675d5b687e57e1fcefba4af84ac854acc15e6962","sellTxId":"703ac608c1dd45b4c62d16871c711470ece9e68b"},{"_id":2971583,"type":"sell","buyer":"opidia","seller":"ctpsb","symbol":"POB","quantity":"4.75750961","price":"0.02050000","timestamp":1647255141,"volume":"0.09752895","buyTxId":"675d5b687e57e1fcefba4af84ac854acc15e6962","sellTxId":"d8f6257721df985ceab5913f5bf0188b1d6f5808"},{"_id":2971605,"type":"sell","buyer":"opidia","seller":"shebe","symbol":"POB","quantity":"12.15851933","price":"0.02050000","timestamp":1647255423,"volume":"0.24924965","buyTxId":"675d5b687e57e1fcefba4af84ac854acc15e6962","sellTxId":"367a20f335c1d8c72f105708044551c1ce55e1d1"},{"_id":2971650,"type":"sell","buyer":"opidia","seller":"makerpra","symbol":"POB","quantity":"33.50000000","price":"0.02050000","timestamp":1647255912,"volume":"0.68675000","buyTxId":"675d5b687e57e1fcefba4af84ac854acc15e6962","sellTxId":"e7477f5dd3a29da54b4f9990854bacfd4b157fd1"},{"_id":2971659,"type":"sell","buyer":"opidia","seller":"shebe","symbol":"POB","quantity":"0.46365784","price":"0.02050000","timestamp":1647256080,"volume":"0.00950499","buyTxId":"675d5b687e57e1fcefba4af84ac854acc15e6962","sellTxId":"1bd5f11f9f76e93f5ab83796d354bb6a627772d3"},{"_id":2971747,"type":"sell","buyer":"richardcrill","seller":"globetrottergcc","symbol":"POB","quantity":"7.11772648","price":"0.02051000","timestamp":1647257361,"volume":"0.14598457","buyTxId":"MM-P-15625585-62613682-3-13-0","sellTxId":"3d6a2d4a255588585fe9cb21057b8fce2eb16a38"},{"_id":2971810,"type":"buy","buyer":"chesatochi","seller":"trostnandia.pob","symbol":"POB","quantity":"0.39765769","price":"0.02055400","timestamp":1647258414,"volume":"0.00817346","buyTxId":"6a94479ee6c7254e515cb844c4c30c3c0d5d2ff6","sellTxId":"a9ffd8c9d911386214b83902618454b429c1a937"},{"_id":2971811,"type":"buy","buyer":"chesatochi","seller":"anarchistpreneur","symbol":"POB","quantity":"0.53969785","price":"0.02055400","timestamp":1647258414,"volume":"0.01109295","buyTxId":"6a94479ee6c7254e515cb844c4c30c3c0d5d2ff6","sellTxId":"3bf0a31bdc2fd18e1ff025884b432835834db625"},{"_id":2971812,"type":"buy","buyer":"chesatochi","seller":"richardcrill","symbol":"POB","quantity":"1.41465068","price":"0.02399000","timestamp":1647258414,"volume":"0.03393747","buyTxId":"6a94479ee6c7254e515cb844c4c30c3c0d5d2ff6","sellTxId":"MM-P-15624589-62612686-3-13-1"},{"_id":2972035,"type":"sell","buyer":"richardcrill","seller":"alberto0607","symbol":"POB","quantity":"118.51755097","price":"0.02051000","timestamp":1647261588,"volume":"2.43079497","buyTxId":"MM-P-15625585-62613682-3-13-0","sellTxId":"c81216f05505aecc5ed1256cc76ad1dd0295fa63"},{"_id":2972054,"type":"sell","buyer":"opidia","seller":"aiuna","symbol":"POB","quantity":"274.42940425","price":"0.02051100","timestamp":1647261843,"volume":"5.62882151","buyTxId":"c3f645662f7a5895be03b073a94998a6a6edfa4c","sellTxId":"9f4a29d094fb82d531f8f682cb9d5a2649c64175"},{"_id":2972175,"type":"buy","buyer":"opidia","seller":"richardcrill","symbol":"POB","quantity":"1000.00000000","price":"0.02395000","timestamp":1647262938,"volume":"23.95000000","buyTxId":"307b567a5f29e18106b58375a6fa0125ff411ad2","sellTxId":"MM-P-15627272-62615372-3-13-0"},{"_id":2972273,"type":"buy","buyer":"opidia","seller":"jersteemit","symbol":"POB","quantity":"15.26410000","price":"0.02400000","timestamp":1647263766,"volume":"0.36633840","buyTxId":"a0e9e5048603282d5df05d6892aca458a1d6bf33","sellTxId":"8de40cb26ed6899856157eff56bc9b7a9af65383"},{"_id":2972274,"type":"buy","buyer":"opidia","seller":"richardcrill","symbol":"POB","quantity":"1000.00000000","price":"0.02476000","timestamp":1647263787,"volume":"24.76000000","buyTxId":"b36967ae8c36525a13be6f4584263ab34835d772","sellTxId":"MM-P-15628069-62616170-3-13-0"},{"_id":2972279,"type":"buy","buyer":"opidia","seller":"edipascal","symbol":"POB","quantity":"367.00000000","price":"0.02479000","timestamp":1647263811,"volume":"9.09793000","buyTxId":"14ad0cf93d456be7a7ca9ff280963d89e01010f8","sellTxId":"57c27881abe9e99da6ba847cd416219174c07bdb"},{"_id":2972295,"type":"sell","buyer":"opidia","seller":"chekohler","symbol":"POB","quantity":"28.36791574","price":"0.02100000","timestamp":1647264012,"volume":"0.59572623","buyTxId":"328164bd58b7468955c08fdee23d87b11bd999ee","sellTxId":"2db33c6879118af83c2f74046b335cedc45feba8"},{"_id":2972670,"type":"sell","buyer":"opidia","seller":"hiroshige","symbol":"POB","quantity":"10.26455986","price":"0.02100000","timestamp":1647268377,"volume":"0.21555576","buyTxId":"328164bd58b7468955c08fdee23d87b11bd999ee","sellTxId":"e98f08e4ca1888a0a6c59b7088f8cb9ed2f3e7ba"},{"_id":2972694,"type":"sell","buyer":"opidia","seller":"gillianpearce","symbol":"POB","quantity":"50.00000000","price":"0.02100000","timestamp":1647268632,"volume":"1.05000000","buyTxId":"328164bd58b7468955c08fdee23d87b11bd999ee","sellTxId":"8292a4c29bcf74d0acbdf849396d6ca0a9da61dd"},{"_id":2972820,"type":"sell","buyer":"opidia","seller":"savagetobi","symbol":"POB","quantity":"150","price":"0.02100000","timestamp":1647270564,"volume":"3.15000000","buyTxId":"328164bd58b7468955c08fdee23d87b11bd999ee","sellTxId":"852fed96cec00e31f84ffe0c5a89bc8c449a2902"},{"_id":2972822,"type":"sell","buyer":"opidia","seller":"savagetobi","symbol":"POB","quantity":"3.59267664","price":"0.02100000","timestamp":1647270594,"volume":"0.07544621","buyTxId":"328164bd58b7468955c08fdee23d87b11bd999ee","sellTxId":"e7994da86c71426ccf7ef162a7160e141e800212"},{"_id":2972824,"type":"sell","buyer":"opidia","seller":"tejimundo","symbol":"POB","quantity":"0.63072664","price":"0.02100000","timestamp":1647270618,"volume":"0.01324526","buyTxId":"328164bd58b7468955c08fdee23d87b11bd999ee","sellTxId":"acf9d95061715446c10f9afab7d4430f9244971e"},{"_id":2972853,"type":"sell","buyer":"opidia","seller":"stayoutoftherz","symbol":"POB","quantity":"12.60000000","price":"0.02100000","timestamp":1647270777,"volume":"0.26460000","buyTxId":"328164bd58b7468955c08fdee23d87b11bd999ee","sellTxId":"4a2d0846b979cdbdc168e8e355325ca1d1002c41"},{"_id":2972993,"type":"sell","buyer":"opidia","seller":"dswap","symbol":"POB","quantity":"10.64588977","price":"0.02100000","timestamp":1647272697,"volume":"0.22356369","buyTxId":"328164bd58b7468955c08fdee23d87b11bd999ee","sellTxId":"20f89fb21d718a02aa69d3f36c7b860d789f8d23"},{"_id":2973075,"type":"buy","buyer":"andy4475","seller":"richardcrill","symbol":"POB","quantity":"850.00000000","price":"0.02468000","timestamp":1647273567,"volume":"20.97800000","buyTxId":"39f76ff6308f55e9f579cb38e66b8c8109506a7b","sellTxId":"MM-P-15630546-62618658-3-13-1"},{"_id":2973124,"type":"sell","buyer":"opidia","seller":"esther-emmanuel","symbol":"POB","quantity":"25.00000000","price":"0.02100000","timestamp":1647274431,"volume":"0.52500000","buyTxId":"328164bd58b7468955c08fdee23d87b11bd999ee","sellTxId":"e5265363ea5ae193df7743db56690b02698dea00"},{"_id":2973130,"type":"sell","buyer":"opidia","seller":"szmulkberg","symbol":"POB","quantity":"2.14030320","price":"0.02100000","timestamp":1647274566,"volume":"0.04494637","buyTxId":"328164bd58b7468955c08fdee23d87b11bd999ee","sellTxId":"6752b4b023d8e55b7516a84775dbdf138a6b28f1"},{"_id":2973151,"type":"sell","buyer":"opidia","seller":"brofi-market","symbol":"POB","quantity":"7.80678619","price":"0.02100000","timestamp":1647274710,"volume":"0.16394251","buyTxId":"328164bd58b7468955c08fdee23d87b11bd999ee","sellTxId":"e6cf458c49e4497b9fe8de851ffd7fa81bceb531"},{"_id":2973199,"type":"sell","buyer":"richardcrill","seller":"therealsnowjon","symbol":"POB","quantity":"47.56646670","price":"0.02101000","timestamp":1647275361,"volume":"0.99937147","buyTxId":"MM-P-15631832-62619954-3-13-0","sellTxId":"e0596fad47a3f3d088c3e55e85b911b1b3c3f859"},{"_id":2973222,"type":"sell","buyer":"richardcrill","seller":"gillianpearce","symbol":"POB","quantity":"50.00000000","price":"0.02101000","timestamp":1647275688,"volume":"1.05050000","buyTxId":"MM-P-15631832-62619954-3-13-0","sellTxId":"bcc1f4b56d4e435f811b835c5816177500ff6c56"},{"_id":2973243,"type":"sell","buyer":"richardcrill","seller":"xabi","symbol":"POB","quantity":"6.31964000","price":"0.02101000","timestamp":1647275805,"volume":"0.13277564","buyTxId":"MM-P-15631832-62619954-3-13-0","sellTxId":"745d5989fe189a70d7dd203dd56454fec3dafc5d"},{"_id":2973381,"type":"sell","buyer":"richardcrill","seller":"technocrypton","symbol":"POB","quantity":"0.34621169","price":"0.02101000","timestamp":1647277218,"volume":"0.00727391","buyTxId":"MM-P-15631832-62619954-3-13-0","sellTxId":"eb41484824291c51d83289d9f78855134dc140bc"},{"_id":2973429,"type":"sell","buyer":"richardcrill","seller":"supriya.gupta","symbol":"POB","quantity":"28.69500000","price":"0.02101000","timestamp":1647277818,"volume":"0.60288195","buyTxId":"MM-P-15631832-62619954-3-13-0","sellTxId":"37a5a55ee897840f788064497b82f4026d506616"},{"_id":2973564,"type":"sell","buyer":"richardcrill","seller":"darth-azrael","symbol":"POB","quantity":"15.00000000","price":"0.02101000","timestamp":1647279252,"volume":"0.31515000","buyTxId":"MM-P-15631832-62619954-3-13-0","sellTxId":"162b1b47712663394c6a33fce76c7a64f335bb14"},{"_id":2973568,"type":"sell","buyer":"richardcrill","seller":"clixmoney","symbol":"POB","quantity":"5.83397113","price":"0.02101000","timestamp":1647279285,"volume":"0.12257173","buyTxId":"MM-P-15631832-62619954-3-13-0","sellTxId":"937350692565aae047b04244e75eb2ed8ae1ebb6"},{"_id":2973666,"type":"sell","buyer":"richardcrill","seller":"brutalmonkey","symbol":"POB","quantity":"107.32329650","price":"0.02101000","timestamp":1647280302,"volume":"2.25486246","buyTxId":"MM-P-15631832-62619954-3-13-0","sellTxId":"f80b94b9dc5bbca845cdcad9fcd5efb7af8d10a4"},{"_id":2973970,"type":"sell","buyer":"richardcrill","seller":"dhedge-drips","symbol":"POB","quantity":"0.83644138","price":"0.02101000","timestamp":1647283653,"volume":"0.01757363","buyTxId":"MM-P-15631832-62619954-3-13-0","sellTxId":"82b1188f3e7cac77ea67aa2fe8efd9f471b92c36"},{"_id":2974032,"type":"sell","buyer":"richardcrill","seller":"tough","symbol":"POB","quantity":"53.7","price":"0.02101000","timestamp":1647284268,"volume":"1.12823700","buyTxId":"MM-P-15631832-62619954-3-13-0","sellTxId":"dfeae6158b99fed3bd21f6cddbb25c2b8de3e236"},{"_id":2974141,"type":"sell","buyer":"richardcrill","seller":"denmarkguy","symbol":"POB","quantity":"10.00000000","price":"0.02101000","timestamp":1647285552,"volume":"0.21010000","buyTxId":"MM-P-15631832-62619954-3-13-0","sellTxId":"52acd532d026aa677ccb83d5be6081dbac04fc85"},{"_id":2974263,"type":"sell","buyer":"richardcrill","seller":"whitelightxpress","symbol":"POB","quantity":"2.71351774","price":"0.02101000","timestamp":1647286926,"volume":"0.05701101","buyTxId":"MM-P-15631832-62619954-3-13-0","sellTxId":"1a7e9552bb7d19a8e77ef3dff40dfb8746e5a3ff"},{"_id":2974338,"type":"sell","buyer":"richardcrill","seller":"teatree","symbol":"POB","quantity":"0.57972616","price":"0.02101000","timestamp":1647287637,"volume":"0.01218005","buyTxId":"MM-P-15631832-62619954-3-13-0","sellTxId":"c221ea002909d001de96bd34885c82792e61470b"},{"_id":2974341,"type":"sell","buyer":"richardcrill","seller":"cosmictriage","symbol":"POB","quantity":"0.70307074","price":"0.02101000","timestamp":1647287694,"volume":"0.01477152","buyTxId":"MM-P-15631832-62619954-3-13-0","sellTxId":"2520a3fb499b63b30a75f199eb5a3fd194d462d1"},{"_id":2974369,"type":"sell","buyer":"richardcrill","seller":"hive-189742","symbol":"POB","quantity":"0.49855527","price":"0.02101000","timestamp":1647288045,"volume":"0.01047465","buyTxId":"MM-P-15631832-62619954-3-13-0","sellTxId":"958def230288a7f81fc19a1a6f7620fac2601476"},{"_id":2974372,"type":"sell","buyer":"richardcrill","seller":"elianaicgomes","symbol":"POB","quantity":"47.52633975","price":"0.02101000","timestamp":1647288060,"volume":"0.99852840","buyTxId":"MM-P-15631832-62619954-3-13-0","sellTxId":"b198343cdf0d070925d9bb2c72b7806b724e203c"},{"_id":2974383,"type":"buy","buyer":"master-lamps","seller":"quicktrades","symbol":"POB","quantity":"0.65626900","price":"0.02138363","timestamp":1647288258,"volume":"0.01403341","buyTxId":"f3d7b1a14fa7fe367417f3dc28221d580f0809b2","sellTxId":"89683615afada588afd4bb74ea4f221ef3ec6057"},{"_id":2974385,"type":"sell","buyer":"richardcrill","seller":"curatorcat.pal","symbol":"POB","quantity":"1.30208927","price":"0.02101000","timestamp":1647288279,"volume":"0.02735690","buyTxId":"MM-P-15631832-62619954-3-13-0","sellTxId":"ac2ad269f7315d54522d9b2ff6d001cebbc4b0e4"},{"_id":2974386,"type":"buy","buyer":"pjansen","seller":"quicktrades","symbol":"POB","quantity":"0.00000035","price":"0.02138363","timestamp":1647288285,"volume":"0.00000001","buyTxId":"5076c501b8bf7dcf652006a7e2a6ecdbb3cad84b","sellTxId":"89683615afada588afd4bb74ea4f221ef3ec6057"},{"_id":2974387,"type":"buy","buyer":"pjansen","seller":"oks2crypto","symbol":"POB","quantity":"0.00000795","price":"0.02138364","timestamp":1647288285,"volume":"0.00000017","buyTxId":"5076c501b8bf7dcf652006a7e2a6ecdbb3cad84b","sellTxId":"04bfdeacead36589037868442e59bbbcb5f056d4"},{"_id":2974388,"type":"buy","buyer":"pjansen","seller":"dhedge-drips","symbol":"POB","quantity":"0.83644138","price":"0.02138364","timestamp":1647288285,"volume":"0.01788616","buyTxId":"5076c501b8bf7dcf652006a7e2a6ecdbb3cad84b","sellTxId":"c6152ef4abd3688de7e1ac7fafdb3660105cc1d8"},{"_id":2974389,"type":"buy","buyer":"pjansen","seller":"zirochka","symbol":"POB","quantity":"145.67992598","price":"0.02138364","timestamp":1647288285,"volume":"3.11516709","buyTxId":"5076c501b8bf7dcf652006a7e2a6ecdbb3cad84b","sellTxId":"50749075b5a567d01b370daedb56be12dd8cb381"},{"_id":2974530,"type":"sell","buyer":"pjansen","seller":"curatorcat.leo","symbol":"POB","quantity":"0.65626799","price":"0.02138364","timestamp":1647289362,"volume":"0.01403340","buyTxId":"5076c501b8bf7dcf652006a7e2a6ecdbb3cad84b","sellTxId":"ee3c00a703fc716fe0ba1a57906b98d23f47a2a6"},{"_id":2974532,"type":"sell","buyer":"pjansen","seller":"curatorcat.leo","symbol":"POB","quantity":"0.00000035","price":"0.02138364","timestamp":1647289407,"volume":"0.00000001","buyTxId":"5076c501b8bf7dcf652006a7e2a6ecdbb3cad84b","sellTxId":"ef282dd449c538f83621cd00407fb912000059bf"},{"_id":2974533,"type":"sell","buyer":"richardcrill","seller":"curatorcat.leo","symbol":"POB","quantity":"3.56888927","price":"0.02102000","timestamp":1647289407,"volume":"0.07501805","buyTxId":"MM-P-15636205-62624336-3-13-0","sellTxId":"ef282dd449c538f83621cd00407fb912000059bf"},{"_id":2974595,"type":"sell","buyer":"richardcrill","seller":"osomar357","symbol":"POB","quantity":"22.47994632","price":"0.02102000","timestamp":1647290016,"volume":"0.47252847","buyTxId":"MM-P-15636205-62624336-3-13-0","sellTxId":"588d4ae1eabf9a7dfdddb8c5470ffba8af96746a"},{"_id":2974644,"type":"sell","buyer":"richardcrill","seller":"pjansen","symbol":"POB","quantity":"0.65626834","price":"0.02102000","timestamp":1647290508,"volume":"0.01379476","buyTxId":"MM-P-15636205-62624336-3-13-0","sellTxId":"a0dea4166d09ccccd883ba0b52c8d39153bec5ae"},{"_id":2974711,"type":"sell","buyer":"richardcrill","seller":"deathwing","symbol":"POB","quantity":"0.025","price":"0.02102000","timestamp":1647291306,"volume":"0.00052550","buyTxId":"MM-P-15636205-62624336-3-13-0","sellTxId":"60b480ae641406e38971b82bf7919a84c0c28004-0"},{"_id":2974977,"type":"buy","buyer":"opidia","seller":"richardcrill","symbol":"POB","quantity":"1000.00000000","price":"0.02398925","timestamp":1647293841,"volume":"23.98925000","buyTxId":"cf494e4b92ed72a9c2b08e9ac72bf21089f3e7a6","sellTxId":"MM-P-15636405-62624536-3-13-0"},{"_id":2974983,"type":"buy","buyer":"opidia","seller":"master-lamps","symbol":"POB","quantity":"1.08242614","price":"0.02399925","timestamp":1647293880,"volume":"0.02597742","buyTxId":"b6d6428f4b8ec8fb54b4133c9777c8218b083995","sellTxId":"2bd1a4c269f2304eb714436be0ef3b83d1dcd5d9"},{"_id":2974984,"type":"buy","buyer":"opidia","seller":"funshee","symbol":"POB","quantity":"57.99999986","price":"0.02399925","timestamp":1647293880,"volume":"1.39195649","buyTxId":"b6d6428f4b8ec8fb54b4133c9777c8218b083995","sellTxId":"7162f27c8a06e4dbf17ba7f8aab31d0983863a3e"},{"_id":2974987,"type":"buy","buyer":"opidia","seller":"yintercept","symbol":"POB","quantity":"1.86821622","price":"0.02400000","timestamp":1647293907,"volume":"0.04483719","buyTxId":"64ec8580a3520c81e15eb17c96c463e45565b4bd","sellTxId":"995c12a4dc429a5b95de64dc3282380888f77c8f"},{"_id":2974988,"type":"buy","buyer":"opidia","seller":"vempromundo.pob","symbol":"POB","quantity":"999.99999978","price":"0.02400000","timestamp":1647293907,"volume":"23.99999999","buyTxId":"64ec8580a3520c81e15eb17c96c463e45565b4bd","sellTxId":"856405ae35e5d38decc41ecc63f759a31e6289a6"},{"_id":2975085,"type":"sell","buyer":"opidia","seller":"nrg","symbol":"POB","quantity":"69.40715851","price":"0.02120000","timestamp":1647294636,"volume":"1.47143176","buyTxId":"9e5fc924e2ff4400a97448fe98d4f63795cd734f","sellTxId":"a83ce8567e734d7f0aef10a4b6652e11965c60bc-16"},{"_id":2975212,"type":"sell","buyer":"opidia","seller":"ericburgoyne","symbol":"POB","quantity":"0.70656394","price":"0.02120000","timestamp":1647295611,"volume":"0.01497916","buyTxId":"9e5fc924e2ff4400a97448fe98d4f63795cd734f","sellTxId":"90d1b2265a279c43a0f1a42c2f084a665a6429d6"},{"_id":2975238,"type":"sell","buyer":"opidia","seller":"gillianpearce","symbol":"POB","quantity":"50.00000000","price":"0.02120000","timestamp":1647295839,"volume":"1.06000000","buyTxId":"9e5fc924e2ff4400a97448fe98d4f63795cd734f","sellTxId":"c8a5662d7ac8f38107085c78c62c0f0a648f0246"},{"_id":2975742,"type":"buy","buyer":"dswap","seller":"vempromundo.pob","symbol":"POB","quantity":"0.00000022","price":"0.02400000","timestamp":1647302265,"volume":"0.00000001","buyTxId":"bee37ca917a20f9fda5e9598a09c75cdc0169ace","sellTxId":"856405ae35e5d38decc41ecc63f759a31e6289a6"},{"_id":2975743,"type":"buy","buyer":"dswap","seller":"richardcrill","symbol":"POB","quantity":"81.07012525","price":"0.02467000","timestamp":1647302265,"volume":"1.99999999","buyTxId":"bee37ca917a20f9fda5e9598a09c75cdc0169ace","sellTxId":"MM-P-15638299-62626431-3-13-1"},{"_id":2975843,"type":"sell","buyer":"pro100cryptoss","seller":"hive.pizza","symbol":"POB","quantity":"28.49386545","price":"0.02080000","timestamp":1647303570,"volume":"0.59267240","buyTxId":"f9f6460960838a9cd883beb30082ca73d04b6254","sellTxId":"f169136db9283e4cfc98dd3844d7a5df97b6e300"},{"_id":2976016,"type":"sell","buyer":"pro100cryptoss","seller":"melbourneswest","symbol":"POB","quantity":"7.869","price":"0.02080000","timestamp":1647305892,"volume":"0.16367520","buyTxId":"f9f6460960838a9cd883beb30082ca73d04b6254","sellTxId":"12cba43870ccf71bbe8f3bfae9effea6f185f175"},{"_id":2976269,"type":"sell","buyer":"richardcrill","seller":"abisag","symbol":"POB","quantity":"11.10528468","price":"0.02081000","timestamp":1647309897,"volume":"0.23110097","buyTxId":"MM-P-15642388-62630523-3-13-0","sellTxId":"29263a25034a6e9333d5f66597ac5109da351ff6"},{"_id":2976436,"type":"sell","buyer":"richardcrill","seller":"chireerocks","symbol":"POB","quantity":"4.86776508","price":"0.02081000","timestamp":1647312252,"volume":"0.10129819","buyTxId":"MM-P-15642388-62630523-3-13-0","sellTxId":"dc00dd887341be4a26ad4846e93c5a12d65d1ee9"},{"_id":2976443,"type":"sell","buyer":"richardcrill","seller":"torrecoin90","symbol":"POB","quantity":"0.50842731","price":"0.02081000","timestamp":1647312363,"volume":"0.01058037","buyTxId":"MM-P-15642388-62630523-3-13-0","sellTxId":"28bcf78123ead51e409b65b093d601fa7a8f793d"},{"_id":2976502,"type":"buy","buyer":"balina","seller":"richardcrill","symbol":"POB","quantity":"40.61738424","price":"0.02462000","timestamp":1647313068,"volume":"1","buyTxId":"9d4b525d541fe6e17d1928ef98653f458ecca61f","sellTxId":"MM-P-15643885-62632020-3-13-0"}]}