{"index": {"_index":"pob","_id":"3843606"}}
	{"id":3843606,"type":"sell","buyer":"maarnio","seller":"gubbatv","symbol":"POB","quantity":"5.95210872","price":"0.01131000","timestamp":1656990558,"volume":"0.06731835","buyTxId":"82c9ea46ae46b629fcf30e26f703341fd9df99a9","sellTxId":"cc52e30d792e6b94b06208b097b7f75327badd2a"}
{"index": {"_index":"pob","_id":"3843912"}}
	{"id":3843912,"type":"sell","buyer":"maarnio","seller":"steem82868","symbol":"POB","quantity":"0.40805442","price":"0.01131000","timestamp":1656994836,"volume":"0.00461510","buyTxId":"82c9ea46ae46b629fcf30e26f703341fd9df99a9","sellTxId":"57d470824c575e986ecd356f70e50ca6b602a9c2"}
{"index": {"_index":"pob","_id":"3844191"}}
	{"id":3844191,"type":"sell","buyer":"maarnio","seller":"hiveupme","symbol":"POB","quantity":"19.06897589","price":"0.01131000","timestamp":1657000395,"volume":"0.21567012","buyTxId":"82c9ea46ae46b629fcf30e26f703341fd9df99a9","sellTxId":"c25f9c1a17a37bd8ce41aeb30e3deeb89df517b9"}
{"index": {"_index":"pob","_id":"3844225"}}
	{"id":3844225,"type":"sell","buyer":"maarnio","seller":"hiveclick","symbol":"POB","quantity":"8.53517996","price":"0.01131000","timestamp":1657001190,"volume":"0.09653289","buyTxId":"82c9ea46ae46b629fcf30e26f703341fd9df99a9","sellTxId":"5fd03a50d8c5b9d436f1f0e907d84229443fef05"}
{"index": {"_index":"pob","_id":"3844318"}}
	{"id":3844318,"type":"sell","buyer":"maarnio","seller":"cristina-zac","symbol":"POB","quantity":"22.00000000","price":"0.01131000","timestamp":1657002507,"volume":"0.24882000","buyTxId":"82c9ea46ae46b629fcf30e26f703341fd9df99a9","sellTxId":"78d3de8c9c146c70c0d12e7902eb3aed5a7e27d6"}
{"index": {"_index":"pob","_id":"3844372"}}
	{"id":3844372,"type":"sell","buyer":"maarnio","seller":"mrtats","symbol":"POB","quantity":"15.133","price":"0.01131000","timestamp":1657003041,"volume":"0.17115423","buyTxId":"82c9ea46ae46b629fcf30e26f703341fd9df99a9","sellTxId":"34e2d8e269ef4fcb118d89189ce37d750b26f921"}
{"index": {"_index":"pob","_id":"3844399"}}
	{"id":3844399,"type":"sell","buyer":"maarnio","seller":"ugochill","symbol":"POB","quantity":"0.23940013","price":"0.01131000","timestamp":1657003686,"volume":"0.00270762","buyTxId":"82c9ea46ae46b629fcf30e26f703341fd9df99a9","sellTxId":"c84a964bef0602efb7862d17b74848270213f6ce"}
{"index": {"_index":"pob","_id":"3844503"}}
	{"id":3844503,"type":"sell","buyer":"maarnio","seller":"steem82868","symbol":"POB","quantity":"1.98028878","price":"0.01131000","timestamp":1657005642,"volume":"0.02239707","buyTxId":"82c9ea46ae46b629fcf30e26f703341fd9df99a9","sellTxId":"fd66a56fd23fe70ad19455e11d06102105cc66a6"}
{"index": {"_index":"pob","_id":"3844629"}}
	{"id":3844629,"type":"sell","buyer":"maarnio","seller":"ugochill","symbol":"POB","quantity":"0.02443482","price":"0.01131000","timestamp":1657008759,"volume":"0.00027636","buyTxId":"82c9ea46ae46b629fcf30e26f703341fd9df99a9","sellTxId":"d0360265d2a559eaf70996b8ffdfdb937bb06219"}
{"index": {"_index":"pob","_id":"3844640"}}
	{"id":3844640,"type":"sell","buyer":"maarnio","seller":"florenceboens","symbol":"POB","quantity":"0.21574000","price":"0.01131000","timestamp":1657009098,"volume":"0.00244002","buyTxId":"82c9ea46ae46b629fcf30e26f703341fd9df99a9","sellTxId":"3c9c97ad931ec7c2e516a74a3cf2f91f8020307e"}
{"index": {"_index":"pob","_id":"3845098"}}
	{"id":3845098,"type":"buy","buyer":"chesatochi","seller":"oople","symbol":"POB","quantity":"0.00312895","price":"0.01131012","timestamp":1657016406,"volume":"0.00003539","buyTxId":"4cbec46a2b1307fe425a57219e7a44b2b873848a","sellTxId":"a1fd6e4621445d2decbfc5cd529b3e8246c73d51"}
{"index": {"_index":"pob","_id":"3845099"}}
	{"id":3845099,"type":"buy","buyer":"chesatochi","seller":"master-lamps","symbol":"POB","quantity":"0.00331679","price":"0.01169990","timestamp":1657016406,"volume":"0.00003881","buyTxId":"4cbec46a2b1307fe425a57219e7a44b2b873848a","sellTxId":"1c19fc4d7b68dcc160298c96474fec7733b3cecd"}
{"index": {"_index":"pob","_id":"3845100"}}
	{"id":3845100,"type":"buy","buyer":"chesatochi","seller":"damla","symbol":"POB","quantity":"0.58901476","price":"0.01169990","timestamp":1657016406,"volume":"0.00689141","buyTxId":"4cbec46a2b1307fe425a57219e7a44b2b873848a","sellTxId":"5a292d279620d7a039d303205a9fb3dd8bd60ebe"}
{"index": {"_index":"pob","_id":"3845101"}}
	{"id":3845101,"type":"buy","buyer":"chesatochi","seller":"helios.voter","symbol":"POB","quantity":"6.19777092","price":"0.01169990","timestamp":1657016406,"volume":"0.07251330","buyTxId":"4cbec46a2b1307fe425a57219e7a44b2b873848a","sellTxId":"5416bce52e45c8dcd28fbbcb4b8f113215e28712"}
{"index": {"_index":"pob","_id":"3845193"}}
	{"id":3845193,"type":"sell","buyer":"master-lamps","seller":"clixmoney","symbol":"POB","quantity":"0.00343113","price":"0.01131001","timestamp":1657018113,"volume":"0.00003881","buyTxId":"266e5abdd90565ecea019d1b66ad0707040f370d","sellTxId":"048fd6f123f70ce8750920af482663997b33a6d3"}
{"index": {"_index":"pob","_id":"3845221"}}
	{"id":3845221,"type":"buy","buyer":"pjansen","seller":"clixmoney","symbol":"POB","quantity":"6.12609233","price":"0.01131001","timestamp":1657018452,"volume":"0.06928617","buyTxId":"3654547a71432d8cac5565cb9101f7cbcaad2de5-0","sellTxId":"048fd6f123f70ce8750920af482663997b33a6d3"}
{"index": {"_index":"pob","_id":"3845222"}}
	{"id":3845222,"type":"buy","buyer":"pjansen","seller":"helios.voter","symbol":"POB","quantity":"7.27825914","price":"0.01169990","timestamp":1657018452,"volume":"0.08515490","buyTxId":"3654547a71432d8cac5565cb9101f7cbcaad2de5-0","sellTxId":"5416bce52e45c8dcd28fbbcb4b8f113215e28712"}
{"index": {"_index":"pob","_id":"3845223"}}
	{"id":3845223,"type":"buy","buyer":"pjansen","seller":"master-lamps","symbol":"POB","quantity":"0.00200000","price":"0.01169990","timestamp":1657018452,"volume":"0.00002340","buyTxId":"3654547a71432d8cac5565cb9101f7cbcaad2de5-0","sellTxId":"1979d582162ef2a5a68e636d67859cb5d1d4b9e7"}
{"index": {"_index":"pob","_id":"3845224"}}
	{"id":3845224,"type":"buy","buyer":"pjansen","seller":"master-lamps","symbol":"POB","quantity":"0.16230731","price":"0.01169999","timestamp":1657018452,"volume":"0.00189899","buyTxId":"3654547a71432d8cac5565cb9101f7cbcaad2de5-0","sellTxId":"5d63f748f5061678dddcf935e203f469f7eba8b3"}
{"index": {"_index":"pob","_id":"3845225"}}
	{"id":3845225,"type":"buy","buyer":"pjansen","seller":"sunset.curator","symbol":"POB","quantity":"8.13074199","price":"0.01169999","timestamp":1657018452,"volume":"0.09512960","buyTxId":"3654547a71432d8cac5565cb9101f7cbcaad2de5-0","sellTxId":"349576fab5e9942bff8e19ef0e54a67e1dbff01c"}
{"index": {"_index":"pob","_id":"3845226"}}
	{"id":3845226,"type":"buy","buyer":"pjansen","seller":"richardcrill","symbol":"POB","quantity":"13.94931111","price":"0.01170000","timestamp":1657018452,"volume":"0.16320694","buyTxId":"3654547a71432d8cac5565cb9101f7cbcaad2de5-0","sellTxId":"MM-P-18836031-65828611-3-12-0"}
{"index": {"_index":"pob","_id":"3845256"}}
	{"id":3845256,"type":"buy","buyer":"pjansen","seller":"master-lamps","symbol":"POB","quantity":"0.00343113","price":"0.01169999","timestamp":1657018977,"volume":"0.00004014","buyTxId":"1098f773b0d8085586d833ae7c3f3aa5b13246b4-0","sellTxId":"eba28cbc3cfe8571e748e2a9d9382144cf871e46"}
{"index": {"_index":"pob","_id":"3845257"}}
	{"id":3845257,"type":"buy","buyer":"pjansen","seller":"richardcrill","symbol":"POB","quantity":"61.75725299","price":"0.01170000","timestamp":1657018977,"volume":"0.72255986","buyTxId":"1098f773b0d8085586d833ae7c3f3aa5b13246b4-0","sellTxId":"MM-P-18836031-65828611-3-12-0"}
{"index": {"_index":"pob","_id":"3845439"}}
	{"id":3845439,"type":"sell","buyer":"master-lamps","seller":"steem82868","symbol":"POB","quantity":"0.16997278","price":"0.01131001","timestamp":1657022469,"volume":"0.00192239","buyTxId":"3d56e1617b268f8bfe298f9956e7c9444d570185","sellTxId":"2939a2bd5b674b2ccda3e9bc3e36456cfd65e5ad"}
{"index": {"_index":"pob","_id":"3845440"}}
	{"id":3845440,"type":"sell","buyer":"master-lamps","seller":"steem82868","symbol":"POB","quantity":"0.00354944","price":"0.01131001","timestamp":1657022469,"volume":"0.00004014","buyTxId":"aca24c607dbb2d4286e22ffe1eea18628826dd66","sellTxId":"2939a2bd5b674b2ccda3e9bc3e36456cfd65e5ad"}
{"index": {"_index":"pob","_id":"3845459"}}
	{"id":3845459,"type":"buy","buyer":"pjansen","seller":"steem82868","symbol":"POB","quantity":"0.06077397","price":"0.01131001","timestamp":1657022862,"volume":"0.00068735","buyTxId":"493f969266f6e5e2e1117259e4eff0388baa7334-0","sellTxId":"2939a2bd5b674b2ccda3e9bc3e36456cfd65e5ad"}
{"index": {"_index":"pob","_id":"3845460"}}
	{"id":3845460,"type":"buy","buyer":"pjansen","seller":"richardcrill","symbol":"POB","quantity":"0.79595299","price":"0.01170000","timestamp":1657022862,"volume":"0.00931265","buyTxId":"493f969266f6e5e2e1117259e4eff0388baa7334-0","sellTxId":"MM-P-18836031-65828611-3-12-0"}
{"index": {"_index":"pob","_id":"3845605"}}
	{"id":3845605,"type":"sell","buyer":"maarnio","seller":"ugochill","symbol":"POB","quantity":"0.02435951","price":"0.01131000","timestamp":1657023990,"volume":"0.00027551","buyTxId":"82c9ea46ae46b629fcf30e26f703341fd9df99a9","sellTxId":"91144ad37e301fab3baadf167f4c7d75c43f62c6"}
{"index": {"_index":"pob","_id":"3845870"}}
	{"id":3845870,"type":"sell","buyer":"maarnio","seller":"dwinblood","symbol":"POB","quantity":"19.45121309","price":"0.01131000","timestamp":1657029204,"volume":"0.21999322","buyTxId":"82c9ea46ae46b629fcf30e26f703341fd9df99a9","sellTxId":"bfea51786a88a014320603ab9c8530aacd2e85d6"}
{"index": {"_index":"pob","_id":"3846023"}}
	{"id":3846023,"type":"sell","buyer":"maarnio","seller":"tdctunes","symbol":"POB","quantity":"21.43180289","price":"0.01131000","timestamp":1657031148,"volume":"0.24239369","buyTxId":"82c9ea46ae46b629fcf30e26f703341fd9df99a9","sellTxId":"08a81db33fb07d05cbd88954277762b7af4dcffd"}
{"index": {"_index":"pob","_id":"3846265"}}
	{"id":3846265,"type":"sell","buyer":"maarnio","seller":"lipe100dedos","symbol":"POB","quantity":"10.59664313","price":"0.01131000","timestamp":1657033677,"volume":"0.11984803","buyTxId":"82c9ea46ae46b629fcf30e26f703341fd9df99a9","sellTxId":"74a92f0fddd4be245bcb7282f206d13c8238fb01"}
{"index": {"_index":"pob","_id":"3846341"}}
	{"id":3846341,"type":"sell","buyer":"maarnio","seller":"ugochill","symbol":"POB","quantity":"0.01438604","price":"0.01131000","timestamp":1657034406,"volume":"0.00016271","buyTxId":"82c9ea46ae46b629fcf30e26f703341fd9df99a9","sellTxId":"673bb2ad05c6ff07fc43d0073a6ac0d2d545a6c2"}
{"index": {"_index":"pob","_id":"3846388"}}
	{"id":3846388,"type":"sell","buyer":"maarnio","seller":"shebe","symbol":"POB","quantity":"6.6988548","price":"0.01131000","timestamp":1657034946,"volume":"0.07576405","buyTxId":"82c9ea46ae46b629fcf30e26f703341fd9df99a9","sellTxId":"bcef1c6d67d5e92a36b16a1ffab022f6befd104b"}
{"index": {"_index":"pob","_id":"3846491"}}
	{"id":3846491,"type":"sell","buyer":"maarnio","seller":"xplosive","symbol":"POB","quantity":"0.85097614","price":"0.01131000","timestamp":1657035939,"volume":"0.00962454","buyTxId":"82c9ea46ae46b629fcf30e26f703341fd9df99a9","sellTxId":"064852215db2601ceabf4bb457f212dbf32420f2"}
{"index": {"_index":"pob","_id":"3846546"}}
	{"id":3846546,"type":"sell","buyer":"maarnio","seller":"cryptosimplify","symbol":"POB","quantity":"2.80450383","price":"0.01131000","timestamp":1657036575,"volume":"0.03171894","buyTxId":"82c9ea46ae46b629fcf30e26f703341fd9df99a9","sellTxId":"a584addd46efb76cbe4c38b8eb17fc6bce879779"}
{"index": {"_index":"pob","_id":"3846778"}}
	{"id":3846778,"type":"sell","buyer":"maarnio","seller":"elricmoonslayer","symbol":"POB","quantity":"32.25039713","price":"0.01131000","timestamp":1657039062,"volume":"0.36475199","buyTxId":"82c9ea46ae46b629fcf30e26f703341fd9df99a9","sellTxId":"7c8cdcf1acdd98c0bcba6978dbf7ecd983df65ff"}
{"index": {"_index":"pob","_id":"3846957"}}
	{"id":3846957,"type":"sell","buyer":"maarnio","seller":"trumpman","symbol":"POB","quantity":"25.29834175","price":"0.01131000","timestamp":1657041063,"volume":"0.28612425","buyTxId":"82c9ea46ae46b629fcf30e26f703341fd9df99a9","sellTxId":"8247ccf9eb204aa779908ee50dcbebcd0f63b46f"}
{"index": {"_index":"pob","_id":"3847130"}}
	{"id":3847130,"type":"sell","buyer":"maarnio","seller":"curatorcat.pal","symbol":"POB","quantity":"0.51582162","price":"0.01131000","timestamp":1657043166,"volume":"0.00583394","buyTxId":"82c9ea46ae46b629fcf30e26f703341fd9df99a9","sellTxId":"3255ed740f51c1e233057a1ae6d5f1d23f18ffbc"}
{"index": {"_index":"pob","_id":"3847330"}}
	{"id":3847330,"type":"sell","buyer":"maarnio","seller":"lisamgentile1961","symbol":"POB","quantity":"1.45296578","price":"0.01131000","timestamp":1657045485,"volume":"0.01643304","buyTxId":"82c9ea46ae46b629fcf30e26f703341fd9df99a9","sellTxId":"4e26f172b2dc5d2745cc08a311dbd050373c752c"}
{"index": {"_index":"pob","_id":"3847663"}}
	{"id":3847663,"type":"buy","buyer":"ahmetay","seller":"master-lamps","symbol":"POB","quantity":"4.13589333","price":"0.01169999","timestamp":1657047060,"volume":"0.04838991","buyTxId":"f0fd31b28d3a3f73abe9796baf7a1757da148384","sellTxId":"9c227addc02398c1670fd175fcfff0f7a715e131"}
{"index": {"_index":"pob","_id":"3847664"}}
	{"id":3847664,"type":"buy","buyer":"ahmetay","seller":"richardcrill","symbol":"POB","quantity":"81.33419572","price":"0.01170000","timestamp":1657047060,"volume":"0.95161009","buyTxId":"f0fd31b28d3a3f73abe9796baf7a1757da148384","sellTxId":"MM-P-18836031-65828611-3-12-0"}
{"index": {"_index":"pob","_id":"3847674"}}
	{"id":3847674,"type":"buy","buyer":"ahmetay","seller":"richardcrill","symbol":"POB","quantity":"427.35042735","price":"0.01170000","timestamp":1657047168,"volume":"5","buyTxId":"c908a71265be4de6bc6f522b1dd0b5938be0ea4a","sellTxId":"MM-P-18836031-65828611-3-12-0"}
{"index": {"_index":"pob","_id":"3847836"}}
	{"id":3847836,"type":"sell","buyer":"master-lamps","seller":"joseph23","symbol":"POB","quantity":"4.27850284","price":"0.01131001","timestamp":1657049175,"volume":"0.04838991","buyTxId":"205c95a08a3be620d1e3d6499b86ae572c5b867c","sellTxId":"4bb1051d8f8a990bdf4fc80f695e641e1f6cb633"}
{"index": {"_index":"pob","_id":"3847837"}}
	{"id":3847837,"type":"sell","buyer":"maarnio","seller":"joseph23","symbol":"POB","quantity":"47.62555355","price":"0.01131001","timestamp":1657049175,"volume":"0.53864549","buyTxId":"5332c5c247527c67e0e2eb7c1de9a3c1b83d9266","sellTxId":"4bb1051d8f8a990bdf4fc80f695e641e1f6cb633"}
{"index": {"_index":"pob","_id":"3848020"}}
	{"id":3848020,"type":"sell","buyer":"maarnio","seller":"andy4475","symbol":"POB","quantity":"28.58721519","price":"0.01131001","timestamp":1657051131,"volume":"0.32332169","buyTxId":"5332c5c247527c67e0e2eb7c1de9a3c1b83d9266","sellTxId":"f4f84239e1e8aeeadbafd6170452afd2c21e021c"}
{"index": {"_index":"pob","_id":"3848310"}}
	{"id":3848310,"type":"sell","buyer":"maarnio","seller":"deathwing","symbol":"POB","quantity":"0.025","price":"0.01131001","timestamp":1657054506,"volume":"0.00028275","buyTxId":"5332c5c247527c67e0e2eb7c1de9a3c1b83d9266","sellTxId":"f26e552311b406989a9a442623cadb3cc60bd4d4-0"}
{"index": {"_index":"pob","_id":"3848447"}}
	{"id":3848447,"type":"sell","buyer":"maarnio","seller":"lordtimoty","symbol":"POB","quantity":"148.05405243","price":"0.01131001","timestamp":1657056735,"volume":"1.67449281","buyTxId":"5332c5c247527c67e0e2eb7c1de9a3c1b83d9266","sellTxId":"ca1412a66d51c03af86b5867780308eecad60c49"}
{"index": {"_index":"pob","_id":"3848550"}}
	{"id":3848550,"type":"sell","buyer":"maarnio","seller":"he-index","symbol":"POB","quantity":"0.07600000","price":"0.01131001","timestamp":1657058586,"volume":"0.00085956","buyTxId":"5332c5c247527c67e0e2eb7c1de9a3c1b83d9266","sellTxId":"eefe79920d4565d12289cc84a82a7221ccd75014"}
{"index": {"_index":"pob","_id":"3848756"}}
	{"id":3848756,"type":"sell","buyer":"maarnio","seller":"laritheghost","symbol":"POB","quantity":"2.56720968","price":"0.01131001","timestamp":1657059933,"volume":"0.02903517","buyTxId":"5332c5c247527c67e0e2eb7c1de9a3c1b83d9266","sellTxId":"1e4a45e84c6e15644403bf47aba69eee64cf0ed9"}
{"index": {"_index":"pob","_id":"3849211"}}
	{"id":3849211,"type":"sell","buyer":"maarnio","seller":"ugochill","symbol":"POB","quantity":"0.29757688","price":"0.01131001","timestamp":1657068042,"volume":"0.00336560","buyTxId":"5332c5c247527c67e0e2eb7c1de9a3c1b83d9266","sellTxId":"2aae535afe7c211b030f3963640b51f7c8f30da2"}
{"index": {"_index":"pob","_id":"3849554"}}
	{"id":3849554,"type":"sell","buyer":"maarnio","seller":"rzc24-nftbbg","symbol":"POB","quantity":"99.38713340","price":"0.01131001","timestamp":1657072986,"volume":"1.12406947","buyTxId":"5332c5c247527c67e0e2eb7c1de9a3c1b83d9266","sellTxId":"27f357adf1278640d36dd6bf689e45779d2d19bc"}
{"index": {"_index":"pob","_id":"3849793"}}
	{"id":3849793,"type":"sell","buyer":"maarnio","seller":"bacon-dub","symbol":"POB","quantity":"11.30527938","price":"0.01131001","timestamp":1657075725,"volume":"0.12786282","buyTxId":"5332c5c247527c67e0e2eb7c1de9a3c1b83d9266","sellTxId":"facd9670e429954653cf86701137f2b4c4672aac"}
