{"index": {"_index":"pob","_id":"2003333"}}
	{"id":2003333,"type":"buy","buyer":"burn13","seller":"hallmann","symbol":"POB","quantity":"100.00000000","price":"0.13500000","timestamp":1637034294,"volume":"13.50000000","buyTxId":"d2e681e2c16d1fe52e673e7a5ded3579f9daf661","sellTxId":"eb405464721736727f35c4020fe00d36fe6967c0"}
{"index": {"_index":"pob","_id":"2003356"}}
	{"id":2003356,"type":"sell","buyer":"coininstant","seller":"ungranulises","symbol":"POB","quantity":"11.4","price":"0.08801000","timestamp":1637034504,"volume":"1.00331400","buyTxId":"35e28319e713092032b0789a21084e70f6862a46","sellTxId":"2b42529846bcdaaf826b5809f6fda319b93809fd"}
{"index": {"_index":"pob","_id":"2003383"}}
	{"id":2003383,"type":"buy","buyer":"burn13","seller":"josevillanueva","symbol":"POB","quantity":"3.52764917","price":"0.14500000","timestamp":1637034717,"volume":"0.51150913","buyTxId":"65f1adef72fff5747ca42b87d863b09faa259a6c","sellTxId":"e973c9927d91e1d8af7d62638bf6c74e2342e436"}
{"index": {"_index":"pob","_id":"2003418"}}
	{"id":2003418,"type":"sell","buyer":"richardcrill","seller":"melbourneswest","symbol":"POB","quantity":"4.67390248","price":"0.08811001","timestamp":1637035413,"volume":"0.41181759","buyTxId":"MM-P-12229166-59215456-3-10-0","sellTxId":"4c1fc772b06ff6c49b948eb07f4720e70060a35b"}
{"index": {"_index":"pob","_id":"2003426"}}
	{"id":2003426,"type":"sell","buyer":"richardcrill","seller":"lordemmy","symbol":"POB","quantity":"48.59374013","price":"0.08811001","timestamp":1637035554,"volume":"4.28159493","buyTxId":"MM-P-12229166-59215456-3-10-0","sellTxId":"c1d0a75e7f2167cc711af387a19a65bc0c56787e"}
{"index": {"_index":"pob","_id":"2003999"}}
	{"id":2003999,"type":"sell","buyer":"richardcrill","seller":"gimmetricks1","symbol":"POB","quantity":"16","price":"0.09011000","timestamp":1637039790,"volume":"1.44176000","buyTxId":"MM-P-12230564-59216855-3-10-0","sellTxId":"43524310c88e09e6d51a3e0a31f6df4802eefb86"}
{"index": {"_index":"pob","_id":"2004272"}}
	{"id":2004272,"type":"sell","buyer":"anadolu","seller":"he-index","symbol":"POB","quantity":"0.04500000","price":"0.09012000","timestamp":1637042166,"volume":"0.00405540","buyTxId":"MM-P-12231466-59217759-3-0-0","sellTxId":"99b2dbe4e68e02c578681cde400789bc004fc878"}
{"index": {"_index":"pob","_id":"2004388"}}
	{"id":2004388,"type":"sell","buyer":"richardcrill","seller":"ru-trail","symbol":"POB","quantity":"0.10000000","price":"0.09022000","timestamp":1637042862,"volume":"0.00902200","buyTxId":"MM-P-12231560-59217853-3-10-0","sellTxId":"10ea485d0e257fd0f4499f77ddf2e9385bc9c707"}
{"index": {"_index":"pob","_id":"2004458"}}
	{"id":2004458,"type":"sell","buyer":"richardcrill","seller":"twicejoy","symbol":"POB","quantity":"1.04879255","price":"0.09022000","timestamp":1637043186,"volume":"0.09462206","buyTxId":"MM-P-12231560-59217853-3-10-0","sellTxId":"0333d589414ab0a140f143fc44172186f1d83a04"}
{"index": {"_index":"pob","_id":"2004506"}}
	{"id":2004506,"type":"sell","buyer":"richardcrill","seller":"insight.pob","symbol":"POB","quantity":"58.60000000","price":"0.09022000","timestamp":1637043387,"volume":"5.28689200","buyTxId":"MM-P-12231560-59217853-3-10-0","sellTxId":"b2626727478a5928adc40d83145dfebbf556d1cf"}
{"index": {"_index":"pob","_id":"2004624"}}
	{"id":2004624,"type":"buy","buyer":"ahmetay","seller":"clixy","symbol":"POB","quantity":"10.80837200","price":"0.10000000","timestamp":1637044071,"volume":"1.08083720","buyTxId":"e7b4c5ba3605fb753ef0bf214f1ca1722aa1a915","sellTxId":"37c8add767e6958b43414290d52c7b9525d2d08a"}
{"index": {"_index":"pob","_id":"2004709"}}
	{"id":2004709,"type":"sell","buyer":"richardcrill","seller":"corporateay","symbol":"POB","quantity":"47","price":"0.09022000","timestamp":1637044416,"volume":"4.24034000","buyTxId":"MM-P-12231560-59217853-3-10-0","sellTxId":"fead3bfbba606b9d7137fbab65c2d35aefa0a141"}
{"index": {"_index":"pob","_id":"2004872"}}
	{"id":2004872,"type":"sell","buyer":"anadolu","seller":"dhedge-drips","symbol":"POB","quantity":"1.35378116","price":"0.09023000","timestamp":1637045226,"volume":"0.12215167","buyTxId":"MM-P-12232462-59218756-3-0-0","sellTxId":"95a2cc5706353d7397472e201fa61389477992cb"}
{"index": {"_index":"pob","_id":"2005148"}}
	{"id":2005148,"type":"sell","buyer":"gimme-your-coinz","seller":"yintercept","symbol":"POB","quantity":"1.99214666","price":"0.09400001","timestamp":1637046711,"volume":"0.18726181","buyTxId":"eb20d99b2f1fedaafc9e60bf04ea6db057c57ba4","sellTxId":"2d625e39f72f2a69e9bc095b8b5c09723dc62229"}
{"index": {"_index":"pob","_id":"2005226"}}
	{"id":2005226,"type":"buy","buyer":"ahmetay","seller":"clixy","symbol":"POB","quantity":"0.00000005","price":"0.10000000","timestamp":1637047164,"volume":"0.00000001","buyTxId":"f5c52be0c45324446f2040c42c8ade5cc1cf059f","sellTxId":"37c8add767e6958b43414290d52c7b9525d2d08a"}
{"index": {"_index":"pob","_id":"2005227"}}
	{"id":2005227,"type":"buy","buyer":"ahmetay","seller":"dhedge-drips","symbol":"POB","quantity":"1.35378095","price":"0.10000000","timestamp":1637047164,"volume":"0.13537809","buyTxId":"f5c52be0c45324446f2040c42c8ade5cc1cf059f","sellTxId":"a38bcf46c061e658fa2a9aa6fc83fe94383977a6"}
{"index": {"_index":"pob","_id":"2005358"}}
	{"id":2005358,"type":"sell","buyer":"gimme-your-coinz","seller":"hive-143869","symbol":"POB","quantity":"0.00280000","price":"0.09401001","timestamp":1637047923,"volume":"0.00026323","buyTxId":"b4e09c24c919b87e2bfd1624af567655a3cb48ad","sellTxId":"d15f7b33d2f0d1ed3debeb18679c1a3fdcc01b8b"}
{"index": {"_index":"pob","_id":"2005366"}}
	{"id":2005366,"type":"buy","buyer":"anadolu","seller":"vlemon","symbol":"POB","quantity":"26.00000000","price":"0.09990000","timestamp":1637048037,"volume":"2.59740000","buyTxId":"61e14f97bd718ce4f2f25503e6ee82eded620240","sellTxId":"aaf9a62f12e07303407c39c881b0d07bbfb393b8"}
{"index": {"_index":"pob","_id":"2005851"}}
	{"id":2005851,"type":"sell","buyer":"gimme-your-coinz","seller":"networkallstar","symbol":"POB","quantity":"15.83868983","price":"0.09401001","timestamp":1637050584,"volume":"1.48899539","buyTxId":"b4e09c24c919b87e2bfd1624af567655a3cb48ad","sellTxId":"bed1e421632e3f07351e655c5f8c328cbb20f872"}
{"index": {"_index":"pob","_id":"2005928"}}
	{"id":2005928,"type":"sell","buyer":"gimme-your-coinz","seller":"budmeister33","symbol":"POB","quantity":"0.09572630","price":"0.09401001","timestamp":1637051154,"volume":"0.00899923","buyTxId":"b4e09c24c919b87e2bfd1624af567655a3cb48ad","sellTxId":"d950b97b22ac99c9676c9090773396a13f4a2e3c"}
{"index": {"_index":"pob","_id":"2005969"}}
	{"id":2005969,"type":"sell","buyer":"gimme-your-coinz","seller":"steem82868","symbol":"POB","quantity":"0.13081346","price":"0.09401001","timestamp":1637051364,"volume":"0.01229777","buyTxId":"b4e09c24c919b87e2bfd1624af567655a3cb48ad","sellTxId":"e8faa1cd7f7c624ca14eb940edcdd21cb737aff4"}
{"index": {"_index":"pob","_id":"2006084"}}
	{"id":2006084,"type":"sell","buyer":"gimme-your-coinz","seller":"risingstargame","symbol":"POB","quantity":"8.25217893","price":"0.09401001","timestamp":1637051973,"volume":"0.77578742","buyTxId":"b4e09c24c919b87e2bfd1624af567655a3cb48ad","sellTxId":"097514ed7362c0adaf353fec58bf3539868e80c0"}
{"index": {"_index":"pob","_id":"2006103"}}
	{"id":2006103,"type":"sell","buyer":"gimme-your-coinz","seller":"bencwarmer","symbol":"POB","quantity":"7.66481709","price":"0.09401001","timestamp":1637052087,"volume":"0.72056953","buyTxId":"b4e09c24c919b87e2bfd1624af567655a3cb48ad","sellTxId":"8e87367c3b4b2704be307e0cf31d9b7551639d05"}
{"index": {"_index":"pob","_id":"2006104"}}
	{"id":2006104,"type":"buy","buyer":"ahmetay","seller":"dhedge-drips","symbol":"POB","quantity":"0.00000021","price":"0.10000000","timestamp":1637052087,"volume":"0.00000002","buyTxId":"57b451c5c02ea8eed220b02954d4d1c4906cd50e","sellTxId":"a38bcf46c061e658fa2a9aa6fc83fe94383977a6"}
{"index": {"_index":"pob","_id":"2006105"}}
	{"id":2006105,"type":"buy","buyer":"ahmetay","seller":"ctpsb","symbol":"POB","quantity":"3.51999979","price":"0.10000000","timestamp":1637052087,"volume":"0.35199998","buyTxId":"57b451c5c02ea8eed220b02954d4d1c4906cd50e","sellTxId":"ae591004bb1fbf28188ec7ef416331f5e4770c26"}
{"index": {"_index":"pob","_id":"2006195"}}
	{"id":2006195,"type":"sell","buyer":"gimme-your-coinz","seller":"stickupboys","symbol":"POB","quantity":"0.55987694","price":"0.09401001","timestamp":1637052471,"volume":"0.05263404","buyTxId":"b4e09c24c919b87e2bfd1624af567655a3cb48ad","sellTxId":"c6bf72fa468145a43f107b8226ea87a375ba582a"}
{"index": {"_index":"pob","_id":"2006306"}}
	{"id":2006306,"type":"sell","buyer":"gimme-your-coinz","seller":"orebutb3","symbol":"POB","quantity":"6.94651716","price":"0.09401001","timestamp":1637053407,"volume":"0.65304215","buyTxId":"b4e09c24c919b87e2bfd1624af567655a3cb48ad","sellTxId":"d4adddbd5a8ee8984cef7eb32f9a07a4421d7d00"}
{"index": {"_index":"pob","_id":"2006308"}}
	{"id":2006308,"type":"sell","buyer":"gimme-your-coinz","seller":"ugochill","symbol":"POB","quantity":"0.00931111","price":"0.09401001","timestamp":1637053425,"volume":"0.00087534","buyTxId":"b4e09c24c919b87e2bfd1624af567655a3cb48ad","sellTxId":"5943a2c24b3ebf8e795936c47b9dcdf4ff1ae808"}
{"index": {"_index":"pob","_id":"2006343"}}
	{"id":2006343,"type":"sell","buyer":"eirik","seller":"lightcaptured","symbol":"POB","quantity":"2.21632403","price":"0.09500000","timestamp":1637053785,"volume":"0.21055078","buyTxId":"827256dc4a9227bacfb41226ef76397ba7bf84bf","sellTxId":"a64f948d182573c22bf279ccdea1526523dd4331"}
{"index": {"_index":"pob","_id":"2006477"}}
	{"id":2006477,"type":"sell","buyer":"eirik","seller":"dauerbrenner05","symbol":"POB","quantity":"0.00803197","price":"0.09500000","timestamp":1637054730,"volume":"0.00076304","buyTxId":"827256dc4a9227bacfb41226ef76397ba7bf84bf","sellTxId":"f33f9642f41b3a9e3556900fdbae8ba827fad143"}
{"index": {"_index":"pob","_id":"2006841"}}
	{"id":2006841,"type":"sell","buyer":"richardcrill","seller":"theguru.photos","symbol":"POB","quantity":"6.74233226","price":"0.09510000","timestamp":1637056335,"volume":"0.64119580","buyTxId":"MM-P-12236140-59222437-3-10-0","sellTxId":"87d7bc0fb5acfbd07e82313e8006c9c83bb56f44"}
{"index": {"_index":"pob","_id":"2006890"}}
	{"id":2006890,"type":"sell","buyer":"richardcrill","seller":"buildahouse","symbol":"POB","quantity":"0.00130000","price":"0.09510000","timestamp":1637056617,"volume":"0.00012363","buyTxId":"MM-P-12236140-59222437-3-10-0","sellTxId":"0a6b788a9650326908ec4853430e269cdb384668"}
{"index": {"_index":"pob","_id":"2006974"}}
	{"id":2006974,"type":"sell","buyer":"richardcrill","seller":"dividendencheck","symbol":"POB","quantity":"26.28745734","price":"0.09510000","timestamp":1637056872,"volume":"2.49993719","buyTxId":"MM-P-12236140-59222437-3-10-0","sellTxId":"60bb2c677b666f035d30d160c65eec0b7a3dda77"}
{"index": {"_index":"pob","_id":"2007113"}}
	{"id":2007113,"type":"sell","buyer":"richardcrill","seller":"peckypeace","symbol":"POB","quantity":"16.69011330","price":"0.09510000","timestamp":1637057778,"volume":"1.58722977","buyTxId":"MM-P-12236140-59222437-3-10-0","sellTxId":"b5c0ca3bf97f433364a3934ad685d80e6aed7692"}
{"index": {"_index":"pob","_id":"2007752"}}
	{"id":2007752,"type":"sell","buyer":"anadolu","seller":"scooter77","symbol":"POB","quantity":"29.30000000","price":"0.09522000","timestamp":1637062005,"volume":"2.78994600","buyTxId":"MM-P-12238037-59224339-3-0-0","sellTxId":"961198f2d1ec2e69fef93ff58dee9244b5a4abec"}
{"index": {"_index":"pob","_id":"2007767"}}
	{"id":2007767,"type":"sell","buyer":"anadolu","seller":"deffdon","symbol":"POB","quantity":"11.00000000","price":"0.09522000","timestamp":1637062095,"volume":"1.04742000","buyTxId":"MM-P-12238037-59224339-3-0-0","sellTxId":"d81fcb54937c120accdd0549cc3208381a9c8d8d"}
{"index": {"_index":"pob","_id":"2007814"}}
	{"id":2007814,"type":"sell","buyer":"richardcrill","seller":"trippymane","symbol":"POB","quantity":"19.00000000","price":"0.09532000","timestamp":1637062386,"volume":"1.81108000","buyTxId":"MM-P-12238131-59224433-3-10-0","sellTxId":"f1808726bdebae6c050a2fe77e447ba59c307824"}
{"index": {"_index":"pob","_id":"2007817"}}
	{"id":2007817,"type":"sell","buyer":"richardcrill","seller":"trippymane","symbol":"POB","quantity":"19.00000000","price":"0.09532000","timestamp":1637062386,"volume":"1.81108000","buyTxId":"MM-P-12238131-59224433-3-10-0","sellTxId":"ba979c1ad9d72540fcd27be68f0f280feeed5bf8"}
{"index": {"_index":"pob","_id":"2007818"}}
	{"id":2007818,"type":"sell","buyer":"richardcrill","seller":"trippymane","symbol":"POB","quantity":"19.00000000","price":"0.09532000","timestamp":1637062386,"volume":"1.81108000","buyTxId":"MM-P-12238131-59224433-3-10-0","sellTxId":"68d7a11cd9bec1dda4325e5fce8b003ca898449b"}
{"index": {"_index":"pob","_id":"2007860"}}
	{"id":2007860,"type":"sell","buyer":"richardcrill","seller":"alfarero","symbol":"POB","quantity":"0.69971236","price":"0.09532000","timestamp":1637062614,"volume":"0.06669658","buyTxId":"MM-P-12238131-59224433-3-10-0","sellTxId":"0ef58227c71e3236829564b37ffe936e54c17352"}
{"index": {"_index":"pob","_id":"2007894"}}
	{"id":2007894,"type":"buy","buyer":"offgridlife","seller":"ctpsb","symbol":"POB","quantity":"0.00000021","price":"0.10000000","timestamp":1637062833,"volume":"0.00000002","buyTxId":"778036dae1581fd91d050ac0d01a456302148cb0","sellTxId":"ae591004bb1fbf28188ec7ef416331f5e4770c26"}
{"index": {"_index":"pob","_id":"2007895"}}
	{"id":2007895,"type":"buy","buyer":"offgridlife","seller":"ganjafarmer","symbol":"POB","quantity":"0.09999979","price":"0.13999000","timestamp":1637062833,"volume":"0.01399897","buyTxId":"778036dae1581fd91d050ac0d01a456302148cb0","sellTxId":"ebd9b9108c67da6deb76157911ea37028c718e3f"}
{"index": {"_index":"pob","_id":"2007896"}}
	{"id":2007896,"type":"buy","buyer":"offgridlife","seller":"ganjafarmer","symbol":"POB","quantity":"0.10000000","price":"0.13999000","timestamp":1637062836,"volume":"0.01399900","buyTxId":"d147f5491896f4a86d504d4982ee2d4d7441fdeb","sellTxId":"ebd9b9108c67da6deb76157911ea37028c718e3f"}
{"index": {"_index":"pob","_id":"2007897"}}
	{"id":2007897,"type":"buy","buyer":"offgridlife","seller":"ganjafarmer","symbol":"POB","quantity":"0.10000000","price":"0.13999000","timestamp":1637062839,"volume":"0.01399900","buyTxId":"b775e60660786f7d7da4ca4ddb1aa5cc3f033288","sellTxId":"ebd9b9108c67da6deb76157911ea37028c718e3f"}
{"index": {"_index":"pob","_id":"2007898"}}
	{"id":2007898,"type":"buy","buyer":"offgridlife","seller":"ganjafarmer","symbol":"POB","quantity":"0.10000000","price":"0.13999000","timestamp":1637062842,"volume":"0.01399900","buyTxId":"b81d1dcde3c4211cc4473ca07f969900ba31bf9d","sellTxId":"ebd9b9108c67da6deb76157911ea37028c718e3f"}
{"index": {"_index":"pob","_id":"2007899"}}
	{"id":2007899,"type":"buy","buyer":"offgridlife","seller":"ganjafarmer","symbol":"POB","quantity":"0.10000000","price":"0.13999000","timestamp":1637062845,"volume":"0.01399900","buyTxId":"e55f3ba3ad6d772800e65a82613bd3a854a804fc","sellTxId":"ebd9b9108c67da6deb76157911ea37028c718e3f"}
{"index": {"_index":"pob","_id":"2007901"}}
	{"id":2007901,"type":"buy","buyer":"offgridlife","seller":"ganjafarmer","symbol":"POB","quantity":"0.10000000","price":"0.13999000","timestamp":1637062857,"volume":"0.01399900","buyTxId":"dd7bc358904d412580fc466d3238235c0380aa40","sellTxId":"ebd9b9108c67da6deb76157911ea37028c718e3f"}
{"index": {"_index":"pob","_id":"2007902"}}
	{"id":2007902,"type":"buy","buyer":"offgridlife","seller":"ganjafarmer","symbol":"POB","quantity":"0.10000000","price":"0.13999000","timestamp":1637062860,"volume":"0.01399900","buyTxId":"c70e377c015b73fc1de1619026fa57a182f3fe95","sellTxId":"ebd9b9108c67da6deb76157911ea37028c718e3f"}
{"index": {"_index":"pob","_id":"2007903"}}
	{"id":2007903,"type":"buy","buyer":"offgridlife","seller":"ganjafarmer","symbol":"POB","quantity":"0.10000000","price":"0.13999000","timestamp":1637062869,"volume":"0.01399900","buyTxId":"289843792055c73f9a7f2e8293d8c97a6c4c862c","sellTxId":"ebd9b9108c67da6deb76157911ea37028c718e3f"}
{"index": {"_index":"pob","_id":"2007904"}}
	{"id":2007904,"type":"buy","buyer":"offgridlife","seller":"ganjafarmer","symbol":"POB","quantity":"0.10000000","price":"0.13999000","timestamp":1637062872,"volume":"0.01399900","buyTxId":"daee14ed15fa638e21d1670f310a633eb7501361","sellTxId":"ebd9b9108c67da6deb76157911ea37028c718e3f"}
{"index": {"_index":"pob","_id":"2007906"}}
	{"id":2007906,"type":"buy","buyer":"offgridlife","seller":"ganjafarmer","symbol":"POB","quantity":"0.10000000","price":"0.13999000","timestamp":1637062875,"volume":"0.01399900","buyTxId":"1d45f1bbbe17e8488776997a7481bffea208b46a","sellTxId":"ebd9b9108c67da6deb76157911ea37028c718e3f"}
{"index": {"_index":"pob","_id":"2007908"}}
	{"id":2007908,"type":"buy","buyer":"offgridlife","seller":"ganjafarmer","symbol":"POB","quantity":"0.10000000","price":"0.13999000","timestamp":1637062878,"volume":"0.01399900","buyTxId":"a7967a92f8b5e8e72d1168c20c10e5a064abf7bf","sellTxId":"ebd9b9108c67da6deb76157911ea37028c718e3f"}
{"index": {"_index":"pob","_id":"2007910"}}
	{"id":2007910,"type":"buy","buyer":"offgridlife","seller":"ganjafarmer","symbol":"POB","quantity":"0.10000000","price":"0.13999000","timestamp":1637062881,"volume":"0.01399900","buyTxId":"465cd8138237787ab588ff95fadc260013e8462f","sellTxId":"ebd9b9108c67da6deb76157911ea37028c718e3f"}
{"index": {"_index":"pob","_id":"2007913"}}
	{"id":2007913,"type":"buy","buyer":"offgridlife","seller":"ganjafarmer","symbol":"POB","quantity":"0.10000000","price":"0.13999000","timestamp":1637062884,"volume":"0.01399900","buyTxId":"93b0d4d3f2d3f4abb68db2cacbc251062d548dda","sellTxId":"ebd9b9108c67da6deb76157911ea37028c718e3f"}
{"index": {"_index":"pob","_id":"2007914"}}
	{"id":2007914,"type":"buy","buyer":"offgridlife","seller":"ganjafarmer","symbol":"POB","quantity":"0.10000000","price":"0.13999000","timestamp":1637062887,"volume":"0.01399900","buyTxId":"f1dc0589be61edda1f41c4dab44656c2ff41123c","sellTxId":"ebd9b9108c67da6deb76157911ea37028c718e3f"}
{"index": {"_index":"pob","_id":"2007915"}}
	{"id":2007915,"type":"buy","buyer":"offgridlife","seller":"ganjafarmer","symbol":"POB","quantity":"0.10000000","price":"0.13999000","timestamp":1637062890,"volume":"0.01399900","buyTxId":"1a6cbce995a527220da0fa3f41ed73467b29f4aa","sellTxId":"ebd9b9108c67da6deb76157911ea37028c718e3f"}
{"index": {"_index":"pob","_id":"2007919"}}
	{"id":2007919,"type":"buy","buyer":"offgridlife","seller":"ganjafarmer","symbol":"POB","quantity":"0.10000000","price":"0.13999000","timestamp":1637062920,"volume":"0.01399900","buyTxId":"b0d1be98f65418afb3d95670e618baea58ac67b5","sellTxId":"ebd9b9108c67da6deb76157911ea37028c718e3f"}
{"index": {"_index":"pob","_id":"2007921"}}
	{"id":2007921,"type":"buy","buyer":"offgridlife","seller":"ganjafarmer","symbol":"POB","quantity":"0.10000000","price":"0.13999000","timestamp":1637062926,"volume":"0.01399900","buyTxId":"ebf383ec90bc09931bfc5653f4e38a57770c29ae","sellTxId":"ebd9b9108c67da6deb76157911ea37028c718e3f"}
{"index": {"_index":"pob","_id":"2007923"}}
	{"id":2007923,"type":"buy","buyer":"offgridlife","seller":"ganjafarmer","symbol":"POB","quantity":"0.10000000","price":"0.13999000","timestamp":1637062929,"volume":"0.01399900","buyTxId":"7da982ceb9f2d925296c4018c0c02dc78a366aad","sellTxId":"ebd9b9108c67da6deb76157911ea37028c718e3f"}
{"index": {"_index":"pob","_id":"2007924"}}
	{"id":2007924,"type":"buy","buyer":"offgridlife","seller":"ganjafarmer","symbol":"POB","quantity":"0.10000000","price":"0.13999000","timestamp":1637062932,"volume":"0.01399900","buyTxId":"0600fdb222121db039409ac2f73e7ef82a9cba00","sellTxId":"ebd9b9108c67da6deb76157911ea37028c718e3f"}
{"index": {"_index":"pob","_id":"2007925"}}
	{"id":2007925,"type":"buy","buyer":"offgridlife","seller":"ganjafarmer","symbol":"POB","quantity":"0.10000000","price":"0.13999000","timestamp":1637062935,"volume":"0.01399900","buyTxId":"7b0d0f1545d0fa262d8c27c25609b700188c6923","sellTxId":"ebd9b9108c67da6deb76157911ea37028c718e3f"}
{"index": {"_index":"pob","_id":"2007926"}}
	{"id":2007926,"type":"buy","buyer":"offgridlife","seller":"ganjafarmer","symbol":"POB","quantity":"0.10000000","price":"0.13999000","timestamp":1637062938,"volume":"0.01399900","buyTxId":"40e27d14cbbbcfa7cb41da06fc3fdfa964921ef3","sellTxId":"ebd9b9108c67da6deb76157911ea37028c718e3f"}
{"index": {"_index":"pob","_id":"2007927"}}
	{"id":2007927,"type":"buy","buyer":"offgridlife","seller":"ganjafarmer","symbol":"POB","quantity":"0.10000000","price":"0.13999000","timestamp":1637062941,"volume":"0.01399900","buyTxId":"a8ef6e1e1ef244aba720b89ec84badb05a231a08","sellTxId":"ebd9b9108c67da6deb76157911ea37028c718e3f"}
{"index": {"_index":"pob","_id":"2007928"}}
	{"id":2007928,"type":"buy","buyer":"offgridlife","seller":"ganjafarmer","symbol":"POB","quantity":"0.10000000","price":"0.13999000","timestamp":1637062944,"volume":"0.01399900","buyTxId":"4065f8ee2832fb28262404179902fd41e422ac55","sellTxId":"ebd9b9108c67da6deb76157911ea37028c718e3f"}
{"index": {"_index":"pob","_id":"2007929"}}
	{"id":2007929,"type":"buy","buyer":"offgridlife","seller":"ganjafarmer","symbol":"POB","quantity":"0.10000000","price":"0.13999000","timestamp":1637062947,"volume":"0.01399900","buyTxId":"22165910d1dbee189f6d6ad4b1abffed784cd5c2","sellTxId":"ebd9b9108c67da6deb76157911ea37028c718e3f"}
{"index": {"_index":"pob","_id":"2007931"}}
	{"id":2007931,"type":"buy","buyer":"offgridlife","seller":"ganjafarmer","symbol":"POB","quantity":"0.10000000","price":"0.13999000","timestamp":1637062950,"volume":"0.01399900","buyTxId":"baeb90a27877668193ddfda333b7dbc18bed6a1a","sellTxId":"ebd9b9108c67da6deb76157911ea37028c718e3f"}
{"index": {"_index":"pob","_id":"2007932"}}
	{"id":2007932,"type":"buy","buyer":"offgridlife","seller":"ganjafarmer","symbol":"POB","quantity":"0.10000000","price":"0.13999000","timestamp":1637062953,"volume":"0.01399900","buyTxId":"0967a7f0e2ae3aff9bcdb95669921c823da40fe7","sellTxId":"ebd9b9108c67da6deb76157911ea37028c718e3f"}
{"index": {"_index":"pob","_id":"2007934"}}
	{"id":2007934,"type":"buy","buyer":"offgridlife","seller":"ganjafarmer","symbol":"POB","quantity":"0.10000000","price":"0.13999000","timestamp":1637062956,"volume":"0.01399900","buyTxId":"4e5d0019d77e6908838cdd89cd863b6c929da79f","sellTxId":"ebd9b9108c67da6deb76157911ea37028c718e3f"}
{"index": {"_index":"pob","_id":"2007936"}}
	{"id":2007936,"type":"buy","buyer":"offgridlife","seller":"ganjafarmer","symbol":"POB","quantity":"0.10000000","price":"0.13999000","timestamp":1637062959,"volume":"0.01399900","buyTxId":"7c51babd5997d5a73a0637b5fa1403194c26e0b2","sellTxId":"ebd9b9108c67da6deb76157911ea37028c718e3f"}
{"index": {"_index":"pob","_id":"2007938"}}
	{"id":2007938,"type":"buy","buyer":"offgridlife","seller":"ganjafarmer","symbol":"POB","quantity":"0.10000000","price":"0.13999000","timestamp":1637062962,"volume":"0.01399900","buyTxId":"7377a8d62e42b0c8bd1eefaf0273c57af84db64f","sellTxId":"ebd9b9108c67da6deb76157911ea37028c718e3f"}
{"index": {"_index":"pob","_id":"2007939"}}
	{"id":2007939,"type":"buy","buyer":"offgridlife","seller":"ganjafarmer","symbol":"POB","quantity":"0.10000000","price":"0.13999000","timestamp":1637062965,"volume":"0.01399900","buyTxId":"326b08133d499b83d2f7624d468f9df19f871bb8","sellTxId":"ebd9b9108c67da6deb76157911ea37028c718e3f"}
{"index": {"_index":"pob","_id":"2007940"}}
	{"id":2007940,"type":"buy","buyer":"offgridlife","seller":"ganjafarmer","symbol":"POB","quantity":"0.10000000","price":"0.13999000","timestamp":1637062968,"volume":"0.01399900","buyTxId":"139f57e5d7a5c4fc2f7989691a465fadd02249cc","sellTxId":"ebd9b9108c67da6deb76157911ea37028c718e3f"}
{"index": {"_index":"pob","_id":"2007941"}}
	{"id":2007941,"type":"buy","buyer":"offgridlife","seller":"ganjafarmer","symbol":"POB","quantity":"0.10000000","price":"0.13999000","timestamp":1637062971,"volume":"0.01399900","buyTxId":"48812e44ca0c176665b9b690b2385635621fe5a2","sellTxId":"ebd9b9108c67da6deb76157911ea37028c718e3f"}
{"index": {"_index":"pob","_id":"2007942"}}
	{"id":2007942,"type":"buy","buyer":"offgridlife","seller":"ganjafarmer","symbol":"POB","quantity":"0.10000000","price":"0.13999000","timestamp":1637062977,"volume":"0.01399900","buyTxId":"f95313c994ea162b25f90ce401f006375eb48b0e","sellTxId":"ebd9b9108c67da6deb76157911ea37028c718e3f"}
{"index": {"_index":"pob","_id":"2007945"}}
	{"id":2007945,"type":"buy","buyer":"offgridlife","seller":"ganjafarmer","symbol":"POB","quantity":"0.06721715","price":"0.13999000","timestamp":1637062983,"volume":"0.00940973","buyTxId":"36690c7237760e0d037e3b7c386c9e90c6d0e957","sellTxId":"ebd9b9108c67da6deb76157911ea37028c718e3f"}
{"index": {"_index":"pob","_id":"2007946"}}
	{"id":2007946,"type":"buy","buyer":"offgridlife","seller":"jersteemit","symbol":"POB","quantity":"0.03278285","price":"0.14000000","timestamp":1637062983,"volume":"0.00458960","buyTxId":"36690c7237760e0d037e3b7c386c9e90c6d0e957","sellTxId":"62ce60ec924e139773ac35f7fb717e10db74fea4"}
{"index": {"_index":"pob","_id":"2007947"}}
	{"id":2007947,"type":"buy","buyer":"offgridlife","seller":"jersteemit","symbol":"POB","quantity":"0.10000000","price":"0.14000000","timestamp":1637062986,"volume":"0.01400000","buyTxId":"432985977647fbabbd4f90b21a214f75752dba79","sellTxId":"62ce60ec924e139773ac35f7fb717e10db74fea4"}
{"index": {"_index":"pob","_id":"2007949"}}
	{"id":2007949,"type":"buy","buyer":"offgridlife","seller":"jersteemit","symbol":"POB","quantity":"0.10000000","price":"0.14000000","timestamp":1637062989,"volume":"0.01400000","buyTxId":"a0e8471eb9721c39fb6fd4d0eb8a8f1942bd7d3c","sellTxId":"62ce60ec924e139773ac35f7fb717e10db74fea4"}
{"index": {"_index":"pob","_id":"2008311"}}
	{"id":2008311,"type":"sell","buyer":"richardcrill","seller":"iyiade","symbol":"POB","quantity":"50.00000000","price":"0.09532000","timestamp":1637064453,"volume":"4.76600000","buyTxId":"MM-P-12238131-59224433-3-10-0","sellTxId":"ba972b52170e18be9452ff28a6f56e503d23f33b"}
{"index": {"_index":"pob","_id":"2008448"}}
	{"id":2008448,"type":"sell","buyer":"richardcrill","seller":"alechi","symbol":"POB","quantity":"5.78682427","price":"0.09532000","timestamp":1637064702,"volume":"0.55160009","buyTxId":"MM-P-12238131-59224433-3-10-0","sellTxId":"ddf69126aaa3538f18329fac092e2c47e719a5cd"}
{"index": {"_index":"pob","_id":"2008513"}}
	{"id":2008513,"type":"sell","buyer":"richardcrill","seller":"trumpman","symbol":"POB","quantity":"33.55988118","price":"0.09532000","timestamp":1637064819,"volume":"3.19892787","buyTxId":"MM-P-12238131-59224433-3-10-0","sellTxId":"d43b44f2f501c90387f0283d6940a14ef68b45cf"}
{"index": {"_index":"pob","_id":"2008782"}}
	{"id":2008782,"type":"sell","buyer":"richardcrill","seller":"bitcoinflood","symbol":"POB","quantity":"7.68560795","price":"0.09543000","timestamp":1637065470,"volume":"0.73343757","buyTxId":"MM-P-12239127-59225430-3-10-0","sellTxId":"1c78f38b17aef7973d7e3d6be4aac8f510a75287"}
{"index": {"_index":"pob","_id":"2008975"}}
	{"id":2008975,"type":"sell","buyer":"richardcrill","seller":"incredibility","symbol":"POB","quantity":"21.00000000","price":"0.09543000","timestamp":1637066322,"volume":"2.00403000","buyTxId":"MM-P-12239127-59225430-3-10-0","sellTxId":"0cbb98a93801e146f3429630c933b21a5e2751c2"}
{"index": {"_index":"pob","_id":"2008992"}}
	{"id":2008992,"type":"sell","buyer":"richardcrill","seller":"knowledge23.pob","symbol":"POB","quantity":"31.35000000","price":"0.09543000","timestamp":1637066364,"volume":"2.99173050","buyTxId":"MM-P-12239127-59225430-3-10-0","sellTxId":"25fd350cc8889b9011e527a24f45fd0c15ad1ffe"}
{"index": {"_index":"pob","_id":"2009083"}}
	{"id":2009083,"type":"sell","buyer":"richardcrill","seller":"precious008","symbol":"POB","quantity":"47.67000000","price":"0.09543000","timestamp":1637066730,"volume":"4.54914810","buyTxId":"MM-P-12239127-59225430-3-10-0","sellTxId":"909edb966552320bd24b9772902d35ce09f8f104"}
{"index": {"_index":"pob","_id":"2009097"}}
	{"id":2009097,"type":"sell","buyer":"richardcrill","seller":"trostnandia.pob","symbol":"POB","quantity":"3.23657626","price":"0.09543000","timestamp":1637066760,"volume":"0.30886647","buyTxId":"MM-P-12239127-59225430-3-10-0","sellTxId":"4694dd3f99e708368906ba447ad58f0c8608e9b7"}
{"index": {"_index":"pob","_id":"2009193"}}
	{"id":2009193,"type":"sell","buyer":"richardcrill","seller":"dlmmqb","symbol":"POB","quantity":"7.60000000","price":"0.09543000","timestamp":1637067291,"volume":"0.72526800","buyTxId":"MM-P-12239127-59225430-3-10-0","sellTxId":"1a0fe89272194e9a7eed57e61593efe5b26d9e2c"}
{"index": {"_index":"pob","_id":"2009205"}}
	{"id":2009205,"type":"sell","buyer":"richardcrill","seller":"beeber","symbol":"POB","quantity":"2.86343521","price":"0.09543000","timestamp":1637067327,"volume":"0.27325762","buyTxId":"MM-P-12239127-59225430-3-10-0","sellTxId":"c302f1108da6c24c683130e49f88604bf4478839"}
{"index": {"_index":"pob","_id":"2009221"}}
	{"id":2009221,"type":"sell","buyer":"richardcrill","seller":"leonordomonol","symbol":"POB","quantity":"181.23146923","price":"0.09543000","timestamp":1637067414,"volume":"17.29491911","buyTxId":"MM-P-12239127-59225430-3-10-0","sellTxId":"60883f04329ebed8a866e1babb12b7b8b6ea21c4"}
{"index": {"_index":"pob","_id":"2009222"}}
	{"id":2009222,"type":"sell","buyer":"anadolu","seller":"leonordomonol","symbol":"POB","quantity":"2.59952711","price":"0.09541000","timestamp":1637067414,"volume":"0.24802088","buyTxId":"MM-P-12239828-59226131-3-0-0","sellTxId":"60883f04329ebed8a866e1babb12b7b8b6ea21c4"}
{"index": {"_index":"pob","_id":"2009230"}}
	{"id":2009230,"type":"sell","buyer":"anadolu","seller":"arlettemsalase","symbol":"POB","quantity":"0.43306322","price":"0.09541000","timestamp":1637067450,"volume":"0.04131856","buyTxId":"MM-P-12239828-59226131-3-0-0","sellTxId":"4fd15b62b6ca56e6c1220104261ba2649a9d0761"}
{"index": {"_index":"pob","_id":"2009283"}}
	{"id":2009283,"type":"sell","buyer":"eirik","seller":"samarek69","symbol":"POB","quantity":"0.01683693","price":"0.09500000","timestamp":1637067690,"volume":"0.00159951","buyTxId":"827256dc4a9227bacfb41226ef76397ba7bf84bf","sellTxId":"5e597c828a6c93380e71dac3f8fa192b5e8adfef"}
{"index": {"_index":"pob","_id":"2009390"}}
	{"id":2009390,"type":"sell","buyer":"eirik","seller":"dswap","symbol":"POB","quantity":"2.77945652","price":"0.09500000","timestamp":1637068341,"volume":"0.26404837","buyTxId":"827256dc4a9227bacfb41226ef76397ba7bf84bf","sellTxId":"2a7881066152b65e06bfc5ff5bc09ff274525fc2"}
{"index": {"_index":"pob","_id":"2009482"}}
	{"id":2009482,"type":"sell","buyer":"steem-holder","seller":"silviabeneforti","symbol":"POB","quantity":"10.00000000","price":"0.09600000","timestamp":1637068830,"volume":"0.96000000","buyTxId":"5e93f4feb7f23aa29b8ffa5e647dddf1501b6bbe","sellTxId":"d039742a174580f88fc98fd70cd114e386e66ec8"}
{"index": {"_index":"pob","_id":"2009501"}}
	{"id":2009501,"type":"buy","buyer":"steem-holder","seller":"silviabeneforti","symbol":"POB","quantity":"9.00000000","price":"0.09600000","timestamp":1637068962,"volume":"0.86400000","buyTxId":"50aeff95a52649b635929dd38330dd5c5eabc0fe","sellTxId":"d039742a174580f88fc98fd70cd114e386e66ec8"}
{"index": {"_index":"pob","_id":"2009509"}}
	{"id":2009509,"type":"buy","buyer":"trippymane","seller":"jersteemit","symbol":"POB","quantity":"16.81465380","price":"0.14000000","timestamp":1637068998,"volume":"2.35405153","buyTxId":"8e69e112315bfa4c9bff3a2fd056933dd0b3b83b","sellTxId":"62ce60ec924e139773ac35f7fb717e10db74fea4"}
{"index": {"_index":"pob","_id":"2009612"}}
	{"id":2009612,"type":"sell","buyer":"eirik","seller":"tejimundo","symbol":"POB","quantity":"0.33341981","price":"0.09500000","timestamp":1637069526,"volume":"0.03167488","buyTxId":"827256dc4a9227bacfb41226ef76397ba7bf84bf","sellTxId":"d37505aaf40b60b1f95ee24b228a2a135b6ff5b3"}
{"index": {"_index":"pob","_id":"2009636"}}
	{"id":2009636,"type":"sell","buyer":"eirik","seller":"myanmarkoko","symbol":"POB","quantity":"14.64593074","price":"0.09500000","timestamp":1637069634,"volume":"1.39136342","buyTxId":"827256dc4a9227bacfb41226ef76397ba7bf84bf","sellTxId":"d3bdd8d04434916f72234b0004e02a9eb2f0a40d"}
{"index": {"_index":"pob","_id":"2009637"}}
	{"id":2009637,"type":"sell","buyer":"anadolu","seller":"myanmarkoko","symbol":"POB","quantity":"5.35406926","price":"0.09481000","timestamp":1637069634,"volume":"0.50761931","buyTxId":"MM-P-12240526-59226829-3-0-0","sellTxId":"d3bdd8d04434916f72234b0004e02a9eb2f0a40d"}
{"index": {"_index":"pob","_id":"2009757"}}
	{"id":2009757,"type":"sell","buyer":"anadolu","seller":"princessbusayo","symbol":"POB","quantity":"67","price":"0.09481000","timestamp":1637070330,"volume":"6.35227000","buyTxId":"MM-P-12240526-59226829-3-0-0","sellTxId":"e793067f1f69ed3a1228f07cd62bf00cd862c13f"}
{"index": {"_index":"pob","_id":"2009787"}}
	{"id":2009787,"type":"sell","buyer":"anadolu","seller":"loboblanco","symbol":"POB","quantity":"2.10022293","price":"0.09481000","timestamp":1637070474,"volume":"0.19912214","buyTxId":"MM-P-12240526-59226829-3-0-0","sellTxId":"5253b6941768d9a60836c0a9263bc5a5a206301f"}
{"index": {"_index":"pob","_id":"2009963"}}
	{"id":2009963,"type":"sell","buyer":"he-index","seller":"offgridlife","symbol":"POB","quantity":"1.66600000","price":"0.09481000","timestamp":1637071116,"volume":"0.15795346","buyTxId":"260df8b9b8e90fd072c9bd62f6450893b779a807","sellTxId":"c8ada25d4c42c5b506226d654d30af4b535a118a"}
{"index": {"_index":"pob","_id":"2009964"}}
	{"id":2009964,"type":"sell","buyer":"edipascal","seller":"offgridlife","symbol":"POB","quantity":"8.33400000","price":"0.09480000","timestamp":1637071116,"volume":"0.79006320","buyTxId":"bbea820e3787b00bf7fbd1ea4caf09fabcc3eb98","sellTxId":"c8ada25d4c42c5b506226d654d30af4b535a118a"}
{"index": {"_index":"pob","_id":"2009969"}}
	{"id":2009969,"type":"sell","buyer":"edipascal","seller":"justinparke","symbol":"POB","quantity":"9.1550932","price":"0.09480000","timestamp":1637071158,"volume":"0.86790284","buyTxId":"bbea820e3787b00bf7fbd1ea4caf09fabcc3eb98","sellTxId":"a77de7337e913edf0143b2830f86d1ab0f1a0341"}
{"index": {"_index":"pob","_id":"2010125"}}
	{"id":2010125,"type":"sell","buyer":"edipascal","seller":"candy49","symbol":"POB","quantity":"1.33646820","price":"0.09480000","timestamp":1637072133,"volume":"0.12669719","buyTxId":"bbea820e3787b00bf7fbd1ea4caf09fabcc3eb98","sellTxId":"e4e04fe644562c12c5d9b45cc4961d3bcf6d7242"}
{"index": {"_index":"pob","_id":"2010260"}}
	{"id":2010260,"type":"sell","buyer":"edipascal","seller":"marketroll","symbol":"POB","quantity":"671.17443860","price":"0.09480000","timestamp":1637072886,"volume":"63.62733677","buyTxId":"bbea820e3787b00bf7fbd1ea4caf09fabcc3eb98","sellTxId":"f3f2a782ef0ab1d0d2baf92b9d4e41410364939c"}
{"index": {"_index":"pob","_id":"2010261"}}
	{"id":2010261,"type":"sell","buyer":"anadolu","seller":"marketroll","symbol":"POB","quantity":"106.30380501","price":"0.09407001","timestamp":1637072886,"volume":"10.00000000","buyTxId":"MM-P-12241622-59227927-3-0-0","sellTxId":"f3f2a782ef0ab1d0d2baf92b9d4e41410364939c"}
{"index": {"_index":"pob","_id":"2010262"}}
	{"id":2010262,"type":"sell","buyer":"gimme-your-coinz","seller":"marketroll","symbol":"POB","quantity":"106.99913621","price":"0.09401001","timestamp":1637072886,"volume":"10.05898987","buyTxId":"b4e09c24c919b87e2bfd1624af567655a3cb48ad","sellTxId":"f3f2a782ef0ab1d0d2baf92b9d4e41410364939c"}
{"index": {"_index":"pob","_id":"2010271"}}
	{"id":2010271,"type":"sell","buyer":"gimme-your-coinz","seller":"marketroll","symbol":"POB","quantity":"519.50013297","price":"0.09401001","timestamp":1637072970,"volume":"48.83821269","buyTxId":"b4e09c24c919b87e2bfd1624af567655a3cb48ad","sellTxId":"d942d3632da936199884039aae2b170fe4a4bd71"}
{"index": {"_index":"pob","_id":"2010272"}}
	{"id":2010272,"type":"sell","buyer":"gimme-your-coinz","seller":"marketroll","symbol":"POB","quantity":"666.00000000","price":"0.09401001","timestamp":1637072970,"volume":"62.61066666","buyTxId":"ef31813438908b03aada80a6bfded8375253bac5","sellTxId":"d942d3632da936199884039aae2b170fe4a4bd71"}
{"index": {"_index":"pob","_id":"2010273"}}
	{"id":2010273,"type":"sell","buyer":"coininstant","seller":"marketroll","symbol":"POB","quantity":"1.45935110","price":"0.09401000","timestamp":1637072970,"volume":"0.13719360","buyTxId":"fc70dbb3a81f2a217dc559ae090b5aa7d766a505","sellTxId":"d942d3632da936199884039aae2b170fe4a4bd71"}
{"index": {"_index":"pob","_id":"2010274"}}
	{"id":2010274,"type":"sell","buyer":"anadolu","seller":"marketroll","symbol":"POB","quantity":"111.09876680","price":"0.09001000","timestamp":1637072970,"volume":"10.00000000","buyTxId":"MM-P-12241722-59228027-3-0-0","sellTxId":"d942d3632da936199884039aae2b170fe4a4bd71"}
{"index": {"_index":"pob","_id":"2010275"}}
	{"id":2010275,"type":"sell","buyer":"holovision","seller":"marketroll","symbol":"POB","quantity":"20.00000000","price":"0.09000000","timestamp":1637072970,"volume":"1.80000000","buyTxId":"03de8116f694348dd842f4cc322282b76c74d1b7","sellTxId":"d942d3632da936199884039aae2b170fe4a4bd71"}
{"index": {"_index":"pob","_id":"2010276"}}
	{"id":2010276,"type":"sell","buyer":"holovision","seller":"marketroll","symbol":"POB","quantity":"46.94174913","price":"0.08950000","timestamp":1637072970,"volume":"4.20128655","buyTxId":"b12e8354446b8f8e658d12a246156c2fba510729","sellTxId":"d942d3632da936199884039aae2b170fe4a4bd71"}
{"index": {"_index":"pob","_id":"2010278"}}
	{"id":2010278,"type":"sell","buyer":"holovision","seller":"marketroll","symbol":"POB","quantity":"3.05825087","price":"0.08950000","timestamp":1637073003,"volume":"0.27371345","buyTxId":"b12e8354446b8f8e658d12a246156c2fba510729","sellTxId":"f1bceac9e993e003b5c34a04bca53b4590baf4c5"}
{"index": {"_index":"pob","_id":"2010279"}}
	{"id":2010279,"type":"sell","buyer":"holovision","seller":"marketroll","symbol":"POB","quantity":"20.00000000","price":"0.08900000","timestamp":1637073003,"volume":"1.78000000","buyTxId":"a9d66726bf078baca5c0e572833888954e5c013c","sellTxId":"f1bceac9e993e003b5c34a04bca53b4590baf4c5"}
{"index": {"_index":"pob","_id":"2010280"}}
	{"id":2010280,"type":"sell","buyer":"coininstant","seller":"marketroll","symbol":"POB","quantity":"26.56000000","price":"0.08801000","timestamp":1637073003,"volume":"2.33754560","buyTxId":"35e28319e713092032b0789a21084e70f6862a46","sellTxId":"f1bceac9e993e003b5c34a04bca53b4590baf4c5"}
{"index": {"_index":"pob","_id":"2010281"}}
	{"id":2010281,"type":"sell","buyer":"holovision","seller":"marketroll","symbol":"POB","quantity":"10.00000000","price":"0.08800000","timestamp":1637073003,"volume":"0.88000000","buyTxId":"45011f765f383aeb577054535a80fd642e9d47e4","sellTxId":"f1bceac9e993e003b5c34a04bca53b4590baf4c5"}
{"index": {"_index":"pob","_id":"2010282"}}
	{"id":2010282,"type":"sell","buyer":"holovision","seller":"marketroll","symbol":"POB","quantity":"10.00000000","price":"0.08750000","timestamp":1637073003,"volume":"0.87500000","buyTxId":"395b2bc1e6491b622a74c03b978ba43a0ad21259","sellTxId":"f1bceac9e993e003b5c34a04bca53b4590baf4c5"}
{"index": {"_index":"pob","_id":"2010283"}}
	{"id":2010283,"type":"sell","buyer":"holovision","seller":"marketroll","symbol":"POB","quantity":"10.00000000","price":"0.08700000","timestamp":1637073003,"volume":"0.87000000","buyTxId":"3512be4712cfdbf18dd1d8c308f3f525b3e63688","sellTxId":"f1bceac9e993e003b5c34a04bca53b4590baf4c5"}
{"index": {"_index":"pob","_id":"2010284"}}
	{"id":2010284,"type":"sell","buyer":"holovision","seller":"marketroll","symbol":"POB","quantity":"10.00000000","price":"0.08650000","timestamp":1637073003,"volume":"0.86500000","buyTxId":"25b9d2b489f4abc9ee1f654f564a2bdcfe440820","sellTxId":"f1bceac9e993e003b5c34a04bca53b4590baf4c5"}
{"index": {"_index":"pob","_id":"2010285"}}
	{"id":2010285,"type":"sell","buyer":"holovision","seller":"marketroll","symbol":"POB","quantity":"10.00000000","price":"0.08600000","timestamp":1637073003,"volume":"0.86000000","buyTxId":"1dc3ed95653f84567ef09446bfc7d04bdb3622b1","sellTxId":"f1bceac9e993e003b5c34a04bca53b4590baf4c5"}
{"index": {"_index":"pob","_id":"2010286"}}
	{"id":2010286,"type":"sell","buyer":"holovision","seller":"marketroll","symbol":"POB","quantity":"10.00000000","price":"0.08500000","timestamp":1637073003,"volume":"0.85000000","buyTxId":"69b23549c3d7b43e235699a682d48f6bc5b09761","sellTxId":"f1bceac9e993e003b5c34a04bca53b4590baf4c5"}
{"index": {"_index":"pob","_id":"2010287"}}
	{"id":2010287,"type":"sell","buyer":"wine-cellar","seller":"marketroll","symbol":"POB","quantity":"1.38174913","price":"0.08332500","timestamp":1637073003,"volume":"0.11513425","buyTxId":"cf7b17d84372de6ec2f6ff26287ff630eadd80a3","sellTxId":"f1bceac9e993e003b5c34a04bca53b4590baf4c5"}
{"index": {"_index":"pob","_id":"2010383"}}
	{"id":2010383,"type":"sell","buyer":"steem-holder","seller":"saulos","symbol":"POB","quantity":"5.00000000","price":"0.08334000","timestamp":1637073765,"volume":"0.41670000","buyTxId":"58667fbeae25aaae2cfcd1ad58b8861bc08900c4","sellTxId":"6cc3fac84c8de72f6eeb7abf84e4d11a354f061c"}
{"index": {"_index":"pob","_id":"2010492"}}
	{"id":2010492,"type":"buy","buyer":"barski","seller":"saulos","symbol":"POB","quantity":"0.51771945","price":"0.08334000","timestamp":1637074317,"volume":"0.04314674","buyTxId":"a0a9edf1158854da0911e979763c7c2ab6ed4d97","sellTxId":"6cc3fac84c8de72f6eeb7abf84e4d11a354f061c"}
{"index": {"_index":"pob","_id":"2010506"}}
	{"id":2010506,"type":"buy","buyer":"barski","seller":"darth-azrael","symbol":"POB","quantity":"0.42708879","price":"0.08334000","timestamp":1637074341,"volume":"0.03559358","buyTxId":"2089cf4aa0016db4a74f336d64f6892dc7484301","sellTxId":"83af85c2e82519a80910e06eb471d4024a7d7df0"}
{"index": {"_index":"pob","_id":"2010658"}}
	{"id":2010658,"type":"buy","buyer":"steem-holder","seller":"darth-azrael","symbol":"POB","quantity":"0.57291121","price":"0.08334000","timestamp":1637075595,"volume":"0.04774642","buyTxId":"683a0326e6004e53d7f08c07a4146650a6c61c83","sellTxId":"83af85c2e82519a80910e06eb471d4024a7d7df0"}
{"index": {"_index":"pob","_id":"2011411"}}
	{"id":2011411,"type":"sell","buyer":"anadolu","seller":"shebe","symbol":"POB","quantity":"1.56073502","price":"0.08336000","timestamp":1637080515,"volume":"0.13010287","buyTxId":"MM-P-12244109-59230419-3-0-0","sellTxId":"874be526c179bf1442e2d8f1cf88809d702325c9"}
{"index": {"_index":"pob","_id":"2011458"}}
	{"id":2011458,"type":"sell","buyer":"anadolu","seller":"rebet","symbol":"POB","quantity":"0.74160226","price":"0.08336000","timestamp":1637080830,"volume":"0.06181996","buyTxId":"MM-P-12244109-59230419-3-0-0","sellTxId":"4b200799e911ce4d8b6dd5d5c1f49af146fcc9de"}
{"index": {"_index":"pob","_id":"2011519"}}
	{"id":2011519,"type":"sell","buyer":"anadolu","seller":"elricmoonslayer","symbol":"POB","quantity":"35.95551213","price":"0.08336000","timestamp":1637081157,"volume":"2.99725149","buyTxId":"MM-P-12244109-59230419-3-0-0","sellTxId":"f478fe1a4254dada53d8c1efa70d4f4a41afae98"}
{"index": {"_index":"pob","_id":"2011667"}}
	{"id":2011667,"type":"sell","buyer":"steem-holder","seller":"interpretation","symbol":"POB","quantity":"10.00000000","price":"0.08400000","timestamp":1637081904,"volume":"0.84000000","buyTxId":"da19a81989735becb030d6bdd26d4d38f52ae208","sellTxId":"3ea6fdb7ce414af6c0f2910151d195429913aea4"}
{"index": {"_index":"pob","_id":"2011668"}}
	{"id":2011668,"type":"sell","buyer":"anadolu","seller":"interpretation","symbol":"POB","quantity":"10.00000000","price":"0.08338000","timestamp":1637081904,"volume":"0.83380000","buyTxId":"MM-P-12244607-59230917-3-0-0","sellTxId":"3ea6fdb7ce414af6c0f2910151d195429913aea4"}
{"index": {"_index":"pob","_id":"2011792"}}
	{"id":2011792,"type":"sell","buyer":"steem-holder","seller":"delrosario","symbol":"POB","quantity":"0.76488485","price":"0.08335000","timestamp":1637082417,"volume":"0.06375315","buyTxId":"ddabbad4b5795f012b3f9085faf61efcb8175f6e","sellTxId":"539ffa7572138a4282af9c4da7446fe9aeb7f262"}
{"index": {"_index":"pob","_id":"2011834"}}
	{"id":2011834,"type":"sell","buyer":"steem-holder","seller":"hibachibeast","symbol":"POB","quantity":"0.58242939","price":"0.08335000","timestamp":1637082690,"volume":"0.04854549","buyTxId":"ddabbad4b5795f012b3f9085faf61efcb8175f6e","sellTxId":"8235127c60bcc8377ca650f05f802ca1b4553fb7"}
{"index": {"_index":"pob","_id":"2011967"}}
	{"id":2011967,"type":"sell","buyer":"anadolu","seller":"lett","symbol":"POB","quantity":"1.29400235","price":"0.08336000","timestamp":1637083173,"volume":"0.10786804","buyTxId":"MM-P-12245006-59231316-3-0-0","sellTxId":"66e8c2670526b5f9021860f01b05bb656daf809f"}
{"index": {"_index":"pob","_id":"2012061"}}
	{"id":2012061,"type":"sell","buyer":"anadolu","seller":"belico","symbol":"POB","quantity":"1.44427324","price":"0.08336000","timestamp":1637083671,"volume":"0.12039462","buyTxId":"MM-P-12245006-59231316-3-0-0","sellTxId":"65195535c0f0e7c9ba33e20a06eb78b2d1497bf4"}
{"index": {"_index":"pob","_id":"2012236"}}
	{"id":2012236,"type":"sell","buyer":"richardcrill","seller":"blaze8","symbol":"POB","quantity":"1.05684141","price":"0.08346000","timestamp":1637084643,"volume":"0.08820398","buyTxId":"MM-P-12245499-59231809-3-10-0","sellTxId":"fc1fd586e471bcd04ecc4252f22a4f1d391724d4"}
{"index": {"_index":"pob","_id":"2012240"}}
	{"id":2012240,"type":"buy","buyer":"trostnandia.pob","seller":"maoyagi","symbol":"POB","quantity":"0.30886647","price":"0.13000000","timestamp":1637084670,"volume":"0.04015264","buyTxId":"e9c4b670a04964dccba48d357a5b1ed68050216f","sellTxId":"dc6b365e8fcafcbca2cbab1a49566bc040318117"}
{"index": {"_index":"pob","_id":"2012360"}}
	{"id":2012360,"type":"buy","buyer":"trostnandia.pob","seller":"maoyagi","symbol":"POB","quantity":"0.26871383","price":"0.13000000","timestamp":1637085000,"volume":"0.03493280","buyTxId":"20727208f6697036b6d8c622e1718be751bb2269","sellTxId":"dc6b365e8fcafcbca2cbab1a49566bc040318117"}
{"index": {"_index":"pob","_id":"2012378"}}
	{"id":2012378,"type":"sell","buyer":"richardcrill","seller":"marinast","symbol":"POB","quantity":"3.33730900","price":"0.08346000","timestamp":1637085081,"volume":"0.27853181","buyTxId":"MM-P-12245499-59231809-3-10-0","sellTxId":"e63985d3ab3dd7bce73a6c379e883d9576223620"}
{"index": {"_index":"pob","_id":"2012455"}}
	{"id":2012455,"type":"buy","buyer":"trostnandia.pob","seller":"guurry123","symbol":"POB","quantity":"1.20000000","price":"0.12900000","timestamp":1637085411,"volume":"0.15480000","buyTxId":"bc1b1ab96dc420d515b09df855f8d05f7898bdaa","sellTxId":"5e38dae2b454f769c5ac9068a546ae01d4278c2b"}
{"index": {"_index":"pob","_id":"2012464"}}
	{"id":2012464,"type":"buy","buyer":"senseiphil","seller":"guurry123","symbol":"POB","quantity":"359.18915361","price":"0.12900000","timestamp":1637085435,"volume":"46.33540082","buyTxId":"021d7e5ee496884e752870cf1ecc682751c62965","sellTxId":"5e38dae2b454f769c5ac9068a546ae01d4278c2b"}
{"index": {"_index":"pob","_id":"2012481"}}
	{"id":2012481,"type":"buy","buyer":"trostnandia.pob","seller":"anadolu","symbol":"POB","quantity":"0.40000000","price":"0.12999000","timestamp":1637085510,"volume":"0.05199600","buyTxId":"bbe3b59276ef0c781822a065d0e78f61a21d2933","sellTxId":"MM-P-12245804-59232114-3-0-1"}
{"index": {"_index":"pob","_id":"2012497"}}
	{"id":2012497,"type":"sell","buyer":"richardcrill","seller":"efisher","symbol":"POB","quantity":"0.09848305","price":"0.08346000","timestamp":1637085546,"volume":"0.00821940","buyTxId":"MM-P-12245499-59231809-3-10-0","sellTxId":"bde7d8e43d761e8a44d03feab35f255c125f0641"}
{"index": {"_index":"pob","_id":"2012500"}}
	{"id":2012500,"type":"buy","buyer":"senseiphil","seller":"anadolu","symbol":"POB","quantity":"84.60000000","price":"0.12999000","timestamp":1637085561,"volume":"10.99715400","buyTxId":"82a4af65f795084735d0ded82c3b51b2f00ba6a1","sellTxId":"MM-P-12245804-59232114-3-0-1"}
{"index": {"_index":"pob","_id":"2012509"}}
	{"id":2012509,"type":"sell","buyer":"senseiphil","seller":"trostnandia.pob","symbol":"POB","quantity":"2.17758030","price":"0.12999000","timestamp":1637085585,"volume":"0.28306366","buyTxId":"82a4af65f795084735d0ded82c3b51b2f00ba6a1","sellTxId":"7580f541f44f1244322137cb05c4bfe5df16a1cb"}
{"index": {"_index":"pob","_id":"2012521"}}
	{"id":2012521,"type":"buy","buyer":"senseiphil","seller":"maoyagi","symbol":"POB","quantity":"8.02241970","price":"0.13000000","timestamp":1637085645,"volume":"1.04291456","buyTxId":"b22c8f42375ba44b98875f94b21c8d9835271464","sellTxId":"dc6b365e8fcafcbca2cbab1a49566bc040318117"}
{"index": {"_index":"pob","_id":"2012532"}}
	{"id":2012532,"type":"buy","buyer":"trostnandia.pob","seller":"marketroll","symbol":"POB","quantity":"1.65000000","price":"0.13999000","timestamp":1637085726,"volume":"0.23098350","buyTxId":"ee37941cb0715c16d2d29799d630a12a44a57dbf","sellTxId":"de55521bd1b79c87e167bc744e0c8d742eb3652f"}
{"index": {"_index":"pob","_id":"2012562"}}
	{"id":2012562,"type":"sell","buyer":"richardcrill","seller":"smendel","symbol":"POB","quantity":"2.27426393","price":"0.08346000","timestamp":1637085909,"volume":"0.18981007","buyTxId":"MM-P-12245499-59231809-3-10-0","sellTxId":"58ec0004c3c7eb153c24dcfd732c588b8d2196b2"}
{"index": {"_index":"pob","_id":"2012621"}}
	{"id":2012621,"type":"sell","buyer":"richardcrill","seller":"diana8","symbol":"POB","quantity":"0.99828955","price":"0.08346000","timestamp":1637086407,"volume":"0.08331725","buyTxId":"MM-P-12245499-59231809-3-10-0","sellTxId":"f17bb3194e9c3cd928a953da6da7f0ba33f740d9"}
{"index": {"_index":"pob","_id":"2012640"}}
	{"id":2012640,"type":"buy","buyer":"anadolu","seller":"clixy","symbol":"POB","quantity":"12.73800600","price":"0.10000000","timestamp":1637086494,"volume":"1.27380060","buyTxId":"46286bf8087c7ec7a4f0a3e971d1810a32a6af27","sellTxId":"7a34a89508ebddd1b73111b8eb20fb7415f24d20"}
{"index": {"_index":"pob","_id":"2012879"}}
	{"id":2012879,"type":"sell","buyer":"anadolu","seller":"mightyrocklee","symbol":"POB","quantity":"0.52540347","price":"0.08401001","timestamp":1637088027,"volume":"0.04413915","buyTxId":"MM-P-12246697-59233009-3-0-0","sellTxId":"6c59ecf4b9f6418f71ce8059c512c66049c20f28"}
{"index": {"_index":"pob","_id":"2012898"}}
	{"id":2012898,"type":"sell","buyer":"anadolu","seller":"victoriabsb","symbol":"POB","quantity":"1.21513525","price":"0.08401001","timestamp":1637088162,"volume":"0.10208352","buyTxId":"MM-P-12246697-59233009-3-0-0","sellTxId":"59cfa8feaee5b1e7c00ebbfde7136ba6b8ab5d04"}
{"index": {"_index":"pob","_id":"2012977"}}
	{"id":2012977,"type":"sell","buyer":"richardcrill","seller":"corporateay","symbol":"POB","quantity":"80.34029123","price":"0.08411001","timestamp":1637088702,"volume":"6.75742270","buyTxId":"MM-P-12246790-59233102-3-10-0","sellTxId":"de4640709253c19af317ea9b64efabdd0c32122c"}
{"index": {"_index":"pob","_id":"2013080"}}
	{"id":2013080,"type":"sell","buyer":"richardcrill","seller":"offgridlife","symbol":"POB","quantity":"10.00000000","price":"0.08411001","timestamp":1637089152,"volume":"0.84110010","buyTxId":"MM-P-12246790-59233102-3-10-0","sellTxId":"a4dff2f0262ce0ae831ebfd9d5818e83baf1d995"}
{"index": {"_index":"pob","_id":"2013313"}}
	{"id":2013313,"type":"sell","buyer":"richardcrill","seller":"flipflopcrypto","symbol":"POB","quantity":"10.95509014","price":"0.08411001","timestamp":1637090733,"volume":"0.92143274","buyTxId":"MM-P-12246790-59233102-3-10-0","sellTxId":"e0f443eb72bca36ca1fab5de567ea2d4cf0bec3f"}
{"index": {"_index":"pob","_id":"2013506"}}
	{"id":2013506,"type":"sell","buyer":"gimme-your-coinz","seller":"xmauron3","symbol":"POB","quantity":"1.18913357","price":"0.08443007","timestamp":1637091582,"volume":"0.10039863","buyTxId":"de4c951e6402599a043c541639ba968a677a9cf8","sellTxId":"6fdc2bfb8c17b5f83a3d49e9457816ffa24277b8"}
{"index": {"_index":"pob","_id":"2013611"}}
	{"id":2013611,"type":"sell","buyer":"gimme-your-coinz","seller":"ermola","symbol":"POB","quantity":"14.05486414","price":"0.08463009","timestamp":1637092251,"volume":"1.18946442","buyTxId":"28e51a356e0a50da208605c85836ed05bf9e73b3","sellTxId":"d79888564f4c0358ad2025db39da83d8b27e5a79"}
{"index": {"_index":"pob","_id":"2013623"}}
	{"id":2013623,"type":"sell","buyer":"gimme-your-coinz","seller":"mondoshawan","symbol":"POB","quantity":"0.69733872","price":"0.08463009","timestamp":1637092329,"volume":"0.05901584","buyTxId":"28e51a356e0a50da208605c85836ed05bf9e73b3","sellTxId":"1401513ebe981ff73692f9376c8bc8274eccd041"}
{"index": {"_index":"pob","_id":"2013684"}}
	{"id":2013684,"type":"sell","buyer":"gimme-your-coinz","seller":"offgridlife","symbol":"POB","quantity":"15.00000000","price":"0.08473010","timestamp":1637092584,"volume":"1.27095150","buyTxId":"031779cd62ec10fca33ae8f42e803a719e78f181","sellTxId":"a3b2a26a180573167f3d98d96836c902398866e3"}
{"index": {"_index":"pob","_id":"2013719"}}
	{"id":2013719,"type":"sell","buyer":"gimme-your-coinz","seller":"chireerocks","symbol":"POB","quantity":"3.69894670","price":"0.08473010","timestamp":1637092710,"volume":"0.31341212","buyTxId":"031779cd62ec10fca33ae8f42e803a719e78f181","sellTxId":"d840395fd313f9550744753596b49d67f7b03214"}
{"index": {"_index":"pob","_id":"2014030"}}
	{"id":2014030,"type":"buy","buyer":"gimme-your-coinz","seller":"forexbrokr","symbol":"POB","quantity":"2.04556158","price":"0.10000000","timestamp":1637094429,"volume":"0.20455616","buyTxId":"29dac66b8d244af854f155f7ea22730f8530a0ff","sellTxId":"d33c1d052b7e89d98a4bcc4fe1f8674fd4678999"}
{"index": {"_index":"pob","_id":"2014104"}}
	{"id":2014104,"type":"sell","buyer":"marketroll","seller":"beemd","symbol":"POB","quantity":"1.00000000","price":"0.13990000","timestamp":1637094840,"volume":"0.13990000","buyTxId":"baf17350ba1d9cd40afc7ece285d2e8689788d60","sellTxId":"e9597d32e5ab5131a0f803bc79a1f0c9a6b48bdc"}
{"index": {"_index":"pob","_id":"2014116"}}
	{"id":2014116,"type":"sell","buyer":"gimme-your-coinz","seller":"abh12345","symbol":"POB","quantity":"21.55288938","price":"0.10000001","timestamp":1637094969,"volume":"2.15528915","buyTxId":"ba9f901ff768ed4dc2583b1480de63ab069efce1","sellTxId":"d577739421c2792a4a7fd952c4cc058fbfdd4f42"}
{"index": {"_index":"pob","_id":"2014174"}}
	{"id":2014174,"type":"buy","buyer":"yayogerardo","seller":"take-my-coinz","symbol":"POB","quantity":"0.02159999","price":"0.12999998","timestamp":1637095215,"volume":"0.00280800","buyTxId":"5b06c3a96f0c805adb188e99ee4e03a09aa63e5d","sellTxId":"d7b7b1194d90cbf7528a8b7199013c7e5699d531"}
{"index": {"_index":"pob","_id":"2014205"}}
	{"id":2014205,"type":"buy","buyer":"yayogerardo","seller":"take-my-coinz","symbol":"POB","quantity":"0.00169161","price":"0.12999998","timestamp":1637095371,"volume":"0.00021991","buyTxId":"2b163da32caddac30f509f9ac0f9056aba5121f4","sellTxId":"d7b7b1194d90cbf7528a8b7199013c7e5699d531"}
{"index": {"_index":"pob","_id":"2014222"}}
	{"id":2014222,"type":"sell","buyer":"gimme-your-coinz","seller":"acesontop","symbol":"POB","quantity":"9.82926789","price":"0.10000001","timestamp":1637095527,"volume":"0.98292689","buyTxId":"ba9f901ff768ed4dc2583b1480de63ab069efce1","sellTxId":"cb8031c7309fe6144b8f104634682f134cd1c632"}
{"index": {"_index":"pob","_id":"2014239"}}
	{"id":2014239,"type":"sell","buyer":"gimme-your-coinz","seller":"yayogerardo","symbol":"POB","quantity":"1.91353466","price":"0.10000001","timestamp":1637095680,"volume":"0.19135349","buyTxId":"ba9f901ff768ed4dc2583b1480de63ab069efce1","sellTxId":"0ec3fa1bb24e5310e6d3229742ab4a3d821f3365"}
{"index": {"_index":"pob","_id":"2014288"}}
	{"id":2014288,"type":"sell","buyer":"marketroll","seller":"not-here","symbol":"POB","quantity":"0.29944222","price":"0.10000000","timestamp":1637095980,"volume":"0.02994422","buyTxId":"1ca836cd2098aaa1205214325e85e29e8d2b880c","sellTxId":"7430c19400340e35a805d8f961d8df1f51e312bd"}
{"index": {"_index":"pob","_id":"2014302"}}
	{"id":2014302,"type":"sell","buyer":"marketroll","seller":"deathwing","symbol":"POB","quantity":"0.025","price":"0.10000000","timestamp":1637096106,"volume":"0.00250000","buyTxId":"1ca836cd2098aaa1205214325e85e29e8d2b880c","sellTxId":"b0cda66c10b03a97e00ba889f389419dec18ca23-0"}
{"index": {"_index":"pob","_id":"2014355"}}
	{"id":2014355,"type":"sell","buyer":"marketroll","seller":"mad-runner","symbol":"POB","quantity":"0.57916966","price":"0.10000000","timestamp":1637096394,"volume":"0.05791697","buyTxId":"1ca836cd2098aaa1205214325e85e29e8d2b880c","sellTxId":"b2bcd95ee35e7aeaf3bfd9e18bb47a2763b79244"}
{"index": {"_index":"pob","_id":"2014473"}}
	{"id":2014473,"type":"sell","buyer":"marketroll","seller":"caciques","symbol":"POB","quantity":"0.09638812","price":"0.10000000","timestamp":1637097018,"volume":"0.00963881","buyTxId":"1ca836cd2098aaa1205214325e85e29e8d2b880c","sellTxId":"2f66384c38445d66d4fff1c5ac383341e11d9caf"}
{"index": {"_index":"pob","_id":"2014477"}}
	{"id":2014477,"type":"sell","buyer":"richardcrill","seller":"andy4475","symbol":"POB","quantity":"2.77079877","price":"0.08610000","timestamp":1637097066,"volume":"0.23856577","buyTxId":"MM-P-12249380-59235694-3-10-0","sellTxId":"e589b79b88f69bad5985d984c7fe8ebef609da27"}
{"index": {"_index":"pob","_id":"2014625"}}
	{"id":2014625,"type":"sell","buyer":"richardcrill","seller":"hivermasdebil","symbol":"POB","quantity":"0.28525103","price":"0.08610000","timestamp":1637098092,"volume":"0.02456011","buyTxId":"MM-P-12249380-59235694-3-10-0","sellTxId":"d5e9612e76d679a69a6b173248f1c7471cc4ce22"}
{"index": {"_index":"pob","_id":"2014626"}}
	{"id":2014626,"type":"buy","buyer":"steem-holder","seller":"caciques","symbol":"POB","quantity":"2.39889444","price":"0.10000000","timestamp":1637098098,"volume":"0.23988944","buyTxId":"b0725b4fec6ce8011838fb1b895fe74107e5d4f2","sellTxId":"2f66384c38445d66d4fff1c5ac383341e11d9caf"}
{"index": {"_index":"pob","_id":"2014790"}}
	{"id":2014790,"type":"sell","buyer":"richardcrill","seller":"silver-edge","symbol":"POB","quantity":"0.13894162","price":"0.08610000","timestamp":1637098821,"volume":"0.01196287","buyTxId":"MM-P-12249380-59235694-3-10-0","sellTxId":"33b9303ab8d458f5bfe1c10b0afa64098700c59f"}
{"index": {"_index":"pob","_id":"2015361"}}
	{"id":2015361,"type":"sell","buyer":"richardcrill","seller":"offgridlife","symbol":"POB","quantity":"5.00000000","price":"0.08610000","timestamp":1637102643,"volume":"0.43050000","buyTxId":"MM-P-12249380-59235694-3-10-0","sellTxId":"7dd49e749f140e460ad3968bdd6caff3f64f868c"}
{"index": {"_index":"pob","_id":"2015610"}}
	{"id":2015610,"type":"sell","buyer":"richardcrill","seller":"mcyusuf","symbol":"POB","quantity":"5.99553597","price":"0.08610000","timestamp":1637104185,"volume":"0.51621565","buyTxId":"MM-P-12249380-59235694-3-10-0","sellTxId":"a1a30b24201b47e4b4b94d543c6688bc33321cce"}
{"index": {"_index":"pob","_id":"2015805"}}
	{"id":2015805,"type":"sell","buyer":"steem-holder","seller":"alfarero","symbol":"POB","quantity":"1.10000000","price":"0.11000000","timestamp":1637105514,"volume":"0.12100000","buyTxId":"d96a558a619c0d8b9d7a1cbe211ccdb425c78969","sellTxId":"615b9550ad61de05a9ebe758471e0b72e2745ddd"}
{"index": {"_index":"pob","_id":"2015918"}}
	{"id":2015918,"type":"sell","buyer":"holovision","seller":"mrnightmare89","symbol":"POB","quantity":"10.00000000","price":"0.09000000","timestamp":1637106522,"volume":"0.90000000","buyTxId":"2e38359f0e874a160fb050561ee556219f622cdf","sellTxId":"7f6f826e3245f3fbe789fd01425b5b7f52766f99"}
{"index": {"_index":"pob","_id":"2015960"}}
	{"id":2015960,"type":"sell","buyer":"holovision","seller":"unorgmilitia","symbol":"POB","quantity":"14.39304994","price":"0.09000000","timestamp":1637106813,"volume":"1.29537449","buyTxId":"2e38359f0e874a160fb050561ee556219f622cdf","sellTxId":"41381c1e33ebe26ecad996d71ebbc2dfa0bb0dfe"}
{"index": {"_index":"pob","_id":"2016077"}}
	{"id":2016077,"type":"sell","buyer":"holovision","seller":"andy4475","symbol":"POB","quantity":"0.51377330","price":"0.09000000","timestamp":1637107548,"volume":"0.04623960","buyTxId":"2e38359f0e874a160fb050561ee556219f622cdf","sellTxId":"49ba03db0583848f439d30e4d2e67c8b918cd0a0"}
{"index": {"_index":"pob","_id":"2016287"}}
	{"id":2016287,"type":"sell","buyer":"holovision","seller":"akioexzgamer","symbol":"POB","quantity":"0.75338472","price":"0.09000000","timestamp":1637108748,"volume":"0.06780462","buyTxId":"2e38359f0e874a160fb050561ee556219f622cdf","sellTxId":"4520cfab79948b988a420cc0e88d6480a224a21b"}
{"index": {"_index":"pob","_id":"2016363"}}
	{"id":2016363,"type":"sell","buyer":"holovision","seller":"enforcer48","symbol":"POB","quantity":"7.22100000","price":"0.09000000","timestamp":1637109045,"volume":"0.64989000","buyTxId":"2e38359f0e874a160fb050561ee556219f622cdf","sellTxId":"0b1231a986a6d4b8d9a09a2264d87a9f8e5c5701"}
{"index": {"_index":"pob","_id":"2016425"}}
	{"id":2016425,"type":"sell","buyer":"holovision","seller":"baibuaza","symbol":"POB","quantity":"2.45484553","price":"0.09000000","timestamp":1637109429,"volume":"0.22093610","buyTxId":"2e38359f0e874a160fb050561ee556219f622cdf","sellTxId":"418927940003dff6099aa18e3d1bae441fd2e1d2"}
{"index": {"_index":"pob","_id":"2016596"}}
	{"id":2016596,"type":"sell","buyer":"holovision","seller":"magnacarta","symbol":"POB","quantity":"0.06060742","price":"0.09000000","timestamp":1637110503,"volume":"0.00545467","buyTxId":"2e38359f0e874a160fb050561ee556219f622cdf","sellTxId":"ef5d5ec8987920a368fbe9c90f213954ba6e1cf8"}
{"index": {"_index":"pob","_id":"2016936"}}
	{"id":2016936,"type":"sell","buyer":"holovision","seller":"melbourneswest","symbol":"POB","quantity":"4.25711751","price":"0.09000000","timestamp":1637113914,"volume":"0.38314058","buyTxId":"2e38359f0e874a160fb050561ee556219f622cdf","sellTxId":"117c0e3270077a568a591685e00e80e371951a44"}
{"index": {"_index":"pob","_id":"2017120"}}
	{"id":2017120,"type":"sell","buyer":"holovision","seller":"risckylu","symbol":"POB","quantity":"0.43186334","price":"0.09000000","timestamp":1637115660,"volume":"0.03886770","buyTxId":"2e38359f0e874a160fb050561ee556219f622cdf","sellTxId":"f991edbea99d5c6bd79a7a8b14afbd31afcefa55"}
{"index": {"_index":"pob","_id":"2017176"}}
	{"id":2017176,"type":"buy","buyer":"coininstant","seller":"leoneil","symbol":"POB","quantity":"0.52178000","price":"0.10999000","timestamp":1637116566,"volume":"0.05739058","buyTxId":"af87fdf3c8b5f7bba4360863e47015b976932d86","sellTxId":"51cbdf83d3e90b45d9d3da708cff64c68a1917a2"}
{"index": {"_index":"pob","_id":"2017255"}}
	{"id":2017255,"type":"sell","buyer":"richardcrill","seller":"coffeelovers","symbol":"POB","quantity":"4.09499769","price":"0.09011000","timestamp":1637117271,"volume":"0.36900024","buyTxId":"MM-P-12256258-59242572-3-10-0","sellTxId":"f15eb294d279d0218df609e774f826ff141025c9"}
{"index": {"_index":"pob","_id":"2017313"}}
	{"id":2017313,"type":"buy","buyer":"huckleberrie","seller":"leoneil","symbol":"POB","quantity":"0.08000000","price":"0.10999000","timestamp":1637117742,"volume":"0.00879920","buyTxId":"9b7e52a55ded4aa3d98b48dd56aef9dac1f56cdd","sellTxId":"51cbdf83d3e90b45d9d3da708cff64c68a1917a2"}
{"index": {"_index":"pob","_id":"2017330"}}
	{"id":2017330,"type":"sell","buyer":"richardcrill","seller":"coffeelovers","symbol":"POB","quantity":"20","price":"0.09011000","timestamp":1637118093,"volume":"1.80220000","buyTxId":"MM-P-12256258-59242572-3-10-0","sellTxId":"ba99c5ccf70fb840511f2b5638d35a8e915d66e3"}
{"index": {"_index":"pob","_id":"2017357"}}
	{"id":2017357,"type":"buy","buyer":"ahmetay","seller":"leoneil","symbol":"POB","quantity":"23.39822000","price":"0.10999000","timestamp":1637118300,"volume":"2.57357022","buyTxId":"2100d65c158373911a5ce7b8f6e662028b8fa275","sellTxId":"51cbdf83d3e90b45d9d3da708cff64c68a1917a2"}
{"index": {"_index":"pob","_id":"2017358"}}
	{"id":2017358,"type":"buy","buyer":"ahmetay","seller":"alfarero","symbol":"POB","quantity":"1.05747897","price":"0.11000000","timestamp":1637118300,"volume":"0.11632269","buyTxId":"2100d65c158373911a5ce7b8f6e662028b8fa275","sellTxId":"615b9550ad61de05a9ebe758471e0b72e2745ddd"}
{"index": {"_index":"pob","_id":"2017359"}}
	{"id":2017359,"type":"buy","buyer":"ahmetay","seller":"take-my-coinz","symbol":"POB","quantity":"35.92055844","price":"0.11998998","timestamp":1637118300,"volume":"4.31010709","buyTxId":"2100d65c158373911a5ce7b8f6e662028b8fa275","sellTxId":"7c97cb443dea7e0c21fbeb1e561c3cc59dd7254d"}
{"index": {"_index":"pob","_id":"2017362"}}
	{"id":2017362,"type":"sell","buyer":"richardcrill","seller":"firstborn.pob","symbol":"POB","quantity":"16.00000000","price":"0.09011000","timestamp":1637118324,"volume":"1.44176000","buyTxId":"MM-P-12256258-59242572-3-10-0","sellTxId":"d92019e553240b895ae0d3681b409dea6edde997"}
{"index": {"_index":"pob","_id":"2017385"}}
	{"id":2017385,"type":"sell","buyer":"richardcrill","seller":"double-eagle","symbol":"POB","quantity":"0.00275080","price":"0.09011000","timestamp":1637118489,"volume":"0.00024787","buyTxId":"MM-P-12256258-59242572-3-10-0","sellTxId":"36e81602d1e5469042245714aa6c48aca6743b9e"}
{"index": {"_index":"pob","_id":"2017406"}}
	{"id":2017406,"type":"sell","buyer":"richardcrill","seller":"steem82868","symbol":"POB","quantity":"0.15663772","price":"0.09011000","timestamp":1637118702,"volume":"0.01411462","buyTxId":"MM-P-12256258-59242572-3-10-0","sellTxId":"c126d0c3acfda60b2f92bd36958b59d5bb159439"}
{"index": {"_index":"pob","_id":"2017441"}}
	{"id":2017441,"type":"sell","buyer":"richardcrill","seller":"quantumg","symbol":"POB","quantity":"3.79483859","price":"0.09011000","timestamp":1637119101,"volume":"0.34195291","buyTxId":"MM-P-12256258-59242572-3-10-0","sellTxId":"7b1594f8863d45a934f271fc49d2c7579756c831"}
