{"index": {"_index":"pob","_id":"2401175"}}
	{"id":2401175,"type":"sell","buyer":"coffeelovers","seller":"salomijale","symbol":"POB","quantity":"1.22650371","price":"0.05778000","timestamp":1640665245,"volume":"0.07086738","buyTxId":"af6d0e27427995c92bf00ccade2da45984344a03","sellTxId":"45f032ebe6017911bd0a572302e5b21e457d6564"}
{"index": {"_index":"pob","_id":"2401205"}}
	{"id":2401205,"type":"sell","buyer":"trostparadox","seller":"salomijale","symbol":"POB","quantity":"17.26787612","price":"0.05750000","timestamp":1640665482,"volume":"0.99290288","buyTxId":"9efd423a3c4c2d6d770573060a9ad5605920ea2e","sellTxId":"3ce46c7dca790e15dd986390b767a5c4f3c46220"}
{"index": {"_index":"pob","_id":"2401221"}}
	{"id":2401221,"type":"sell","buyer":"trostparadox","seller":"zonadigital21","symbol":"POB","quantity":"4.00000000","price":"0.05750000","timestamp":1640665584,"volume":"0.23000000","buyTxId":"9efd423a3c4c2d6d770573060a9ad5605920ea2e","sellTxId":"3244f4e59c6de7ae3a0643b3f4f530f7d186f316"}
{"index": {"_index":"pob","_id":"2401283"}}
	{"id":2401283,"type":"sell","buyer":"trostparadox","seller":"holovision","symbol":"POB","quantity":"15.40672431","price":"0.05750000","timestamp":1640666424,"volume":"0.88588665","buyTxId":"9efd423a3c4c2d6d770573060a9ad5605920ea2e","sellTxId":"f1f0cfe27f0e8e763c6aa5458b01f7492e6ff4b7"}
{"index": {"_index":"pob","_id":"2401382"}}
	{"id":2401382,"type":"sell","buyer":"trostparadox","seller":"lucylin","symbol":"POB","quantity":"31.70000000","price":"0.05750000","timestamp":1640667546,"volume":"1.82275000","buyTxId":"9efd423a3c4c2d6d770573060a9ad5605920ea2e","sellTxId":"fc19bb575975b416c00211143bfce52d9333c650"}
{"index": {"_index":"pob","_id":"2401406"}}
	{"id":2401406,"type":"sell","buyer":"trostparadox","seller":"he-index","symbol":"POB","quantity":"0.02700000","price":"0.05750000","timestamp":1640667798,"volume":"0.00155250","buyTxId":"9efd423a3c4c2d6d770573060a9ad5605920ea2e","sellTxId":"9d42ceabcce07bb6dd172fc5d38ebcd36ea80ff1"}
{"index": {"_index":"pob","_id":"2401636"}}
	{"id":2401636,"type":"sell","buyer":"coffeelovers","seller":"darth-azrael","symbol":"POB","quantity":"3.00000000","price":"0.05780000","timestamp":1640670624,"volume":"0.17340000","buyTxId":"4aa233937d90de71a563100380f390a79c121937","sellTxId":"634df3e4582382c96341e179a9c5c80a53eef0a4"}
{"index": {"_index":"pob","_id":"2401985"}}
	{"id":2401985,"type":"sell","buyer":"coffeelovers","seller":"steem82868","symbol":"POB","quantity":"0.19003221","price":"0.05780000","timestamp":1640673909,"volume":"0.01098386","buyTxId":"4aa233937d90de71a563100380f390a79c121937","sellTxId":"6595e922a6efc44af173dac99af95e9f387b67b0"}
{"index": {"_index":"pob","_id":"2402023"}}
	{"id":2402023,"type":"sell","buyer":"coffeelovers","seller":"oks2crypto","symbol":"POB","quantity":"0.10249603","price":"0.05780000","timestamp":1640674272,"volume":"0.00592427","buyTxId":"4aa233937d90de71a563100380f390a79c121937","sellTxId":"c7b47aa7c851cb11cf5d7507058542f234f1f023"}
{"index": {"_index":"pob","_id":"2402118"}}
	{"id":2402118,"type":"sell","buyer":"coffeelovers","seller":"insight.pob","symbol":"POB","quantity":"75.95747176","price":"0.05780000","timestamp":1640675019,"volume":"4.39034187","buyTxId":"4aa233937d90de71a563100380f390a79c121937","sellTxId":"3d9a5f731c41ad369090970f2f555c63f6bc2015"}
{"index": {"_index":"pob","_id":"2402119"}}
	{"id":2402119,"type":"sell","buyer":"trostparadox","seller":"insight.pob","symbol":"POB","quantity":"124.84252824","price":"0.05750000","timestamp":1640675019,"volume":"7.17844537","buyTxId":"9efd423a3c4c2d6d770573060a9ad5605920ea2e","sellTxId":"3d9a5f731c41ad369090970f2f555c63f6bc2015"}
{"index": {"_index":"pob","_id":"2402130"}}
	{"id":2402130,"type":"sell","buyer":"trostparadox","seller":"anadolu","symbol":"POB","quantity":"525.00000000","price":"0.05750000","timestamp":1640675142,"volume":"30.18750000","buyTxId":"9efd423a3c4c2d6d770573060a9ad5605920ea2e","sellTxId":"03e239caee0688eff7d36256f646f6ada4ce14bb"}
{"index": {"_index":"pob","_id":"2402202"}}
	{"id":2402202,"type":"sell","buyer":"trostparadox","seller":"itharagaian","symbol":"POB","quantity":"0.08020000","price":"0.05750000","timestamp":1640676333,"volume":"0.00461150","buyTxId":"9efd423a3c4c2d6d770573060a9ad5605920ea2e","sellTxId":"79d3bdafdfec28727fb9b116eb56fd2c6e267286"}
{"index": {"_index":"pob","_id":"2402224"}}
	{"id":2402224,"type":"sell","buyer":"trostparadox","seller":"mawit07","symbol":"POB","quantity":"13.42629350","price":"0.05750000","timestamp":1640676474,"volume":"0.77201188","buyTxId":"9efd423a3c4c2d6d770573060a9ad5605920ea2e","sellTxId":"389197b571a82ca13a000dbab6f1f11003523a9e"}
{"index": {"_index":"pob","_id":"2402343"}}
	{"id":2402343,"type":"sell","buyer":"trostparadox","seller":"bluerobo","symbol":"POB","quantity":"1.28265003","price":"0.05750000","timestamp":1640677773,"volume":"0.07375238","buyTxId":"9efd423a3c4c2d6d770573060a9ad5605920ea2e","sellTxId":"b7079157e5b2d79c32f3be5b195549a5925f977d"}
{"index": {"_index":"pob","_id":"2402359"}}
	{"id":2402359,"type":"sell","buyer":"trostparadox","seller":"tonytrillions","symbol":"POB","quantity":"0.49421084","price":"0.05750000","timestamp":1640677875,"volume":"0.02841712","buyTxId":"9efd423a3c4c2d6d770573060a9ad5605920ea2e","sellTxId":"0bc57dab499f2ae99746c29774681eabf9c0cb92"}
{"index": {"_index":"pob","_id":"2402399"}}
	{"id":2402399,"type":"sell","buyer":"trostparadox","seller":"tonytrillions","symbol":"POB","quantity":"0.02116386","price":"0.05750000","timestamp":1640678292,"volume":"0.00121692","buyTxId":"9efd423a3c4c2d6d770573060a9ad5605920ea2e","sellTxId":"00e7328f45f6cc191ef9c138b68c2fd018e73eee"}
{"index": {"_index":"pob","_id":"2402403"}}
	{"id":2402403,"type":"sell","buyer":"trostparadox","seller":"florenceboens","symbol":"POB","quantity":"0.26378491","price":"0.05750000","timestamp":1640678316,"volume":"0.01516763","buyTxId":"9efd423a3c4c2d6d770573060a9ad5605920ea2e","sellTxId":"36f62524667b7cf13d0e612394a5829d0bfc3f1a"}
{"index": {"_index":"pob","_id":"2402429"}}
	{"id":2402429,"type":"sell","buyer":"trostparadox","seller":"munawar1235","symbol":"POB","quantity":"11.96127391","price":"0.05750000","timestamp":1640678490,"volume":"0.68777325","buyTxId":"9efd423a3c4c2d6d770573060a9ad5605920ea2e","sellTxId":"6a909434f91a6d2262d51c6432f69f2109248c41"}
{"index": {"_index":"pob","_id":"2402558"}}
	{"id":2402558,"type":"sell","buyer":"trostparadox","seller":"savagetobi","symbol":"POB","quantity":"1","price":"0.05750000","timestamp":1640679453,"volume":"0.05750000","buyTxId":"9efd423a3c4c2d6d770573060a9ad5605920ea2e","sellTxId":"9840b106864d9e1b68e1f04049fd5ed0b1a92361"}
{"index": {"_index":"pob","_id":"2402566"}}
	{"id":2402566,"type":"sell","buyer":"trostparadox","seller":"ahmetay","symbol":"POB","quantity":"72.92491764","price":"0.05750000","timestamp":1640679513,"volume":"4.19318276","buyTxId":"9efd423a3c4c2d6d770573060a9ad5605920ea2e","sellTxId":"5bcd5db5b634e7eb264c24ee76d1d66794f0e6e2"}
{"index": {"_index":"pob","_id":"2402577"}}
	{"id":2402577,"type":"sell","buyer":"trostparadox","seller":"fullcoverbetting","symbol":"POB","quantity":"0.97923324","price":"0.05750000","timestamp":1640679648,"volume":"0.05630591","buyTxId":"9efd423a3c4c2d6d770573060a9ad5605920ea2e","sellTxId":"bdef1159a2020b3a6e6819bb3a8c90297086c4c7"}
{"index": {"_index":"pob","_id":"2402580"}}
	{"id":2402580,"type":"sell","buyer":"trostparadox","seller":"ahmetay","symbol":"POB","quantity":"178.30290875","price":"0.05750000","timestamp":1640679657,"volume":"10.25241725","buyTxId":"9efd423a3c4c2d6d770573060a9ad5605920ea2e","sellTxId":"4ba8103b16ca5240dc65e8edea1a51561f2f9ce7"}
{"index": {"_index":"pob","_id":"2402645"}}
	{"id":2402645,"type":"sell","buyer":"trostparadox","seller":"drutter","symbol":"POB","quantity":"0.63229079","price":"0.05750000","timestamp":1640680278,"volume":"0.03635672","buyTxId":"9efd423a3c4c2d6d770573060a9ad5605920ea2e","sellTxId":"ed4f770c3e3e94a46d40af52a09197e87d415bc2"}
{"index": {"_index":"pob","_id":"2402652"}}
	{"id":2402652,"type":"sell","buyer":"trostparadox","seller":"anadolu","symbol":"POB","quantity":"646.00000000","price":"0.05750000","timestamp":1640680341,"volume":"37.14500000","buyTxId":"9efd423a3c4c2d6d770573060a9ad5605920ea2e","sellTxId":"f6de7b7ad8bc8d1cbc3bb260cdb94fecba2fbcb0"}
{"index": {"_index":"pob","_id":"2402721"}}
	{"id":2402721,"type":"sell","buyer":"trostparadox","seller":"oaldamster","symbol":"POB","quantity":"0.50169035","price":"0.05750000","timestamp":1640680836,"volume":"0.02884720","buyTxId":"9efd423a3c4c2d6d770573060a9ad5605920ea2e","sellTxId":"fa71f0955160f4a60437a9cb4ee51e610292ba83"}
{"index": {"_index":"pob","_id":"2403004"}}
	{"id":2403004,"type":"sell","buyer":"trostparadox","seller":"katirayo","symbol":"POB","quantity":"190.87449279","price":"0.05750000","timestamp":1640683275,"volume":"10.97528334","buyTxId":"9efd423a3c4c2d6d770573060a9ad5605920ea2e","sellTxId":"0678204ac0fb273f2b6c2c31f3130ac2a7384f08"}
{"index": {"_index":"pob","_id":"2403466"}}
	{"id":2403466,"type":"sell","buyer":"anadolu","seller":"tonytrillions","symbol":"POB","quantity":"0.02152523","price":"0.05750110","timestamp":1640687961,"volume":"0.00123772","buyTxId":"MM-P-13442425-60429404-3-0-0","sellTxId":"6669f4732be061975b58bb661f0e794ad4cb5cc3"}
{"index": {"_index":"pob","_id":"2403477"}}
	{"id":2403477,"type":"sell","buyer":"anadolu","seller":"stellify","symbol":"POB","quantity":"4.77484276","price":"0.05750110","timestamp":1640688114,"volume":"0.27455871","buyTxId":"MM-P-13442425-60429404-3-0-0","sellTxId":"2c2f1d6da09ffef4dea2afddea938ef1b0b823e0"}
{"index": {"_index":"pob","_id":"2403646"}}
	{"id":2403646,"type":"sell","buyer":"anadolu","seller":"thatcryptodave","symbol":"POB","quantity":"7.51444102","price":"0.05750110","timestamp":1640690067,"volume":"0.43208862","buyTxId":"MM-P-13442425-60429404-3-0-0","sellTxId":"0dbff6856aeb919dceb99ff368f09da6cd82b045"}
{"index": {"_index":"pob","_id":"2403672"}}
	{"id":2403672,"type":"sell","buyer":"anadolu","seller":"iyiade","symbol":"POB","quantity":"7.00000000","price":"0.05750110","timestamp":1640690223,"volume":"0.40250770","buyTxId":"MM-P-13442425-60429404-3-0-0","sellTxId":"dc50298d9e572c721011997214eb10a0ed1083b7"}
{"index": {"_index":"pob","_id":"2403780"}}
	{"id":2403780,"type":"sell","buyer":"anadolu","seller":"tonytrillions","symbol":"POB","quantity":"0.03294274","price":"0.05750110","timestamp":1640691366,"volume":"0.00189424","buyTxId":"MM-P-13442425-60429404-3-0-0","sellTxId":"2e529b3f7081a56aa6348da81d088e721a1d1e38"}
{"index": {"_index":"pob","_id":"2403821"}}
	{"id":2403821,"type":"sell","buyer":"anadolu","seller":"hannahhive","symbol":"POB","quantity":"11.23400000","price":"0.05750110","timestamp":1640691921,"volume":"0.64596736","buyTxId":"MM-P-13442425-60429404-3-0-0","sellTxId":"df6f69ca7e1bb93d0a3ef85effef018292d44588"}
{"index": {"_index":"pob","_id":"2403900"}}
	{"id":2403900,"type":"sell","buyer":"anadolu","seller":"precious008","symbol":"POB","quantity":"42.00000000","price":"0.05750110","timestamp":1640692776,"volume":"2.41504620","buyTxId":"MM-P-13442425-60429404-3-0-0","sellTxId":"54af265156e43f74956deef593eb5a5d06e19f51"}
{"index": {"_index":"pob","_id":"2404004"}}
	{"id":2404004,"type":"sell","buyer":"anadolu","seller":"tawadak24","symbol":"POB","quantity":"4.19657591","price":"0.05750110","timestamp":1640694057,"volume":"0.24130773","buyTxId":"MM-P-13442425-60429404-3-0-0","sellTxId":"6585fb9d5b21fc8511fc977134c0c2d975045105"}
{"index": {"_index":"pob","_id":"2404005"}}
	{"id":2404005,"type":"sell","buyer":"anadolu","seller":"brianhuang","symbol":"POB","quantity":"0.70972868","price":"0.05750110","timestamp":1640694063,"volume":"0.04081018","buyTxId":"MM-P-13442425-60429404-3-0-0","sellTxId":"3f979041493bdd748c527a9934f16f06ddf7c362"}
{"index": {"_index":"pob","_id":"2404133"}}
	{"id":2404133,"type":"sell","buyer":"anadolu","seller":"esmeesmith","symbol":"POB","quantity":"10.49485856","price":"0.05750110","timestamp":1640695167,"volume":"0.60346591","buyTxId":"MM-P-13442425-60429404-3-0-0","sellTxId":"8bae1a3908e26fe68309c6ec8d7518084d8ff1f9"}
{"index": {"_index":"pob","_id":"2404274"}}
	{"id":2404274,"type":"sell","buyer":"anadolu","seller":"luueetang","symbol":"POB","quantity":"0.55366973","price":"0.05750110","timestamp":1640696400,"volume":"0.03183662","buyTxId":"MM-P-13442425-60429404-3-0-0","sellTxId":"881f12b404c19c9a493e445a15d58ebe809fa55b"}
{"index": {"_index":"pob","_id":"2404401"}}
	{"id":2404401,"type":"sell","buyer":"anadolu","seller":"mawit07","symbol":"POB","quantity":"10.87858376","price":"0.05750110","timestamp":1640697375,"volume":"0.62553053","buyTxId":"MM-P-13442425-60429404-3-0-0","sellTxId":"7e42eb11b236e6eee2bef2afe2ce17270aea9ec6"}
{"index": {"_index":"pob","_id":"2404459"}}
	{"id":2404459,"type":"buy","buyer":"pixelfan","seller":"skylinebuds","symbol":"POB","quantity":"3.00000000","price":"0.06300000","timestamp":1640697957,"volume":"0.18900000","buyTxId":"f1305e3d643cdcf6fdd6bc0f09ffbf9ee26ea41b","sellTxId":"860a23a29d30bd8d3176eda3089b2c22b375af3e"}
{"index": {"_index":"pob","_id":"2404503"}}
	{"id":2404503,"type":"sell","buyer":"pixelfan","seller":"tejimundo","symbol":"POB","quantity":"0.36053612","price":"0.06000000","timestamp":1640698245,"volume":"0.02163217","buyTxId":"f8ecef0c25eed34ab41285171573221ec1d90ad8","sellTxId":"4cf9634e840c4070c9281fbe68535e0ee69e547f"}
{"index": {"_index":"pob","_id":"2404704"}}
	{"id":2404704,"type":"sell","buyer":"pixelfan","seller":"tonytrillions","symbol":"POB","quantity":"0.07738203","price":"0.06000000","timestamp":1640700360,"volume":"0.00464292","buyTxId":"f8ecef0c25eed34ab41285171573221ec1d90ad8","sellTxId":"a0a013d4fb3cb5059275923ce2e769515e7140c1"}
{"index": {"_index":"pob","_id":"2404711"}}
	{"id":2404711,"type":"sell","buyer":"pixelfan","seller":"candy49","symbol":"POB","quantity":"0.94746280","price":"0.06000000","timestamp":1640700408,"volume":"0.05684777","buyTxId":"f8ecef0c25eed34ab41285171573221ec1d90ad8","sellTxId":"1cb08f2d24e7fa891983b42022956006f74214f7"}
{"index": {"_index":"pob","_id":"2404713"}}
	{"id":2404713,"type":"sell","buyer":"pixelfan","seller":"alfarero","symbol":"POB","quantity":"0.02894331","price":"0.06000000","timestamp":1640700426,"volume":"0.00173660","buyTxId":"f8ecef0c25eed34ab41285171573221ec1d90ad8","sellTxId":"179062aa521ae1af0a9f14dd1d5f94d36680afd3"}
{"index": {"_index":"pob","_id":"2404776"}}
	{"id":2404776,"type":"sell","buyer":"pixelfan","seller":"calumam","symbol":"POB","quantity":"14.58567574","price":"0.06000000","timestamp":1640700951,"volume":"0.87514054","buyTxId":"f8ecef0c25eed34ab41285171573221ec1d90ad8","sellTxId":"54265f79348a22b1c02551be356e51910668a7a6"}
{"index": {"_index":"pob","_id":"2404777"}}
	{"id":2404777,"type":"sell","buyer":"anadolu","seller":"calumam","symbol":"POB","quantity":"172.38704339","price":"0.05800900","timestamp":1640700951,"volume":"10.00000000","buyTxId":"MM-P-13447214-60434193-3-0-0","sellTxId":"54265f79348a22b1c02551be356e51910668a7a6"}
{"index": {"_index":"pob","_id":"2404778"}}
	{"id":2404778,"type":"sell","buyer":"andy4475","seller":"calumam","symbol":"POB","quantity":"70.00000000","price":"0.05800000","timestamp":1640700951,"volume":"4.06000000","buyTxId":"d7e491e4bb340c747492e44ed544241ba7a94038","sellTxId":"54265f79348a22b1c02551be356e51910668a7a6"}
{"index": {"_index":"pob","_id":"2404779"}}
	{"id":2404779,"type":"sell","buyer":"erhan92","seller":"calumam","symbol":"POB","quantity":"53.00000000","price":"0.05750010","timestamp":1640700951,"volume":"3.04750530","buyTxId":"998de16487961ba43a2bb056845b34fc7ed196ea","sellTxId":"54265f79348a22b1c02551be356e51910668a7a6"}
{"index": {"_index":"pob","_id":"2404780"}}
	{"id":2404780,"type":"sell","buyer":"trostparadox","seller":"calumam","symbol":"POB","quantity":"826.02728087","price":"0.05750000","timestamp":1640700951,"volume":"47.49656865","buyTxId":"9efd423a3c4c2d6d770573060a9ad5605920ea2e","sellTxId":"54265f79348a22b1c02551be356e51910668a7a6"}
{"index": {"_index":"pob","_id":"2404828"}}
	{"id":2404828,"type":"sell","buyer":"trostparadox","seller":"cocaaladioxine","symbol":"POB","quantity":"0.00017169","price":"0.05750000","timestamp":1640701515,"volume":"0.00000987","buyTxId":"9efd423a3c4c2d6d770573060a9ad5605920ea2e","sellTxId":"a12d1d6f9f218295a7db2bbef9b4683a4cf6661a"}
{"index": {"_index":"pob","_id":"2404855"}}
	{"id":2404855,"type":"sell","buyer":"trostparadox","seller":"stickupboys","symbol":"POB","quantity":"1.55370073","price":"0.05750000","timestamp":1640701683,"volume":"0.08933779","buyTxId":"9efd423a3c4c2d6d770573060a9ad5605920ea2e","sellTxId":"00533923f47bada00d70e1de5b4d7839b6e19da8"}
{"index": {"_index":"pob","_id":"2404989"}}
	{"id":2404989,"type":"sell","buyer":"trostparadox","seller":"ugochill","symbol":"POB","quantity":"0.00413963","price":"0.05750000","timestamp":1640703003,"volume":"0.00023803","buyTxId":"9efd423a3c4c2d6d770573060a9ad5605920ea2e","sellTxId":"5af9d3e5c14b5ae48b4d58b68ab141dfc2eb1817"}
{"index": {"_index":"pob","_id":"2405442"}}
	{"id":2405442,"type":"sell","buyer":"trostparadox","seller":"gorayii","symbol":"POB","quantity":"11.49600810","price":"0.05750000","timestamp":1640706942,"volume":"0.66102047","buyTxId":"9efd423a3c4c2d6d770573060a9ad5605920ea2e","sellTxId":"6ad6020c49d030b9454d005896d9b3ae85e5adf1"}
{"index": {"_index":"pob","_id":"2405544"}}
	{"id":2405544,"type":"sell","buyer":"trostparadox","seller":"eturnerx","symbol":"POB","quantity":"0.621","price":"0.05750000","timestamp":1640707431,"volume":"0.03570750","buyTxId":"9efd423a3c4c2d6d770573060a9ad5605920ea2e","sellTxId":"dca59c4f26b87812f56634f1bc8d0383b14f0353"}
{"index": {"_index":"pob","_id":"2405569"}}
	{"id":2405569,"type":"sell","buyer":"trostparadox","seller":"emeka4","symbol":"POB","quantity":"4.66354569","price":"0.05750000","timestamp":1640707689,"volume":"0.26815388","buyTxId":"9efd423a3c4c2d6d770573060a9ad5605920ea2e","sellTxId":"b8b6221d31c043ec237d6a8f42e659da8c0fda89"}
{"index": {"_index":"pob","_id":"2405597"}}
	{"id":2405597,"type":"sell","buyer":"trostparadox","seller":"saulos","symbol":"POB","quantity":"8.16057192","price":"0.05750000","timestamp":1640707932,"volume":"0.46923289","buyTxId":"9efd423a3c4c2d6d770573060a9ad5605920ea2e","sellTxId":"c7556a95daad484d4a3385123c02da9da921c7ec"}
{"index": {"_index":"pob","_id":"2405712"}}
	{"id":2405712,"type":"buy","buyer":"gidlark","seller":"skylinebuds","symbol":"POB","quantity":"3.90000000","price":"0.06300000","timestamp":1640708748,"volume":"0.24570000","buyTxId":"985feec99c21b574fc8357e251f83331c9f7ec99","sellTxId":"860a23a29d30bd8d3176eda3089b2c22b375af3e"}
{"index": {"_index":"pob","_id":"2405789"}}
	{"id":2405789,"type":"sell","buyer":"trostparadox","seller":"fiberfrau","symbol":"POB","quantity":"0.13718576","price":"0.05750000","timestamp":1640709273,"volume":"0.00788818","buyTxId":"9efd423a3c4c2d6d770573060a9ad5605920ea2e","sellTxId":"967de6fe27bc374ccdf6721871e0c4b9a902bb76"}
{"index": {"_index":"pob","_id":"2405808"}}
	{"id":2405808,"type":"sell","buyer":"trostparadox","seller":"trumpman","symbol":"POB","quantity":"21.40840312","price":"0.05750000","timestamp":1640709408,"volume":"1.23098318","buyTxId":"9efd423a3c4c2d6d770573060a9ad5605920ea2e","sellTxId":"6b8832af8c4080df6d14f29fcbda4423f00eb270"}
{"index": {"_index":"pob","_id":"2405839"}}
	{"id":2405839,"type":"sell","buyer":"trostparadox","seller":"anadolu","symbol":"POB","quantity":"6000.00000000","price":"0.05750000","timestamp":1640709555,"volume":"345.00000000","buyTxId":"9efd423a3c4c2d6d770573060a9ad5605920ea2e","sellTxId":"17dcf46b3bd380e3eb2c297aa5db715cdf0a5c26"}
{"index": {"_index":"pob","_id":"2405878"}}
	{"id":2405878,"type":"sell","buyer":"trostparadox","seller":"anadolu","symbol":"POB","quantity":"450.00000000","price":"0.05750000","timestamp":1640709771,"volume":"25.87500000","buyTxId":"9efd423a3c4c2d6d770573060a9ad5605920ea2e","sellTxId":"7aa2851a40b18183e2e9338895b24b18b3c2f1d8"}
{"index": {"_index":"pob","_id":"2405956"}}
	{"id":2405956,"type":"sell","buyer":"trostparadox","seller":"gadrian","symbol":"POB","quantity":"1.91880197","price":"0.05750000","timestamp":1640710230,"volume":"0.11033111","buyTxId":"9efd423a3c4c2d6d770573060a9ad5605920ea2e","sellTxId":"d0a558203f3f0afaba17fe8c7fa2883be398c21a"}
{"index": {"_index":"pob","_id":"2406080"}}
	{"id":2406080,"type":"sell","buyer":"trostparadox","seller":"elricmoonslayer","symbol":"POB","quantity":"225.59628124","price":"0.05750000","timestamp":1640711070,"volume":"12.97178617","buyTxId":"9efd423a3c4c2d6d770573060a9ad5605920ea2e","sellTxId":"2c0e1ce8cd1f703f04e077616057b7ebd4264548"}
{"index": {"_index":"pob","_id":"2406103"}}
	{"id":2406103,"type":"sell","buyer":"trostparadox","seller":"nrg","symbol":"POB","quantity":"24.63391104","price":"0.05750000","timestamp":1640711163,"volume":"1.41644988","buyTxId":"9efd423a3c4c2d6d770573060a9ad5605920ea2e","sellTxId":"321dc4076c8ef4e33aa85e95d62d45a89a51eaf7-17"}
{"index": {"_index":"pob","_id":"2406297"}}
	{"id":2406297,"type":"sell","buyer":"pixelfan","seller":"alfarero","symbol":"POB","quantity":"0.53775196","price":"0.06000000","timestamp":1640712147,"volume":"0.03226512","buyTxId":"b5382a7ca399f460ce41ce620df182015f46a0e2","sellTxId":"d239c4e5e14edd564761ee1646fd59f26495e154"}
{"index": {"_index":"pob","_id":"2406343"}}
	{"id":2406343,"type":"sell","buyer":"pixelfan","seller":"coffeelovers","symbol":"POB","quantity":"11.462248","price":"0.06000000","timestamp":1640712381,"volume":"0.68773488","buyTxId":"b5382a7ca399f460ce41ce620df182015f46a0e2","sellTxId":"c182b1150d5c892563402f4570e0cd02f4c813df"}
{"index": {"_index":"pob","_id":"2406403"}}
	{"id":2406403,"type":"sell","buyer":"trostparadox","seller":"risckylu","symbol":"POB","quantity":"0.32707352","price":"0.05750000","timestamp":1640712915,"volume":"0.01880673","buyTxId":"9efd423a3c4c2d6d770573060a9ad5605920ea2e","sellTxId":"fc2f292ffcd15ece2e2e9673c83d1992f195b3ae"}
{"index": {"_index":"pob","_id":"2406752"}}
	{"id":2406752,"type":"sell","buyer":"trostparadox","seller":"stickupboys","symbol":"POB","quantity":"1.14354463","price":"0.05750000","timestamp":1640715237,"volume":"0.06575382","buyTxId":"9efd423a3c4c2d6d770573060a9ad5605920ea2e","sellTxId":"3d2fd475b8e16893d96b3471e28c5bdc73a821cb"}
{"index": {"_index":"pob","_id":"2406850"}}
	{"id":2406850,"type":"sell","buyer":"trostparadox","seller":"jakiro12","symbol":"POB","quantity":"16.50178505","price":"0.05750000","timestamp":1640716005,"volume":"0.94885264","buyTxId":"9efd423a3c4c2d6d770573060a9ad5605920ea2e","sellTxId":"5c2d569ba836d1aea3aea0296144419990c7ea1f"}
{"index": {"_index":"pob","_id":"2406913"}}
	{"id":2406913,"type":"sell","buyer":"trostparadox","seller":"whitelightxpress","symbol":"POB","quantity":"0.00200000","price":"0.05750000","timestamp":1640716638,"volume":"0.00011500","buyTxId":"9efd423a3c4c2d6d770573060a9ad5605920ea2e","sellTxId":"e3f2e76526b41dd45069134996183d585ff297d5"}
{"index": {"_index":"pob","_id":"2407038"}}
	{"id":2407038,"type":"sell","buyer":"trostparadox","seller":"tonytrillions","symbol":"POB","quantity":"2.49302709","price":"0.05750000","timestamp":1640717616,"volume":"0.14334906","buyTxId":"9efd423a3c4c2d6d770573060a9ad5605920ea2e","sellTxId":"ee35172cb822d32fccc9554283c03f6e7ac3fcd1"}
{"index": {"_index":"pob","_id":"2407147"}}
	{"id":2407147,"type":"sell","buyer":"trostparadox","seller":"chireerocks","symbol":"POB","quantity":"3.03674938","price":"0.05750000","timestamp":1640718432,"volume":"0.17461309","buyTxId":"9efd423a3c4c2d6d770573060a9ad5605920ea2e","sellTxId":"08798b68e86a58df35627dc86ffdc7073249f6d8"}
{"index": {"_index":"pob","_id":"2407190"}}
	{"id":2407190,"type":"sell","buyer":"trostparadox","seller":"ervin-lemark","symbol":"POB","quantity":"1.19150915","price":"0.05750000","timestamp":1640718729,"volume":"0.06851178","buyTxId":"9efd423a3c4c2d6d770573060a9ad5605920ea2e","sellTxId":"886b60426b167a5218c6702eae249c1a47876f72"}
{"index": {"_index":"pob","_id":"2407425"}}
	{"id":2407425,"type":"sell","buyer":"trostparadox","seller":"holovision","symbol":"POB","quantity":"31.20945525","price":"0.05750000","timestamp":1640720871,"volume":"1.79454368","buyTxId":"9efd423a3c4c2d6d770573060a9ad5605920ea2e","sellTxId":"6f3ce1a70003183ff60700f00a91c8888e1fa48d"}
{"index": {"_index":"pob","_id":"2407506"}}
	{"id":2407506,"type":"sell","buyer":"trostparadox","seller":"cccf","symbol":"POB","quantity":"0.21400000","price":"0.05750000","timestamp":1640721540,"volume":"0.01230500","buyTxId":"9efd423a3c4c2d6d770573060a9ad5605920ea2e","sellTxId":"47febc8a1fbc8a9589d0c7e5b05f94e208987c1a"}
{"index": {"_index":"pob","_id":"2407585"}}
	{"id":2407585,"type":"sell","buyer":"trostparadox","seller":"gubbatv","symbol":"POB","quantity":"26.06362686","price":"0.05750000","timestamp":1640722317,"volume":"1.49865854","buyTxId":"9efd423a3c4c2d6d770573060a9ad5605920ea2e","sellTxId":"4f41c40c25701ad49eb1e729bf323310eee6df02"}
{"index": {"_index":"pob","_id":"2407593"}}
	{"id":2407593,"type":"sell","buyer":"trostparadox","seller":"brofi-market","symbol":"POB","quantity":"9.53194155","price":"0.05750000","timestamp":1640722344,"volume":"0.54808664","buyTxId":"9efd423a3c4c2d6d770573060a9ad5605920ea2e","sellTxId":"492d3bbce77b10f2d6f340536ec7e5a4ff814a44"}
{"index": {"_index":"pob","_id":"2407671"}}
	{"id":2407671,"type":"sell","buyer":"trostparadox","seller":"holovision","symbol":"POB","quantity":"200.00000000","price":"0.05750000","timestamp":1640723373,"volume":"11.50000000","buyTxId":"9efd423a3c4c2d6d770573060a9ad5605920ea2e","sellTxId":"9ce4917ef4cd47a4c3b3f3f33fc2f585e5433b2a"}
{"index": {"_index":"pob","_id":"2407759"}}
	{"id":2407759,"type":"sell","buyer":"trostparadox","seller":"forexbrokr","symbol":"POB","quantity":"42.08081383","price":"0.05750000","timestamp":1640724420,"volume":"2.41964680","buyTxId":"9efd423a3c4c2d6d770573060a9ad5605920ea2e","sellTxId":"a1a7fcfbcc4392b5ebdcf09e9abc6aae3b293e72"}
{"index": {"_index":"pob","_id":"2407807"}}
	{"id":2407807,"type":"sell","buyer":"trostparadox","seller":"cliffagreen","symbol":"POB","quantity":"0.33300000","price":"0.05750000","timestamp":1640724819,"volume":"0.01914750","buyTxId":"9efd423a3c4c2d6d770573060a9ad5605920ea2e","sellTxId":"0b81df1b6cf203e9562f210e8f37cc3253eeae30"}
{"index": {"_index":"pob","_id":"2407813"}}
	{"id":2407813,"type":"sell","buyer":"trostparadox","seller":"deathwing","symbol":"POB","quantity":"0.025","price":"0.05750000","timestamp":1640724906,"volume":"0.00143750","buyTxId":"9efd423a3c4c2d6d770573060a9ad5605920ea2e","sellTxId":"f1b80540ccfb31859e3ad8b7e51e7e78d7f734aa-0"}
{"index": {"_index":"pob","_id":"2407863"}}
	{"id":2407863,"type":"sell","buyer":"trostparadox","seller":"skylinebuds","symbol":"POB","quantity":"34.00000000","price":"0.05750000","timestamp":1640725566,"volume":"1.95500000","buyTxId":"9efd423a3c4c2d6d770573060a9ad5605920ea2e","sellTxId":"b9b334fdd6a21a743e77631323c5e1e5b11eaf59"}
{"index": {"_index":"pob","_id":"2407952"}}
	{"id":2407952,"type":"sell","buyer":"trostparadox","seller":"andy-plays","symbol":"POB","quantity":"0.40000000","price":"0.05750000","timestamp":1640726424,"volume":"0.02300000","buyTxId":"9efd423a3c4c2d6d770573060a9ad5605920ea2e","sellTxId":"9d3bef48eb594faae84e809815de1eb23d77d690"}
{"index": {"_index":"pob","_id":"2408028"}}
	{"id":2408028,"type":"sell","buyer":"andy4475","seller":"barski","symbol":"POB","quantity":"2.28089969","price":"0.05751000","timestamp":1640726898,"volume":"0.13117454","buyTxId":"464d450b4d3e55cd6a35b07a4902e6360271ad2a","sellTxId":"dd2d49a57c98e9e544e984c9e2f393803907334f"}
{"index": {"_index":"pob","_id":"2408036"}}
	{"id":2408036,"type":"sell","buyer":"andy4475","seller":"holovision","symbol":"POB","quantity":"0.66150204","price":"0.05751000","timestamp":1640726952,"volume":"0.03804298","buyTxId":"464d450b4d3e55cd6a35b07a4902e6360271ad2a","sellTxId":"bfa6badbb7a5b7bec8f48ed1dc3b647eea3cb180"}
{"index": {"_index":"pob","_id":"2408051"}}
	{"id":2408051,"type":"sell","buyer":"andy4475","seller":"sipahikara","symbol":"POB","quantity":"0.05676593","price":"0.05751000","timestamp":1640727090,"volume":"0.00326461","buyTxId":"464d450b4d3e55cd6a35b07a4902e6360271ad2a","sellTxId":"afeeb924e6c101800260cf10c8abdf50043ffc96"}
{"index": {"_index":"pob","_id":"2408102"}}
	{"id":2408102,"type":"sell","buyer":"andy4475","seller":"failingforward","symbol":"POB","quantity":"12.82225608","price":"0.05751000","timestamp":1640727408,"volume":"0.73740795","buyTxId":"464d450b4d3e55cd6a35b07a4902e6360271ad2a","sellTxId":"96f1ae1621eb1699f21bc7d421c1ffa51f5a41f2"}
{"index": {"_index":"pob","_id":"2408146"}}
	{"id":2408146,"type":"sell","buyer":"andy4475","seller":"oscarpower55","symbol":"POB","quantity":"15.62600000","price":"0.05751000","timestamp":1640727819,"volume":"0.89865126","buyTxId":"464d450b4d3e55cd6a35b07a4902e6360271ad2a","sellTxId":"dbe83b90ce77fca1047d0286b46a048a9ded772c"}
{"index": {"_index":"pob","_id":"2408148"}}
	{"id":2408148,"type":"sell","buyer":"andy4475","seller":"failingforwards","symbol":"POB","quantity":"60.88462284","price":"0.05751000","timestamp":1640727858,"volume":"3.50147466","buyTxId":"464d450b4d3e55cd6a35b07a4902e6360271ad2a","sellTxId":"2eb071041072981f7147da68d95486351ea66cb3"}
{"index": {"_index":"pob","_id":"2408163"}}
	{"id":2408163,"type":"sell","buyer":"andy4475","seller":"ervin-lemark","symbol":"POB","quantity":"0.04824490","price":"0.05751000","timestamp":1640728041,"volume":"0.00277456","buyTxId":"464d450b4d3e55cd6a35b07a4902e6360271ad2a","sellTxId":"4a4e35771efde8abd7d3114b7517bd9545cc0d5b"}
{"index": {"_index":"pob","_id":"2408275"}}
	{"id":2408275,"type":"sell","buyer":"andy4475","seller":"alexvan","symbol":"POB","quantity":"33.96084759","price":"0.05751000","timestamp":1640729343,"volume":"1.95308834","buyTxId":"464d450b4d3e55cd6a35b07a4902e6360271ad2a","sellTxId":"95a7528d95e01c1cbe8fb7c1da7c1f2cfba7471d"}
{"index": {"_index":"pob","_id":"2408285"}}
	{"id":2408285,"type":"sell","buyer":"andy4475","seller":"razackpulo.pob","symbol":"POB","quantity":"26.02846955","price":"0.05751000","timestamp":1640729463,"volume":"1.49689728","buyTxId":"464d450b4d3e55cd6a35b07a4902e6360271ad2a","sellTxId":"cdafe1cfb2ec83b12e4f4c79a0b330a9c8ebb91a"}
{"index": {"_index":"pob","_id":"2408322"}}
	{"id":2408322,"type":"sell","buyer":"andy4475","seller":"kevmcc","symbol":"POB","quantity":"0.83267932","price":"0.05751000","timestamp":1640729853,"volume":"0.04788739","buyTxId":"464d450b4d3e55cd6a35b07a4902e6360271ad2a","sellTxId":"b2fc1dd66594d66946c4ebe939a70ac63d13d071"}
{"index": {"_index":"pob","_id":"2408396"}}
	{"id":2408396,"type":"sell","buyer":"andy4475","seller":"scooter77","symbol":"POB","quantity":"6.79771206","price":"0.05751000","timestamp":1640730429,"volume":"0.39093642","buyTxId":"464d450b4d3e55cd6a35b07a4902e6360271ad2a","sellTxId":"ba3443f932e5ee4a716610fc773d36d054ae4fc4"}
{"index": {"_index":"pob","_id":"2408397"}}
	{"id":2408397,"type":"sell","buyer":"trostparadox","seller":"scooter77","symbol":"POB","quantity":"61.20228794","price":"0.05750000","timestamp":1640730429,"volume":"3.51913156","buyTxId":"9efd423a3c4c2d6d770573060a9ad5605920ea2e","sellTxId":"ba3443f932e5ee4a716610fc773d36d054ae4fc4"}
{"index": {"_index":"pob","_id":"2408478"}}
	{"id":2408478,"type":"sell","buyer":"trostparadox","seller":"melbourneswest","symbol":"POB","quantity":"3.63644866","price":"0.05750000","timestamp":1640731440,"volume":"0.20909580","buyTxId":"9efd423a3c4c2d6d770573060a9ad5605920ea2e","sellTxId":"7aa5105b2f6521dc226cab639e3edec24334ae2b"}
{"index": {"_index":"pob","_id":"2408581"}}
	{"id":2408581,"type":"buy","buyer":"krusty81","seller":"he-index","symbol":"POB","quantity":"0.10000000","price":"0.05750000","timestamp":1640732742,"volume":"0.00575000","buyTxId":"d7b160f7b745f8f07d4993c863142fc29e303ca5","sellTxId":"f06f26c1e32bea187db886a852ab353853600109"}
{"index": {"_index":"pob","_id":"2408682"}}
	{"id":2408682,"type":"sell","buyer":"ganjafarmer","seller":"dedoverde","symbol":"POB","quantity":"0.58849166","price":"0.05713262","timestamp":1640733801,"volume":"0.03362207","buyTxId":"41ad4e962b48959eb32d64a381dfbdec09e4c440","sellTxId":"5be843dd4312af3779d965f13b075aa2fb26d728"}
{"index": {"_index":"pob","_id":"2408888"}}
	{"id":2408888,"type":"buy","buyer":"steem-holder","seller":"krusty81","symbol":"POB","quantity":"25.00000000","price":"0.06050000","timestamp":1640736687,"volume":"1.51250000","buyTxId":"4a1da3c941c6c71e878169279f5e08a0b210a83a","sellTxId":"f5af3dbd3e6c257146a4287c060775d0e1891394"}
{"index": {"_index":"pob","_id":"2408931"}}
	{"id":2408931,"type":"sell","buyer":"ganjafarmer","seller":"ahmetay","symbol":"POB","quantity":"10.77642299","price":"0.05713262","timestamp":1640737029,"volume":"0.61568528","buyTxId":"41ad4e962b48959eb32d64a381dfbdec09e4c440","sellTxId":"3c4c30bd053d38245d6a37adcee5697f30c3b49e"}
{"index": {"_index":"pob","_id":"2408932"}}
	{"id":2408932,"type":"sell","buyer":"meesterboom","seller":"ahmetay","symbol":"POB","quantity":"42.61203639","price":"0.05700000","timestamp":1640737029,"volume":"2.42888607","buyTxId":"5b9e6dac7a0e220641d6086123fce8159435171c","sellTxId":"3c4c30bd053d38245d6a37adcee5697f30c3b49e"}
{"index": {"_index":"pob","_id":"2408952"}}
	{"id":2408952,"type":"sell","buyer":"meesterboom","seller":"orcish","symbol":"POB","quantity":"0.50581717","price":"0.05700000","timestamp":1640737341,"volume":"0.02883158","buyTxId":"5b9e6dac7a0e220641d6086123fce8159435171c","sellTxId":"aeb4d76d45faaa61a3b8c85f0954b683c507e792"}
{"index": {"_index":"pob","_id":"2409101"}}
	{"id":2409101,"type":"sell","buyer":"meesterboom","seller":"dhedge-drips","symbol":"POB","quantity":"1.02127944","price":"0.05700000","timestamp":1640738799,"volume":"0.05821293","buyTxId":"5b9e6dac7a0e220641d6086123fce8159435171c","sellTxId":"995c6955a5e936354c4d2a6c54d082a30a8e89c7"}
{"index": {"_index":"pob","_id":"2409112"}}
	{"id":2409112,"type":"sell","buyer":"meesterboom","seller":"quinnertronics","symbol":"POB","quantity":"0.62434571","price":"0.05700000","timestamp":1640738844,"volume":"0.03558771","buyTxId":"5b9e6dac7a0e220641d6086123fce8159435171c","sellTxId":"8811dd49edcf3fb7f5e0ed92208055d312e2d410"}
{"index": {"_index":"pob","_id":"2409226"}}
	{"id":2409226,"type":"sell","buyer":"meesterboom","seller":"holovision","symbol":"POB","quantity":"4.29000000","price":"0.05700000","timestamp":1640740344,"volume":"0.24453000","buyTxId":"5b9e6dac7a0e220641d6086123fce8159435171c","sellTxId":"e1883b5c454918e837f2aaf72d643669cdb4a197"}
{"index": {"_index":"pob","_id":"2409376"}}
	{"id":2409376,"type":"sell","buyer":"meesterboom","seller":"alfarero","symbol":"POB","quantity":"2.63695155","price":"0.05700000","timestamp":1640741832,"volume":"0.15030624","buyTxId":"5b9e6dac7a0e220641d6086123fce8159435171c","sellTxId":"1f4070ab3a9a19fccfe6c87fe50309fcca13adc9"}
{"index": {"_index":"pob","_id":"2409505"}}
	{"id":2409505,"type":"sell","buyer":"meesterboom","seller":"offgridlife","symbol":"POB","quantity":"30.00000000","price":"0.05700000","timestamp":1640742891,"volume":"1.71000000","buyTxId":"5b9e6dac7a0e220641d6086123fce8159435171c","sellTxId":"6b0487e480bdf80b682d525bee3b87afdad8ef2d"}
{"index": {"_index":"pob","_id":"2409685"}}
	{"id":2409685,"type":"sell","buyer":"meesterboom","seller":"forykw","symbol":"POB","quantity":"3.60490864","price":"0.05700000","timestamp":1640744853,"volume":"0.20547979","buyTxId":"5b9e6dac7a0e220641d6086123fce8159435171c","sellTxId":"c5bc153c3cc155fb54bdd186c7de52d860561c1e"}
{"index": {"_index":"pob","_id":"2409807"}}
	{"id":2409807,"type":"buy","buyer":"opidia","seller":"krusty81","symbol":"POB","quantity":"43.17521886","price":"0.06050000","timestamp":1640746191,"volume":"2.61210074","buyTxId":"aac108c0d06a82aad6c22836e4490184c36d7a18","sellTxId":"f5af3dbd3e6c257146a4287c060775d0e1891394"}
{"index": {"_index":"pob","_id":"2409808"}}
	{"id":2409808,"type":"buy","buyer":"opidia","seller":"krusty81","symbol":"POB","quantity":"0.10000000","price":"0.06050000","timestamp":1640746191,"volume":"0.00605000","buyTxId":"aac108c0d06a82aad6c22836e4490184c36d7a18","sellTxId":"6ba9ff54766cff2948283b9ca37712a84d499a26"}
{"index": {"_index":"pob","_id":"2409809"}}
	{"id":2409809,"type":"buy","buyer":"opidia","seller":"dhedge-drips","symbol":"POB","quantity":"1.02127914","price":"0.06050000","timestamp":1640746191,"volume":"0.06178739","buyTxId":"aac108c0d06a82aad6c22836e4490184c36d7a18","sellTxId":"98837cf03e4bec3d95989001270d846dad8af375"}
{"index": {"_index":"pob","_id":"2409811"}}
	{"id":2409811,"type":"buy","buyer":"opidia","seller":"dhedge-drips","symbol":"POB","quantity":"0.00000030","price":"0.06050000","timestamp":1640746212,"volume":"0.00000002","buyTxId":"b9a26387c654b40813fe4d2a00ba16b105a9fc23","sellTxId":"98837cf03e4bec3d95989001270d846dad8af375"}
{"index": {"_index":"pob","_id":"2409812"}}
	{"id":2409812,"type":"buy","buyer":"opidia","seller":"brofi-market","symbol":"POB","quantity":"9.53194070","price":"0.06100000","timestamp":1640746212,"volume":"0.58144838","buyTxId":"b9a26387c654b40813fe4d2a00ba16b105a9fc23","sellTxId":"7ca16c35ac571f424ba14c25edb9b86b57ddf9cf"}
{"index": {"_index":"pob","_id":"2409814"}}
	{"id":2409814,"type":"sell","buyer":"meesterboom","seller":"bitcoinflood","symbol":"POB","quantity":"9.71217256","price":"0.05700000","timestamp":1640746221,"volume":"0.55359384","buyTxId":"5b9e6dac7a0e220641d6086123fce8159435171c","sellTxId":"36e12ac4fd8abef09a152aecccaae7f3cd0fec03"}
{"index": {"_index":"pob","_id":"2409815"}}
	{"id":2409815,"type":"buy","buyer":"opidia","seller":"brofi-market","symbol":"POB","quantity":"0.00000085","price":"0.06100000","timestamp":1640746239,"volume":"0.00000005","buyTxId":"e07a2d75c02026914924946b3214ce19277ea94a","sellTxId":"7ca16c35ac571f424ba14c25edb9b86b57ddf9cf"}
{"index": {"_index":"pob","_id":"2409816"}}
	{"id":2409816,"type":"buy","buyer":"opidia","seller":"quicktrades","symbol":"POB","quantity":"0.54836015","price":"0.06199998","timestamp":1640746239,"volume":"0.03399832","buyTxId":"e07a2d75c02026914924946b3214ce19277ea94a","sellTxId":"33acf8a2e86376be18814d4bea0184ae7ef7219c"}
{"index": {"_index":"pob","_id":"2409817"}}
	{"id":2409817,"type":"buy","buyer":"opidia","seller":"quicktrades","symbol":"POB","quantity":"0.00000152","price":"0.06199998","timestamp":1640746263,"volume":"0.00000009","buyTxId":"c7adc98caa9654018af5a20f20283f81a359f3e9","sellTxId":"33acf8a2e86376be18814d4bea0184ae7ef7219c"}
{"index": {"_index":"pob","_id":"2409818"}}
	{"id":2409818,"type":"buy","buyer":"opidia","seller":"droida","symbol":"POB","quantity":"0.25928148","price":"0.06199999","timestamp":1640746263,"volume":"0.01607545","buyTxId":"c7adc98caa9654018af5a20f20283f81a359f3e9","sellTxId":"c1020ca13a1acf739cbc2467c9e7cb0bc2b0ee48"}
{"index": {"_index":"pob","_id":"2409820"}}
	{"id":2409820,"type":"buy","buyer":"opidia","seller":"droida","symbol":"POB","quantity":"0.00000155","price":"0.06199999","timestamp":1640746287,"volume":"0.00000010","buyTxId":"ea9454794a3dc337065d3d71a0f1533aa32a09f8","sellTxId":"c1020ca13a1acf739cbc2467c9e7cb0bc2b0ee48"}
{"index": {"_index":"pob","_id":"2409821"}}
	{"id":2409821,"type":"buy","buyer":"opidia","seller":"jersteemit","symbol":"POB","quantity":"17.26010345","price":"0.06200000","timestamp":1640746287,"volume":"1.07012641","buyTxId":"ea9454794a3dc337065d3d71a0f1533aa32a09f8","sellTxId":"4eadac6bee696539995b7e48134c49f3bb8c45e5"}
{"index": {"_index":"pob","_id":"2409827"}}
	{"id":2409827,"type":"buy","buyer":"opidia","seller":"jersteemit","symbol":"POB","quantity":"0.00000237","price":"0.06200000","timestamp":1640746308,"volume":"0.00000015","buyTxId":"f1f37a8e34d29320062a4cf20ccb3379d6b0a5ad","sellTxId":"4eadac6bee696539995b7e48134c49f3bb8c45e5"}
{"index": {"_index":"pob","_id":"2409828"}}
	{"id":2409828,"type":"buy","buyer":"opidia","seller":"aiuna","symbol":"POB","quantity":"420.02243563","price":"0.06300000","timestamp":1640746308,"volume":"26.46141344","buyTxId":"f1f37a8e34d29320062a4cf20ccb3379d6b0a5ad","sellTxId":"ad08aec8e2ff2834c1a86c4cbd09b62f208ad9d4"}
{"index": {"_index":"pob","_id":"2409830"}}
	{"id":2409830,"type":"buy","buyer":"opidia","seller":"aiuna","symbol":"POB","quantity":"0.00000289","price":"0.06300000","timestamp":1640746338,"volume":"0.00000018","buyTxId":"1146342920f5007793d9e6ad37549e06cd6f9df1","sellTxId":"ad08aec8e2ff2834c1a86c4cbd09b62f208ad9d4"}
{"index": {"_index":"pob","_id":"2409831"}}
	{"id":2409831,"type":"buy","buyer":"opidia","seller":"erhan92","symbol":"POB","quantity":"52.99999711","price":"0.06391000","timestamp":1640746338,"volume":"3.38722982","buyTxId":"1146342920f5007793d9e6ad37549e06cd6f9df1","sellTxId":"220f57084ba1996981d044b1b74d650250e640a1"}
{"index": {"_index":"pob","_id":"2409832"}}
	{"id":2409832,"type":"buy","buyer":"opidia","seller":"erhan92","symbol":"POB","quantity":"0.00000289","price":"0.06391000","timestamp":1640746362,"volume":"0.00000018","buyTxId":"2e4ab0ac1285a76fc45080490ba5f53bc19a269c","sellTxId":"220f57084ba1996981d044b1b74d650250e640a1"}
{"index": {"_index":"pob","_id":"2409833"}}
	{"id":2409833,"type":"buy","buyer":"opidia","seller":"jeferybgomez","symbol":"POB","quantity":"0.22710899","price":"0.06395375","timestamp":1640746362,"volume":"0.01452447","buyTxId":"2e4ab0ac1285a76fc45080490ba5f53bc19a269c","sellTxId":"b56ccdd28ca651e4508961320e841fb7987735ed"}
{"index": {"_index":"pob","_id":"2409834"}}
	{"id":2409834,"type":"buy","buyer":"opidia","seller":"master-lamps","symbol":"POB","quantity":"1.98850812","price":"0.06395375","timestamp":1640746362,"volume":"0.12717255","buyTxId":"2e4ab0ac1285a76fc45080490ba5f53bc19a269c","sellTxId":"46581b5b39a2f1bab019f06503a37e2e7853b22e"}
{"index": {"_index":"pob","_id":"2409836"}}
	{"id":2409836,"type":"buy","buyer":"opidia","seller":"master-lamps","symbol":"POB","quantity":"0.00000325","price":"0.06395375","timestamp":1640746392,"volume":"0.00000021","buyTxId":"33b379456d560aafad65292ba852f5d2f9e467d4","sellTxId":"46581b5b39a2f1bab019f06503a37e2e7853b22e"}
{"index": {"_index":"pob","_id":"2409837"}}
	{"id":2409837,"type":"buy","buyer":"opidia","seller":"liotes.voter","symbol":"POB","quantity":"25.28866675","price":"0.06395501","timestamp":1640746392,"volume":"1.61733693","buyTxId":"33b379456d560aafad65292ba852f5d2f9e467d4","sellTxId":"3c685f9ddd6efcb5b6d9b1680baa008e436b78d6"}
{"index": {"_index":"pob","_id":"2409842"}}
	{"id":2409842,"type":"buy","buyer":"opidia","seller":"liotes.voter","symbol":"POB","quantity":"0.00000340","price":"0.06395501","timestamp":1640746416,"volume":"0.00000022","buyTxId":"f5671341e6f44a6c2359567321d586664fbd1aa0","sellTxId":"3c685f9ddd6efcb5b6d9b1680baa008e436b78d6"}
{"index": {"_index":"pob","_id":"2409843"}}
	{"id":2409843,"type":"buy","buyer":"opidia","seller":"myfreebtc","symbol":"POB","quantity":"52.88471560","price":"0.06396000","timestamp":1640746416,"volume":"3.38250641","buyTxId":"f5671341e6f44a6c2359567321d586664fbd1aa0","sellTxId":"69e7473cad8f9b82ec63140d0335ee9e7da6ffc1"}
{"index": {"_index":"pob","_id":"2409847"}}
	{"id":2409847,"type":"buy","buyer":"opidia","seller":"myfreebtc","symbol":"POB","quantity":"0.00000370","price":"0.06396000","timestamp":1640746437,"volume":"0.00000024","buyTxId":"c162fece19194b423965e3251d38cd797fef2ce9","sellTxId":"69e7473cad8f9b82ec63140d0335ee9e7da6ffc1"}
{"index": {"_index":"pob","_id":"2409848"}}
	{"id":2409848,"type":"buy","buyer":"opidia","seller":"brofi-market","symbol":"POB","quantity":"8.03372462","price":"0.06397000","timestamp":1640746437,"volume":"0.51391736","buyTxId":"c162fece19194b423965e3251d38cd797fef2ce9","sellTxId":"9a4ac25cc0641a5122cb056006c333dea1b53018"}
{"index": {"_index":"pob","_id":"2409849"}}
	{"id":2409849,"type":"buy","buyer":"opidia","seller":"skylinebuds-weed","symbol":"POB","quantity":"13.90000000","price":"0.06397000","timestamp":1640746437,"volume":"0.88918300","buyTxId":"c162fece19194b423965e3251d38cd797fef2ce9","sellTxId":"d95c312208518dc443ed39097e596f9256ed6513"}
{"index": {"_index":"pob","_id":"2409850"}}
	{"id":2409850,"type":"buy","buyer":"opidia","seller":"dhedge-drips","symbol":"POB","quantity":"1.29009268","price":"0.06397000","timestamp":1640746437,"volume":"0.08252723","buyTxId":"c162fece19194b423965e3251d38cd797fef2ce9","sellTxId":"e0db04e9d6055f3c54884f1757a04b100a5a8a94"}
{"index": {"_index":"pob","_id":"2410008"}}
	{"id":2410008,"type":"sell","buyer":"meesterboom","seller":"ugochill","symbol":"POB","quantity":"0.00193192","price":"0.05700000","timestamp":1640748195,"volume":"0.00011012","buyTxId":"5b9e6dac7a0e220641d6086123fce8159435171c","sellTxId":"f76dcbf5701633296468d634484aa9d8e3e99d70"}
{"index": {"_index":"pob","_id":"2410096"}}
	{"id":2410096,"type":"sell","buyer":"meesterboom","seller":"magnacarta","symbol":"POB","quantity":"0.98113123","price":"0.05700000","timestamp":1640748939,"volume":"0.05592448","buyTxId":"5b9e6dac7a0e220641d6086123fce8159435171c","sellTxId":"ded4e945a55a70582ca97a9a6781079c06d02349"}
{"index": {"_index":"pob","_id":"2410136"}}
	{"id":2410136,"type":"sell","buyer":"meesterboom","seller":"holovision","symbol":"POB","quantity":"6.15900000","price":"0.05700000","timestamp":1640749545,"volume":"0.35106300","buyTxId":"5b9e6dac7a0e220641d6086123fce8159435171c","sellTxId":"42a7f1f6f98925fc5ade5b5b420098be1a3601c6"}
{"index": {"_index":"pob","_id":"2410142"}}
	{"id":2410142,"type":"sell","buyer":"meesterboom","seller":"decentropia","symbol":"POB","quantity":"0.09094396","price":"0.05700000","timestamp":1640749716,"volume":"0.00518381","buyTxId":"5b9e6dac7a0e220641d6086123fce8159435171c","sellTxId":"a9d1af948e017aa91a2144167d334e1efcdb9aa5"}
