{"index": {"_index":"pob","_id":"2339345"}}
	{"id":2339345,"type":"sell","buyer":"anadolu","seller":"teenagecrypto","symbol":"POB","quantity":"2.10999788","price":"0.07010100","timestamp":1640059515,"volume":"0.14791296","buyTxId":"MM-P-13233585-60220526-3-0-0","sellTxId":"10fa11dbcfcd265888a26869f51cba2fdad5b7fb"}
{"index": {"_index":"pob","_id":"2339396"}}
	{"id":2339396,"type":"sell","buyer":"anadolu","seller":"brofi-market","symbol":"POB","quantity":"11.03180876","price":"0.07010100","timestamp":1640059980,"volume":"0.77334083","buyTxId":"MM-P-13233585-60220526-3-0-0","sellTxId":"7c6a2175106d62e7ba5b032642e8b1cbf737fab7"}
{"index": {"_index":"pob","_id":"2339677"}}
	{"id":2339677,"type":"sell","buyer":"anadolu","seller":"karamyog","symbol":"POB","quantity":"0.21673866","price":"0.07010100","timestamp":1640062521,"volume":"0.01519360","buyTxId":"MM-P-13233585-60220526-3-0-0","sellTxId":"da350cc78ecedd944f0b0da8445624db74f865d2"}
{"index": {"_index":"pob","_id":"2339705"}}
	{"id":2339705,"type":"sell","buyer":"anadolu","seller":"holovision","symbol":"POB","quantity":"5.00000000","price":"0.07010100","timestamp":1640062737,"volume":"0.35050500","buyTxId":"MM-P-13233585-60220526-3-0-0","sellTxId":"44252946720877560bfad600df39545230f0d7a5"}
{"index": {"_index":"pob","_id":"2339743"}}
	{"id":2339743,"type":"sell","buyer":"anadolu","seller":"he-index","symbol":"POB","quantity":"0.02600000","price":"0.07010100","timestamp":1640062986,"volume":"0.00182263","buyTxId":"MM-P-13233585-60220526-3-0-0","sellTxId":"58e9c9ac889aa3336e58e3efa89e7477ce6aafa0"}
{"index": {"_index":"pob","_id":"2339908"}}
	{"id":2339908,"type":"sell","buyer":"anadolu","seller":"timdy","symbol":"POB","quantity":"1.30000000","price":"0.07010100","timestamp":1640064894,"volume":"0.09113130","buyTxId":"MM-P-13233585-60220526-3-0-0","sellTxId":"97fd2151e9302ded64b98a31012b32edb26f3d5e"}
{"index": {"_index":"pob","_id":"2340229"}}
	{"id":2340229,"type":"sell","buyer":"anadolu","seller":"lebah","symbol":"POB","quantity":"16.00000000","price":"0.07010100","timestamp":1640068107,"volume":"1.12161600","buyTxId":"MM-P-13233585-60220526-3-0-0","sellTxId":"d581096470661001df64507bd58e1957e19c24df"}
{"index": {"_index":"pob","_id":"2340248"}}
	{"id":2340248,"type":"sell","buyer":"anadolu","seller":"zainalbakri","symbol":"POB","quantity":"8.53123871","price":"0.07010100","timestamp":1640068164,"volume":"0.59804836","buyTxId":"MM-P-13233585-60220526-3-0-0","sellTxId":"0d80cd53e3bbf0f0334eb6e9ef7d8c58fde84fe2"}
{"index": {"_index":"pob","_id":"2340349"}}
	{"id":2340349,"type":"sell","buyer":"anadolu","seller":"dhedge-drips","symbol":"POB","quantity":"1.18197950","price":"0.07010100","timestamp":1640069187,"volume":"0.08285794","buyTxId":"MM-P-13233585-60220526-3-0-0","sellTxId":"680cb101dc0c30e8b016934557819115ce5d9b92"}
{"index": {"_index":"pob","_id":"2340350"}}
	{"id":2340350,"type":"sell","buyer":"anadolu","seller":"nevies","symbol":"POB","quantity":"13.07935435","price":"0.07010100","timestamp":1640069196,"volume":"0.91687582","buyTxId":"MM-P-13233585-60220526-3-0-0","sellTxId":"89b17b759855cc7a88eb4a4dac7a768119d6ddc7"}
{"index": {"_index":"pob","_id":"2340401"}}
	{"id":2340401,"type":"sell","buyer":"flauwy","seller":"nevies","symbol":"POB","quantity":"88.63568028","price":"0.07010000","timestamp":1640069538,"volume":"6.21336118","buyTxId":"fbd8f83bd3e18e93ad93a2575de375e26dba4ff5","sellTxId":"15979ce2f79469cebe3f2e73e67860339a9a456e"}
{"index": {"_index":"pob","_id":"2340402"}}
	{"id":2340402,"type":"sell","buyer":"trostparadox","seller":"nevies","symbol":"POB","quantity":"7.16666901","price":"0.07000000","timestamp":1640069538,"volume":"0.50166683","buyTxId":"f7c38a36cdf569101c4637700e7d71c24e77362a","sellTxId":"15979ce2f79469cebe3f2e73e67860339a9a456e"}
{"index": {"_index":"pob","_id":"2340465"}}
	{"id":2340465,"type":"sell","buyer":"trostparadox","seller":"anadolu","symbol":"POB","quantity":"7500.00000000","price":"0.07000000","timestamp":1640070009,"volume":"525.00000000","buyTxId":"f7c38a36cdf569101c4637700e7d71c24e77362a","sellTxId":"9965eb2136a8e9bd958c997d8f01b4c574384528"}
{"index": {"_index":"pob","_id":"2340471"}}
	{"id":2340471,"type":"buy","buyer":"panosdada","seller":"anadolu","symbol":"POB","quantity":"12.19527067","price":"0.08199900","timestamp":1640070045,"volume":"1","buyTxId":"9745f2b0d28100e39b6cb45c7f3dba19bacd0433","sellTxId":"MM-P-13237276-60224218-3-0-0"}
{"index": {"_index":"pob","_id":"2340506"}}
	{"id":2340506,"type":"sell","buyer":"trostparadox","seller":"hive-id","symbol":"POB","quantity":"2.40000000","price":"0.07000000","timestamp":1640070513,"volume":"0.16800000","buyTxId":"f7c38a36cdf569101c4637700e7d71c24e77362a","sellTxId":"e3d229040cc116ac888da714417bc01529962691"}
{"index": {"_index":"pob","_id":"2340533"}}
	{"id":2340533,"type":"sell","buyer":"trostparadox","seller":"holovision","symbol":"POB","quantity":"3.79816740","price":"0.07000000","timestamp":1640070714,"volume":"0.26587172","buyTxId":"f7c38a36cdf569101c4637700e7d71c24e77362a","sellTxId":"89407b8e9cebc73070ddc3dc9a9c6039a7f9c46e"}
{"index": {"_index":"pob","_id":"2340631"}}
	{"id":2340631,"type":"sell","buyer":"trostparadox","seller":"montpellier","symbol":"POB","quantity":"29.66000000","price":"0.07000000","timestamp":1640072241,"volume":"2.07620000","buyTxId":"f7c38a36cdf569101c4637700e7d71c24e77362a","sellTxId":"ccb0b1f4c42b4bd5efdca242ce6760680093beb3"}
{"index": {"_index":"pob","_id":"2340672"}}
	{"id":2340672,"type":"sell","buyer":"trostparadox","seller":"celestal","symbol":"POB","quantity":"42.99265207","price":"0.07000000","timestamp":1640072763,"volume":"3.00948564","buyTxId":"f7c38a36cdf569101c4637700e7d71c24e77362a","sellTxId":"b3bedd83d9473f4b817f9c88083274e99680d1d4"}
{"index": {"_index":"pob","_id":"2340698"}}
	{"id":2340698,"type":"buy","buyer":"lxsxl","seller":"ctpsb","symbol":"POB","quantity":"9.67000000","price":"0.08199900","timestamp":1640073111,"volume":"0.79293033","buyTxId":"32a8d35401ce4d62f1bc0152f644fdfdc4677b4c","sellTxId":"ba7b23ac194b0af3e2b10bb7c4d2ff83b4901db8"}
{"index": {"_index":"pob","_id":"2340714"}}
	{"id":2340714,"type":"sell","buyer":"lxsxl","seller":"uyobong","symbol":"POB","quantity":"41.17301028","price":"0.08199900","timestamp":1640073303,"volume":"3.37614567","buyTxId":"32a8d35401ce4d62f1bc0152f644fdfdc4677b4c","sellTxId":"62cfb92b460e4c83693dafc624baf1d13139cad7"}
{"index": {"_index":"pob","_id":"2340885"}}
	{"id":2340885,"type":"sell","buyer":"anadolu","seller":"itharagaian","symbol":"POB","quantity":"0.11600000","price":"0.07000100","timestamp":1640074362,"volume":"0.00812012","buyTxId":"MM-P-13238570-60225513-3-0-0","sellTxId":"29c0c69aa6c5b93e6d4c759739802e06a2936568"}
{"index": {"_index":"pob","_id":"2340900"}}
	{"id":2340900,"type":"sell","buyer":"anadolu","seller":"florenceboens","symbol":"POB","quantity":"3.68059651","price":"0.07000100","timestamp":1640074515,"volume":"0.25764544","buyTxId":"MM-P-13238570-60225513-3-0-0","sellTxId":"5991da0600aaca0a9d310ec2cc70f8ba604b60e0"}
{"index": {"_index":"pob","_id":"2341017"}}
	{"id":2341017,"type":"sell","buyer":"anadolu","seller":"holovision","symbol":"POB","quantity":"35.75000000","price":"0.07000100","timestamp":1640075694,"volume":"2.50253575","buyTxId":"MM-P-13238570-60225513-3-0-0","sellTxId":"e9ae139509224e16e290fab054f1995c692c7fd8"}
{"index": {"_index":"pob","_id":"2341461"}}
	{"id":2341461,"type":"buy","buyer":"hirohurl","seller":"barski","symbol":"POB","quantity":"1.02611884","price":"0.08199000","timestamp":1640079699,"volume":"0.08413148","buyTxId":"d6278d69bf594a783ef8867d324acbb7ad117164","sellTxId":"8e67c365b67d40cf711e75a25f214645fe636c50"}
{"index": {"_index":"pob","_id":"2341651"}}
	{"id":2341651,"type":"sell","buyer":"anadolu","seller":"chekohler","symbol":"POB","quantity":"0.56078581","price":"0.07000100","timestamp":1640081862,"volume":"0.03925557","buyTxId":"MM-P-13238570-60225513-3-0-0","sellTxId":"e1b309082d99f892cc4df612908ae097dab73d05"}
{"index": {"_index":"pob","_id":"2341680"}}
	{"id":2341680,"type":"sell","buyer":"anadolu","seller":"stickupofficial1","symbol":"POB","quantity":"0.49084304","price":"0.07000100","timestamp":1640082180,"volume":"0.03435950","buyTxId":"MM-P-13238570-60225513-3-0-0","sellTxId":"54019d801f70b91ed4ed21c872fdec89c88d20d0"}
{"index": {"_index":"pob","_id":"2341808"}}
	{"id":2341808,"type":"sell","buyer":"anadolu","seller":"sayago","symbol":"POB","quantity":"3.00000000","price":"0.07000100","timestamp":1640083158,"volume":"0.21000300","buyTxId":"MM-P-13238570-60225513-3-0-0","sellTxId":"476eb014c2ccd6f8fbcc3213a334e25b4061e137"}
{"index": {"_index":"pob","_id":"2341809"}}
	{"id":2341809,"type":"sell","buyer":"anadolu","seller":"mad-runner","symbol":"POB","quantity":"2.51255113","price":"0.07000100","timestamp":1640083206,"volume":"0.17588109","buyTxId":"MM-P-13238570-60225513-3-0-0","sellTxId":"895d278cbc94eb8921c66eab9b0d26e08e714003"}
{"index": {"_index":"pob","_id":"2341813"}}
	{"id":2341813,"type":"sell","buyer":"anadolu","seller":"teesart","symbol":"POB","quantity":"86.01562412","price":"0.07000100","timestamp":1640083218,"volume":"6.02117970","buyTxId":"MM-P-13238570-60225513-3-0-0","sellTxId":"213a559fc37966e6c511467ef75bfe4547bebcdc"}
{"index": {"_index":"pob","_id":"2341949"}}
	{"id":2341949,"type":"sell","buyer":"anadolu","seller":"andy-plays","symbol":"POB","quantity":"0.25000000","price":"0.07000100","timestamp":1640084778,"volume":"0.01750025","buyTxId":"MM-P-13238570-60225513-3-0-0","sellTxId":"70ff9f0dc5b427e4003b62ada6f2be68b91ebaac"}
{"index": {"_index":"pob","_id":"2341995"}}
	{"id":2341995,"type":"sell","buyer":"anadolu","seller":"shebe","symbol":"POB","quantity":"4.19071497","price":"0.07000100","timestamp":1640085333,"volume":"0.29335424","buyTxId":"MM-P-13238570-60225513-3-0-0","sellTxId":"fa4c86e42e781999941ca82302174440eb60bf91"}
{"index": {"_index":"pob","_id":"2342005"}}
	{"id":2342005,"type":"sell","buyer":"anadolu","seller":"razackpulo.pob","symbol":"POB","quantity":"6.28798649","price":"0.07000100","timestamp":1640085450,"volume":"0.44016534","buyTxId":"MM-P-13238570-60225513-3-0-0","sellTxId":"b344399e5e13ab147a77cc4dfcdc754dc5d41ee3"}
{"index": {"_index":"pob","_id":"2342006"}}
	{"id":2342006,"type":"sell","buyer":"trostparadox","seller":"razackpulo.pob","symbol":"POB","quantity":"14.18503617","price":"0.07000000","timestamp":1640085450,"volume":"0.99295253","buyTxId":"f7c38a36cdf569101c4637700e7d71c24e77362a","sellTxId":"b344399e5e13ab147a77cc4dfcdc754dc5d41ee3"}
{"index": {"_index":"pob","_id":"2342025"}}
	{"id":2342025,"type":"sell","buyer":"trostparadox","seller":"razackpulo.sport","symbol":"POB","quantity":"7.07223559","price":"0.07000000","timestamp":1640085669,"volume":"0.49505649","buyTxId":"f7c38a36cdf569101c4637700e7d71c24e77362a","sellTxId":"b9a2ee2d631feda125ae555d4302ee3eda59cbc8"}
{"index": {"_index":"pob","_id":"2342250"}}
	{"id":2342250,"type":"sell","buyer":"trostparadox","seller":"stickupboys","symbol":"POB","quantity":"2.30022737","price":"0.07000000","timestamp":1640088363,"volume":"0.16101592","buyTxId":"f7c38a36cdf569101c4637700e7d71c24e77362a","sellTxId":"d1793a8a6c9d709918ab7c110c312a38a7e55f28"}
{"index": {"_index":"pob","_id":"2342407"}}
	{"id":2342407,"type":"buy","buyer":"pompeylad","seller":"brianhuang","symbol":"POB","quantity":"0.95955923","price":"0.08040000","timestamp":1640090025,"volume":"0.07714856","buyTxId":"ad832366a1fabafd53f90382f0c33c7614bcdbb9","sellTxId":"4a711a979b162028dfa9d40f0ac8e558a39b74c2"}
{"index": {"_index":"pob","_id":"2342524"}}
	{"id":2342524,"type":"sell","buyer":"pompeylad","seller":"behiverbee","symbol":"POB","quantity":"0.41582398","price":"0.08040000","timestamp":1640091372,"volume":"0.03343225","buyTxId":"ad832366a1fabafd53f90382f0c33c7614bcdbb9","sellTxId":"85da802bb4156559c643b773233f7d577383431b"}
{"index": {"_index":"pob","_id":"2342533"}}
	{"id":2342533,"type":"sell","buyer":"trostparadox","seller":"yayogerardo","symbol":"POB","quantity":"132.9242871","price":"0.07000000","timestamp":1640091540,"volume":"9.30470010","buyTxId":"f7c38a36cdf569101c4637700e7d71c24e77362a","sellTxId":"a6e80dd37c3cfc5278df5f18a9f2265fb605bbc1"}
{"index": {"_index":"pob","_id":"2342550"}}
	{"id":2342550,"type":"sell","buyer":"trostparadox","seller":"urun","symbol":"POB","quantity":"6.46509201","price":"0.07000000","timestamp":1640091867,"volume":"0.45255644","buyTxId":"f7c38a36cdf569101c4637700e7d71c24e77362a","sellTxId":"16170cf37977ebd0b7c2245e03743fde15210570"}
{"index": {"_index":"pob","_id":"2342629"}}
	{"id":2342629,"type":"sell","buyer":"trostparadox","seller":"quantumg","symbol":"POB","quantity":"1.59108425","price":"0.07000000","timestamp":1640092602,"volume":"0.11137590","buyTxId":"f7c38a36cdf569101c4637700e7d71c24e77362a","sellTxId":"d446963d707329c7d8d62a996152e47e5e4b5a4e"}
{"index": {"_index":"pob","_id":"2342754"}}
	{"id":2342754,"type":"sell","buyer":"trostparadox","seller":"elianaicgomes","symbol":"POB","quantity":"18.04175772","price":"0.07000000","timestamp":1640093799,"volume":"1.26292304","buyTxId":"f7c38a36cdf569101c4637700e7d71c24e77362a","sellTxId":"0d4c96c3d8c813da95e00b64d31cc652035c40f5"}
{"index": {"_index":"pob","_id":"2342755"}}
	{"id":2342755,"type":"sell","buyer":"trostparadox","seller":"elricmoonslayer","symbol":"POB","quantity":"2.31827108","price":"0.07000000","timestamp":1640093802,"volume":"0.16227898","buyTxId":"f7c38a36cdf569101c4637700e7d71c24e77362a","sellTxId":"040b938abbcee3566ff7d339f7dd08c0b29b3bb1"}
{"index": {"_index":"pob","_id":"2342973"}}
	{"id":2342973,"type":"sell","buyer":"trostparadox","seller":"thisisawesome","symbol":"POB","quantity":"3.37843174","price":"0.07000000","timestamp":1640095326,"volume":"0.23649022","buyTxId":"f7c38a36cdf569101c4637700e7d71c24e77362a","sellTxId":"1abdc426f82fe03aa78b8d2ebb589b9a4856e67f"}
{"index": {"_index":"pob","_id":"2343094"}}
	{"id":2343094,"type":"sell","buyer":"trostparadox","seller":"chinorf","symbol":"POB","quantity":"0.80000000","price":"0.07000000","timestamp":1640096418,"volume":"0.05600000","buyTxId":"f7c38a36cdf569101c4637700e7d71c24e77362a","sellTxId":"1bf19940607f72c726310454ae4459f0e90dc892"}
{"index": {"_index":"pob","_id":"2343135"}}
	{"id":2343135,"type":"sell","buyer":"trostparadox","seller":"gadrian","symbol":"POB","quantity":"2.00000000","price":"0.07000000","timestamp":1640096877,"volume":"0.14000000","buyTxId":"f7c38a36cdf569101c4637700e7d71c24e77362a","sellTxId":"295d7b141129d28ece9601b1855f32eed3e56ce3"}
{"index": {"_index":"pob","_id":"2343338"}}
	{"id":2343338,"type":"sell","buyer":"anadolu","seller":"hranhuk","symbol":"POB","quantity":"142.85508166","price":"0.07000101","timestamp":1640098647,"volume":"10.00000000","buyTxId":"MM-P-13247046-60233991-3-0-0","sellTxId":"fc56c9bf1867ab54b821b5ac708db5d3fe63d007"}
{"index": {"_index":"pob","_id":"2343339"}}
	{"id":2343339,"type":"sell","buyer":"gimme-your-coinz","seller":"hranhuk","symbol":"POB","quantity":"66.00000000","price":"0.07000001","timestamp":1640098647,"volume":"4.62000066","buyTxId":"0546be1897b78c28bc0b518c046bb21b552a0497","sellTxId":"fc56c9bf1867ab54b821b5ac708db5d3fe63d007"}
{"index": {"_index":"pob","_id":"2343340"}}
	{"id":2343340,"type":"sell","buyer":"gimme-your-coinz","seller":"hranhuk","symbol":"POB","quantity":"66.00000000","price":"0.07000001","timestamp":1640098647,"volume":"4.62000066","buyTxId":"f1af9dd5a0897f2ec2fcb9393c103537f78d99e7","sellTxId":"fc56c9bf1867ab54b821b5ac708db5d3fe63d007"}
{"index": {"_index":"pob","_id":"2343341"}}
	{"id":2343341,"type":"sell","buyer":"trostparadox","seller":"hranhuk","symbol":"POB","quantity":"25.14491834","price":"0.07000000","timestamp":1640098647,"volume":"1.76014428","buyTxId":"f7c38a36cdf569101c4637700e7d71c24e77362a","sellTxId":"fc56c9bf1867ab54b821b5ac708db5d3fe63d007"}
{"index": {"_index":"pob","_id":"2343425"}}
	{"id":2343425,"type":"sell","buyer":"gimme-your-coinz","seller":"besheda","symbol":"POB","quantity":"3.31081566","price":"0.07000203","timestamp":1640099496,"volume":"0.23176382","buyTxId":"a7a99fea6fa154823479df34c12a2577ae6f5fd8","sellTxId":"4db1514f6f2bf4e10595c12f7aa691a8f1ff9a4b"}
{"index": {"_index":"pob","_id":"2343490"}}
	{"id":2343490,"type":"sell","buyer":"gimme-your-coinz","seller":"dwinblood","symbol":"POB","quantity":"29.10808238","price":"0.07000506","timestamp":1640100306,"volume":"2.03771305","buyTxId":"308324f3c1013431e2861ad17ade745e577704da","sellTxId":"361dc9c39d2c7400ae9f09af3b221d0e1fd05716"}
{"index": {"_index":"pob","_id":"2343546"}}
	{"id":2343546,"type":"sell","buyer":"gimme-your-coinz","seller":"ugochill","symbol":"POB","quantity":"0.00577308","price":"0.07000607","timestamp":1640100693,"volume":"0.00040415","buyTxId":"ffc4a877ad91b9827e4c8fa193324409e87502c6","sellTxId":"3eaf36a5310692b82893a316b58e856bc51a1033"}
{"index": {"_index":"pob","_id":"2343555"}}
	{"id":2343555,"type":"sell","buyer":"gimme-your-coinz","seller":"josediccus","symbol":"POB","quantity":"26.00000000","price":"0.07000708","timestamp":1640100813,"volume":"1.82018408","buyTxId":"1bedbed4f842dcb1fc8be2c2398664ec169244f6","sellTxId":"991414c04b67bc87cd085043a9e458c000a4b9e2"}
{"index": {"_index":"pob","_id":"2343991"}}
	{"id":2343991,"type":"sell","buyer":"gimme-your-coinz","seller":"iyiade","symbol":"POB","quantity":"61.00000000","price":"0.07001920","timestamp":1640104422,"volume":"4.27117120","buyTxId":"f46db5aabbb6517e6b4fc2ddac64f37a37702799","sellTxId":"ff8416f50f1ed32e8dcef180d98f3783cd8f083c"}
{"index": {"_index":"pob","_id":"2344132"}}
	{"id":2344132,"type":"sell","buyer":"gimme-your-coinz","seller":"therealsnowjon","symbol":"POB","quantity":"2.90000000","price":"0.07001920","timestamp":1640105412,"volume":"0.20305568","buyTxId":"f46db5aabbb6517e6b4fc2ddac64f37a37702799","sellTxId":"5bf7adff0cb357a6a02f7b9937c95ece676ff8f1"}
{"index": {"_index":"pob","_id":"2344170"}}
	{"id":2344170,"type":"sell","buyer":"gimme-your-coinz","seller":"mango-juice","symbol":"POB","quantity":"6.85091924","price":"0.07002022","timestamp":1640105613,"volume":"0.47970287","buyTxId":"1d13cbbf902a2a1a7cca222a4aa3e87e397924a1","sellTxId":"2b1504e8e9aa5171a93c431a873f596a9ea2adba"}
{"index": {"_index":"pob","_id":"2344264"}}
	{"id":2344264,"type":"sell","buyer":"gimme-your-coinz","seller":"pjansen","symbol":"POB","quantity":"0.00059503","price":"0.07002224","timestamp":1640106279,"volume":"0.00004167","buyTxId":"89e104a2cf06a77e764090f40fe4a0c858ddb4dd","sellTxId":"c7d184472fd903b1ac030b9d2e98f11aa21b5658"}
{"index": {"_index":"pob","_id":"2344290"}}
	{"id":2344290,"type":"sell","buyer":"gimme-your-coinz","seller":"hannahhive","symbol":"POB","quantity":"44.99000000","price":"0.07002325","timestamp":1640106573,"volume":"3.15034602","buyTxId":"88bf4ca939b00b581b3e9b182382d5078efd56a4","sellTxId":"9255481e18136c923e69bb1f0e8b817260d5c1c8"}
{"index": {"_index":"pob","_id":"2344329"}}
	{"id":2344329,"type":"sell","buyer":"gimme-your-coinz","seller":"myfreebtc","symbol":"POB","quantity":"57.15452395","price":"0.07002426","timestamp":1640106846,"volume":"4.00220325","buyTxId":"7eee4c577710c77077cb8e37f0a137211a9e3161","sellTxId":"8841bf985744faa3b3e75c4ab9544b824047db6d"}
{"index": {"_index":"pob","_id":"2344551"}}
	{"id":2344551,"type":"sell","buyer":"gimme-your-coinz","seller":"alexvan","symbol":"POB","quantity":"19.93169194","price":"0.07002931","timestamp":1640108394,"volume":"1.39580263","buyTxId":"1d53ff11613642b92c4897cd2c2ef66c0520d2ed","sellTxId":"3562644f099a11e1220aab9b3089cc2d181b8ca6"}
{"index": {"_index":"pob","_id":"2344578"}}
	{"id":2344578,"type":"sell","buyer":"gimme-your-coinz","seller":"tonytrillions","symbol":"POB","quantity":"6.28314427","price":"0.07002931","timestamp":1640108547,"volume":"0.44000426","buyTxId":"1d53ff11613642b92c4897cd2c2ef66c0520d2ed","sellTxId":"51db09f62ee05f86d5fd93e28df4b7e6ccd9d511"}
{"index": {"_index":"pob","_id":"2344580"}}
	{"id":2344580,"type":"buy","buyer":"anadolu","seller":"barski","symbol":"POB","quantity":"0.22555208","price":"0.07003000","timestamp":1640108547,"volume":"0.01579541","buyTxId":"MM-P-13250335-60237280-3-0-0","sellTxId":"7a4546c8ab75e6c26eab1da4f4e3faa688584464"}
{"index": {"_index":"pob","_id":"2344618"}}
	{"id":2344618,"type":"sell","buyer":"gimme-your-coinz","seller":"ecobanker","symbol":"POB","quantity":"2.60558270","price":"0.07003032","timestamp":1640108763,"volume":"0.18246979","buyTxId":"16606712479f323b566b73df668c3b0f6dd759b4","sellTxId":"eabf2d44703ac3cacdc3b4469980270745f40446"}
{"index": {"_index":"pob","_id":"2344716"}}
	{"id":2344716,"type":"sell","buyer":"gimme-your-coinz","seller":"rob23hive","symbol":"POB","quantity":"5.46057491","price":"0.07003234","timestamp":1640109225,"volume":"0.38241684","buyTxId":"337c4202be0b682157a0e625b700db4518258ac5","sellTxId":"7114b54062ce031155a7d8c6a4604558ee5b59cf"}
{"index": {"_index":"pob","_id":"2344810"}}
	{"id":2344810,"type":"sell","buyer":"gimme-your-coinz","seller":"candy49","symbol":"POB","quantity":"0.91217057","price":"0.07003436","timestamp":1640109798,"volume":"0.06388328","buyTxId":"bbd5e7e3453a2340893d1eb1bab3e962c284d6e2","sellTxId":"c28d9457d2c2e9b5c63b7d30008d26d47887fd03"}
{"index": {"_index":"pob","_id":"2345069"}}
	{"id":2345069,"type":"sell","buyer":"anadolu","seller":"stickupmusic","symbol":"POB","quantity":"0.65340704","price":"0.07003940","timestamp":1640111256,"volume":"0.04576424","buyTxId":"MM-P-13251234-60238179-3-0-0","sellTxId":"573e82e01954df905c167e7685a7eb20f967af39"}
{"index": {"_index":"pob","_id":"2345173"}}
	{"id":2345173,"type":"sell","buyer":"gimme-your-coinz","seller":"mein-senf-dazu","symbol":"POB","quantity":"1.54759865","price":"0.07004244","timestamp":1640112333,"volume":"0.10839759","buyTxId":"e39d57b4ee4249325365bc79700be262a929ac16","sellTxId":"63f1663672b58805e468d534c7889c59449f6a4d"}
{"index": {"_index":"pob","_id":"2345183"}}
	{"id":2345183,"type":"sell","buyer":"gimme-your-coinz","seller":"trayan","symbol":"POB","quantity":"51.77059314","price":"0.07004244","timestamp":1640112420,"volume":"3.62613866","buyTxId":"e39d57b4ee4249325365bc79700be262a929ac16","sellTxId":"527d580bc8a85f3bd469a9ceaec05f242609ab37"}
{"index": {"_index":"pob","_id":"2345212"}}
	{"id":2345212,"type":"buy","buyer":"scholaris.pob","seller":"sophiapics29","symbol":"POB","quantity":"150.97337875","price":"0.08000000","timestamp":1640112699,"volume":"12.0778703","buyTxId":"902018b6ca9fe6923ffb5fc10bd17e59fbd2e442","sellTxId":"ae3832dce1cfe95db1b13911d40e74b3a72de9f4"}
{"index": {"_index":"pob","_id":"2345233"}}
	{"id":2345233,"type":"sell","buyer":"gimme-your-coinz","seller":"acesontop","symbol":"POB","quantity":"66.00000000","price":"0.07004446","timestamp":1640112900,"volume":"4.62293436","buyTxId":"e9041bc6e3c7293069c849e8c2fec5a385d3e36b","sellTxId":"41d3d1238f17b3eb290291d3d28cd7f568f78028"}
{"index": {"_index":"pob","_id":"2345234"}}
	{"id":2345234,"type":"sell","buyer":"gimme-your-coinz","seller":"acesontop","symbol":"POB","quantity":"6.15018799","price":"0.07004446","timestamp":1640112900,"volume":"0.43078660","buyTxId":"7817f7de0932c32b4b55bebcb1bba1f3c0db630d","sellTxId":"41d3d1238f17b3eb290291d3d28cd7f568f78028"}
{"index": {"_index":"pob","_id":"2345286"}}
	{"id":2345286,"type":"buy","buyer":"wearechange-co","seller":"sophiapics29","symbol":"POB","quantity":"625.00000000","price":"0.08000000","timestamp":1640113257,"volume":"50.00000000","buyTxId":"474004c4f0a04aad800e2096250959fe6dfae495","sellTxId":"ae3832dce1cfe95db1b13911d40e74b3a72de9f4"}
{"index": {"_index":"pob","_id":"2345357"}}
	{"id":2345357,"type":"sell","buyer":"gimme-your-coinz","seller":"clixmoney","symbol":"POB","quantity":"66.00000000","price":"0.07004749","timestamp":1640113821,"volume":"4.62313434","buyTxId":"11a7f3fe8699c4f91c24d0951098639ce017a409","sellTxId":"6f8de88bdba81a914c85e3bfe72ed7e43cb55d80"}
{"index": {"_index":"pob","_id":"2345358"}}
	{"id":2345358,"type":"sell","buyer":"gimme-your-coinz","seller":"clixmoney","symbol":"POB","quantity":"66.00000000","price":"0.07004749","timestamp":1640113821,"volume":"4.62313434","buyTxId":"1f7e667bad2302adb7ff178d47e9c4124369d533","sellTxId":"6f8de88bdba81a914c85e3bfe72ed7e43cb55d80"}
{"index": {"_index":"pob","_id":"2345370"}}
	{"id":2345370,"type":"sell","buyer":"gimme-your-coinz","seller":"clixmoney","symbol":"POB","quantity":"66.00000000","price":"0.07004850","timestamp":1640113968,"volume":"4.62320100","buyTxId":"1ec1119ab9ba9162f426a295498731ba40e37fc8","sellTxId":"861c7fc7df2c8c4611092cfcffffddad0a156122"}
{"index": {"_index":"pob","_id":"2345371"}}
	{"id":2345371,"type":"sell","buyer":"anadolu","seller":"clixmoney","symbol":"POB","quantity":"76.76031000","price":"0.07004849","timestamp":1640113968,"volume":"5.37694381","buyTxId":"MM-P-13252133-60239078-3-0-0","sellTxId":"861c7fc7df2c8c4611092cfcffffddad0a156122"}
{"index": {"_index":"pob","_id":"2345375"}}
	{"id":2345375,"type":"sell","buyer":"gimme-your-coinz","seller":"clixmoney","symbol":"POB","quantity":"66.00000000","price":"0.07004850","timestamp":1640114022,"volume":"4.62320100","buyTxId":"35fb44ede821a3fd72cb22a805d4015dcc5b02d2","sellTxId":"36ec8fe82ee71c9d4b2108d2edad2cddda477127"}
{"index": {"_index":"pob","_id":"2345387"}}
	{"id":2345387,"type":"sell","buyer":"gimme-your-coinz","seller":"clixmoney","symbol":"POB","quantity":"66.00000000","price":"0.07004850","timestamp":1640114136,"volume":"4.62320100","buyTxId":"f13c50fd6565910d38d8755fbb48c4d9de2343f4","sellTxId":"29ff813eb84391e2859c44cdd6fa1d67de7c8622"}
{"index": {"_index":"pob","_id":"2345388"}}
	{"id":2345388,"type":"sell","buyer":"gimme-your-coinz","seller":"clixmoney","symbol":"POB","quantity":"66.00000000","price":"0.07004850","timestamp":1640114136,"volume":"4.62320100","buyTxId":"ad95f1897bd46ffe40cab83485aeac6463d82590","sellTxId":"29ff813eb84391e2859c44cdd6fa1d67de7c8622"}
{"index": {"_index":"pob","_id":"2345455"}}
	{"id":2345455,"type":"sell","buyer":"gimme-your-coinz","seller":"emeka4","symbol":"POB","quantity":"2.99055353","price":"0.07005052","timestamp":1640114616,"volume":"0.20948983","buyTxId":"4f87f8d41a1ff218d90a71f844164ec099cb6dff","sellTxId":"72090243a7a60df0a20b0e0e0ebf41dfb31afe2c"}
{"index": {"_index":"pob","_id":"2345513"}}
	{"id":2345513,"type":"sell","buyer":"gimme-your-coinz","seller":"bashadow","symbol":"POB","quantity":"0.22255186","price":"0.07005254","timestamp":1640115216,"volume":"0.01559032","buyTxId":"a5c7df826c55187a539c370cf08493165da6b4cd","sellTxId":"fa2d9170f7dfe39e378a73521d5fb18983e6720b"}
{"index": {"_index":"pob","_id":"2345785"}}
	{"id":2345785,"type":"sell","buyer":"gimme-your-coinz","seller":"mawit07","symbol":"POB","quantity":"8.26936563","price":"0.07005961","timestamp":1640117394,"volume":"0.57934853","buyTxId":"891fa59d6f1ac70bb329c64cb79980ce665a5319","sellTxId":"6f7ef079712805c0c9b06a876586c0c3068d1861"}
{"index": {"_index":"pob","_id":"2345833"}}
	{"id":2345833,"type":"sell","buyer":"gimme-your-coinz","seller":"yahia-lababidi","symbol":"POB","quantity":"44.65038895","price":"0.07006062","timestamp":1640117718,"volume":"3.12823393","buyTxId":"e0e804a7bffa1c14f3548d86c79e0a4c034b5a22","sellTxId":"4df608301258400ad1de3feda41bb4c388ef9869"}
{"index": {"_index":"pob","_id":"2346069"}}
	{"id":2346069,"type":"sell","buyer":"gimme-your-coinz","seller":"deathwing","symbol":"POB","quantity":"0.026","price":"0.07006870","timestamp":1640120106,"volume":"0.00182179","buyTxId":"f419dbd4f47ad868a7b9cd7976535e6d29156e52","sellTxId":"6dc5a5ab7691ab20cb14c301a30dcb1792dabcbd-0"}
{"index": {"_index":"pob","_id":"2346082"}}
	{"id":2346082,"type":"sell","buyer":"gimme-your-coinz","seller":"dubble","symbol":"POB","quantity":"0.29619080","price":"0.07006870","timestamp":1640120181,"volume":"0.02075370","buyTxId":"f419dbd4f47ad868a7b9cd7976535e6d29156e52","sellTxId":"9f02abf1258fa497aaf249e5f6078e3cec2f8294"}
{"index": {"_index":"pob","_id":"2346133"}}
	{"id":2346133,"type":"sell","buyer":"gimme-your-coinz","seller":"kaelci","symbol":"POB","quantity":"21.68495207","price":"0.07007072","timestamp":1640120736,"volume":"1.51948020","buyTxId":"6207b75d1132d8e6c55fa2ad8b446ea339c653d0","sellTxId":"162ead4449de669a3f3b2b3ec604864538319182"}
{"index": {"_index":"pob","_id":"2346257"}}
	{"id":2346257,"type":"sell","buyer":"gimme-your-coinz","seller":"tonytrillions","symbol":"POB","quantity":"0.02800128","price":"0.07007476","timestamp":1640122014,"volume":"0.00196218","buyTxId":"f3cfe19968ee4b10e695b96d084a27d792c6f5a8","sellTxId":"ff85566fa7508e4a2ac768a2f97714505b63d129"}
{"index": {"_index":"pob","_id":"2346292"}}
	{"id":2346292,"type":"sell","buyer":"gimme-your-coinz","seller":"yhuddee111","symbol":"POB","quantity":"11.28460699","price":"0.07007678","timestamp":1640122398,"volume":"0.79078892","buyTxId":"7c076049ecc205558a76c3121d1e634177c7d244","sellTxId":"f327c557b878049f8fe74a0faf651ece77001819"}
{"index": {"_index":"pob","_id":"2346302"}}
	{"id":2346302,"type":"sell","buyer":"gimme-your-coinz","seller":"itachi24","symbol":"POB","quantity":"0.38722894","price":"0.07007678","timestamp":1640122635,"volume":"0.02713576","buyTxId":"7c076049ecc205558a76c3121d1e634177c7d244","sellTxId":"21829258d00ecf1f1a9e89fe7345c1326d1823a7"}
{"index": {"_index":"pob","_id":"2346440"}}
	{"id":2346440,"type":"sell","buyer":"gimme-your-coinz","seller":"ugochill","symbol":"POB","quantity":"0.00209720","price":"0.07008284","timestamp":1640124180,"volume":"0.00014698","buyTxId":"35abdd6b81111e97c58649bddc1faa4cefe350e1","sellTxId":"9b6123a064829cd059bbac9f98dd44d617c2d6b8"}
{"index": {"_index":"pob","_id":"2346463"}}
	{"id":2346463,"type":"sell","buyer":"gimme-your-coinz","seller":"ghostonchronic","symbol":"POB","quantity":"0.06236324","price":"0.07008284","timestamp":1640124372,"volume":"0.00437059","buyTxId":"35abdd6b81111e97c58649bddc1faa4cefe350e1","sellTxId":"09190e4bf2a07158d556a9bb475fa8115135ba85"}
{"index": {"_index":"pob","_id":"2346507"}}
	{"id":2346507,"type":"sell","buyer":"anadolu","seller":"andy4475","symbol":"POB","quantity":"10.21327475","price":"0.07008485","timestamp":1640124750,"volume":"0.71579583","buyTxId":"MM-P-13255729-60242674-3-0-0","sellTxId":"6afbee41f007452ba5638729e8e80ec37a38447e"}
{"index": {"_index":"pob","_id":"2346558"}}
	{"id":2346558,"type":"buy","buyer":"pompeylad","seller":"sophiapics29","symbol":"POB","quantity":"1.52262137","price":"0.08000000","timestamp":1640125230,"volume":"0.12180971","buyTxId":"68a039eaab85817234b48eb8b9f92efd3bfefab6","sellTxId":"ae3832dce1cfe95db1b13911d40e74b3a72de9f4"}
{"index": {"_index":"pob","_id":"2346603"}}
	{"id":2346603,"type":"sell","buyer":"gimme-your-coinz","seller":"mad-runner","symbol":"POB","quantity":"1.26885284","price":"0.07008789","timestamp":1640125722,"volume":"0.08893122","buyTxId":"36402a83650ae620b86165b7c07d3a594185d01a","sellTxId":"eccc3f95f597fa22031080681aaf79cb7c1fbc42"}
{"index": {"_index":"pob","_id":"2346608"}}
	{"id":2346608,"type":"sell","buyer":"gimme-your-coinz","seller":"melbourneswest","symbol":"POB","quantity":"14.66354372","price":"0.07008789","timestamp":1640125770,"volume":"1.02773684","buyTxId":"36402a83650ae620b86165b7c07d3a594185d01a","sellTxId":"ce3037bc8eb3d69cd719da42b411a833cbab0443"}
{"index": {"_index":"pob","_id":"2346754"}}
	{"id":2346754,"type":"sell","buyer":"gimme-your-coinz","seller":"he-index","symbol":"POB","quantity":"0.07200000","price":"0.07009395","timestamp":1640127675,"volume":"0.00504676","buyTxId":"98d06c483e60f46b42a8f59a52910df2ae119ea8","sellTxId":"964e4598fdd9fe90c296ea39e77f929306c6c3a1"}
{"index": {"_index":"pob","_id":"2346783"}}
	{"id":2346783,"type":"sell","buyer":"gimme-your-coinz","seller":"afril","symbol":"POB","quantity":"0.35346119","price":"0.07009597","timestamp":1640128110,"volume":"0.02477620","buyTxId":"11e9fb32bec51d63ef22a1b9ebce4774f2b0b3af","sellTxId":"76bd47ee5310294c86575bb3e3f5beec4a539709"}
{"index": {"_index":"pob","_id":"2346829"}}
	{"id":2346829,"type":"buy","buyer":"steem-holder","seller":"preparedwombat","symbol":"POB","quantity":"1.00000000","price":"0.07990000","timestamp":1640128755,"volume":"0.07990000","buyTxId":"9379cf98bdf7a0e2c729409aec3824087d754929","sellTxId":"dc0aed1f6a4136208b052acde5964ee4dee0c406"}
{"index": {"_index":"pob","_id":"2346842"}}
	{"id":2346842,"type":"sell","buyer":"anadolu","seller":"bearbear613","symbol":"POB","quantity":"6.42316353","price":"0.07010202","timestamp":1640128956,"volume":"0.45027674","buyTxId":"MM-P-13257127-60244072-3-0-0","sellTxId":"34e624fea9fcf252a54c26fbc6686ee9d79e8628"}
{"index": {"_index":"pob","_id":"2346846"}}
	{"id":2346846,"type":"sell","buyer":"gimme-your-coinz","seller":"holovision","symbol":"POB","quantity":"17.00000000","price":"0.07010203","timestamp":1640128980,"volume":"1.19173451","buyTxId":"7a1ff2d3266845b8dfcf86c8cbe56629dadb2f47","sellTxId":"675e1f51775872c34adf8d763b8bcf77003dcdcb"}
{"index": {"_index":"pob","_id":"2346852"}}
	{"id":2346852,"type":"buy","buyer":"pixelfan","seller":"preparedwombat","symbol":"POB","quantity":"1.00000000","price":"0.07990000","timestamp":1640129088,"volume":"0.07990000","buyTxId":"d34447ec3b33a0633ad8e0e2a469b2e9bcd9756e","sellTxId":"dc0aed1f6a4136208b052acde5964ee4dee0c406"}
{"index": {"_index":"pob","_id":"2346858"}}
	{"id":2346858,"type":"buy","buyer":"pixelfan","seller":"preparedwombat","symbol":"POB","quantity":"5.90830721","price":"0.07990000","timestamp":1640129196,"volume":"0.47207375","buyTxId":"9b6ae3951f727bfcfe09513b530a240f49bdc75a","sellTxId":"dc0aed1f6a4136208b052acde5964ee4dee0c406"}
{"index": {"_index":"pob","_id":"2346859"}}
	{"id":2346859,"type":"buy","buyer":"pixelfan","seller":"quicktrades","symbol":"POB","quantity":"0.68405201","price":"0.07999998","timestamp":1640129232,"volume":"0.05472415","buyTxId":"473bd9dcb98848cbe5362914a392185b2e627397","sellTxId":"b024ecea91341f99a504fb82e82e158eefc0619e"}
{"index": {"_index":"pob","_id":"2346860"}}
	{"id":2346860,"type":"buy","buyer":"pixelfan","seller":"droida","symbol":"POB","quantity":"0.32451949","price":"0.07999999","timestamp":1640129265,"volume":"0.02596156","buyTxId":"30505a8043984e7c3f67347ec1f35bac9e915952","sellTxId":"45687fc6a140986db2ecdc907dcd1541daf346a2"}
{"index": {"_index":"pob","_id":"2346945"}}
	{"id":2346945,"type":"sell","buyer":"gimme-your-coinz","seller":"fiberfrau","symbol":"POB","quantity":"1.00000000","price":"0.07010809","timestamp":1640130810,"volume":"0.07010809","buyTxId":"e9c41f2e621a2c5fa34e96a87811cc0207b309bb","sellTxId":"0dd354dd9f7f511a55bec840e0a4a56cda197d61"}
{"index": {"_index":"pob","_id":"2347026"}}
	{"id":2347026,"type":"buy","buyer":"anadolu","seller":"automaton","symbol":"POB","quantity":"2.56222213","price":"0.07011000","timestamp":1640131347,"volume":"0.17963739","buyTxId":"MM-P-13257923-60244868-3-0-0","sellTxId":"7eaa1430ac361e3a372206091d2c59e7625729cf"}
{"index": {"_index":"pob","_id":"2347286"}}
	{"id":2347286,"type":"sell","buyer":"anadolu","seller":"barbarabezina","symbol":"POB","quantity":"1.21976090","price":"0.07012121","timestamp":1640134650,"volume":"0.08553111","buyTxId":"MM-P-13259018-60245963-3-0-0","sellTxId":"c82620a9dd4a3e790b80d9af35de92d7f2a63690"}
{"index": {"_index":"pob","_id":"2347318"}}
	{"id":2347318,"type":"sell","buyer":"gimme-your-coinz","seller":"numpypython","symbol":"POB","quantity":"3.41878854","price":"0.07012223","timestamp":1640135166,"volume":"0.23973308","buyTxId":"1e8f95c336a3402fbc33ea63df4267fc84b32a94","sellTxId":"82191912d2a1ecd17acd36a2dfa77c6ce3c9ca79"}
{"index": {"_index":"pob","_id":"2347401"}}
	{"id":2347401,"type":"sell","buyer":"gimme-your-coinz","seller":"forexbrokr","symbol":"POB","quantity":"4.39229822","price":"0.07012526","timestamp":1640136048,"volume":"0.30801105","buyTxId":"48adea00c21eb98ff4a34b6774aa364f57866144","sellTxId":"671c07be6b3ae10f44df4ef955acfe664899ea03"}
{"index": {"_index":"pob","_id":"2347516"}}
	{"id":2347516,"type":"sell","buyer":"gimme-your-coinz","seller":"andy4475","symbol":"POB","quantity":"0.54049106","price":"0.07013031","timestamp":1640137368,"volume":"0.03790481","buyTxId":"3f7e27c4629d1acf639b6407188125542be61e9c","sellTxId":"04831f7025f499c64b1f2c37d97e382aff792315"}
{"index": {"_index":"pob","_id":"2347659"}}
	{"id":2347659,"type":"sell","buyer":"gimme-your-coinz","seller":"chireerocks","symbol":"POB","quantity":"3.69075232","price":"0.07013536","timestamp":1640138928,"volume":"0.25885224","buyTxId":"468492f200927b9a3282f4f8e3db17e1ef548148","sellTxId":"7aa7b63a2ed8725b34e881c06d2ee34c9936503b"}
{"index": {"_index":"pob","_id":"2347739"}}
	{"id":2347739,"type":"sell","buyer":"gimme-your-coinz","seller":"tfranzini","symbol":"POB","quantity":"32.502","price":"0.07013839","timestamp":1640139861,"volume":"2.27963795","buyTxId":"2cfcfbfa5283f78bcd0560da51448438c7481a66","sellTxId":"888a516ffa50b3375858a64a90020587588554a3"}
{"index": {"_index":"pob","_id":"2347912"}}
	{"id":2347912,"type":"sell","buyer":"gimme-your-coinz","seller":"tejimundo","symbol":"POB","quantity":"0.08684178","price":"0.07014445","timestamp":1640141844,"volume":"0.00609147","buyTxId":"156e304ca06c37e674a5a5ce187315ca642b343b","sellTxId":"dc472c75e750e42dceb5cf1063c646f53eb3e1aa"}
{"index": {"_index":"pob","_id":"2348000"}}
	{"id":2348000,"type":"sell","buyer":"gimme-your-coinz","seller":"lucylin","symbol":"POB","quantity":"66.00000000","price":"0.07014849","timestamp":1640142963,"volume":"4.62980034","buyTxId":"7ada9bdd711f80ab28a15d92ef35eeeb5dc65a70","sellTxId":"220e04e0448cad40bc108e3a9ad35fb7b8bab72b"}
{"index": {"_index":"pob","_id":"2348002"}}
	{"id":2348002,"type":"buy","buyer":"gimme-your-coinz","seller":"lucylin","symbol":"POB","quantity":"66.00000000","price":"0.07014849","timestamp":1640142981,"volume":"4.62980034","buyTxId":"9ce54511fd6a85b03cf04ecff1cae386e7c85c4c","sellTxId":"220e04e0448cad40bc108e3a9ad35fb7b8bab72b"}
{"index": {"_index":"pob","_id":"2348058"}}
	{"id":2348058,"type":"sell","buyer":"cageon360","seller":"ecoinstant","symbol":"POB","quantity":"43.24161660","price":"0.07010000","timestamp":1640143401,"volume":"3.03123732","buyTxId":"679f57fd2a622198dcc920f66fa4edaa6160cc15","sellTxId":"59d235c956b5e322efddf16d37d966fa8f5c59fa"}
{"index": {"_index":"pob","_id":"2348167"}}
	{"id":2348167,"type":"sell","buyer":"cageon360","seller":"gimmetricks1","symbol":"POB","quantity":"27.62266086","price":"0.07010000","timestamp":1640144406,"volume":"1.93634853","buyTxId":"679f57fd2a622198dcc920f66fa4edaa6160cc15","sellTxId":"ac74681ba4673805b24ae16e3c61820f508ee007"}
{"index": {"_index":"pob","_id":"2348188"}}
	{"id":2348188,"type":"sell","buyer":"cageon360","seller":"jesustiano","symbol":"POB","quantity":"10.04153087","price":"0.07010000","timestamp":1640144619,"volume":"0.70391131","buyTxId":"679f57fd2a622198dcc920f66fa4edaa6160cc15","sellTxId":"dfc76840de510f23a934e2f32d0d9112c678101c"}
{"index": {"_index":"pob","_id":"2348204"}}
	{"id":2348204,"type":"sell","buyer":"cageon360","seller":"theguru.photos","symbol":"POB","quantity":"19.09419167","price":"0.07010000","timestamp":1640144844,"volume":"1.33850284","buyTxId":"679f57fd2a622198dcc920f66fa4edaa6160cc15","sellTxId":"12f6a1532a4bf732bb7006a1d167a6102f18afa8"}
{"index": {"_index":"pob","_id":"2348205"}}
	{"id":2348205,"type":"sell","buyer":"anadolu","seller":"theguru.photos","symbol":"POB","quantity":"2.86940269","price":"0.07000500","timestamp":1640144844,"volume":"0.20087254","buyTxId":"MM-P-13262310-60249255-3-0-0","sellTxId":"12f6a1532a4bf732bb7006a1d167a6102f18afa8"}
{"index": {"_index":"pob","_id":"2348213"}}
	{"id":2348213,"type":"sell","buyer":"trostparadox","seller":"theguru.photos","symbol":"POB","quantity":"3.74451121","price":"0.07000000","timestamp":1640144877,"volume":"0.26211578","buyTxId":"f7c38a36cdf569101c4637700e7d71c24e77362a","sellTxId":"44b7732302af872426ac52d6e0742f5eabf17381"}
