{"index": {"_index":"pob","_id":"1538608"}}
	{"id":1538608,"type":"sell","buyer":"uyobong","seller":"karamyog","symbol":"POB","quantity":"0.63778376","price":"0.24000000","timestamp":1631847054,"volume":"0.15306810","buyTxId":"e31bbab9bd333845deeed563f63120dc0a359b4b","sellTxId":"a218168668f18ce5221377fd1231c97bccc1b47f"}
{"index": {"_index":"pob","_id":"1538818"}}
	{"id":1538818,"type":"sell","buyer":"uyobong","seller":"automaton","symbol":"POB","quantity":"5.00000000","price":"0.24000000","timestamp":1631850894,"volume":"1.20000000","buyTxId":"e31bbab9bd333845deeed563f63120dc0a359b4b","sellTxId":"40805eeaf78353f7a6cd55b13a37bf9e099e8458"}
{"index": {"_index":"pob","_id":"1538879"}}
	{"id":1538879,"type":"sell","buyer":"uyobong","seller":"melbourneswest","symbol":"POB","quantity":"3.13783224","price":"0.24000000","timestamp":1631851947,"volume":"0.75307974","buyTxId":"e31bbab9bd333845deeed563f63120dc0a359b4b","sellTxId":"724dfe059d68ed5a046515a42578ad00f27ec164"}
{"index": {"_index":"pob","_id":"1538947"}}
	{"id":1538947,"type":"sell","buyer":"mmmmkkkk311","seller":"gimmetricks1","symbol":"POB","quantity":"10.00005566","price":"0.24002000","timestamp":1631853609,"volume":"2.40021336","buyTxId":"MM-P-10508372-57492682-3-18-0","sellTxId":"52e7c005ab69dcee99c4cbdac88e677b54d96079"}
{"index": {"_index":"pob","_id":"1538969"}}
	{"id":1538969,"type":"sell","buyer":"mmmmkkkk311","seller":"mvl2304","symbol":"POB","quantity":"5.41699155","price":"0.24002000","timestamp":1631854005,"volume":"1.30018631","buyTxId":"MM-P-10508372-57492682-3-18-0","sellTxId":"ee05788a71b809ad6a0ac4e7eac8a705d1c9520a"}
{"index": {"_index":"pob","_id":"1538993"}}
	{"id":1538993,"type":"sell","buyer":"mmmmkkkk311","seller":"jongolson","symbol":"POB","quantity":"4.61805414","price":"0.24002000","timestamp":1631854356,"volume":"1.10842535","buyTxId":"MM-P-10508372-57492682-3-18-0","sellTxId":"fea332d999f0c0d30142119b10a059cf90dc5731"}
{"index": {"_index":"pob","_id":"1539169"}}
	{"id":1539169,"type":"sell","buyer":"jersteemit","seller":"tommyl33","symbol":"POB","quantity":"3.71692531","price":"0.25000000","timestamp":1631858436,"volume":"0.92923133","buyTxId":"ed7a3f8d6f4193dafc6cd4225e14d652578c3846","sellTxId":"d966856ad0e91c9f39beca58057a3647e5151008"}
{"index": {"_index":"pob","_id":"1539170"}}
	{"id":1539170,"type":"buy","buyer":"anadolu","seller":"jersteemit","symbol":"POB","quantity":"25.52000000","price":"0.32000000","timestamp":1631858466,"volume":"8.16640000","buyTxId":"3472c3c66722e9e87f9aa7063190ec06e32b284a","sellTxId":"4f8e371068146f21a8b30cc810b616b611b6dd3a"}
{"index": {"_index":"pob","_id":"1539171"}}
	{"id":1539171,"type":"buy","buyer":"anadolu","seller":"lebah","symbol":"POB","quantity":"29.00000000","price":"0.33400000","timestamp":1631858466,"volume":"9.68600000","buyTxId":"3472c3c66722e9e87f9aa7063190ec06e32b284a","sellTxId":"23bb8a3bd3f3448a4f947089f1d16aa836b0c570"}
{"index": {"_index":"pob","_id":"1539172"}}
	{"id":1539172,"type":"buy","buyer":"anadolu","seller":"skylinebuds","symbol":"POB","quantity":"30.48000000","price":"0.33400000","timestamp":1631858466,"volume":"10.18032000","buyTxId":"3472c3c66722e9e87f9aa7063190ec06e32b284a","sellTxId":"d68304e5edfae83824f6a6f59cd4810222793526"}
{"index": {"_index":"pob","_id":"1539191"}}
	{"id":1539191,"type":"sell","buyer":"jersteemit","seller":"sugandhaseth","symbol":"POB","quantity":"18.00000000","price":"0.25000000","timestamp":1631858973,"volume":"4.50000000","buyTxId":"ed7a3f8d6f4193dafc6cd4225e14d652578c3846","sellTxId":"8a585a1f8f839dee3d5cb286bea727d7432e61b3"}
{"index": {"_index":"pob","_id":"1539290"}}
	{"id":1539290,"type":"buy","buyer":"anadolu","seller":"master-lamps","symbol":"POB","quantity":"0.00800000","price":"0.33399999","timestamp":1631859888,"volume":"0.00267200","buyTxId":"f739ab2ca798b8af0a2adcb011cc0df341298471","sellTxId":"babfcb2888e9787d5db170710fd077684ca0d50c"}
{"index": {"_index":"pob","_id":"1539291"}}
	{"id":1539291,"type":"buy","buyer":"anadolu","seller":"skylinebuds","symbol":"POB","quantity":"3.52000000","price":"0.33400000","timestamp":1631859888,"volume":"1.17568000","buyTxId":"f739ab2ca798b8af0a2adcb011cc0df341298471","sellTxId":"d68304e5edfae83824f6a6f59cd4810222793526"}
{"index": {"_index":"pob","_id":"1539292"}}
	{"id":1539292,"type":"buy","buyer":"anadolu","seller":"precious008","symbol":"POB","quantity":"0.65672416","price":"0.33500000","timestamp":1631859888,"volume":"0.22000259","buyTxId":"f739ab2ca798b8af0a2adcb011cc0df341298471","sellTxId":"6516880cfa3f6ee09fded3779274d253754541ff"}
{"index": {"_index":"pob","_id":"1539293"}}
	{"id":1539293,"type":"buy","buyer":"anadolu","seller":"trumpman","symbol":"POB","quantity":"28.53767413","price":"0.33500000","timestamp":1631859888,"volume":"9.56012083","buyTxId":"f739ab2ca798b8af0a2adcb011cc0df341298471","sellTxId":"1ce9d406500fe54c125753e7b5f8902a3808f022"}
{"index": {"_index":"pob","_id":"1539294"}}
	{"id":1539294,"type":"buy","buyer":"anadolu","seller":"demotruk","symbol":"POB","quantity":"0.02088493","price":"0.33900000","timestamp":1631859888,"volume":"0.00707999","buyTxId":"f739ab2ca798b8af0a2adcb011cc0df341298471","sellTxId":"cb5df8a2dd8d5115994cca7622418981c0ac1a4f"}
{"index": {"_index":"pob","_id":"1539295"}}
	{"id":1539295,"type":"buy","buyer":"anadolu","seller":"solovey6o2","symbol":"POB","quantity":"182.47023315","price":"0.33999999","timestamp":1631859888,"volume":"62.03987745","buyTxId":"f739ab2ca798b8af0a2adcb011cc0df341298471","sellTxId":"201df0c2daa51b514b8f976e7a8e8cd651ae4254"}
{"index": {"_index":"pob","_id":"1539296"}}
	{"id":1539296,"type":"buy","buyer":"anadolu","seller":"bitukoyo","symbol":"POB","quantity":"113.17637699","price":"0.34000000","timestamp":1631859888,"volume":"38.47996818","buyTxId":"f739ab2ca798b8af0a2adcb011cc0df341298471","sellTxId":"6cf27fa3dbab2489bfb03ceb4030fec8ce7f98f8"}
{"index": {"_index":"pob","_id":"1539297"}}
	{"id":1539297,"type":"buy","buyer":"anadolu","seller":"yemkrm","symbol":"POB","quantity":"113.27823223","price":"0.34000000","timestamp":1631859888,"volume":"38.51459896","buyTxId":"f739ab2ca798b8af0a2adcb011cc0df341298471","sellTxId":"6b2b1dac518e7c2f65e77d834b7649c8074b7ff7"}
{"index": {"_index":"pob","_id":"1539338"}}
	{"id":1539338,"type":"sell","buyer":"jersteemit","seller":"savagetobi","symbol":"POB","quantity":"23.70974821","price":"0.25000000","timestamp":1631860236,"volume":"5.92743705","buyTxId":"ed7a3f8d6f4193dafc6cd4225e14d652578c3846","sellTxId":"7fddd7cb15f3aaa891116330dc155c27f2059368"}
{"index": {"_index":"pob","_id":"1539394"}}
	{"id":1539394,"type":"sell","buyer":"master-lamps","seller":"barski","symbol":"POB","quantity":"0.00800000","price":"0.25000001","timestamp":1631860821,"volume":"0.00200000","buyTxId":"566168655378641abd59e1601b914196e3f742ac","sellTxId":"f5b580637e40b15c711cfbee58a154f6cb49afe2"}
{"index": {"_index":"pob","_id":"1539395"}}
	{"id":1539395,"type":"sell","buyer":"jersteemit","seller":"barski","symbol":"POB","quantity":"3.72709326","price":"0.25000000","timestamp":1631860821,"volume":"0.93177332","buyTxId":"ed7a3f8d6f4193dafc6cd4225e14d652578c3846","sellTxId":"f5b580637e40b15c711cfbee58a154f6cb49afe2"}
{"index": {"_index":"pob","_id":"1539421"}}
	{"id":1539421,"type":"sell","buyer":"jersteemit","seller":"insight.pob","symbol":"POB","quantity":"21.00000000","price":"0.25000000","timestamp":1631861148,"volume":"5.25000000","buyTxId":"ed7a3f8d6f4193dafc6cd4225e14d652578c3846","sellTxId":"d1009cb63f9a0cb3079879ad64a0f99ac9eeec5c"}
{"index": {"_index":"pob","_id":"1539434"}}
	{"id":1539434,"type":"sell","buyer":"jersteemit","seller":"savagetobi","symbol":"POB","quantity":"0.64623322","price":"0.25000000","timestamp":1631861256,"volume":"0.16155830","buyTxId":"ed7a3f8d6f4193dafc6cd4225e14d652578c3846","sellTxId":"8c9455d7068d46059a106f13dc7752598917c7b4"}
{"index": {"_index":"pob","_id":"1539435"}}
	{"id":1539435,"type":"sell","buyer":"jersteemit","seller":"savagetobi","symbol":"POB","quantity":"15.83428360","price":"0.25000000","timestamp":1631861256,"volume":"3.95857090","buyTxId":"f2499e865f184a40f081a9626b832ac8a5a6783e","sellTxId":"8c9455d7068d46059a106f13dc7752598917c7b4"}
{"index": {"_index":"pob","_id":"1539446"}}
	{"id":1539446,"type":"sell","buyer":"jersteemit","seller":"thauerbyi","symbol":"POB","quantity":"6","price":"0.25000000","timestamp":1631861352,"volume":"1.50000000","buyTxId":"f2499e865f184a40f081a9626b832ac8a5a6783e","sellTxId":"a35b4b3aed2c0c55a14bc07a0138dc503c97bea9"}
{"index": {"_index":"pob","_id":"1539452"}}
	{"id":1539452,"type":"sell","buyer":"jersteemit","seller":"beemd","symbol":"POB","quantity":"8.85080322","price":"0.25000000","timestamp":1631861382,"volume":"2.21270081","buyTxId":"f2499e865f184a40f081a9626b832ac8a5a6783e","sellTxId":"f6cf11d7322694b859f611f6e26f0ac053dfdadf"}
{"index": {"_index":"pob","_id":"1539548"}}
	{"id":1539548,"type":"sell","buyer":"jersteemit","seller":"cwow2","symbol":"POB","quantity":"1.31491318","price":"0.25000000","timestamp":1631863032,"volume":"0.32872829","buyTxId":"f2499e865f184a40f081a9626b832ac8a5a6783e","sellTxId":"746dd9f0baef365cdce9db842377a86c3fde4e5f"}
{"index": {"_index":"pob","_id":"1539549"}}
	{"id":1539549,"type":"buy","buyer":"gaboamc2393","seller":"cwow2","symbol":"POB","quantity":"0.15774394","price":"0.25000000","timestamp":1631863104,"volume":"0.03943599","buyTxId":"bda93365e2ec7bcd850a79392d22f3ce9e1876d7","sellTxId":"746dd9f0baef365cdce9db842377a86c3fde4e5f"}
{"index": {"_index":"pob","_id":"1539552"}}
	{"id":1539552,"type":"sell","buyer":"gaboamc2393","seller":"damla","symbol":"POB","quantity":"0.74990352","price":"0.25500000","timestamp":1631863230,"volume":"0.19122540","buyTxId":"bda93365e2ec7bcd850a79392d22f3ce9e1876d7","sellTxId":"187a95788c56e5292bd98620e797cc2af28d74d0"}
{"index": {"_index":"pob","_id":"1539553"}}
	{"id":1539553,"type":"sell","buyer":"gaboamc2393","seller":"hive-143869","symbol":"POB","quantity":"0.29400000","price":"0.25500000","timestamp":1631863251,"volume":"0.07497000","buyTxId":"bda93365e2ec7bcd850a79392d22f3ce9e1876d7","sellTxId":"75f80eb9d6fc7d2d734d217eff5c0aeee7789851"}
{"index": {"_index":"pob","_id":"1539560"}}
	{"id":1539560,"type":"sell","buyer":"gaboamc2393","seller":"globetrottergcc","symbol":"POB","quantity":"6.04543827","price":"0.25500000","timestamp":1631863542,"volume":"1.54158676","buyTxId":"bda93365e2ec7bcd850a79392d22f3ce9e1876d7","sellTxId":"3101070e1d409580cc1f58a0d0c9497293bdedbd"}
{"index": {"_index":"pob","_id":"1539577"}}
	{"id":1539577,"type":"sell","buyer":"gaboamc2393","seller":"gimme-your-coinz","symbol":"POB","quantity":"2.75291427","price":"0.25500000","timestamp":1631864163,"volume":"0.70199314","buyTxId":"bda93365e2ec7bcd850a79392d22f3ce9e1876d7","sellTxId":"d2f2ae03544e1855dbed289bf0f90773942dc48c"}
{"index": {"_index":"pob","_id":"1539633"}}
	{"id":1539633,"type":"sell","buyer":"gimme-your-coinz","seller":"steemmillionaire","symbol":"POB","quantity":"1.10804034","price":"0.24500001","timestamp":1631865801,"volume":"0.27146989","buyTxId":"d81bf97f29d4d59ede0d83893311661efe2a16b2","sellTxId":"fc79186410594ba113e71e7aa0ca577853fd10fd"}
{"index": {"_index":"pob","_id":"1539678"}}
	{"id":1539678,"type":"sell","buyer":"gimme-your-coinz","seller":"dwixer","symbol":"POB","quantity":"66.00000000","price":"0.25000001","timestamp":1631867172,"volume":"16.50000066","buyTxId":"87d47a0740735ea5b43116abfec1a9464ba64c05","sellTxId":"1799c8807e32d98c8778c03a419a349c0582a983"}
{"index": {"_index":"pob","_id":"1539679"}}
	{"id":1539679,"type":"sell","buyer":"jersteemit","seller":"dwixer","symbol":"POB","quantity":"5.40000000","price":"0.25000000","timestamp":1631867172,"volume":"1.35000000","buyTxId":"f70235c953ff53f3a6449a9baf9e4b7c0e900a5c","sellTxId":"1799c8807e32d98c8778c03a419a349c0582a983"}
{"index": {"_index":"pob","_id":"1539683"}}
	{"id":1539683,"type":"sell","buyer":"gimme-your-coinz","seller":"dwixer","symbol":"POB","quantity":"66.00000000","price":"0.24500001","timestamp":1631867289,"volume":"16.17000066","buyTxId":"c1ad52f86c96d2f30d5e216a18791e8194a0a56d","sellTxId":"b20f5f2c7b84a3ac4980cc7c31a1cb6aeac1692f"}
{"index": {"_index":"pob","_id":"1539684"}}
	{"id":1539684,"type":"sell","buyer":"gaboamc2393","seller":"dwixer","symbol":"POB","quantity":"10.00000000","price":"0.24500000","timestamp":1631867289,"volume":"2.45000000","buyTxId":"d7ac606abe24c21e5620630541337671a2d9df27","sellTxId":"b20f5f2c7b84a3ac4980cc7c31a1cb6aeac1692f"}
{"index": {"_index":"pob","_id":"1539685"}}
	{"id":1539685,"type":"sell","buyer":"erhan92","seller":"dwixer","symbol":"POB","quantity":"2.00000000","price":"0.24002000","timestamp":1631867289,"volume":"0.48004000","buyTxId":"52eb78f83f862e9fd0d042d3ae1e5200109e2539","sellTxId":"b20f5f2c7b84a3ac4980cc7c31a1cb6aeac1692f"}
{"index": {"_index":"pob","_id":"1539703"}}
	{"id":1539703,"type":"sell","buyer":"gimme-your-coinz","seller":"jorge234nv","symbol":"POB","quantity":"1.04858177","price":"0.25000001","timestamp":1631867838,"volume":"0.26214545","buyTxId":"8b3ced443d74d77d5acfbbbb3b5992b297ebc58b","sellTxId":"d8b43482a85ef1c777c70d03365e532a71ba754f"}
{"index": {"_index":"pob","_id":"1539719"}}
	{"id":1539719,"type":"sell","buyer":"gimme-your-coinz","seller":"erhan92","symbol":"POB","quantity":"2.00000000","price":"0.25000001","timestamp":1631868024,"volume":"0.50000002","buyTxId":"8b3ced443d74d77d5acfbbbb3b5992b297ebc58b","sellTxId":"a6e03c3d6fb943832be984acdb4b91183152c7ec"}
{"index": {"_index":"pob","_id":"1539767"}}
	{"id":1539767,"type":"buy","buyer":"anadolu","seller":"gimme-your-coinz","symbol":"POB","quantity":"0.00000003","price":"0.25400000","timestamp":1631869644,"volume":"0.00000001","buyTxId":"f4df7c35866bb12c76ce6040498fe7326541faf5","sellTxId":"d2f2ae03544e1855dbed289bf0f90773942dc48c"}
{"index": {"_index":"pob","_id":"1539783"}}
	{"id":1539783,"type":"sell","buyer":"anadolu","seller":"jacoalberts","symbol":"POB","quantity":"17.00000000","price":"0.25500000","timestamp":1631870298,"volume":"4.33500000","buyTxId":"f4df7c35866bb12c76ce6040498fe7326541faf5","sellTxId":"261eda401633f670f6a418bf43eb9e378e97fbe0"}
{"index": {"_index":"pob","_id":"1539869"}}
	{"id":1539869,"type":"sell","buyer":"anadolu","seller":"espandorr","symbol":"POB","quantity":"98.43193070","price":"0.25500000","timestamp":1631872065,"volume":"25.10014233","buyTxId":"f4df7c35866bb12c76ce6040498fe7326541faf5","sellTxId":"64af4449407ff744b8348d67b3eae759ea384b04"}
{"index": {"_index":"pob","_id":"1539885"}}
	{"id":1539885,"type":"sell","buyer":"anadolu","seller":"badbitch","symbol":"POB","quantity":"88.58140194","price":"0.25500000","timestamp":1631872527,"volume":"22.58825749","buyTxId":"f4df7c35866bb12c76ce6040498fe7326541faf5","sellTxId":"cfee5dcd49a91ac5e5bb3e4e0f37ef8f59f2216b"}
{"index": {"_index":"pob","_id":"1539896"}}
	{"id":1539896,"type":"sell","buyer":"anadolu","seller":"andy4475","symbol":"POB","quantity":"1.30921638","price":"0.25500000","timestamp":1631872956,"volume":"0.33385018","buyTxId":"f4df7c35866bb12c76ce6040498fe7326541faf5","sellTxId":"2cae4efa705a3a17f8815e678b39c4af772ffb43"}
{"index": {"_index":"pob","_id":"1539936"}}
	{"id":1539936,"type":"sell","buyer":"imno","seller":"marianomariano","symbol":"POB","quantity":"0.04118075","price":"0.25501000","timestamp":1631873883,"volume":"0.01050150","buyTxId":"224e21e94daf4a3bc2b68522f67062d313844464","sellTxId":"d59575ffb51632a137db7018854e9b88bcdc8376"}
{"index": {"_index":"pob","_id":"1539937"}}
	{"id":1539937,"type":"sell","buyer":"imno","seller":"lionsuit","symbol":"POB","quantity":"0.09409793","price":"0.25501000","timestamp":1631873982,"volume":"0.02399591","buyTxId":"224e21e94daf4a3bc2b68522f67062d313844464","sellTxId":"d8f2e9e4520eb0409ec9c13631f5b29731d88e53"}
{"index": {"_index":"pob","_id":"1539956"}}
	{"id":1539956,"type":"sell","buyer":"imno","seller":"twicejoy","symbol":"POB","quantity":"0.37374787","price":"0.25501000","timestamp":1631874645,"volume":"0.09530944","buyTxId":"224e21e94daf4a3bc2b68522f67062d313844464","sellTxId":"8e917962b265d27b8a11c2e39ee96e1098636f79"}
{"index": {"_index":"pob","_id":"1539961"}}
	{"id":1539961,"type":"sell","buyer":"imno","seller":"aiovo","symbol":"POB","quantity":"3.00000000","price":"0.25501000","timestamp":1631875047,"volume":"0.76503000","buyTxId":"224e21e94daf4a3bc2b68522f67062d313844464","sellTxId":"077cb60986b534dee04ec27a482b54633e584983"}
{"index": {"_index":"pob","_id":"1539993"}}
	{"id":1539993,"type":"buy","buyer":"memeisfun","seller":"haseeb-asif-khan","symbol":"POB","quantity":"2.42000000","price":"0.29000000","timestamp":1631875917,"volume":"0.70180000","buyTxId":"756395bed7fcee6c7edaa9307f9f770340be0afb","sellTxId":"7ddd7f8bfb04ed30f4b97e1e45b58e3ccb7f77a7"}
{"index": {"_index":"pob","_id":"1539997"}}
	{"id":1539997,"type":"sell","buyer":"memeisfun","seller":"corporateay","symbol":"POB","quantity":"18.18814945","price":"0.29000000","timestamp":1631876181,"volume":"5.27456334","buyTxId":"756395bed7fcee6c7edaa9307f9f770340be0afb","sellTxId":"7640c559468d027b834f7b60004a9bea96165653"}
{"index": {"_index":"pob","_id":"1540003"}}
	{"id":1540003,"type":"sell","buyer":"memeisfun","seller":"stickupboys","symbol":"POB","quantity":"5.23686143","price":"0.29000000","timestamp":1631876373,"volume":"1.51868981","buyTxId":"756395bed7fcee6c7edaa9307f9f770340be0afb","sellTxId":"ad434ca7bd3a4810b368bafd798a16a6e561b636"}
{"index": {"_index":"pob","_id":"1540044"}}
	{"id":1540044,"type":"buy","buyer":"offgridlife","seller":"anandjadhao","symbol":"POB","quantity":"0.01000000","price":"0.29900000","timestamp":1631877165,"volume":"0.00299000","buyTxId":"69e8cc3b9ed72128531491a6f2e008e11cc2a7ed","sellTxId":"4e20c345f6b7e961af1574db4612aeca9a3a3ba2"}
{"index": {"_index":"pob","_id":"1540045"}}
	{"id":1540045,"type":"buy","buyer":"offgridlife","seller":"anandjadhao","symbol":"POB","quantity":"0.01000000","price":"0.29900000","timestamp":1631877168,"volume":"0.00299000","buyTxId":"30823116867be495f8e7ede9899fd298e973b7fd","sellTxId":"4e20c345f6b7e961af1574db4612aeca9a3a3ba2"}
{"index": {"_index":"pob","_id":"1540046"}}
	{"id":1540046,"type":"buy","buyer":"offgridlife","seller":"anandjadhao","symbol":"POB","quantity":"0.01000000","price":"0.29900000","timestamp":1631877171,"volume":"0.00299000","buyTxId":"8402cd2e5aaf6b1b441cfad051856b46b186b8a3","sellTxId":"4e20c345f6b7e961af1574db4612aeca9a3a3ba2"}
{"index": {"_index":"pob","_id":"1540047"}}
	{"id":1540047,"type":"buy","buyer":"offgridlife","seller":"anandjadhao","symbol":"POB","quantity":"0.01000000","price":"0.29900000","timestamp":1631877177,"volume":"0.00299000","buyTxId":"f1a67c9f337fafc286694b812f01f766e38a8d32","sellTxId":"4e20c345f6b7e961af1574db4612aeca9a3a3ba2"}
{"index": {"_index":"pob","_id":"1540048"}}
	{"id":1540048,"type":"buy","buyer":"offgridlife","seller":"anandjadhao","symbol":"POB","quantity":"0.01000000","price":"0.29900000","timestamp":1631877180,"volume":"0.00299000","buyTxId":"58f70afcbed2266789dfafbcbf505341a820f07a","sellTxId":"4e20c345f6b7e961af1574db4612aeca9a3a3ba2"}
{"index": {"_index":"pob","_id":"1540049"}}
	{"id":1540049,"type":"buy","buyer":"offgridlife","seller":"anandjadhao","symbol":"POB","quantity":"0.01000000","price":"0.29900000","timestamp":1631877186,"volume":"0.00299000","buyTxId":"b65406ce49036c30fb4920fec2fa0d8d25208aa2","sellTxId":"4e20c345f6b7e961af1574db4612aeca9a3a3ba2"}
{"index": {"_index":"pob","_id":"1540050"}}
	{"id":1540050,"type":"buy","buyer":"offgridlife","seller":"anandjadhao","symbol":"POB","quantity":"0.01000000","price":"0.29900000","timestamp":1631877189,"volume":"0.00299000","buyTxId":"c44806e62dc6849a5db49edf95a2c97e2c0d7900","sellTxId":"4e20c345f6b7e961af1574db4612aeca9a3a3ba2"}
{"index": {"_index":"pob","_id":"1540052"}}
	{"id":1540052,"type":"buy","buyer":"offgridlife","seller":"anandjadhao","symbol":"POB","quantity":"0.01000000","price":"0.29900000","timestamp":1631877192,"volume":"0.00299000","buyTxId":"26c6e517bf12e513337773438385c728515dd78b","sellTxId":"4e20c345f6b7e961af1574db4612aeca9a3a3ba2"}
{"index": {"_index":"pob","_id":"1540053"}}
	{"id":1540053,"type":"buy","buyer":"offgridlife","seller":"anandjadhao","symbol":"POB","quantity":"0.01000000","price":"0.29900000","timestamp":1631877195,"volume":"0.00299000","buyTxId":"1eb5ad2cc7e3f4d135f45d42fa52b0158269e5b4","sellTxId":"4e20c345f6b7e961af1574db4612aeca9a3a3ba2"}
{"index": {"_index":"pob","_id":"1540054"}}
	{"id":1540054,"type":"buy","buyer":"offgridlife","seller":"anandjadhao","symbol":"POB","quantity":"0.01000000","price":"0.29900000","timestamp":1631877201,"volume":"0.00299000","buyTxId":"14a435fe15435ed256093934b503c37824e85b91","sellTxId":"4e20c345f6b7e961af1574db4612aeca9a3a3ba2"}
{"index": {"_index":"pob","_id":"1540058"}}
	{"id":1540058,"type":"sell","buyer":"memeisfun","seller":"rebet","symbol":"POB","quantity":"0.14809252","price":"0.29000000","timestamp":1631877336,"volume":"0.04294683","buyTxId":"756395bed7fcee6c7edaa9307f9f770340be0afb","sellTxId":"3220658c62bcaf8ac0448265f2b6e54dff1c82f9"}
{"index": {"_index":"pob","_id":"1540066"}}
	{"id":1540066,"type":"sell","buyer":"imno","seller":"rebet","symbol":"POB","quantity":"9.76143283","price":"0.25501000","timestamp":1631877441,"volume":"2.48926299","buyTxId":"224e21e94daf4a3bc2b68522f67062d313844464","sellTxId":"2432f65c321ead3da881faf6007547703ade625e"}
{"index": {"_index":"pob","_id":"1540153"}}
	{"id":1540153,"type":"sell","buyer":"bilpcoinbpc","seller":"stockage","symbol":"POB","quantity":"0.13787027","price":"0.28000000","timestamp":1631878419,"volume":"0.03860368","buyTxId":"7e5e692eea1f9a7c990663b3fb31d48027f187d9","sellTxId":"a6082d749dd46c96c68d0395f9faac74cb08e6ee"}
{"index": {"_index":"pob","_id":"1540206"}}
	{"id":1540206,"type":"sell","buyer":"bilpcoinbpc","seller":"mad-runner","symbol":"POB","quantity":"0.86212973","price":"0.28000000","timestamp":1631879373,"volume":"0.24139632","buyTxId":"7e5e692eea1f9a7c990663b3fb31d48027f187d9","sellTxId":"d36f9fb81cd717b815ac68539af79f6cabcc676a"}
{"index": {"_index":"pob","_id":"1540218"}}
	{"id":1540218,"type":"sell","buyer":"tonytrillions","seller":"proton80","symbol":"POB","quantity":"0.01530585","price":"0.27500000","timestamp":1631879826,"volume":"0.00420911","buyTxId":"67945a505d04fdbadc90dc65f01fd9bf381098dc","sellTxId":"2eca9a73f96ec682bd958d5ecbd1922996451bc4"}
{"index": {"_index":"pob","_id":"1540231"}}
	{"id":1540231,"type":"sell","buyer":"tonytrillions","seller":"jphamer1","symbol":"POB","quantity":"1.45852598","price":"0.27500000","timestamp":1631879895,"volume":"0.40109464","buyTxId":"67945a505d04fdbadc90dc65f01fd9bf381098dc","sellTxId":"dd2ce4288a82524f80e87419fea6f0c8b2c0eca0"}
{"index": {"_index":"pob","_id":"1540232"}}
	{"id":1540232,"type":"sell","buyer":"bilpcoinbpc","seller":"jphamer1","symbol":"POB","quantity":"1.00000000","price":"0.27000000","timestamp":1631879895,"volume":"0.27000000","buyTxId":"26ac6965e1ce1a6062a6311e3d9eca88f39c9f8a","sellTxId":"dd2ce4288a82524f80e87419fea6f0c8b2c0eca0"}
{"index": {"_index":"pob","_id":"1540233"}}
	{"id":1540233,"type":"sell","buyer":"bilpcoinbpc","seller":"jphamer1","symbol":"POB","quantity":"1.00000000","price":"0.26000000","timestamp":1631879895,"volume":"0.26000000","buyTxId":"1ba0c59476b78481f8460a89618a2a3ed7178204","sellTxId":"dd2ce4288a82524f80e87419fea6f0c8b2c0eca0"}
{"index": {"_index":"pob","_id":"1540234"}}
	{"id":1540234,"type":"sell","buyer":"bilpcoinbpc","seller":"jphamer1","symbol":"POB","quantity":"1.00000000","price":"0.25520000","timestamp":1631879895,"volume":"0.25520000","buyTxId":"b22c1cff24349633d1d43cf97e9f0b4b6b3ff459","sellTxId":"dd2ce4288a82524f80e87419fea6f0c8b2c0eca0"}
{"index": {"_index":"pob","_id":"1540235"}}
	{"id":1540235,"type":"sell","buyer":"bilpcoinbpc","seller":"jphamer1","symbol":"POB","quantity":"1.80891953","price":"0.25510000","timestamp":1631879895,"volume":"0.46145537","buyTxId":"8f0df0dde9f578e7a958a917d29c08440add9f2a","sellTxId":"dd2ce4288a82524f80e87419fea6f0c8b2c0eca0"}
{"index": {"_index":"pob","_id":"1540350"}}
	{"id":1540350,"type":"sell","buyer":"bilpcoinbpc","seller":"sayago","symbol":"POB","quantity":"1.00000000","price":"0.26000000","timestamp":1631881641,"volume":"0.26000000","buyTxId":"eeca4542e9fe4afc07038420ea93b8cb62a7feef","sellTxId":"14d43519003e0132b387ef370c747edddc8734d0"}
{"index": {"_index":"pob","_id":"1540427"}}
	{"id":1540427,"type":"buy","buyer":"tonytrillions","seller":"sayago","symbol":"POB","quantity":"0.02777607","price":"0.26000000","timestamp":1631882430,"volume":"0.00722178","buyTxId":"5b5ac7394d857ce1ab78789f6be951bd8b08031e","sellTxId":"14d43519003e0132b387ef370c747edddc8734d0"}
{"index": {"_index":"pob","_id":"1540497"}}
	{"id":1540497,"type":"buy","buyer":"tonytrillions","seller":"sayago","symbol":"POB","quantity":"1.14204476","price":"0.26000000","timestamp":1631884041,"volume":"0.29693164","buyTxId":"b468e0d42156c2233d906d2ba5618f639ce7d958","sellTxId":"14d43519003e0132b387ef370c747edddc8734d0"}
{"index": {"_index":"pob","_id":"1540561"}}
	{"id":1540561,"type":"sell","buyer":"tonytrillions","seller":"stayten","symbol":"POB","quantity":"0.08103216","price":"0.26000000","timestamp":1631884929,"volume":"0.02106836","buyTxId":"b468e0d42156c2233d906d2ba5618f639ce7d958","sellTxId":"a3222fb762065a26147669ea7ce83ee9edbb860c"}
{"index": {"_index":"pob","_id":"1540566"}}
	{"id":1540566,"type":"sell","buyer":"bilpcoinbpc","seller":"stayten","symbol":"POB","quantity":"0.77204017","price":"0.25600000","timestamp":1631885001,"volume":"0.19764228","buyTxId":"c98cf0594e31a2c192f271ed479d7dee6cb334dc","sellTxId":"f680e4da28c8505d88342ed0deddfc8bdb4255cb"}
{"index": {"_index":"pob","_id":"1540577"}}
	{"id":1540577,"type":"sell","buyer":"bilpcoinbpc","seller":"jsantana","symbol":"POB","quantity":"0.22795983","price":"0.25600000","timestamp":1631885214,"volume":"0.05835772","buyTxId":"c98cf0594e31a2c192f271ed479d7dee6cb334dc","sellTxId":"7b8af590b9ef2a969e3dc0531c97e7bb0cb00491"}
{"index": {"_index":"pob","_id":"1540617"}}
	{"id":1540617,"type":"sell","buyer":"bilpcoinbpc","seller":"achim03","symbol":"POB","quantity":"5.79000000","price":"0.25511000","timestamp":1631885760,"volume":"1.47708690","buyTxId":"4ac2c8d6589f6f2717a3099ad53c8a8f11bef8eb","sellTxId":"c8c636d4b8af768952d2ceb93f30e49348438f28"}
{"index": {"_index":"pob","_id":"1540735"}}
	{"id":1540735,"type":"sell","buyer":"bilpcoinbpc","seller":"hitmeasap","symbol":"POB","quantity":"4.21000000","price":"0.25511000","timestamp":1631887269,"volume":"1.07401310","buyTxId":"4ac2c8d6589f6f2717a3099ad53c8a8f11bef8eb","sellTxId":"449b07f920d05800ee5c645e6bdef2edd529abe0"}
{"index": {"_index":"pob","_id":"1540748"}}
	{"id":1540748,"type":"sell","buyer":"bilpcoinbpc","seller":"diebitch","symbol":"POB","quantity":"8.19108047","price":"0.25510000","timestamp":1631887473,"volume":"2.08954463","buyTxId":"8f0df0dde9f578e7a958a917d29c08440add9f2a","sellTxId":"156fe2badb1d1ae0f11a6f6641f1d2743b96499e"}
{"index": {"_index":"pob","_id":"1540750"}}
	{"id":1540750,"type":"sell","buyer":"mmmmkkkk311","seller":"melbourneswest","symbol":"POB","quantity":"5.90431733","price":"0.25502002","timestamp":1631887527,"volume":"1.50571912","buyTxId":"MM-P-10518342-57502666-3-18-0","sellTxId":"a7912817cc94d31a948550fe343b7bfde77e1065"}
{"index": {"_index":"pob","_id":"1540817"}}
	{"id":1540817,"type":"sell","buyer":"mmmmkkkk311","seller":"candy49","symbol":"POB","quantity":"1.29032958","price":"0.25502002","timestamp":1631888184,"volume":"0.32905988","buyTxId":"MM-P-10518342-57502666-3-18-0","sellTxId":"76b5b27802bb7c43ed8e09b699ba9a76ec105826"}
{"index": {"_index":"pob","_id":"1540861"}}
	{"id":1540861,"type":"sell","buyer":"mmmmkkkk311","seller":"darth-azrael","symbol":"POB","quantity":"1.00000000","price":"0.25502002","timestamp":1631888619,"volume":"0.25502002","buyTxId":"MM-P-10518342-57502666-3-18-0","sellTxId":"0b1aa7f69c2be3d01c95eaad0b6259e538fefb7c"}
{"index": {"_index":"pob","_id":"1540880"}}
	{"id":1540880,"type":"buy","buyer":"anadolu","seller":"diebitch","symbol":"POB","quantity":"23.56466200","price":"0.25510000","timestamp":1631888769,"volume":"6.01134528","buyTxId":"147f2c2f9df7dacbe8d2f5021b472a27490f7873","sellTxId":"156fe2badb1d1ae0f11a6f6641f1d2743b96499e"}
{"index": {"_index":"pob","_id":"1540920"}}
	{"id":1540920,"type":"sell","buyer":"mmmmkkkk311","seller":"aliveprojects","symbol":"POB","quantity":"0.002","price":"0.25502002","timestamp":1631889309,"volume":"0.00051004","buyTxId":"MM-P-10518342-57502666-3-18-0","sellTxId":"3faffe321e079f2900a3e15ae049b87d18388d2e"}
{"index": {"_index":"pob","_id":"1540923"}}
	{"id":1540923,"type":"sell","buyer":"mmmmkkkk311","seller":"shroomfund","symbol":"POB","quantity":"0.01373703","price":"0.25502002","timestamp":1631889324,"volume":"0.00350322","buyTxId":"MM-P-10518342-57502666-3-18-0","sellTxId":"27b154f69a9c062d9c6ad75e3764c80c10c67431"}
{"index": {"_index":"pob","_id":"1540937"}}
	{"id":1540937,"type":"sell","buyer":"mmmmkkkk311","seller":"deepsafe","symbol":"POB","quantity":"9.19722346","price":"0.25502002","timestamp":1631889576,"volume":"2.34547611","buyTxId":"MM-P-10518342-57502666-3-18-0","sellTxId":"45344a2079ea581dc4f18c5906870ac1939422db"}
{"index": {"_index":"pob","_id":"1540966"}}
	{"id":1540966,"type":"sell","buyer":"mmmmkkkk311","seller":"kevmcc","symbol":"POB","quantity":"2.00000000","price":"0.25502002","timestamp":1631890038,"volume":"0.51004004","buyTxId":"MM-P-10518342-57502666-3-18-0","sellTxId":"6f01cab0a482a00d4985b6d366bf15c6eb09fd23"}
{"index": {"_index":"pob","_id":"1540968"}}
	{"id":1540968,"type":"sell","buyer":"mmmmkkkk311","seller":"riandeuk","symbol":"POB","quantity":"0.05060370","price":"0.25502002","timestamp":1631890077,"volume":"0.01290496","buyTxId":"MM-P-10518342-57502666-3-18-0","sellTxId":"c39c9e55bb9cad8344a184bc390f6eaff9326d1b"}
{"index": {"_index":"pob","_id":"1540980"}}
	{"id":1540980,"type":"sell","buyer":"mmmmkkkk311","seller":"thomashnblum","symbol":"POB","quantity":"19.86681828","price":"0.25502002","timestamp":1631890212,"volume":"5.06643639","buyTxId":"MM-P-10518342-57502666-3-18-0","sellTxId":"45cdf1ac16a78730ba4ebd5e6183b143154eb0c3"}
{"index": {"_index":"pob","_id":"1541002"}}
	{"id":1541002,"type":"sell","buyer":"bilpcoinbpc","seller":"thomashnblum","symbol":"POB","quantity":"0.50000000","price":"0.25502000","timestamp":1631890707,"volume":"0.12751000","buyTxId":"4548c9d6a13e482f3992b7f0f93ac3c05bfc6619","sellTxId":"d3e0ad7288958de412b3c4fe24981282bb80e149"}
{"index": {"_index":"pob","_id":"1541008"}}
	{"id":1541008,"type":"sell","buyer":"bilpcoinbpc","seller":"thomashnblum","symbol":"POB","quantity":"0.50000000","price":"0.25501900","timestamp":1631890824,"volume":"0.12750950","buyTxId":"33e37de802fbc69bc5736c2568ed0aff15daa682","sellTxId":"3a33f502db006c6fb1dad2f937c117136b90ad5c"}
{"index": {"_index":"pob","_id":"1541009"}}
	{"id":1541009,"type":"sell","buyer":"bilpcoinbpc","seller":"thomashnblum","symbol":"POB","quantity":"0.30000000","price":"0.25501100","timestamp":1631890824,"volume":"0.07650330","buyTxId":"2a3a83d54398dcb825ad8507651c66220a47df42","sellTxId":"3a33f502db006c6fb1dad2f937c117136b90ad5c"}
{"index": {"_index":"pob","_id":"1541010"}}
	{"id":1541010,"type":"sell","buyer":"bilpcoinbpc","seller":"thomashnblum","symbol":"POB","quantity":"0.30000000","price":"0.25501090","timestamp":1631890824,"volume":"0.07650327","buyTxId":"b2e3ee4286a879ab781e79f41fc4f0c1e5b1ce42","sellTxId":"3a33f502db006c6fb1dad2f937c117136b90ad5c"}
{"index": {"_index":"pob","_id":"1541011"}}
	{"id":1541011,"type":"sell","buyer":"bilpcoinbpc","seller":"thomashnblum","symbol":"POB","quantity":"0.10000000","price":"0.25501070","timestamp":1631890824,"volume":"0.02550107","buyTxId":"fbcee64e340b72e2ac499707d3281f0b6087510a","sellTxId":"3a33f502db006c6fb1dad2f937c117136b90ad5c"}
{"index": {"_index":"pob","_id":"1541012"}}
	{"id":1541012,"type":"sell","buyer":"bilpcoinbpc","seller":"thomashnblum","symbol":"POB","quantity":"1.00000000","price":"0.25501050","timestamp":1631890824,"volume":"0.25501050","buyTxId":"1c1eea44d78f17c3c89ebb32b2ff5e30c0ff1de6","sellTxId":"3a33f502db006c6fb1dad2f937c117136b90ad5c"}
{"index": {"_index":"pob","_id":"1541013"}}
	{"id":1541013,"type":"sell","buyer":"bilpcoinbpc","seller":"thomashnblum","symbol":"POB","quantity":"0.20000000","price":"0.25501030","timestamp":1631890824,"volume":"0.05100206","buyTxId":"ad342bcee8d0fe364ccfa07cdd145f3b539f00a6","sellTxId":"3a33f502db006c6fb1dad2f937c117136b90ad5c"}
{"index": {"_index":"pob","_id":"1541014"}}
	{"id":1541014,"type":"sell","buyer":"bilpcoinbpc","seller":"thomashnblum","symbol":"POB","quantity":"0.10000000","price":"0.25501020","timestamp":1631890824,"volume":"0.02550102","buyTxId":"269ad3aeab27dfe44fa7a76aa6a06af5fce91545","sellTxId":"3a33f502db006c6fb1dad2f937c117136b90ad5c"}
{"index": {"_index":"pob","_id":"1541015"}}
	{"id":1541015,"type":"sell","buyer":"bilpcoinbpc","seller":"thomashnblum","symbol":"POB","quantity":"0.20000000","price":"0.25501010","timestamp":1631890824,"volume":"0.05100202","buyTxId":"48970ca90f701f57b3b4a5f4a570d0e929594403","sellTxId":"3a33f502db006c6fb1dad2f937c117136b90ad5c"}
{"index": {"_index":"pob","_id":"1541016"}}
	{"id":1541016,"type":"sell","buyer":"bilpcoinbpc","seller":"thomashnblum","symbol":"POB","quantity":"0.10000000","price":"0.25501010","timestamp":1631890824,"volume":"0.02550101","buyTxId":"f0ad87f89a4eed2bc058562a714ef22d34d07017","sellTxId":"3a33f502db006c6fb1dad2f937c117136b90ad5c"}
{"index": {"_index":"pob","_id":"1541017"}}
	{"id":1541017,"type":"sell","buyer":"bilpcoinbpc","seller":"thomashnblum","symbol":"POB","quantity":"0.40000000","price":"0.25501001","timestamp":1631890824,"volume":"0.10200400","buyTxId":"08440212a910a6ac82e118de82becd48a2c8531e","sellTxId":"3a33f502db006c6fb1dad2f937c117136b90ad5c"}
{"index": {"_index":"pob","_id":"1541018"}}
	{"id":1541018,"type":"sell","buyer":"imno","seller":"thomashnblum","symbol":"POB","quantity":"95.18980628","price":"0.25501000","timestamp":1631890824,"volume":"24.27435250","buyTxId":"224e21e94daf4a3bc2b68522f67062d313844464","sellTxId":"3a33f502db006c6fb1dad2f937c117136b90ad5c"}
{"index": {"_index":"pob","_id":"1541056"}}
	{"id":1541056,"type":"sell","buyer":"imno","seller":"dudeontheweb","symbol":"POB","quantity":"3.00000000","price":"0.25501000","timestamp":1631891274,"volume":"0.76503000","buyTxId":"224e21e94daf4a3bc2b68522f67062d313844464","sellTxId":"02a27a4c7168814dfed128d23a076810633d0a69"}
{"index": {"_index":"pob","_id":"1541116"}}
	{"id":1541116,"type":"sell","buyer":"solovey6o2","seller":"mykos","symbol":"POB","quantity":"2.40865329","price":"0.25501001","timestamp":1631891982,"volume":"0.61423070","buyTxId":"c81fc440a24d79f66780021fa8e20c4a44961051","sellTxId":"a276adb21176e62adca4b49716b930c3aafc03e6"}
{"index": {"_index":"pob","_id":"1541138"}}
	{"id":1541138,"type":"sell","buyer":"solovey6o2","seller":"anandjadhao","symbol":"POB","quantity":"50.77208529","price":"0.25501001","timestamp":1631892147,"volume":"12.94738998","buyTxId":"c81fc440a24d79f66780021fa8e20c4a44961051","sellTxId":"7f4208888f3c776a50fa6b2bea760bce9b431742"}
{"index": {"_index":"pob","_id":"1541158"}}
	{"id":1541158,"type":"sell","buyer":"solovey6o2","seller":"chinorf","symbol":"POB","quantity":"1.71102962","price":"0.25501001","timestamp":1631892342,"volume":"0.43632968","buyTxId":"c81fc440a24d79f66780021fa8e20c4a44961051","sellTxId":"c4a979d45dc0f5a68f62502744d284ae5e69face"}
{"index": {"_index":"pob","_id":"1541288"}}
	{"id":1541288,"type":"sell","buyer":"solovey6o2","seller":"jeniffer23","symbol":"POB","quantity":"2.67873058","price":"0.25501001","timestamp":1631893824,"volume":"0.68310311","buyTxId":"c81fc440a24d79f66780021fa8e20c4a44961051","sellTxId":"f3a9509db21ae9340272238893c3605c0ab6a3f8"}
{"index": {"_index":"pob","_id":"1541315"}}
	{"id":1541315,"type":"sell","buyer":"solovey6o2","seller":"specialfeelings","symbol":"POB","quantity":"0.23925137","price":"0.25501001","timestamp":1631894058,"volume":"0.06101149","buyTxId":"c81fc440a24d79f66780021fa8e20c4a44961051","sellTxId":"e114f7f88609edd78086d36d159031c9ba997c8e"}
{"index": {"_index":"pob","_id":"1541366"}}
	{"id":1541366,"type":"sell","buyer":"solovey6o2","seller":"specialfeelings","symbol":"POB","quantity":"0.75275014","price":"0.25501001","timestamp":1631894391,"volume":"0.19195882","buyTxId":"c81fc440a24d79f66780021fa8e20c4a44961051","sellTxId":"58c508cfcd30f8b9c5d02d31ab65cd5797c04d01"}
{"index": {"_index":"pob","_id":"1541443"}}
	{"id":1541443,"type":"sell","buyer":"solovey6o2","seller":"zonadigital21","symbol":"POB","quantity":"3.96092523","price":"0.25501001","timestamp":1631895327,"volume":"1.01007558","buyTxId":"c81fc440a24d79f66780021fa8e20c4a44961051","sellTxId":"c7d48b52797dd2389e2913e572d70942e613f339"}
{"index": {"_index":"pob","_id":"1541540"}}
	{"id":1541540,"type":"sell","buyer":"solovey6o2","seller":"danladi","symbol":"POB","quantity":"17.00000000","price":"0.25501001","timestamp":1631896332,"volume":"4.33517017","buyTxId":"c81fc440a24d79f66780021fa8e20c4a44961051","sellTxId":"0ee08ad04e9268a690b23319ee82e4691387f8c1"}
{"index": {"_index":"pob","_id":"1541604"}}
	{"id":1541604,"type":"sell","buyer":"solovey6o2","seller":"tomhall","symbol":"POB","quantity":"2.44165322","price":"0.25501001","timestamp":1631896923,"volume":"0.62264601","buyTxId":"c81fc440a24d79f66780021fa8e20c4a44961051","sellTxId":"0a9d2fcdbf8b67b4a759ddbdb5c990be9573bb32"}
{"index": {"_index":"pob","_id":"1541611"}}
	{"id":1541611,"type":"sell","buyer":"solovey6o2","seller":"bahagia-arbi","symbol":"POB","quantity":"10.88056279","price":"0.25501001","timestamp":1631897103,"volume":"2.77465243","buyTxId":"c81fc440a24d79f66780021fa8e20c4a44961051","sellTxId":"65f7e1a41cc2318b7b393cff8a3c1de517e1dfc6"}
{"index": {"_index":"pob","_id":"1541612"}}
	{"id":1541612,"type":"sell","buyer":"solovey6o2","seller":"offgridlife","symbol":"POB","quantity":"35.00000000","price":"0.25501001","timestamp":1631897106,"volume":"8.92535035","buyTxId":"c81fc440a24d79f66780021fa8e20c4a44961051","sellTxId":"b1f3eec7b2461be1c70711696987bb9b1bcd4e2e"}
{"index": {"_index":"pob","_id":"1541618"}}
	{"id":1541618,"type":"buy","buyer":"imno","seller":"diebitch","symbol":"POB","quantity":"0.00000002","price":"0.25510000","timestamp":1631897184,"volume":"0.00000001","buyTxId":"7197a32f02a502e0c56cc428449010a5e50703cb","sellTxId":"156fe2badb1d1ae0f11a6f6641f1d2743b96499e"}
{"index": {"_index":"pob","_id":"1541619"}}
	{"id":1541619,"type":"buy","buyer":"imno","seller":"hitmeasap","symbol":"POB","quantity":"5.38006166","price":"0.25511000","timestamp":1631897184,"volume":"1.37250753","buyTxId":"7197a32f02a502e0c56cc428449010a5e50703cb","sellTxId":"449b07f920d05800ee5c645e6bdef2edd529abe0"}
{"index": {"_index":"pob","_id":"1541620"}}
	{"id":1541620,"type":"buy","buyer":"imno","seller":"master-lamps","symbol":"POB","quantity":"0.02353853","price":"0.27989999","timestamp":1631897184,"volume":"0.00658843","buyTxId":"7197a32f02a502e0c56cc428449010a5e50703cb","sellTxId":"47dac72762e1e1a1fdf463d64986467316c2bc6b"}
{"index": {"_index":"pob","_id":"1541621"}}
	{"id":1541621,"type":"buy","buyer":"imno","seller":"bilpcoinbpc","symbol":"POB","quantity":"1.00000000","price":"0.27990000","timestamp":1631897184,"volume":"0.27990000","buyTxId":"7197a32f02a502e0c56cc428449010a5e50703cb","sellTxId":"d1ede196712ee03207771c5313a05669b51d05fa"}
{"index": {"_index":"pob","_id":"1541622"}}
	{"id":1541622,"type":"buy","buyer":"imno","seller":"bilpcoinbpc","symbol":"POB","quantity":"5.00000000","price":"0.27990000","timestamp":1631897184,"volume":"1.39950000","buyTxId":"7197a32f02a502e0c56cc428449010a5e50703cb","sellTxId":"f2ea1fa446357ccbaca64130ae0fe21c6c4374a7"}
{"index": {"_index":"pob","_id":"1541623"}}
	{"id":1541623,"type":"buy","buyer":"imno","seller":"bilpcoinbpc","symbol":"POB","quantity":"10.00000000","price":"0.27990000","timestamp":1631897184,"volume":"2.79900000","buyTxId":"7197a32f02a502e0c56cc428449010a5e50703cb","sellTxId":"7bd2af6d19b254ab1b021f1809d2e801d3f3fb59"}
{"index": {"_index":"pob","_id":"1541624"}}
	{"id":1541624,"type":"buy","buyer":"imno","seller":"ddn688","symbol":"POB","quantity":"18.55168319","price":"0.27990000","timestamp":1631897184,"volume":"5.19261612","buyTxId":"7197a32f02a502e0c56cc428449010a5e50703cb","sellTxId":"905573f7c20cdd36f571740d04b1cc391ad3c88a"}
{"index": {"_index":"pob","_id":"1541625"}}
	{"id":1541625,"type":"buy","buyer":"imno","seller":"mad-runner","symbol":"POB","quantity":"13.54471660","price":"0.28000000","timestamp":1631897184,"volume":"3.79252065","buyTxId":"7197a32f02a502e0c56cc428449010a5e50703cb","sellTxId":"d36f9fb81cd717b815ac68539af79f6cabcc676a"}
{"index": {"_index":"pob","_id":"1541658"}}
	{"id":1541658,"type":"buy","buyer":"elricmoonslayer","seller":"mad-runner","symbol":"POB","quantity":"0.31112547","price":"0.28000000","timestamp":1631897766,"volume":"0.08711513","buyTxId":"60d447d7b78aa692cacbec72c79a6549fc05c8bb","sellTxId":"d36f9fb81cd717b815ac68539af79f6cabcc676a"}
{"index": {"_index":"pob","_id":"1541665"}}
	{"id":1541665,"type":"buy","buyer":"interpretation","seller":"bilpcoinbpc","symbol":"POB","quantity":"1.83553650","price":"0.29890000","timestamp":1631897838,"volume":"0.54864186","buyTxId":"44e556e3d181fdc7482c4955ffb167cd7bc473e7","sellTxId":"597479f409eaa4caa73fd51d6fa4e3f448e23b72"}
{"index": {"_index":"pob","_id":"1541775"}}
	{"id":1541775,"type":"sell","buyer":"elricmoonslayer","seller":"priyanarc","symbol":"POB","quantity":"4.00000000","price":"0.28000000","timestamp":1631899140,"volume":"1.12000000","buyTxId":"60d447d7b78aa692cacbec72c79a6549fc05c8bb","sellTxId":"71ba13cafbfba43611ce6181b22e7095a358f93a"}
{"index": {"_index":"pob","_id":"1541777"}}
	{"id":1541777,"type":"sell","buyer":"elricmoonslayer","seller":"ministickupboy","symbol":"POB","quantity":"0.01000000","price":"0.28000000","timestamp":1631899167,"volume":"0.00280000","buyTxId":"60d447d7b78aa692cacbec72c79a6549fc05c8bb","sellTxId":"5152be166b8822d9442ecd9c4a97b14429a3c8bf"}
{"index": {"_index":"pob","_id":"1541799"}}
	{"id":1541799,"type":"sell","buyer":"elricmoonslayer","seller":"silvertop","symbol":"POB","quantity":"0.11347244","price":"0.28000000","timestamp":1631899524,"volume":"0.03177228","buyTxId":"60d447d7b78aa692cacbec72c79a6549fc05c8bb","sellTxId":"65190e3eb31769cb5ebc7413c76615621dd9ab15"}
{"index": {"_index":"pob","_id":"1541873"}}
	{"id":1541873,"type":"sell","buyer":"gimme-your-coinz","seller":"shortsegments","symbol":"POB","quantity":"44.40000000","price":"0.28000001","timestamp":1631900457,"volume":"12.43200044","buyTxId":"35de543b56d801b8f4e4da678e4ff5943c81bf73","sellTxId":"2a28d2147dc8f2e7f9117fcb4e5769ca68e99ce7"}
{"index": {"_index":"pob","_id":"1541874"}}
	{"id":1541874,"type":"sell","buyer":"gimme-your-coinz","seller":"shortsegments","symbol":"POB","quantity":"44.40000000","price":"0.28000001","timestamp":1631900457,"volume":"12.43200044","buyTxId":"67d1494753b05a069af38698d48fffe5f705aeca","sellTxId":"2a28d2147dc8f2e7f9117fcb4e5769ca68e99ce7"}
{"index": {"_index":"pob","_id":"1541875"}}
	{"id":1541875,"type":"sell","buyer":"elricmoonslayer","seller":"shortsegments","symbol":"POB","quantity":"0.56540209","price":"0.28000000","timestamp":1631900457,"volume":"0.15831259","buyTxId":"60d447d7b78aa692cacbec72c79a6549fc05c8bb","sellTxId":"2a28d2147dc8f2e7f9117fcb4e5769ca68e99ce7"}
{"index": {"_index":"pob","_id":"1541878"}}
	{"id":1541878,"type":"sell","buyer":"gimme-your-coinz","seller":"thelogicaldude","symbol":"POB","quantity":"1.39605104","price":"0.25501001","timestamp":1631900532,"volume":"0.35600699","buyTxId":"aca782cab10cde35a82a56308fdd09a39b1629fc","sellTxId":"861bea9c832c3f188def62d52992503fb7759803"}
{"index": {"_index":"pob","_id":"1541895"}}
	{"id":1541895,"type":"buy","buyer":"tipy","seller":"shortsegments","symbol":"POB","quantity":"0.00126370","price":"0.28000000","timestamp":1631900745,"volume":"0.00035384","buyTxId":"3e1e4a9784ba89da95f3494b99095a19915738c0","sellTxId":"2a28d2147dc8f2e7f9117fcb4e5769ca68e99ce7"}
{"index": {"_index":"pob","_id":"1541983"}}
	{"id":1541983,"type":"sell","buyer":"gimme-your-coinz","seller":"whatsup","symbol":"POB","quantity":"8.51610655","price":"0.25501001","timestamp":1631901456,"volume":"2.17169242","buyTxId":"aca782cab10cde35a82a56308fdd09a39b1629fc","sellTxId":"d9f9c158caf99192d2d5ea1a8f51e3cb34baad8e"}
{"index": {"_index":"pob","_id":"1542032"}}
	{"id":1542032,"type":"sell","buyer":"gimme-your-coinz","seller":"judicious","symbol":"POB","quantity":"34.48784241","price":"0.25501001","timestamp":1631902350,"volume":"8.79474503","buyTxId":"aca782cab10cde35a82a56308fdd09a39b1629fc","sellTxId":"520a8904de10de22633e7f98cfd52b5af02e9faa"}
{"index": {"_index":"pob","_id":"1542033"}}
	{"id":1542033,"type":"sell","buyer":"imno","seller":"judicious","symbol":"POB","quantity":"81.81215759","price":"0.25501000","timestamp":1631902350,"volume":"20.86291831","buyTxId":"224e21e94daf4a3bc2b68522f67062d313844464","sellTxId":"520a8904de10de22633e7f98cfd52b5af02e9faa"}
{"index": {"_index":"pob","_id":"1542124"}}
	{"id":1542124,"type":"sell","buyer":"gimme-your-coinz","seller":"lunaticpandora","symbol":"POB","quantity":"44.40000000","price":"0.25501001","timestamp":1631904000,"volume":"11.32244444","buyTxId":"e084063f511b9ce566856591d280bec6eff4c8ff","sellTxId":"77f6ba7b8c309d430b5910e79a585e83868b6f54"}
{"index": {"_index":"pob","_id":"1542125"}}
	{"id":1542125,"type":"sell","buyer":"imno","seller":"lunaticpandora","symbol":"POB","quantity":"123.84598003","price":"0.25501000","timestamp":1631904000,"volume":"31.58196337","buyTxId":"224e21e94daf4a3bc2b68522f67062d313844464","sellTxId":"77f6ba7b8c309d430b5910e79a585e83868b6f54"}
{"index": {"_index":"pob","_id":"1542205"}}
	{"id":1542205,"type":"sell","buyer":"imno","seller":"gubbatv","symbol":"POB","quantity":"3.12229065","price":"0.25501000","timestamp":1631905089,"volume":"0.79621534","buyTxId":"224e21e94daf4a3bc2b68522f67062d313844464","sellTxId":"ae4dd2e3ef92abd99bd3e4baaee8cad08f86e170"}
{"index": {"_index":"pob","_id":"1542233"}}
	{"id":1542233,"type":"sell","buyer":"joshh71390","seller":"handtalk5","symbol":"POB","quantity":"0.09078827","price":"0.25700000","timestamp":1631905248,"volume":"0.02333259","buyTxId":"a672f66a04240ab159bf6fa2db1c4ce3a37e52bf","sellTxId":"418131c21d4281b0d55ec965be349868bc7ef4a0"}
{"index": {"_index":"pob","_id":"1542244"}}
	{"id":1542244,"type":"sell","buyer":"joshh71390","seller":"felipejoys","symbol":"POB","quantity":"4.90921173","price":"0.25700000","timestamp":1631905425,"volume":"1.26166741","buyTxId":"a672f66a04240ab159bf6fa2db1c4ce3a37e52bf","sellTxId":"1604b93b8abada9be9b79b3900455d155e135bce"}
{"index": {"_index":"pob","_id":"1542268"}}
	{"id":1542268,"type":"sell","buyer":"imno","seller":"pablodare","symbol":"POB","quantity":"1.00992291","price":"0.25501000","timestamp":1631905749,"volume":"0.25754044","buyTxId":"224e21e94daf4a3bc2b68522f67062d313844464","sellTxId":"2d1029c3a232f5f058f2283a9d63181f1909c8d0"}
{"index": {"_index":"pob","_id":"1542294"}}
	{"id":1542294,"type":"sell","buyer":"imno","seller":"mimi05","symbol":"POB","quantity":"8.04000000","price":"0.25501000","timestamp":1631906211,"volume":"2.05028040","buyTxId":"224e21e94daf4a3bc2b68522f67062d313844464","sellTxId":"33f6730c094071b85622fc578b3674327a739f97"}
{"index": {"_index":"pob","_id":"1542304"}}
	{"id":1542304,"type":"buy","buyer":"empress-eremmy","seller":"felipejoys","symbol":"POB","quantity":"20.88078827","price":"0.25700000","timestamp":1631906382,"volume":"5.36636259","buyTxId":"16f354a25fc82677890f2ea49cb30c928dffc47a","sellTxId":"1604b93b8abada9be9b79b3900455d155e135bce"}
{"index": {"_index":"pob","_id":"1542314"}}
	{"id":1542314,"type":"sell","buyer":"empress-eremmy","seller":"andy4475","symbol":"POB","quantity":"1.37342827","price":"0.25700000","timestamp":1631906709,"volume":"0.35297107","buyTxId":"16f354a25fc82677890f2ea49cb30c928dffc47a","sellTxId":"bf7b2efc462bbfb72afa17a3de6f97f4282aa2a0"}
{"index": {"_index":"pob","_id":"1542319"}}
	{"id":1542319,"type":"sell","buyer":"empress-eremmy","seller":"thranax","symbol":"POB","quantity":"209.29570310","price":"0.25700000","timestamp":1631906790,"volume":"53.78899570","buyTxId":"16f354a25fc82677890f2ea49cb30c928dffc47a","sellTxId":"de647702e423207b3fd60ceae1f2e468dcbf83f7"}
{"index": {"_index":"pob","_id":"1542330"}}
	{"id":1542330,"type":"sell","buyer":"empress-eremmy","seller":"chireerocks","symbol":"POB","quantity":"4.03094680","price":"0.25700000","timestamp":1631906973,"volume":"1.03595333","buyTxId":"16f354a25fc82677890f2ea49cb30c928dffc47a","sellTxId":"532276ceb7dabe99d08f694f9a3416243a61220d"}
{"index": {"_index":"pob","_id":"1542380"}}
	{"id":1542380,"type":"buy","buyer":"uyobong","seller":"mango-juice","symbol":"POB","quantity":"16.45063204","price":"0.27999000","timestamp":1631907891,"volume":"4.60601246","buyTxId":"ed8835ffa01fecef5d87f6dab13dd107ea48292f","sellTxId":"5fc6eb51275d13456053909c2cefcd25f590d8a6"}
{"index": {"_index":"pob","_id":"1542390"}}
	{"id":1542390,"type":"sell","buyer":"uyobong","seller":"jsantana","symbol":"POB","quantity":"5.04965937","price":"0.27999000","timestamp":1631907969,"volume":"1.41385413","buyTxId":"ed8835ffa01fecef5d87f6dab13dd107ea48292f","sellTxId":"1f42d95c08cae2d46a63e9682c02aeaefb0a0b8f"}
{"index": {"_index":"pob","_id":"1542532"}}
	{"id":1542532,"type":"sell","buyer":"uyobong","seller":"risingstargame","symbol":"POB","quantity":"3.00000000","price":"0.27999000","timestamp":1631909397,"volume":"0.83997000","buyTxId":"ed8835ffa01fecef5d87f6dab13dd107ea48292f","sellTxId":"29cd7d1d09b50f9d818021b0be5de2ab994657be"}
{"index": {"_index":"pob","_id":"1542598"}}
	{"id":1542598,"type":"buy","buyer":"shralve","seller":"shortsegments","symbol":"POB","quantity":"44.07002161","price":"0.28000000","timestamp":1631910969,"volume":"12.33960605","buyTxId":"4ecb91d322dc8a3792fd36b0c168660c3339648a","sellTxId":"2a28d2147dc8f2e7f9117fcb4e5769ca68e99ce7"}
{"index": {"_index":"pob","_id":"1542599"}}
	{"id":1542599,"type":"buy","buyer":"shralve","seller":"solovey6o2","symbol":"POB","quantity":"127.84564152","price":"0.28999999","timestamp":1631910969,"volume":"37.07523476","buyTxId":"4ecb91d322dc8a3792fd36b0c168660c3339648a","sellTxId":"f9adf6bc72c5db8d845d45ca37ba4df073b50898"}
{"index": {"_index":"pob","_id":"1542600"}}
	{"id":1542600,"type":"buy","buyer":"shralve","seller":"kemmyb","symbol":"POB","quantity":"10.00000000","price":"0.29000000","timestamp":1631910969,"volume":"2.90000000","buyTxId":"4ecb91d322dc8a3792fd36b0c168660c3339648a","sellTxId":"feec82e2a12f0b0a26de57aa13acdb6627364da9"}
{"index": {"_index":"pob","_id":"1542601"}}
	{"id":1542601,"type":"buy","buyer":"shralve","seller":"imno","symbol":"POB","quantity":"18.08433687","price":"0.29000000","timestamp":1631910969,"volume":"5.24445769","buyTxId":"4ecb91d322dc8a3792fd36b0c168660c3339648a","sellTxId":"ff09a7ab7a87f4c60fff3b6f41573a853a0bb311"}
{"index": {"_index":"pob","_id":"1542688"}}
	{"id":1542688,"type":"sell","buyer":"gimme-your-coinz","seller":"stayoutoftherz","symbol":"POB","quantity":"13.00000000","price":"0.27999001","timestamp":1631912394,"volume":"3.63987013","buyTxId":"0c108178a477a46b9f2679e6be32041620044de2","sellTxId":"b5ccd090a88767a36bba45925214c9d91e82d0b9"}
{"index": {"_index":"pob","_id":"1542716"}}
	{"id":1542716,"type":"sell","buyer":"gimme-your-coinz","seller":"lordneroo","symbol":"POB","quantity":"3.33612502","price":"0.27999001","timestamp":1631913156,"volume":"0.93408168","buyTxId":"0c108178a477a46b9f2679e6be32041620044de2","sellTxId":"867865992fa1594541902b45ed5f387cae243ed1"}
{"index": {"_index":"pob","_id":"1542770"}}
	{"id":1542770,"type":"buy","buyer":"terminado","seller":"imno","symbol":"POB","quantity":"364.78288343","price":"0.29000000","timestamp":1631914113,"volume":"105.78703619","buyTxId":"d709ac71539a09c72f91d357eda932d3a4addbe0","sellTxId":"ff09a7ab7a87f4c60fff3b6f41573a853a0bb311"}
{"index": {"_index":"pob","_id":"1542771"}}
	{"id":1542771,"type":"buy","buyer":"terminado","seller":"skylinebuds","symbol":"POB","quantity":"14.80000000","price":"0.29800000","timestamp":1631914113,"volume":"4.41040000","buyTxId":"d709ac71539a09c72f91d357eda932d3a4addbe0","sellTxId":"b706369d8cd399fff22119c1e8677db80361717e"}
{"index": {"_index":"pob","_id":"1542772"}}
	{"id":1542772,"type":"buy","buyer":"terminado","seller":"bilpcoinbpc","symbol":"POB","quantity":"0.16446350","price":"0.29890000","timestamp":1631914113,"volume":"0.04915814","buyTxId":"d709ac71539a09c72f91d357eda932d3a4addbe0","sellTxId":"597479f409eaa4caa73fd51d6fa4e3f448e23b72"}
{"index": {"_index":"pob","_id":"1542773"}}
	{"id":1542773,"type":"buy","buyer":"terminado","seller":"bilpcoinbpc","symbol":"POB","quantity":"2.00000000","price":"0.29890000","timestamp":1631914113,"volume":"0.59780000","buyTxId":"d709ac71539a09c72f91d357eda932d3a4addbe0","sellTxId":"0ae36287c2f6ecff2dca2ff3937cbb818b209c96"}
{"index": {"_index":"pob","_id":"1542774"}}
	{"id":1542774,"type":"buy","buyer":"terminado","seller":"bilpcoinbpc","symbol":"POB","quantity":"10.00000000","price":"0.29899000","timestamp":1631914113,"volume":"2.98990000","buyTxId":"d709ac71539a09c72f91d357eda932d3a4addbe0","sellTxId":"92e24d2b11601ae0f6d0eff89bbbdb6c64eab92b"}
{"index": {"_index":"pob","_id":"1542775"}}
	{"id":1542775,"type":"buy","buyer":"terminado","seller":"bilpcoinbpc","symbol":"POB","quantity":"1.00000000","price":"0.29900000","timestamp":1631914113,"volume":"0.29900000","buyTxId":"d709ac71539a09c72f91d357eda932d3a4addbe0","sellTxId":"0549b7dea925af5d0d52747a9224a89f0c65d76c"}
{"index": {"_index":"pob","_id":"1542776"}}
	{"id":1542776,"type":"buy","buyer":"terminado","seller":"hernleon74","symbol":"POB","quantity":"0.77724279","price":"0.29900000","timestamp":1631914113,"volume":"0.23239559","buyTxId":"d709ac71539a09c72f91d357eda932d3a4addbe0","sellTxId":"cac13965e3bad503595928ede379d4a48d46ba18"}
{"index": {"_index":"pob","_id":"1542777"}}
	{"id":1542777,"type":"buy","buyer":"terminado","seller":"kemmyb","symbol":"POB","quantity":"10.00000000","price":"0.29900000","timestamp":1631914113,"volume":"2.99000000","buyTxId":"d709ac71539a09c72f91d357eda932d3a4addbe0","sellTxId":"9bf289aea235fa7cbf44e3b6fe36d3ef688da7c1"}
{"index": {"_index":"pob","_id":"1542778"}}
	{"id":1542778,"type":"buy","buyer":"terminado","seller":"mimismartypants","symbol":"POB","quantity":"4.00000000","price":"0.29999999","timestamp":1631914113,"volume":"1.19999996","buyTxId":"d709ac71539a09c72f91d357eda932d3a4addbe0","sellTxId":"fbf4cf1f7ea9fbfc2cbcf9528bda80375557a691"}
{"index": {"_index":"pob","_id":"1542779"}}
	{"id":1542779,"type":"buy","buyer":"terminado","seller":"eirik","symbol":"POB","quantity":"11.00000000","price":"0.30000000","timestamp":1631914113,"volume":"3.30000000","buyTxId":"d709ac71539a09c72f91d357eda932d3a4addbe0","sellTxId":"d215c0446d7012b1c630d38d9d2df58d31f161b8"}
{"index": {"_index":"pob","_id":"1542780"}}
	{"id":1542780,"type":"buy","buyer":"terminado","seller":"knowhow92","symbol":"POB","quantity":"18.47541028","price":"0.30000000","timestamp":1631914113,"volume":"5.54262308","buyTxId":"d709ac71539a09c72f91d357eda932d3a4addbe0","sellTxId":"826a2b12591c773d365389bb2963c6e45815ca2b"}
{"index": {"_index":"pob","_id":"1542835"}}
	{"id":1542835,"type":"buy","buyer":"ugochill","seller":"knowhow92","symbol":"POB","quantity":"0.12000000","price":"0.30000000","timestamp":1631914713,"volume":"0.03600000","buyTxId":"67b0a0b084eb85909e1256d14a0f472657665fed","sellTxId":"826a2b12591c773d365389bb2963c6e45815ca2b"}
{"index": {"_index":"pob","_id":"1542851"}}
	{"id":1542851,"type":"sell","buyer":"gimme-your-coinz","seller":"littledisciples","symbol":"POB","quantity":"9.79092626","price":"0.27999001","timestamp":1631914980,"volume":"2.74136154","buyTxId":"0c108178a477a46b9f2679e6be32041620044de2","sellTxId":"9f0e2439d7d33b4a1f533598c17aaf981b8d43db"}
{"index": {"_index":"pob","_id":"1542862"}}
	{"id":1542862,"type":"sell","buyer":"gimme-your-coinz","seller":"automaton","symbol":"POB","quantity":"4.00000000","price":"0.27999001","timestamp":1631915283,"volume":"1.11996004","buyTxId":"0c108178a477a46b9f2679e6be32041620044de2","sellTxId":"2a5935a7eb48c8edd9d0a8cfa355aa05c906fa3a"}
{"index": {"_index":"pob","_id":"1542866"}}
	{"id":1542866,"type":"sell","buyer":"gimme-your-coinz","seller":"bitcoinflood","symbol":"POB","quantity":"14.27294872","price":"0.27999001","timestamp":1631915403,"volume":"3.99628305","buyTxId":"0c108178a477a46b9f2679e6be32041620044de2","sellTxId":"a4bd2d342452b304507ec4fec1552c6e8a9a0016"}
{"index": {"_index":"pob","_id":"1542867"}}
	{"id":1542867,"type":"sell","buyer":"gimme-your-coinz","seller":"bitcoinflood","symbol":"POB","quantity":"15.66448830","price":"0.27999001","timestamp":1631915403,"volume":"4.38590024","buyTxId":"2059163040606a973cf2625d0cfe737998257f5d","sellTxId":"a4bd2d342452b304507ec4fec1552c6e8a9a0016"}
{"index": {"_index":"pob","_id":"1542876"}}
	{"id":1542876,"type":"sell","buyer":"gimme-your-coinz","seller":"hallmann","symbol":"POB","quantity":"28.00000000","price":"0.27999001","timestamp":1631915499,"volume":"7.83972028","buyTxId":"2059163040606a973cf2625d0cfe737998257f5d","sellTxId":"1f2144ba207610c8c41a3e33cae9f0a776b2c725"}
{"index": {"_index":"pob","_id":"1542900"}}
	{"id":1542900,"type":"sell","buyer":"gimme-your-coinz","seller":"automaton","symbol":"POB","quantity":"4.00000000","price":"0.27999002","timestamp":1631916351,"volume":"1.11996008","buyTxId":"9ff26386d178149889c80a59f30cbe86b2aaa4a2","sellTxId":"dfd5497bf2c4ac21dfcb562425c57f3483bbd732"}
{"index": {"_index":"pob","_id":"1542907"}}
	{"id":1542907,"type":"buy","buyer":"scholaris.pob","seller":"fireguardian","symbol":"POB","quantity":"34.00000000","price":"0.28500000","timestamp":1631916555,"volume":"9.69000000","buyTxId":"2548e031f5493e5dc7bd7d9173dd38cd635bfe98","sellTxId":"4147361e86eefc261ba79b824a3267b0d1f3013e"}
{"index": {"_index":"pob","_id":"1542908"}}
	{"id":1542908,"type":"buy","buyer":"scholaris.pob","seller":"master-lamps","symbol":"POB","quantity":"0.01524106","price":"0.29999999","timestamp":1631916555,"volume":"0.00457232","buyTxId":"2548e031f5493e5dc7bd7d9173dd38cd635bfe98","sellTxId":"f8a357e6921c2434321ad62b65da4f2cade09517"}
{"index": {"_index":"pob","_id":"1542909"}}
	{"id":1542909,"type":"buy","buyer":"scholaris.pob","seller":"knowhow92","symbol":"POB","quantity":"0.71916872","price":"0.30000000","timestamp":1631916555,"volume":"0.21575062","buyTxId":"2548e031f5493e5dc7bd7d9173dd38cd635bfe98","sellTxId":"826a2b12591c773d365389bb2963c6e45815ca2b"}
{"index": {"_index":"pob","_id":"1542910"}}
	{"id":1542910,"type":"buy","buyer":"scholaris.pob","seller":"akumagai","symbol":"POB","quantity":"30.00000000","price":"0.30000000","timestamp":1631916555,"volume":"9.00000000","buyTxId":"2548e031f5493e5dc7bd7d9173dd38cd635bfe98","sellTxId":"96ba70971fff7918c0bb25ddadccf37ed406d68f"}
{"index": {"_index":"pob","_id":"1542911"}}
	{"id":1542911,"type":"buy","buyer":"scholaris.pob","seller":"cyclope","symbol":"POB","quantity":"97.96907629","price":"0.30000000","timestamp":1631916555,"volume":"29.39072289","buyTxId":"2548e031f5493e5dc7bd7d9173dd38cd635bfe98","sellTxId":"bf51b5a660284eb9466fc2583010bbb21f8fcde1"}
{"index": {"_index":"pob","_id":"1542912"}}
	{"id":1542912,"type":"buy","buyer":"scholaris.pob","seller":"peerfinance","symbol":"POB","quantity":"0.09400000","price":"0.30000000","timestamp":1631916555,"volume":"0.02820000","buyTxId":"2548e031f5493e5dc7bd7d9173dd38cd635bfe98","sellTxId":"d64d64c515c7036d1100d990b324a5b51159d7b9"}
{"index": {"_index":"pob","_id":"1542913"}}
	{"id":1542913,"type":"buy","buyer":"scholaris.pob","seller":"ikkeyy","symbol":"POB","quantity":"6.70000000","price":"0.30000000","timestamp":1631916555,"volume":"2.01000000","buyTxId":"2548e031f5493e5dc7bd7d9173dd38cd635bfe98","sellTxId":"b7c627739fa3e471e65106e50ba782246876d06d"}
{"index": {"_index":"pob","_id":"1542914"}}
	{"id":1542914,"type":"buy","buyer":"scholaris.pob","seller":"eirik","symbol":"POB","quantity":"5.50000000","price":"0.31000000","timestamp":1631916555,"volume":"1.70500000","buyTxId":"2548e031f5493e5dc7bd7d9173dd38cd635bfe98","sellTxId":"a3082b438dbbb38d5eb478cc5f0057953865f1c0"}
{"index": {"_index":"pob","_id":"1542915"}}
	{"id":1542915,"type":"buy","buyer":"scholaris.pob","seller":"gaboamc2393","symbol":"POB","quantity":"10.00000000","price":"0.31000000","timestamp":1631916555,"volume":"3.10000000","buyTxId":"2548e031f5493e5dc7bd7d9173dd38cd635bfe98","sellTxId":"ba9126917dddaf1179c104fbe71b212b47e61301"}
{"index": {"_index":"pob","_id":"1542916"}}
	{"id":1542916,"type":"buy","buyer":"scholaris.pob","seller":"foxnight","symbol":"POB","quantity":"29.90164878","price":"0.31501001","timestamp":1631916555,"volume":"9.41931868","buyTxId":"2548e031f5493e5dc7bd7d9173dd38cd635bfe98","sellTxId":"c9f36e6e91d8e898019a3fbe8be09087008445fe"}
{"index": {"_index":"pob","_id":"1542917"}}
	{"id":1542917,"type":"buy","buyer":"scholaris.pob","seller":"eirik","symbol":"POB","quantity":"7.00000000","price":"0.32000000","timestamp":1631916555,"volume":"2.24000000","buyTxId":"2548e031f5493e5dc7bd7d9173dd38cd635bfe98","sellTxId":"25d3e2c8f23c4095a73574da0ef7858f42be7953"}
{"index": {"_index":"pob","_id":"1542918"}}
	{"id":1542918,"type":"buy","buyer":"scholaris.pob","seller":"gaboamc2393","symbol":"POB","quantity":"10.00000000","price":"0.32400000","timestamp":1631916555,"volume":"3.24000000","buyTxId":"2548e031f5493e5dc7bd7d9173dd38cd635bfe98","sellTxId":"fe6ead08422e3f767f692d6f3f67ee101bc4a79a"}
{"index": {"_index":"pob","_id":"1542919"}}
	{"id":1542919,"type":"buy","buyer":"scholaris.pob","seller":"cryptogeekje","symbol":"POB","quantity":"2.00000000","price":"0.32500000","timestamp":1631916555,"volume":"0.65000000","buyTxId":"2548e031f5493e5dc7bd7d9173dd38cd635bfe98","sellTxId":"66ecd3dd78fe81fee74cfaf97fd76a7a0fdb14b1"}
{"index": {"_index":"pob","_id":"1542920"}}
	{"id":1542920,"type":"buy","buyer":"scholaris.pob","seller":"insight.pob","symbol":"POB","quantity":"55.00000000","price":"0.33000000","timestamp":1631916555,"volume":"18.15000000","buyTxId":"2548e031f5493e5dc7bd7d9173dd38cd635bfe98","sellTxId":"06b43d2896f1e1a819500049fa09a47660f07425"}
{"index": {"_index":"pob","_id":"1542921"}}
	{"id":1542921,"type":"buy","buyer":"scholaris.pob","seller":"iyiade","symbol":"POB","quantity":"3.70000000","price":"0.33980000","timestamp":1631916555,"volume":"1.25726000","buyTxId":"2548e031f5493e5dc7bd7d9173dd38cd635bfe98","sellTxId":"14e77d623cd200ee472bf4cb3373640920b77aa6"}
{"index": {"_index":"pob","_id":"1542922"}}
	{"id":1542922,"type":"buy","buyer":"scholaris.pob","seller":"liotes.voter","symbol":"POB","quantity":"4.07246565","price":"0.33999501","timestamp":1631916555,"volume":"1.38461800","buyTxId":"2548e031f5493e5dc7bd7d9173dd38cd635bfe98","sellTxId":"5353ad9f8aaf8a0f8dd713f97e964c7429201392"}
{"index": {"_index":"pob","_id":"1542923"}}
	{"id":1542923,"type":"buy","buyer":"scholaris.pob","seller":"yemkrm","symbol":"POB","quantity":"67.72176777","price":"0.34000000","timestamp":1631916555,"volume":"23.02540104","buyTxId":"2548e031f5493e5dc7bd7d9173dd38cd635bfe98","sellTxId":"6b2b1dac518e7c2f65e77d834b7649c8074b7ff7"}
{"index": {"_index":"pob","_id":"1542924"}}
	{"id":1542924,"type":"buy","buyer":"scholaris.pob","seller":"ikkeyy","symbol":"POB","quantity":"2.29999144","price":"0.34000000","timestamp":1631916555,"volume":"0.78199709","buyTxId":"2548e031f5493e5dc7bd7d9173dd38cd635bfe98","sellTxId":"8dbe931a39b3aabe57ab9af67c10045ea541eece"}
{"index": {"_index":"pob","_id":"1542952"}}
	{"id":1542952,"type":"sell","buyer":"gimme-your-coinz","seller":"readthisplease","symbol":"POB","quantity":"15.00000000","price":"0.27999002","timestamp":1631917380,"volume":"4.19985030","buyTxId":"9ff26386d178149889c80a59f30cbe86b2aaa4a2","sellTxId":"db135cb21e68724c1f580a50ee27aa346ba1c952"}
{"index": {"_index":"pob","_id":"1543021"}}
	{"id":1543021,"type":"sell","buyer":"gimme-your-coinz","seller":"mawit07","symbol":"POB","quantity":"6.28770397","price":"0.27999002","timestamp":1631918949,"volume":"1.76049436","buyTxId":"9ff26386d178149889c80a59f30cbe86b2aaa4a2","sellTxId":"eb056300582fea5e7b68109e5cdc8b2c5eb50f64"}
{"index": {"_index":"pob","_id":"1543243"}}
	{"id":1543243,"type":"sell","buyer":"gimme-your-coinz","seller":"brofi-market","symbol":"POB","quantity":"0.29743547","price":"0.27999002","timestamp":1631923755,"volume":"0.08327896","buyTxId":"9ff26386d178149889c80a59f30cbe86b2aaa4a2","sellTxId":"986c0004c993019e3c1ec09ec951574012f22565"}
{"index": {"_index":"pob","_id":"1543291"}}
	{"id":1543291,"type":"sell","buyer":"gimme-your-coinz","seller":"hallmann","symbol":"POB","quantity":"18.00000000","price":"0.27999002","timestamp":1631924334,"volume":"5.03982036","buyTxId":"9ff26386d178149889c80a59f30cbe86b2aaa4a2","sellTxId":"b97dd14c75dfe93160794a4a79ab3a15838664b3"}
{"index": {"_index":"pob","_id":"1543306"}}
	{"id":1543306,"type":"sell","buyer":"gimme-your-coinz","seller":"paulmoon410","symbol":"POB","quantity":"0.26716855","price":"0.28019005","timestamp":1631924868,"volume":"0.07485797","buyTxId":"e9612693372568b03979b397a30bbacce3589824","sellTxId":"057fe7cfc2a9c9af40858ebcdb5e5e12c5c7bf87"}
{"index": {"_index":"pob","_id":"1543324"}}
	{"id":1543324,"type":"sell","buyer":"gimme-your-coinz","seller":"aino.tapani","symbol":"POB","quantity":"2.49000000","price":"0.28029006","timestamp":1631925174,"volume":"0.69792225","buyTxId":"1d0ac13fd43bffa8421e9e4b8bbb877dbd199971","sellTxId":"7c28aa7a2a161a30bf94c59acf8cad910866ea7b"}
{"index": {"_index":"pob","_id":"1543326"}}
	{"id":1543326,"type":"sell","buyer":"gimme-your-coinz","seller":"enforcer48","symbol":"POB","quantity":"2.22400000","price":"0.28029006","timestamp":1631925183,"volume":"0.62336509","buyTxId":"1d0ac13fd43bffa8421e9e4b8bbb877dbd199971","sellTxId":"de791d9b2de7b1de67c19a9d8e2e40d55b766ae4"}
{"index": {"_index":"pob","_id":"1543396"}}
	{"id":1543396,"type":"sell","buyer":"gimme-your-coinz","seller":"scooter77","symbol":"POB","quantity":"15.00400000","price":"0.28059009","timestamp":1631926050,"volume":"4.20997371","buyTxId":"c19fa7f09453a18066d4e08cc0c2ffd751c0c2dc","sellTxId":"42d6fd62a9a7d4862a96c4b9ec5fc2b40795f1b7"}
{"index": {"_index":"pob","_id":"1543424"}}
	{"id":1543424,"type":"sell","buyer":"gimme-your-coinz","seller":"andy4475","symbol":"POB","quantity":"0.34239426","price":"0.28069010","timestamp":1631926293,"volume":"0.09610668","buyTxId":"afd44c5462c4baada380cd6a76d1c2203c8f4009","sellTxId":"37d6d3de66fbf21ca84a0ffe586eeede605f3157"}
{"index": {"_index":"pob","_id":"1543443"}}
	{"id":1543443,"type":"sell","buyer":"richardcrill","seller":"hirohurl","symbol":"POB","quantity":"0.57783715","price":"0.28089011","timestamp":1631926854,"volume":"0.16230874","buyTxId":"MM-P-10533101-57517441-3-11-0","sellTxId":"880af37f7448d277ef093640f472227aa37cbcbf"}
{"index": {"_index":"pob","_id":"1543469"}}
	{"id":1543469,"type":"sell","buyer":"gimme-your-coinz","seller":"scooter77","symbol":"POB","quantity":"36.00000000","price":"0.28109014","timestamp":1631927550,"volume":"10.11924504","buyTxId":"221b517c2e50b232b7889fa3d79bbda8d09cc029","sellTxId":"1469e221d380ba1e5a9aa525df1eb6e3c6cbcf43"}
{"index": {"_index":"pob","_id":"1543503"}}
	{"id":1543503,"type":"sell","buyer":"gimme-your-coinz","seller":"josediccus","symbol":"POB","quantity":"8.40000000","price":"0.28109014","timestamp":1631928294,"volume":"2.36115718","buyTxId":"221b517c2e50b232b7889fa3d79bbda8d09cc029","sellTxId":"429966613457a82082bd4258ce03a59671ee2f3a"}
{"index": {"_index":"pob","_id":"1543504"}}
	{"id":1543504,"type":"buy","buyer":"gimme-your-coinz","seller":"josediccus","symbol":"POB","quantity":"4.60000000","price":"0.28109014","timestamp":1631928309,"volume":"1.29301464","buyTxId":"d781a7c32836c9945be658cf5345725157dc499d","sellTxId":"429966613457a82082bd4258ce03a59671ee2f3a"}
{"index": {"_index":"pob","_id":"1543533"}}
	{"id":1543533,"type":"sell","buyer":"gimme-your-coinz","seller":"brunonacif","symbol":"POB","quantity":"6.90849788","price":"0.28159019","timestamp":1631929656,"volume":"1.94536523","buyTxId":"dd336860a904b7cf4676150ce35ead93ee9f4ddd","sellTxId":"160902cb36bc897df5154849e0f1858891d2ca6f"}
{"index": {"_index":"pob","_id":"1543607"}}
	{"id":1543607,"type":"sell","buyer":"gimme-your-coinz","seller":"itmevu101","symbol":"POB","quantity":"44.40000000","price":"0.28239027","timestamp":1631931999,"volume":"12.53812799","buyTxId":"eb37dc1422db520a13201c2c7841307c7feee1e2","sellTxId":"4b31579c154cfb7f730f3d5e4482cc747fa3fa0d"}
{"index": {"_index":"pob","_id":"1543608"}}
	{"id":1543608,"type":"sell","buyer":"gimme-your-coinz","seller":"itmevu101","symbol":"POB","quantity":"8.50977828","price":"0.28239027","timestamp":1631931999,"volume":"2.40307859","buyTxId":"179eb88babd1e245388a27edeeb4fe4967d8ada9","sellTxId":"4b31579c154cfb7f730f3d5e4482cc747fa3fa0d"}
{"index": {"_index":"pob","_id":"1543624"}}
	{"id":1543624,"type":"sell","buyer":"gimme-your-coinz","seller":"irivers","symbol":"POB","quantity":"0.73329455","price":"0.28259029","timestamp":1631932785,"volume":"0.20722192","buyTxId":"9da5e45261874963673412e96c1e3560c2696336","sellTxId":"328eeb7ee557594ef60d9d4a4e8d46b94beeea70"}
