{"index": {"_index":"pob","_id":"1297373"}}
	{"id":1297373,"type":"sell","buyer":"thranax","seller":"klye","symbol":"POB","quantity":"1.06371902","price":"0.67310000","timestamp":1627960224,"volume":"0.71598927","buyTxId":"MM-B-9216451-56197935-3-0-0","sellTxId":"af58c12cc5ac836edc02c8685ab8f8911ac90157"}
{"index": {"_index":"pob","_id":"1297390"}}
	{"id":1297390,"type":"sell","buyer":"thranax","seller":"hiveupme","symbol":"POB","quantity":"0.20121843","price":"0.67310000","timestamp":1627960731,"volume":"0.13544013","buyTxId":"MM-B-9216451-56197935-3-0-0","sellTxId":"3cc380c7a54dfc93b3fcafa52c9b031a596b96fb"}
{"index": {"_index":"pob","_id":"1297418"}}
	{"id":1297418,"type":"buy","buyer":"thranax","seller":"bitcoinflood","symbol":"POB","quantity":"4.45632799","price":"0.67310001","timestamp":1627961682,"volume":"2.99955441","buyTxId":"MM-B-9217249-56198733-3-0-0","sellTxId":"4d30583328659ee9e0e12f03185a6267dee90bc0"}
{"index": {"_index":"pob","_id":"1297458"}}
	{"id":1297458,"type":"buy","buyer":"thranax","seller":"bitcoinflood","symbol":"POB","quantity":"4.45632799","price":"0.67310001","timestamp":1627962282,"volume":"2.99955441","buyTxId":"MM-B-9217449-56198933-3-0-0","sellTxId":"4d30583328659ee9e0e12f03185a6267dee90bc0"}
{"index": {"_index":"pob","_id":"1297471"}}
	{"id":1297471,"type":"sell","buyer":"anadolu","seller":"bearbear613","symbol":"POB","quantity":"6.00576710","price":"0.67310000","timestamp":1627962468,"volume":"4.04248184","buyTxId":"ed1dbfdc992aa452123ea54269d3d0b6a4c16720","sellTxId":"36b4faed0770c13004462b84f641b3ff67965c03"}
{"index": {"_index":"pob","_id":"1297488"}}
	{"id":1297488,"type":"sell","buyer":"anadolu","seller":"justinparke","symbol":"POB","quantity":"10.88722542","price":"0.67310000","timestamp":1627962708,"volume":"7.32819143","buyTxId":"ed1dbfdc992aa452123ea54269d3d0b6a4c16720","sellTxId":"7974cfb4f966d431d0ac08f4d00577364c5da420"}
{"index": {"_index":"pob","_id":"1297489"}}
	{"id":1297489,"type":"sell","buyer":"anadolu","seller":"themarkymark","symbol":"POB","quantity":"80.60550291","price":"0.67310000","timestamp":1627962795,"volume":"54.25556401","buyTxId":"ed1dbfdc992aa452123ea54269d3d0b6a4c16720","sellTxId":"5faa5ad108823a637283f5e1b141f8f37dac4680"}
{"index": {"_index":"pob","_id":"1297495"}}
	{"id":1297495,"type":"buy","buyer":"thranax","seller":"bitcoinflood","symbol":"POB","quantity":"4.45632799","price":"0.67310001","timestamp":1627962882,"volume":"2.99955441","buyTxId":"MM-B-9217649-56199133-3-0-0","sellTxId":"4d30583328659ee9e0e12f03185a6267dee90bc0"}
{"index": {"_index":"pob","_id":"1297523"}}
	{"id":1297523,"type":"sell","buyer":"anadolu","seller":"nahueldare3627","symbol":"POB","quantity":"0.01951218","price":"0.67310000","timestamp":1627963341,"volume":"0.01313365","buyTxId":"ed1dbfdc992aa452123ea54269d3d0b6a4c16720","sellTxId":"94b6c52afa82d4aacb0d65bc1c58dd8df3ec0773"}
{"index": {"_index":"pob","_id":"1297531"}}
	{"id":1297531,"type":"buy","buyer":"thranax","seller":"bitcoinflood","symbol":"POB","quantity":"4.45632799","price":"0.67310001","timestamp":1627963482,"volume":"2.99955441","buyTxId":"MM-B-9217849-56199333-3-0-0","sellTxId":"4d30583328659ee9e0e12f03185a6267dee90bc0"}
{"index": {"_index":"pob","_id":"1297564"}}
	{"id":1297564,"type":"buy","buyer":"thranax","seller":"bitcoinflood","symbol":"POB","quantity":"4.45632799","price":"0.67310001","timestamp":1627964082,"volume":"2.99955441","buyTxId":"MM-B-9218048-56199532-3-0-0","sellTxId":"4d30583328659ee9e0e12f03185a6267dee90bc0"}
{"index": {"_index":"pob","_id":"1297565"}}
	{"id":1297565,"type":"sell","buyer":"anadolu","seller":"liotes.voter","symbol":"POB","quantity":"2.48199239","price":"0.67310000","timestamp":1627964091,"volume":"1.67062907","buyTxId":"ed1dbfdc992aa452123ea54269d3d0b6a4c16720","sellTxId":"419761ddf030745e7aeecc7b6f3cbbd570e5e867"}
{"index": {"_index":"pob","_id":"1297566"}}
	{"id":1297566,"type":"sell","buyer":"solovey6o2","seller":"liotes.voter","symbol":"POB","quantity":"3.40561233","price":"0.67300001","timestamp":1627964091,"volume":"2.29197713","buyTxId":"e2656003b1c09399ab6d25e89aab7682f7813fe7","sellTxId":"419761ddf030745e7aeecc7b6f3cbbd570e5e867"}
{"index": {"_index":"pob","_id":"1297603"}}
	{"id":1297603,"type":"sell","buyer":"solovey6o2","seller":"trumpman","symbol":"POB","quantity":"9.00000000","price":"0.67300001","timestamp":1627964652,"volume":"6.05700009","buyTxId":"e2656003b1c09399ab6d25e89aab7682f7813fe7","sellTxId":"e9087077e3914d30e39a74110a20d69d51f68155"}
{"index": {"_index":"pob","_id":"1297606"}}
	{"id":1297606,"type":"buy","buyer":"thranax","seller":"bitcoinflood","symbol":"POB","quantity":"4.45698998","price":"0.67310001","timestamp":1627964682,"volume":"3.00000000","buyTxId":"MM-B-9218248-56199732-3-0-0","sellTxId":"4d30583328659ee9e0e12f03185a6267dee90bc0"}
{"index": {"_index":"pob","_id":"1297632"}}
	{"id":1297632,"type":"buy","buyer":"thranax","seller":"bitcoinflood","symbol":"POB","quantity":"0.27268704","price":"0.67310001","timestamp":1627965282,"volume":"0.18354565","buyTxId":"MM-B-9218448-56199932-3-0-0","sellTxId":"4d30583328659ee9e0e12f03185a6267dee90bc0"}
{"index": {"_index":"pob","_id":"1297638"}}
	{"id":1297638,"type":"sell","buyer":"thranax","seller":"katerinhernandez","symbol":"POB","quantity":"3.00000000","price":"0.67310001","timestamp":1627965510,"volume":"2.01930003","buyTxId":"MM-B-9218448-56199932-3-0-0","sellTxId":"a034882ed17235616d1379c19f2b14e7db94030f"}
{"index": {"_index":"pob","_id":"1297653"}}
	{"id":1297653,"type":"sell","buyer":"thranax","seller":"erikah","symbol":"POB","quantity":"1.18430294","price":"0.67310001","timestamp":1627966134,"volume":"0.79715432","buyTxId":"MM-B-9218448-56199932-3-0-0","sellTxId":"41e5bd8edb5356e74e43fb95dc2a918fa164ee2c"}
{"index": {"_index":"pob","_id":"1297672"}}
	{"id":1297672,"type":"buy","buyer":"thranax","seller":"erikah","symbol":"POB","quantity":"4.45698998","price":"0.67310001","timestamp":1627966482,"volume":"3.00000000","buyTxId":"MM-B-9218846-56200332-3-0-0","sellTxId":"41e5bd8edb5356e74e43fb95dc2a918fa164ee2c"}
{"index": {"_index":"pob","_id":"1297721"}}
	{"id":1297721,"type":"buy","buyer":"thranax","seller":"erikah","symbol":"POB","quantity":"4.35870708","price":"0.67310001","timestamp":1627967082,"volume":"2.93384578","buyTxId":"MM-B-9219045-56200531-3-0-0","sellTxId":"41e5bd8edb5356e74e43fb95dc2a918fa164ee2c"}
{"index": {"_index":"pob","_id":"1297747"}}
	{"id":1297747,"type":"sell","buyer":"thranax","seller":"failingforwards","symbol":"POB","quantity":"0.09828290","price":"0.67310001","timestamp":1627967346,"volume":"0.06615422","buyTxId":"MM-B-9219045-56200531-3-0-0","sellTxId":"441fc7a5f6a2a7e5887ee46a7d2aa35c2c8e8796"}
{"index": {"_index":"pob","_id":"1297757"}}
	{"id":1297757,"type":"sell","buyer":"sbi-tokens","seller":"deepsafe","symbol":"POB","quantity":"4.98515695","price":"0.67300000","timestamp":1627967478,"volume":"3.35501063","buyTxId":"7255e5e7c3e00e9ecc2fa7268ee4148f125ff253","sellTxId":"4115fd210e45d4bcc4a9112c9d66dcdac6065f38"}
{"index": {"_index":"pob","_id":"1297767"}}
	{"id":1297767,"type":"buy","buyer":"thranax","seller":"failingforwards","symbol":"POB","quantity":"4.45698998","price":"0.67310001","timestamp":1627967685,"volume":"3.00000000","buyTxId":"MM-B-9219244-56200730-3-0-0","sellTxId":"441fc7a5f6a2a7e5887ee46a7d2aa35c2c8e8796"}
{"index": {"_index":"pob","_id":"1297770"}}
	{"id":1297770,"type":"sell","buyer":"gimme-your-coinz","seller":"victoriabsb","symbol":"POB","quantity":"1.12837168","price":"0.67300001","timestamp":1627967706,"volume":"0.75939415","buyTxId":"2cf78b3e69eb95757259b8990202e0e2ec904447","sellTxId":"9ccf91d365600c3cfd1b9c5dd97641d70edb2ea3"}
{"index": {"_index":"pob","_id":"1297809"}}
	{"id":1297809,"type":"buy","buyer":"thranax","seller":"failingforwards","symbol":"POB","quantity":"4.45698998","price":"0.67310001","timestamp":1627968285,"volume":"3.00000000","buyTxId":"MM-B-9219444-56200930-3-0-0","sellTxId":"441fc7a5f6a2a7e5887ee46a7d2aa35c2c8e8796"}
{"index": {"_index":"pob","_id":"1297828"}}
	{"id":1297828,"type":"buy","buyer":"thranax","seller":"failingforwards","symbol":"POB","quantity":"4.45698998","price":"0.67310001","timestamp":1627968885,"volume":"3.00000000","buyTxId":"MM-B-9219644-56201130-3-0-0","sellTxId":"441fc7a5f6a2a7e5887ee46a7d2aa35c2c8e8796"}
{"index": {"_index":"pob","_id":"1297858"}}
	{"id":1297858,"type":"buy","buyer":"thranax","seller":"failingforwards","symbol":"POB","quantity":"4.45698998","price":"0.67310001","timestamp":1627969485,"volume":"3.00000000","buyTxId":"MM-B-9219844-56201330-3-0-0","sellTxId":"441fc7a5f6a2a7e5887ee46a7d2aa35c2c8e8796"}
{"index": {"_index":"pob","_id":"1297883"}}
	{"id":1297883,"type":"buy","buyer":"thranax","seller":"failingforwards","symbol":"POB","quantity":"4.45698998","price":"0.67310001","timestamp":1627970085,"volume":"3.00000000","buyTxId":"MM-B-9220044-56201530-3-0-0","sellTxId":"441fc7a5f6a2a7e5887ee46a7d2aa35c2c8e8796"}
{"index": {"_index":"pob","_id":"1297898"}}
	{"id":1297898,"type":"buy","buyer":"thranax","seller":"failingforwards","symbol":"POB","quantity":"4.45698998","price":"0.67310001","timestamp":1627970685,"volume":"3.00000000","buyTxId":"MM-B-9220243-56201729-3-0-0","sellTxId":"441fc7a5f6a2a7e5887ee46a7d2aa35c2c8e8796"}
{"index": {"_index":"pob","_id":"1297935"}}
	{"id":1297935,"type":"buy","buyer":"thranax","seller":"failingforwards","symbol":"POB","quantity":"4.45698998","price":"0.67310001","timestamp":1627971285,"volume":"3.00000000","buyTxId":"MM-B-9220441-56201929-3-0-0","sellTxId":"441fc7a5f6a2a7e5887ee46a7d2aa35c2c8e8796"}
{"index": {"_index":"pob","_id":"1297952"}}
	{"id":1297952,"type":"buy","buyer":"thranax","seller":"failingforwards","symbol":"POB","quantity":"4.45698998","price":"0.67310001","timestamp":1627971888,"volume":"3.00000000","buyTxId":"MM-B-9220641-56202129-3-0-0","sellTxId":"441fc7a5f6a2a7e5887ee46a7d2aa35c2c8e8796"}
{"index": {"_index":"pob","_id":"1297963"}}
	{"id":1297963,"type":"buy","buyer":"thranax","seller":"failingforwards","symbol":"POB","quantity":"4.45698892","price":"0.67310001","timestamp":1627972488,"volume":"2.99999929","buyTxId":"MM-B-9220841-56202329-3-0-0","sellTxId":"441fc7a5f6a2a7e5887ee46a7d2aa35c2c8e8796"}
{"index": {"_index":"pob","_id":"1297989"}}
	{"id":1297989,"type":"buy","buyer":"thranax","seller":"failingforwards","symbol":"POB","quantity":"3.02867367","price":"0.67310001","timestamp":1627973088,"volume":"2.03860028","buyTxId":"MM-B-9221040-56202528-3-0-0","sellTxId":"441fc7a5f6a2a7e5887ee46a7d2aa35c2c8e8796"}
{"index": {"_index":"pob","_id":"1298050"}}
	{"id":1298050,"type":"buy","buyer":"tonytrillions","seller":"failingforwards","symbol":"POB","quantity":"0.86466639","price":"0.67310001","timestamp":1627973952,"volume":"0.58200696","buyTxId":"896a77ce771e39b5bbace43ab0a7e9775ca34d6a","sellTxId":"441fc7a5f6a2a7e5887ee46a7d2aa35c2c8e8796"}
{"index": {"_index":"pob","_id":"1298056"}}
	{"id":1298056,"type":"sell","buyer":"gimme-your-coinz","seller":"claudio83.pob","symbol":"POB","quantity":"12.69153692","price":"0.67300063","timestamp":1627973997,"volume":"8.54141234","buyTxId":"72d3c3b07093f0291dba30980469b6312239aee1","sellTxId":"f77934f6ec6086ceeb1c73e733289c07e67df6c9"}
{"index": {"_index":"pob","_id":"1298086"}}
	{"id":1298086,"type":"sell","buyer":"gimme-your-coinz","seller":"merwinrod","symbol":"POB","quantity":"16.8","price":"0.67300083","timestamp":1627974753,"volume":"11.30641394","buyTxId":"7052873f8e17d3a0dcfda6f5d845e50729e144b6","sellTxId":"16452843b18e59382606c9ed1498368b40142f8f"}
{"index": {"_index":"pob","_id":"1298093"}}
	{"id":1298093,"type":"sell","buyer":"gimme-your-coinz","seller":"hookup.pop","symbol":"POB","quantity":"5.20000000","price":"0.67300083","timestamp":1627974921,"volume":"3.49960432","buyTxId":"7052873f8e17d3a0dcfda6f5d845e50729e144b6","sellTxId":"eacae6af53d30e33634c5bd8cfe92153d8d1de13"}
{"index": {"_index":"pob","_id":"1298094"}}
	{"id":1298094,"type":"buy","buyer":"gimme-your-coinz","seller":"hookup.pop","symbol":"POB","quantity":"6.70866988","price":"0.67300083","timestamp":1627974939,"volume":"4.51494040","buyTxId":"0d87d637bcc2c98fa452498571af1ad84d40ab2d","sellTxId":"eacae6af53d30e33634c5bd8cfe92153d8d1de13"}
{"index": {"_index":"pob","_id":"1298128"}}
	{"id":1298128,"type":"sell","buyer":"gimme-your-coinz","seller":"fullcoverbetting","symbol":"POB","quantity":"0.11906332","price":"0.67300105","timestamp":1627975719,"volume":"0.08012974","buyTxId":"5f5b4f5b8e963d9c160d460c7649dfde077e2b8d","sellTxId":"067732f027e0063beda051ede36c09070365e96c"}
{"index": {"_index":"pob","_id":"1298174"}}
	{"id":1298174,"type":"sell","buyer":"gimme-your-coinz","seller":"vipservice","symbol":"POB","quantity":"1.55204764","price":"0.67300135","timestamp":1627976784,"volume":"1.04453016","buyTxId":"ff679d109b871ed57fe4313192063d8ea717b4ca","sellTxId":"fe3af0d804b0b51d565fafd1273d1f433e5eb196"}
{"index": {"_index":"pob","_id":"1298241"}}
	{"id":1298241,"type":"sell","buyer":"gimme-your-coinz","seller":"cryptoandcoffee","symbol":"POB","quantity":"5.00000000","price":"0.67300173","timestamp":1627978095,"volume":"3.36500865","buyTxId":"4d5d5a2df3552cc2127bc8f44f582253fe939078","sellTxId":"15e8b90a8e161310f910e18aa62b9dc08e3ff14e"}
{"index": {"_index":"pob","_id":"1298298"}}
	{"id":1298298,"type":"sell","buyer":"gimme-your-coinz","seller":"liaminit1","symbol":"POB","quantity":"6.92734810","price":"0.67300187","timestamp":1627978596,"volume":"4.66211823","buyTxId":"2f2d0d9715cee7567623195cd4967317a6ab5bcb","sellTxId":"b1c28e5758e3a7624484ca6055c2ecc4d6804136"}
{"index": {"_index":"pob","_id":"1298299"}}
	{"id":1298299,"type":"sell","buyer":"solovey6o2","seller":"rymzo123","symbol":"POB","quantity":"11.87808217","price":"0.67300188","timestamp":1627978632,"volume":"7.99397163","buyTxId":"725f4a6a7d15d95f34c1679927b0fb1f124239be","sellTxId":"fe6f9203d3763fe1c33f17ebc00404dc0d87a749"}
{"index": {"_index":"pob","_id":"1298358"}}
	{"id":1298358,"type":"sell","buyer":"gimme-your-coinz","seller":"alexvan","symbol":"POB","quantity":"15.51559034","price":"0.67300233","timestamp":1627980717,"volume":"10.44202845","buyTxId":"860383c63ed55424d5667a74c5c4a87318d622a3","sellTxId":"4f19f2a0736b3c44ad678b93a2d2eba140b66ec2"}
{"index": {"_index":"pob","_id":"1298394"}}
	{"id":1298394,"type":"sell","buyer":"gimme-your-coinz","seller":"stickupboys","symbol":"POB","quantity":"1.41055517","price":"0.67300233","timestamp":1627982148,"volume":"0.94930692","buyTxId":"860383c63ed55424d5667a74c5c4a87318d622a3","sellTxId":"a3d3317fa94e19229c57d723676af67b32e2ac96"}
{"index": {"_index":"pob","_id":"1298414"}}
	{"id":1298414,"type":"sell","buyer":"gimme-your-coinz","seller":"itharagaian","symbol":"POB","quantity":"0.24360000","price":"0.67300233","timestamp":1627982238,"volume":"0.16394337","buyTxId":"860383c63ed55424d5667a74c5c4a87318d622a3","sellTxId":"ad1497fe54529359dd0f891a2f701a7cde53b629"}
{"index": {"_index":"pob","_id":"1298457"}}
	{"id":1298457,"type":"buy","buyer":"gimme-your-coinz","seller":"failingforwards","symbol":"POB","quantity":"3.05181948","price":"0.67310001","timestamp":1627982916,"volume":"2.05417972","buyTxId":"7958baae5123db1d7301165ff23736c1b8b3bbf8","sellTxId":"441fc7a5f6a2a7e5887ee46a7d2aa35c2c8e8796"}
{"index": {"_index":"pob","_id":"1298466"}}
	{"id":1298466,"type":"buy","buyer":"peter-stone","seller":"thranax","symbol":"POB","quantity":"0.59549000","price":"0.67960000","timestamp":1627983096,"volume":"0.40469500","buyTxId":"4425d6e60e10f80f0d6571fda73fa3c758ca3aa3","sellTxId":"MM-B-9221639-56203128-3-0-0"}
{"index": {"_index":"pob","_id":"1298500"}}
	{"id":1298500,"type":"sell","buyer":"gimme-your-coinz","seller":"looftee","symbol":"POB","quantity":"8.94002045","price":"0.67310001","timestamp":1627984044,"volume":"6.01752785","buyTxId":"7958baae5123db1d7301165ff23736c1b8b3bbf8","sellTxId":"45f1350c40825b047b6265757ceb81a5cd18a9c1"}
{"index": {"_index":"pob","_id":"1298522"}}
	{"id":1298522,"type":"sell","buyer":"gimme-your-coinz","seller":"jdike","symbol":"POB","quantity":"0.00070402","price":"0.67310001","timestamp":1627984782,"volume":"0.00047388","buyTxId":"7958baae5123db1d7301165ff23736c1b8b3bbf8","sellTxId":"b62bda5b238b0cb32f4e55c9cf73ca3b76a7114e"}
{"index": {"_index":"pob","_id":"1298567"}}
	{"id":1298567,"type":"sell","buyer":"gimme-your-coinz","seller":"scooter77","symbol":"POB","quantity":"10.00745605","price":"0.67310001","timestamp":1627985775,"volume":"6.73601877","buyTxId":"7958baae5123db1d7301165ff23736c1b8b3bbf8","sellTxId":"cbe5e532daae9dcb527be9b01e4dbff55c0f6e79"}
{"index": {"_index":"pob","_id":"1298568"}}
	{"id":1298568,"type":"sell","buyer":"gimme-your-coinz","seller":"scooter77","symbol":"POB","quantity":"9.99254395","price":"0.67310001","timestamp":1627985775,"volume":"6.72598143","buyTxId":"f9d3809a96425774db5b08dac8a99acde1f7d85e","sellTxId":"cbe5e532daae9dcb527be9b01e4dbff55c0f6e79"}
{"index": {"_index":"pob","_id":"1298617"}}
	{"id":1298617,"type":"sell","buyer":"gimme-your-coinz","seller":"scooter77","symbol":"POB","quantity":"12.00745605","price":"0.67310001","timestamp":1627987023,"volume":"8.08221879","buyTxId":"f9d3809a96425774db5b08dac8a99acde1f7d85e","sellTxId":"a55a90fc71567835ff617601572e76f1aaf8d20c"}
{"index": {"_index":"pob","_id":"1298618"}}
	{"id":1298618,"type":"sell","buyer":"anadolu","seller":"scooter77","symbol":"POB","quantity":"7.99254395","price":"0.67300033","timestamp":1627987023,"volume":"5.37898472","buyTxId":"e68c8ecfac334b56b6eb4fac9c2ed5dbdd59e6ca","sellTxId":"a55a90fc71567835ff617601572e76f1aaf8d20c"}
{"index": {"_index":"pob","_id":"1298633"}}
	{"id":1298633,"type":"sell","buyer":"gimme-your-coinz","seller":"phortun","symbol":"POB","quantity":"0.35142921","price":"0.67300034","timestamp":1627987266,"volume":"0.23651198","buyTxId":"8f1847d98ff942029c2d9e76c54b4808cb802bb0","sellTxId":"241144ad7f96ef5c12e6a7f3207e402d62f1412f"}
{"index": {"_index":"pob","_id":"1298641"}}
	{"id":1298641,"type":"sell","buyer":"gimme-your-coinz","seller":"fullcoverbetting","symbol":"POB","quantity":"3.00677706","price":"0.67300034","timestamp":1627987362,"volume":"2.02356198","buyTxId":"8f1847d98ff942029c2d9e76c54b4808cb802bb0","sellTxId":"033f056e0847d74a3b07ce5d7af7aa819e0627b0"}
{"index": {"_index":"pob","_id":"1298707"}}
	{"id":1298707,"type":"sell","buyer":"gimme-your-coinz","seller":"balina","symbol":"POB","quantity":"0.04115061","price":"0.67300034","timestamp":1627989288,"volume":"0.02769437","buyTxId":"8f1847d98ff942029c2d9e76c54b4808cb802bb0","sellTxId":"385451d0de3dd0bdc093754792f1a5c0d1cb0ed1"}
{"index": {"_index":"pob","_id":"1298738"}}
	{"id":1298738,"type":"sell","buyer":"gimme-your-coinz","seller":"galenkp","symbol":"POB","quantity":"18.60064312","price":"0.67300034","timestamp":1627989789,"volume":"12.51823914","buyTxId":"8f1847d98ff942029c2d9e76c54b4808cb802bb0","sellTxId":"43d977cd8549305479bd29a218e472ee307ec909"}
{"index": {"_index":"pob","_id":"1298739"}}
	{"id":1298739,"type":"sell","buyer":"gimme-your-coinz","seller":"galenkp","symbol":"POB","quantity":"22.00000000","price":"0.67300034","timestamp":1627989789,"volume":"14.80600748","buyTxId":"36a05f2e7023892e442d6d0962d33f6114e0460e","sellTxId":"43d977cd8549305479bd29a218e472ee307ec909"}
{"index": {"_index":"pob","_id":"1298740"}}
	{"id":1298740,"type":"buy","buyer":"gimme-your-coinz","seller":"galenkp","symbol":"POB","quantity":"22.00000000","price":"0.67300034","timestamp":1627989801,"volume":"14.80600748","buyTxId":"2e9ae774d5df78acf59410b065d7f282fa685b73","sellTxId":"43d977cd8549305479bd29a218e472ee307ec909"}
{"index": {"_index":"pob","_id":"1298741"}}
	{"id":1298741,"type":"buy","buyer":"gimme-your-coinz","seller":"galenkp","symbol":"POB","quantity":"22.00000000","price":"0.67300034","timestamp":1627989810,"volume":"14.80600748","buyTxId":"4a7795be18f9efc442bb4810f8e3adfec550d2f4","sellTxId":"43d977cd8549305479bd29a218e472ee307ec909"}
{"index": {"_index":"pob","_id":"1298742"}}
	{"id":1298742,"type":"buy","buyer":"gimme-your-coinz","seller":"galenkp","symbol":"POB","quantity":"17.49458026","price":"0.67300034","timestamp":1627989819,"volume":"11.77385846","buyTxId":"ff82d64905cfd1f5f7ba8ac0b0c2de6b86d67d61","sellTxId":"43d977cd8549305479bd29a218e472ee307ec909"}
{"index": {"_index":"pob","_id":"1298753"}}
	{"id":1298753,"type":"sell","buyer":"gimme-your-coinz","seller":"mad-runner","symbol":"POB","quantity":"2.59941243","price":"0.67300034","timestamp":1627990371,"volume":"1.74940545","buyTxId":"ff82d64905cfd1f5f7ba8ac0b0c2de6b86d67d61","sellTxId":"f371ffb1aea9df1e54448fafc8c734657eb57d63"}
{"index": {"_index":"pob","_id":"1298779"}}
	{"id":1298779,"type":"sell","buyer":"gimme-your-coinz","seller":"hernleon74","symbol":"POB","quantity":"0.38367639","price":"0.67300035","timestamp":1627990848,"volume":"0.25821434","buyTxId":"e71bec78d0dd12f54046d7f650fe758ce8cd141a","sellTxId":"9169a61be35b178c20325d945f87974740751c75"}
{"index": {"_index":"pob","_id":"1298799"}}
	{"id":1298799,"type":"sell","buyer":"gimme-your-coinz","seller":"tonytrillions","symbol":"POB","quantity":"0.30000000","price":"0.67300035","timestamp":1627991217,"volume":"0.20190011","buyTxId":"e71bec78d0dd12f54046d7f650fe758ce8cd141a","sellTxId":"4b9e625d388a333bd50453b2f9a74279d16ba3a9"}
{"index": {"_index":"pob","_id":"1298810"}}
	{"id":1298810,"type":"sell","buyer":"gimme-your-coinz","seller":"mawit07","symbol":"POB","quantity":"5.79818897","price":"0.67310036","timestamp":1627991574,"volume":"3.90276308","buyTxId":"6e697b26594342c41c079828d61479d69c1fd767","sellTxId":"814ffc9d714f2d7fff9d22a1223cd9b681bb206a"}
{"index": {"_index":"pob","_id":"1298828"}}
	{"id":1298828,"type":"sell","buyer":"gimme-your-coinz","seller":"uwelang","symbol":"POB","quantity":"20.00000000","price":"0.67330038","timestamp":1627992138,"volume":"13.46600760","buyTxId":"d458d48e94d2882712ce6c9ed06faeeb9da20270","sellTxId":"f78625882a2015acf57676fd591c4af8e19aa422"}
{"index": {"_index":"pob","_id":"1298841"}}
	{"id":1298841,"type":"sell","buyer":"gimme-your-coinz","seller":"tonytrillions","symbol":"POB","quantity":"13.00000000","price":"0.67350041","timestamp":1627992606,"volume":"8.75550533","buyTxId":"4deb7c1dd9f7142fa522d6547bb3703a9298c4b1","sellTxId":"589d69ee7b6d71918a6200ea1b2d86804133b963"}
{"index": {"_index":"pob","_id":"1298846"}}
	{"id":1298846,"type":"sell","buyer":"gimme-your-coinz","seller":"tonytrillions","symbol":"POB","quantity":"9.00000000","price":"0.67350041","timestamp":1627992792,"volume":"6.06150369","buyTxId":"4deb7c1dd9f7142fa522d6547bb3703a9298c4b1","sellTxId":"f2398629a434b7f365264bf648435219a937a762"}
{"index": {"_index":"pob","_id":"1298851"}}
	{"id":1298851,"type":"sell","buyer":"anadolu","seller":"tonytrillions","symbol":"POB","quantity":"6.00000000","price":"0.67300033","timestamp":1627992873,"volume":"4.03800198","buyTxId":"e68c8ecfac334b56b6eb4fac9c2ed5dbdd59e6ca","sellTxId":"ba211f6a13becda9cc8086d31719f3bee07d39eb"}
{"index": {"_index":"pob","_id":"1298859"}}
	{"id":1298859,"type":"sell","buyer":"anadolu","seller":"brofi-market","symbol":"POB","quantity":"7.96674919","price":"0.67300033","timestamp":1627992957,"volume":"5.36162483","buyTxId":"e68c8ecfac334b56b6eb4fac9c2ed5dbdd59e6ca","sellTxId":"276f2015260f23d8808580ddbb6994ce56cd5ab3"}
{"index": {"_index":"pob","_id":"1298860"}}
	{"id":1298860,"type":"sell","buyer":"anadolu","seller":"tonytrillions","symbol":"POB","quantity":"5.00000000","price":"0.67300033","timestamp":1627992957,"volume":"3.36500165","buyTxId":"e68c8ecfac334b56b6eb4fac9c2ed5dbdd59e6ca","sellTxId":"b47745331da60db3a5e28d524c40ce6f91634a4c"}
{"index": {"_index":"pob","_id":"1298869"}}
	{"id":1298869,"type":"sell","buyer":"richardcrill","seller":"tonytrillions","symbol":"POB","quantity":"6.00000000","price":"0.67310033","timestamp":1627993116,"volume":"4.03860198","buyTxId":"MM-P-9227661-56209178-3-11-0","sellTxId":"4a13d9b658fd7178dd19d22065a612d277e72e99"}
{"index": {"_index":"pob","_id":"1298870"}}
	{"id":1298870,"type":"sell","buyer":"richardcrill","seller":"littledisciples","symbol":"POB","quantity":"21.84272945","price":"0.67310033","timestamp":1627993152,"volume":"14.70234840","buyTxId":"MM-P-9227661-56209178-3-11-0","sellTxId":"3572a08723d8e6f17c447b548366e84d179a854f"}
{"index": {"_index":"pob","_id":"1298873"}}
	{"id":1298873,"type":"sell","buyer":"looftee","seller":"tonytrillions","symbol":"POB","quantity":"0.23000000","price":"0.67310000","timestamp":1627993278,"volume":"0.15481300","buyTxId":"c38e00ef815717816741dcabb7ffbc97c70a9106","sellTxId":"5072652e2135b0b1daa2dce8c584c631db26347d"}
{"index": {"_index":"pob","_id":"1298874"}}
	{"id":1298874,"type":"sell","buyer":"anadolu","seller":"tonytrillions","symbol":"POB","quantity":"13.77000000","price":"0.67300033","timestamp":1627993359,"volume":"9.26721454","buyTxId":"e68c8ecfac334b56b6eb4fac9c2ed5dbdd59e6ca","sellTxId":"54f65106fc49c2b1126c4a370aa37bd54868d5ee"}
{"index": {"_index":"pob","_id":"1298892"}}
	{"id":1298892,"type":"sell","buyer":"anadolu","seller":"tonytrillions","symbol":"POB","quantity":"9.27070686","price":"0.67300033","timestamp":1627993623,"volume":"6.23918878","buyTxId":"e68c8ecfac334b56b6eb4fac9c2ed5dbdd59e6ca","sellTxId":"2529248fdd35eaaae39675ee6173700986501829"}
{"index": {"_index":"pob","_id":"1298902"}}
	{"id":1298902,"type":"buy","buyer":"anadolu","seller":"tonytrillions","symbol":"POB","quantity":"8.72929314","price":"0.67300033","timestamp":1627993869,"volume":"5.87481716","buyTxId":"548635c573f1318b9f68c79d70e950335dd0927e","sellTxId":"2529248fdd35eaaae39675ee6173700986501829"}
{"index": {"_index":"pob","_id":"1298903"}}
	{"id":1298903,"type":"buy","buyer":"anadolu","seller":"littledisciples","symbol":"POB","quantity":"18.15727000","price":"0.67310033","timestamp":1627993896,"volume":"12.22166443","buyTxId":"971fa39cc62be963baea1d999f7d16292fe69c14","sellTxId":"3572a08723d8e6f17c447b548366e84d179a854f"}
{"index": {"_index":"pob","_id":"1298905"}}
	{"id":1298905,"type":"sell","buyer":"anadolu","seller":"candy49","symbol":"POB","quantity":"6.13166486","price":"0.67300033","timestamp":1627993917,"volume":"4.12661247","buyTxId":"548635c573f1318b9f68c79d70e950335dd0927e","sellTxId":"3065781d7d82d81d4eaed812a9b0354aac827101"}
{"index": {"_index":"pob","_id":"1298906"}}
	{"id":1298906,"type":"sell","buyer":"sbi-tokens","seller":"candy49","symbol":"POB","quantity":"0.00000067","price":"0.67300000","timestamp":1627993917,"volume":"0.00000045","buyTxId":"7255e5e7c3e00e9ecc2fa7268ee4148f125ff253","sellTxId":"3065781d7d82d81d4eaed812a9b0354aac827101"}
{"index": {"_index":"pob","_id":"1298936"}}
	{"id":1298936,"type":"sell","buyer":"sbi-tokens","seller":"meesterbrain","symbol":"POB","quantity":"15.90000000","price":"0.67300000","timestamp":1627994640,"volume":"10.70070000","buyTxId":"7255e5e7c3e00e9ecc2fa7268ee4148f125ff253","sellTxId":"06e611e9b3e1d0cf31e3d86bb19d65bb69e501a4"}
{"index": {"_index":"pob","_id":"1298952"}}
	{"id":1298952,"type":"sell","buyer":"sbi-tokens","seller":"dhedge-drips","symbol":"POB","quantity":"0.85358025","price":"0.67300000","timestamp":1627994790,"volume":"0.57445951","buyTxId":"7255e5e7c3e00e9ecc2fa7268ee4148f125ff253","sellTxId":"c717b2c885c63b8e64931c05229ad413f97801f0"}
{"index": {"_index":"pob","_id":"1299006"}}
	{"id":1299006,"type":"sell","buyer":"sbi-tokens","seller":"ahmetay","symbol":"POB","quantity":"1.50178682","price":"0.67300000","timestamp":1627995438,"volume":"1.01070253","buyTxId":"7255e5e7c3e00e9ecc2fa7268ee4148f125ff253","sellTxId":"3b7c026c323dc5912da729de67a534fd6e1824a9"}
{"index": {"_index":"pob","_id":"1299057"}}
	{"id":1299057,"type":"sell","buyer":"sbi-tokens","seller":"balina","symbol":"POB","quantity":"11.41959059","price":"0.67300000","timestamp":1627996419,"volume":"7.68538447","buyTxId":"7255e5e7c3e00e9ecc2fa7268ee4148f125ff253","sellTxId":"6d401adc33dc57f13a625d235e6aea3a3fe6456a"}
{"index": {"_index":"pob","_id":"1299077"}}
	{"id":1299077,"type":"sell","buyer":"sbi-tokens","seller":"catharsis","symbol":"POB","quantity":"2.81572705","price":"0.67300000","timestamp":1627996617,"volume":"1.89498430","buyTxId":"7255e5e7c3e00e9ecc2fa7268ee4148f125ff253","sellTxId":"a43ae5d5e257516ab053b49b6807a463aea26109"}
{"index": {"_index":"pob","_id":"1299104"}}
	{"id":1299104,"type":"buy","buyer":"edgy-ed-morrison","seller":"littledisciples","symbol":"POB","quantity":"0.00000055","price":"0.67310033","timestamp":1627996992,"volume":"0.00000037","buyTxId":"7c48aad4694d3e7158e8dcb52fddf46ff721bd1d","sellTxId":"3572a08723d8e6f17c447b548366e84d179a854f"}
{"index": {"_index":"pob","_id":"1299105"}}
	{"id":1299105,"type":"buy","buyer":"edgy-ed-morrison","seller":"dhedge-drips","symbol":"POB","quantity":"0.09999945","price":"0.67310033","timestamp":1627996992,"volume":"0.06730966","buyTxId":"7c48aad4694d3e7158e8dcb52fddf46ff721bd1d","sellTxId":"4cb853c9722904a71194334802a4a07afb4570ba"}
{"index": {"_index":"pob","_id":"1299108"}}
	{"id":1299108,"type":"buy","buyer":"edgy-ed-morrison","seller":"dhedge-drips","symbol":"POB","quantity":"0.75358080","price":"0.67310033","timestamp":1627997031,"volume":"0.50723549","buyTxId":"28129c7ca3691b5c4c0a3d2c3f97f8c68eb30a5d","sellTxId":"4cb853c9722904a71194334802a4a07afb4570ba"}
{"index": {"_index":"pob","_id":"1299114"}}
	{"id":1299114,"type":"buy","buyer":"tonytrillions","seller":"brofi-market","symbol":"POB","quantity":"0.03265491","price":"0.67900000","timestamp":1627997295,"volume":"0.02217268","buyTxId":"e214417b9595900399e949f4a18deeb261aad2e3","sellTxId":"10579b86883e718640ebf6fe7a48625fc0523aff"}
{"index": {"_index":"pob","_id":"1299120"}}
	{"id":1299120,"type":"sell","buyer":"edgy-ed-morrison","seller":"rubenmedina182","symbol":"POB","quantity":"0.24641920","price":"0.67310033","timestamp":1627997391,"volume":"0.16586484","buyTxId":"28129c7ca3691b5c4c0a3d2c3f97f8c68eb30a5d","sellTxId":"bd45c99daf8f88230dbbf755d68d66bb45e0859f"}
{"index": {"_index":"pob","_id":"1299135"}}
	{"id":1299135,"type":"sell","buyer":"sbi-tokens","seller":"enforcer48","symbol":"POB","quantity":"1.93200000","price":"0.67300000","timestamp":1627997631,"volume":"1.30023600","buyTxId":"7255e5e7c3e00e9ecc2fa7268ee4148f125ff253","sellTxId":"9892ad2a264e059df306e4c20437e12a65a67e71"}
{"index": {"_index":"pob","_id":"1299144"}}
	{"id":1299144,"type":"buy","buyer":"edgy-ed-morrison","seller":"brofi-market","symbol":"POB","quantity":"7.93409428","price":"0.67900000","timestamp":1627997823,"volume":"5.38725002","buyTxId":"6fe33a2f188ff973a2f3591f740f557f72a5a637","sellTxId":"10579b86883e718640ebf6fe7a48625fc0523aff"}
{"index": {"_index":"pob","_id":"1299145"}}
	{"id":1299145,"type":"buy","buyer":"edgy-ed-morrison","seller":"anadolu","symbol":"POB","quantity":"0.06590572","price":"0.67900000","timestamp":1627997823,"volume":"0.04474998","buyTxId":"6fe33a2f188ff973a2f3591f740f557f72a5a637","sellTxId":"0adda418cba0c81105a7ce1b63c64da8a172344a"}
{"index": {"_index":"pob","_id":"1299147"}}
	{"id":1299147,"type":"sell","buyer":"sbi-tokens","seller":"chireerocks","symbol":"POB","quantity":"5.59834824","price":"0.67300000","timestamp":1627997859,"volume":"3.76768837","buyTxId":"7255e5e7c3e00e9ecc2fa7268ee4148f125ff253","sellTxId":"24285e066472430ffdfad65455a7ac3208772f8a"}
{"index": {"_index":"pob","_id":"1299230"}}
	{"id":1299230,"type":"sell","buyer":"gimme-your-coinz","seller":"melbourneswest","symbol":"POB","quantity":"2.88376006","price":"0.67300001","timestamp":1627999500,"volume":"1.94077055","buyTxId":"c2c15f19ad79db8265fd1b311061832b19e17e6e","sellTxId":"4389c9c4db68618dce0c9120e25ffb4d77f843aa"}
{"index": {"_index":"pob","_id":"1299260"}}
	{"id":1299260,"type":"sell","buyer":"gimme-your-coinz","seller":"belemo","symbol":"POB","quantity":"3.77623994","price":"0.67300001","timestamp":1628000022,"volume":"2.54140952","buyTxId":"c2c15f19ad79db8265fd1b311061832b19e17e6e","sellTxId":"b064c8a3e169259cb1cf67895b5cbe1dd5350264"}
{"index": {"_index":"pob","_id":"1299261"}}
	{"id":1299261,"type":"sell","buyer":"sbi-tokens","seller":"belemo","symbol":"POB","quantity":"22.45601071","price":"0.67300000","timestamp":1628000022,"volume":"15.11289521","buyTxId":"7255e5e7c3e00e9ecc2fa7268ee4148f125ff253","sellTxId":"b064c8a3e169259cb1cf67895b5cbe1dd5350264"}
{"index": {"_index":"pob","_id":"1299279"}}
	{"id":1299279,"type":"sell","buyer":"gimme-your-coinz","seller":"belemo","symbol":"POB","quantity":"6.66000000","price":"0.67300001","timestamp":1628000283,"volume":"4.48218007","buyTxId":"8cbe232d4bc9152dabe37d6f64aeafc0d6e7f3f6","sellTxId":"5ceb4be518454ae9058b1f2d15f7f76b689bc012"}
{"index": {"_index":"pob","_id":"1299280"}}
	{"id":1299280,"type":"sell","buyer":"gimme-your-coinz","seller":"belemo","symbol":"POB","quantity":"6.66000000","price":"0.67300001","timestamp":1628000283,"volume":"4.48218007","buyTxId":"7cc60c1b4ccb640b3f9c196da4f0e40d0a3a027a","sellTxId":"5ceb4be518454ae9058b1f2d15f7f76b689bc012"}
{"index": {"_index":"pob","_id":"1299281"}}
	{"id":1299281,"type":"sell","buyer":"sbi-tokens","seller":"belemo","symbol":"POB","quantity":"4.84234086","price":"0.67300000","timestamp":1628000283,"volume":"3.25889540","buyTxId":"7255e5e7c3e00e9ecc2fa7268ee4148f125ff253","sellTxId":"5ceb4be518454ae9058b1f2d15f7f76b689bc012"}
{"index": {"_index":"pob","_id":"1299285"}}
	{"id":1299285,"type":"sell","buyer":"gimme-your-coinz","seller":"toofasteddie","symbol":"POB","quantity":"6.41380622","price":"0.67300001","timestamp":1628000298,"volume":"4.31649165","buyTxId":"76f671997ed698cfe685aa99c134d213b039cb07","sellTxId":"a080b66f35060d50f86d1efb5bd7d6284120150f"}
{"index": {"_index":"pob","_id":"1299305"}}
	{"id":1299305,"type":"sell","buyer":"gimme-your-coinz","seller":"alive.chat","symbol":"POB","quantity":"0.661","price":"0.67300002","timestamp":1628000493,"volume":"0.44485301","buyTxId":"35124cb46a92cd0466c7b7363aff3717ebf38ba7","sellTxId":"da941b0b3ac8dbd53a9454c8295915ba254aeb5a"}
{"index": {"_index":"pob","_id":"1299325"}}
	{"id":1299325,"type":"sell","buyer":"gimme-your-coinz","seller":"trentonlundy1","symbol":"POB","quantity":"0.03411126","price":"0.67300002","timestamp":1628000724,"volume":"0.02295688","buyTxId":"35124cb46a92cd0466c7b7363aff3717ebf38ba7","sellTxId":"a6753b5830b0df32be014c378d239fa308b96bc2"}
{"index": {"_index":"pob","_id":"1299357"}}
	{"id":1299357,"type":"sell","buyer":"gimme-your-coinz","seller":"anthony2019","symbol":"POB","quantity":"0.72050990","price":"0.67300002","timestamp":1628001594,"volume":"0.48490318","buyTxId":"35124cb46a92cd0466c7b7363aff3717ebf38ba7","sellTxId":"d5e1a54e39c770240e04224e4530048e2dc1d69f"}
{"index": {"_index":"pob","_id":"1299382"}}
	{"id":1299382,"type":"sell","buyer":"gimme-your-coinz","seller":"andy4475","symbol":"POB","quantity":"1.96748980","price":"0.67301001","timestamp":1628001879,"volume":"1.32414033","buyTxId":"267ec6a9fb9182da434a5522af51fcf2ae23748e","sellTxId":"b21007c2fb34723355fa5a5be085e6567b126ffd"}
{"index": {"_index":"pob","_id":"1299383"}}
	{"id":1299383,"type":"sell","buyer":"gimme-your-coinz","seller":"liaminit1","symbol":"POB","quantity":"1.86317439","price":"0.67301001","timestamp":1628001879,"volume":"1.25393501","buyTxId":"267ec6a9fb9182da434a5522af51fcf2ae23748e","sellTxId":"4c03dde489c8717a46e8ccddd348900f3ed64485"}
{"index": {"_index":"pob","_id":"1299464"}}
	{"id":1299464,"type":"sell","buyer":"gimme-your-coinz","seller":"greciahello","symbol":"POB","quantity":"2.82933581","price":"0.67301001","timestamp":1628003694,"volume":"1.90417132","buyTxId":"267ec6a9fb9182da434a5522af51fcf2ae23748e","sellTxId":"fef556e9acd288f1e0869b726ae098adff182d5d"}
{"index": {"_index":"pob","_id":"1299465"}}
	{"id":1299465,"type":"sell","buyer":"gimme-your-coinz","seller":"greciahello","symbol":"POB","quantity":"5.12066419","price":"0.67301001","timestamp":1628003694,"volume":"3.44625826","buyTxId":"d02114754f66c74bc404c9854f20583dc135043b","sellTxId":"fef556e9acd288f1e0869b726ae098adff182d5d"}
{"index": {"_index":"pob","_id":"1299512"}}
	{"id":1299512,"type":"buy","buyer":"tipy","seller":"anadolu","symbol":"POB","quantity":"0.09200000","price":"0.67900000","timestamp":1628004561,"volume":"0.06246800","buyTxId":"af1ccac2356e96831d8349f3ce1d1fe6fe76c6b1","sellTxId":"0adda418cba0c81105a7ce1b63c64da8a172344a"}
{"index": {"_index":"pob","_id":"1299546"}}
	{"id":1299546,"type":"sell","buyer":"gimme-your-coinz","seller":"ecoinstant","symbol":"POB","quantity":"3.04400000","price":"0.67301002","timestamp":1628004855,"volume":"2.04864250","buyTxId":"7beec41e961d6bc765fd3dd107289c55a7e7671b","sellTxId":"146f831aaadcd7ebeaf9f58e11088b5b52fa6f6c"}
{"index": {"_index":"pob","_id":"1299610"}}
	{"id":1299610,"type":"sell","buyer":"gimme-your-coinz","seller":"gungunkrishu","symbol":"POB","quantity":"3.61600000","price":"0.67301002","timestamp":1628006031,"volume":"2.43360423","buyTxId":"7beec41e961d6bc765fd3dd107289c55a7e7671b","sellTxId":"9beb714b8ec88ab4318dc24a87b3cde5379b7072"}
{"index": {"_index":"pob","_id":"1299611"}}
	{"id":1299611,"type":"sell","buyer":"anadolu","seller":"gungunkrishu","symbol":"POB","quantity":"6.21400000","price":"0.67301000","timestamp":1628006031,"volume":"4.18208414","buyTxId":"21868ab785b7bddb455a99fc6c7767bd660faec6","sellTxId":"9beb714b8ec88ab4318dc24a87b3cde5379b7072"}
{"index": {"_index":"pob","_id":"1299705"}}
	{"id":1299705,"type":"sell","buyer":"gimme-your-coinz","seller":"zainalbakri","symbol":"POB","quantity":"1.64327275","price":"0.67301001","timestamp":1628007276,"volume":"1.10593901","buyTxId":"2bd28142af1b0e9ffad5e2b69e2593cf613de3b8","sellTxId":"d0fbfa83af50ba5539777ee87902f1926fa6bff2"}
{"index": {"_index":"pob","_id":"1299800"}}
	{"id":1299800,"type":"sell","buyer":"gimme-your-coinz","seller":"thisismylife","symbol":"POB","quantity":"0.54222207","price":"0.67301001","timestamp":1628008110,"volume":"0.36492088","buyTxId":"2bd28142af1b0e9ffad5e2b69e2593cf613de3b8","sellTxId":"24b6cb78897b4e081f181dcfa471eb616a294cfb"}
{"index": {"_index":"pob","_id":"1299833"}}
	{"id":1299833,"type":"sell","buyer":"gimme-your-coinz","seller":"cryptounicorn420","symbol":"POB","quantity":"1.70000000","price":"0.67301001","timestamp":1628008452,"volume":"1.14411702","buyTxId":"2bd28142af1b0e9ffad5e2b69e2593cf613de3b8","sellTxId":"237263c381f3acd2de68c03674715532893324f9"}
{"index": {"_index":"pob","_id":"1299837"}}
	{"id":1299837,"type":"sell","buyer":"gimme-your-coinz","seller":"flexyg","symbol":"POB","quantity":"2.77450518","price":"0.67301001","timestamp":1628008500,"volume":"1.86726976","buyTxId":"2bd28142af1b0e9ffad5e2b69e2593cf613de3b8","sellTxId":"563826d67a0f683dc23a492fc2c2c7b25a91803e"}
{"index": {"_index":"pob","_id":"1299838"}}
	{"id":1299838,"type":"sell","buyer":"anadolu","seller":"flexyg","symbol":"POB","quantity":"6.45887281","price":"0.67301000","timestamp":1628008500,"volume":"4.34688599","buyTxId":"21868ab785b7bddb455a99fc6c7767bd660faec6","sellTxId":"563826d67a0f683dc23a492fc2c2c7b25a91803e"}
{"index": {"_index":"pob","_id":"1300009"}}
	{"id":1300009,"type":"sell","buyer":"gimme-your-coinz","seller":"silviabeneforti","symbol":"POB","quantity":"6.66000000","price":"0.67301001","timestamp":1628011029,"volume":"4.48224667","buyTxId":"9b718938b92778e1f5f7082e075984e10c563ad0","sellTxId":"3afd74cc3f5e4a86e6e1f61cffafde0a6d8ccd06"}
{"index": {"_index":"pob","_id":"1300051"}}
	{"id":1300051,"type":"sell","buyer":"gimme-your-coinz","seller":"schlees","symbol":"POB","quantity":"6.66000000","price":"0.67300001","timestamp":1628011422,"volume":"4.48218007","buyTxId":"f29067e693d70abf0136b9803f14a24b685b6777","sellTxId":"ad648a22fdec4e8c942e2f7048f4258e2493485b"}
{"index": {"_index":"pob","_id":"1300052"}}
	{"id":1300052,"type":"sell","buyer":"gimme-your-coinz","seller":"schlees","symbol":"POB","quantity":"2.11422205","price":"0.67300001","timestamp":1628011422,"volume":"1.42287146","buyTxId":"1834b5dfb742ce9207e1a2a050333be1542874cd","sellTxId":"ad648a22fdec4e8c942e2f7048f4258e2493485b"}
{"index": {"_index":"pob","_id":"1300067"}}
	{"id":1300067,"type":"sell","buyer":"gimme-your-coinz","seller":"davidbolu34","symbol":"POB","quantity":"4.54577795","price":"0.67300001","timestamp":1628011653,"volume":"3.05930861","buyTxId":"1834b5dfb742ce9207e1a2a050333be1542874cd","sellTxId":"73472ef6406f873de6a1bc77c1a065d96e5385b1"}
{"index": {"_index":"pob","_id":"1300068"}}
	{"id":1300068,"type":"sell","buyer":"sbi-tokens","seller":"davidbolu34","symbol":"POB","quantity":"5.85822205","price":"0.67300000","timestamp":1628011653,"volume":"3.94258344","buyTxId":"7255e5e7c3e00e9ecc2fa7268ee4148f125ff253","sellTxId":"73472ef6406f873de6a1bc77c1a065d96e5385b1"}
{"index": {"_index":"pob","_id":"1300157"}}
	{"id":1300157,"type":"sell","buyer":"gimme-your-coinz","seller":"darth-azrael","symbol":"POB","quantity":"3.00000000","price":"0.67300001","timestamp":1628013204,"volume":"2.01900003","buyTxId":"f3f769461e3edb3f0ee4663ace940f714c8ed05c","sellTxId":"97e5bb2df064500940ddaaea5cb0d870c5faf711"}
{"index": {"_index":"pob","_id":"1300168"}}
	{"id":1300168,"type":"buy","buyer":"anadolu","seller":"silviabeneforti","symbol":"POB","quantity":"3.34000000","price":"0.67301001","timestamp":1628013465,"volume":"2.24785343","buyTxId":"c1d97740c7e306f32d078a3e3d27e930ff02fb22","sellTxId":"3afd74cc3f5e4a86e6e1f61cffafde0a6d8ccd06"}
{"index": {"_index":"pob","_id":"1300173"}}
	{"id":1300173,"type":"sell","buyer":"gimme-your-coinz","seller":"happyfrog420-new","symbol":"POB","quantity":"3.66000000","price":"0.67300001","timestamp":1628013576,"volume":"2.46318004","buyTxId":"f3f769461e3edb3f0ee4663ace940f714c8ed05c","sellTxId":"4d638f40d8af16275177b70796aa3a83cd5df3f1"}
{"index": {"_index":"pob","_id":"1300174"}}
	{"id":1300174,"type":"sell","buyer":"gimme-your-coinz","seller":"happyfrog420-new","symbol":"POB","quantity":"6.66000000","price":"0.67300001","timestamp":1628013576,"volume":"4.48218007","buyTxId":"6e0fb4eb33757ab8a0267632d04a4dd2465db44e","sellTxId":"4d638f40d8af16275177b70796aa3a83cd5df3f1"}
{"index": {"_index":"pob","_id":"1300175"}}
	{"id":1300175,"type":"sell","buyer":"solovey6o2","seller":"happyfrog420-new","symbol":"POB","quantity":"8.71384231","price":"0.67300001","timestamp":1628013576,"volume":"5.86441596","buyTxId":"35cbcc1d7eafff25b274fe35cdb342bdf205d188","sellTxId":"4d638f40d8af16275177b70796aa3a83cd5df3f1"}
{"index": {"_index":"pob","_id":"1300225"}}
	{"id":1300225,"type":"sell","buyer":"anadolu","seller":"cryptololo","symbol":"POB","quantity":"6.17251007","price":"0.67301000","timestamp":1628014338,"volume":"4.15416100","buyTxId":"1505217430e01e077c343949d923fe97c7954390","sellTxId":"a8270bfa1c94ea98237a46c9f91e650f9718b992"}
{"index": {"_index":"pob","_id":"1300242"}}
	{"id":1300242,"type":"sell","buyer":"anadolu","seller":"anggreklestari","symbol":"POB","quantity":"8.78537318","price":"0.67301000","timestamp":1628014779,"volume":"5.91264400","buyTxId":"1505217430e01e077c343949d923fe97c7954390","sellTxId":"887c3c8f8651520e738e0ada3fed308c53ad55cc"}
{"index": {"_index":"pob","_id":"1300243"}}
	{"id":1300243,"type":"sell","buyer":"anadolu","seller":"dwinblood","symbol":"POB","quantity":"3.00000000","price":"0.67301000","timestamp":1628014797,"volume":"2.01903000","buyTxId":"1505217430e01e077c343949d923fe97c7954390","sellTxId":"f5295619ed381444af347270e840bf05027590d5"}
{"index": {"_index":"pob","_id":"1300245"}}
	{"id":1300245,"type":"sell","buyer":"anadolu","seller":"emimoron","symbol":"POB","quantity":"32.04211675","price":"0.67301000","timestamp":1628014812,"volume":"21.56466499","buyTxId":"1505217430e01e077c343949d923fe97c7954390","sellTxId":"90bea20b8b5322d6f7672756518467cdcc2ad3b3"}
{"index": {"_index":"pob","_id":"1300251"}}
	{"id":1300251,"type":"buy","buyer":"solovey6o2","seller":"emimoron","symbol":"POB","quantity":"14.92994554","price":"0.67301000","timestamp":1628014842,"volume":"10.04800265","buyTxId":"53083fc23cb17583beaec55e3312f919a1006bd0","sellTxId":"90bea20b8b5322d6f7672756518467cdcc2ad3b3"}
{"index": {"_index":"pob","_id":"1300279"}}
	{"id":1300279,"type":"sell","buyer":"sbi-tokens","seller":"kevmcc","symbol":"POB","quantity":"0.61183721","price":"0.67300000","timestamp":1628015130,"volume":"0.41176644","buyTxId":"7255e5e7c3e00e9ecc2fa7268ee4148f125ff253","sellTxId":"444030b71c8bc74af7fd300609d830a34828ae2a"}
{"index": {"_index":"pob","_id":"1300284"}}
	{"id":1300284,"type":"sell","buyer":"sbi-tokens","seller":"kevinnag58","symbol":"POB","quantity":"27.90054424","price":"0.67300000","timestamp":1628015139,"volume":"18.77706627","buyTxId":"7255e5e7c3e00e9ecc2fa7268ee4148f125ff253","sellTxId":"5dff9e06b7852c7521765d76281eed0966fe1f07"}
{"index": {"_index":"pob","_id":"1300303"}}
	{"id":1300303,"type":"sell","buyer":"sbi-tokens","seller":"rosalestrust","symbol":"POB","quantity":"0.01500000","price":"0.67300000","timestamp":1628015316,"volume":"0.01009500","buyTxId":"7255e5e7c3e00e9ecc2fa7268ee4148f125ff253","sellTxId":"95ec49d2f1d48d46783a5acadcc2e47d1e77498d"}
{"index": {"_index":"pob","_id":"1300308"}}
	{"id":1300308,"type":"sell","buyer":"sbi-tokens","seller":"crypto133","symbol":"POB","quantity":"2.08158272","price":"0.67300000","timestamp":1628015484,"volume":"1.40090517","buyTxId":"7255e5e7c3e00e9ecc2fa7268ee4148f125ff253","sellTxId":"332caa4aadad694d2d1121ee1dea20302feb5755"}
{"index": {"_index":"pob","_id":"1300332"}}
	{"id":1300332,"type":"sell","buyer":"sbi-tokens","seller":"juanmiguelsalas","symbol":"POB","quantity":"8.49853099","price":"0.67300000","timestamp":1628015772,"volume":"5.71951136","buyTxId":"7255e5e7c3e00e9ecc2fa7268ee4148f125ff253","sellTxId":"c12ba9f8e230a0c04ae228f1a77792eb8c8fffa0"}
{"index": {"_index":"pob","_id":"1300361"}}
	{"id":1300361,"type":"sell","buyer":"sbi-tokens","seller":"khammall","symbol":"POB","quantity":"0.07980330","price":"0.67300000","timestamp":1628016174,"volume":"0.05370762","buyTxId":"7255e5e7c3e00e9ecc2fa7268ee4148f125ff253","sellTxId":"c171a32250993021468a65ca3a488404ace892e4"}
{"index": {"_index":"pob","_id":"1300396"}}
	{"id":1300396,"type":"sell","buyer":"sbi-tokens","seller":"logicforce","symbol":"POB","quantity":"4.17426495","price":"0.67300000","timestamp":1628016504,"volume":"2.80928031","buyTxId":"7255e5e7c3e00e9ecc2fa7268ee4148f125ff253","sellTxId":"91ba917b534256a61346d74ce107af57d5fbdb7c"}
{"index": {"_index":"pob","_id":"1300481"}}
	{"id":1300481,"type":"sell","buyer":"sbi-tokens","seller":"ykretz","symbol":"POB","quantity":"1.35366291","price":"0.67300000","timestamp":1628017986,"volume":"0.91101514","buyTxId":"7255e5e7c3e00e9ecc2fa7268ee4148f125ff253","sellTxId":"3971074de2a6e29bd1c43aae6405656fb97ed5cb"}
{"index": {"_index":"pob","_id":"1300522"}}
	{"id":1300522,"type":"sell","buyer":"sbi-tokens","seller":"esecholito","symbol":"POB","quantity":"0.10000000","price":"0.67300000","timestamp":1628018526,"volume":"0.06730000","buyTxId":"7255e5e7c3e00e9ecc2fa7268ee4148f125ff253","sellTxId":"e15dbab631116bb76661539f83a2308b96ca4afd"}
{"index": {"_index":"pob","_id":"1300551"}}
	{"id":1300551,"type":"sell","buyer":"sbi-tokens","seller":"risingstargame","symbol":"POB","quantity":"3.00000000","price":"0.67300000","timestamp":1628019066,"volume":"2.01900000","buyTxId":"7255e5e7c3e00e9ecc2fa7268ee4148f125ff253","sellTxId":"55da08d579731b82c48c1adf8d0e33269de701ea"}
{"index": {"_index":"pob","_id":"1300634"}}
	{"id":1300634,"type":"sell","buyer":"sbi-tokens","seller":"maylenasland","symbol":"POB","quantity":"8.79220452","price":"0.67300000","timestamp":1628020140,"volume":"5.91715364","buyTxId":"7255e5e7c3e00e9ecc2fa7268ee4148f125ff253","sellTxId":"ac1c8fbf9be5aa263684f85923dab6e605d2c359"}
{"index": {"_index":"pob","_id":"1300635"}}
	{"id":1300635,"type":"sell","buyer":"sbi-tokens","seller":"crypto133","symbol":"POB","quantity":"2.50772936","price":"0.67300000","timestamp":1628020176,"volume":"1.68770186","buyTxId":"7255e5e7c3e00e9ecc2fa7268ee4148f125ff253","sellTxId":"44908abfd55d142ae835b2d9733b595e9b915024"}
{"index": {"_index":"pob","_id":"1300637"}}
	{"id":1300637,"type":"sell","buyer":"sbi-tokens","seller":"cryptoandcoffee","symbol":"POB","quantity":"2.00000000","price":"0.67300000","timestamp":1628020266,"volume":"1.34600000","buyTxId":"7255e5e7c3e00e9ecc2fa7268ee4148f125ff253","sellTxId":"91ecf7695fba12ea8e6c2abc3c98c7af75babaa3"}
{"index": {"_index":"pob","_id":"1300665"}}
	{"id":1300665,"type":"sell","buyer":"sbi-tokens","seller":"maylenasland","symbol":"POB","quantity":"8.13483291","price":"0.67300000","timestamp":1628020617,"volume":"5.47474255","buyTxId":"7255e5e7c3e00e9ecc2fa7268ee4148f125ff253","sellTxId":"b766b5d679f62423ee9981722e19cd3a23cd9e23"}
{"index": {"_index":"pob","_id":"1300697"}}
	{"id":1300697,"type":"buy","buyer":"peter-stone","seller":"emimoron","symbol":"POB","quantity":"1.09578726","price":"0.67301000","timestamp":1628021043,"volume":"0.73747578","buyTxId":"c4ceda965d488bf8889ad1ca0d69900eb3ab5405","sellTxId":"90bea20b8b5322d6f7672756518467cdcc2ad3b3"}
{"index": {"_index":"pob","_id":"1300718"}}
	{"id":1300718,"type":"buy","buyer":"beemd","seller":"emimoron","symbol":"POB","quantity":"0.27746045","price":"0.67301000","timestamp":1628021313,"volume":"0.18673366","buyTxId":"033440cd6a18877e7ff09a1e5abd43f34773b79b","sellTxId":"90bea20b8b5322d6f7672756518467cdcc2ad3b3"}
{"index": {"_index":"pob","_id":"1300789"}}
	{"id":1300789,"type":"sell","buyer":"sbi-tokens","seller":"specialfeelings","symbol":"POB","quantity":"4.89476274","price":"0.67300000","timestamp":1628022915,"volume":"3.29417532","buyTxId":"7255e5e7c3e00e9ecc2fa7268ee4148f125ff253","sellTxId":"78cd2444b294e7af000fa7e77829655c95c89c0b"}
{"index": {"_index":"pob","_id":"1300869"}}
	{"id":1300869,"type":"sell","buyer":"sbi-tokens","seller":"ahmetay","symbol":"POB","quantity":"0.94272123","price":"0.67300000","timestamp":1628025000,"volume":"0.63445139","buyTxId":"7255e5e7c3e00e9ecc2fa7268ee4148f125ff253","sellTxId":"dce1351f7305ad8ac2ae0a2f7ca8940281661791"}
{"index": {"_index":"pob","_id":"1300909"}}
	{"id":1300909,"type":"sell","buyer":"sbi-tokens","seller":"captaincryptic","symbol":"POB","quantity":"11.57428372","price":"0.67300000","timestamp":1628025564,"volume":"7.78949294","buyTxId":"7255e5e7c3e00e9ecc2fa7268ee4148f125ff253","sellTxId":"944897ea9bc738d71d465f9c5a768a6e14d9d5bb"}
{"index": {"_index":"pob","_id":"1300938"}}
	{"id":1300938,"type":"sell","buyer":"sbi-tokens","seller":"sharker","symbol":"POB","quantity":"14.18996297","price":"0.67300000","timestamp":1628026029,"volume":"9.54984508","buyTxId":"7255e5e7c3e00e9ecc2fa7268ee4148f125ff253","sellTxId":"e4a0461bef6152ee986176877ed846510cf81eda"}
{"index": {"_index":"pob","_id":"1301055"}}
	{"id":1301055,"type":"sell","buyer":"sbi-tokens","seller":"thisismylife","symbol":"POB","quantity":"4.77233100","price":"0.67300000","timestamp":1628027811,"volume":"3.21177876","buyTxId":"7255e5e7c3e00e9ecc2fa7268ee4148f125ff253","sellTxId":"3edfbc02dca0edf6e2c3476894ba8da35a9c2ecb"}
{"index": {"_index":"pob","_id":"1301059"}}
	{"id":1301059,"type":"sell","buyer":"sbi-tokens","seller":"davidbolu34","symbol":"POB","quantity":"5.00000000","price":"0.67300000","timestamp":1628027889,"volume":"3.36500000","buyTxId":"7255e5e7c3e00e9ecc2fa7268ee4148f125ff253","sellTxId":"a6d1e5307053e9bab3613bf051c2c38c7946739e"}
{"index": {"_index":"pob","_id":"1301089"}}
	{"id":1301089,"type":"sell","buyer":"sbi-tokens","seller":"droida","symbol":"POB","quantity":"0.11271343","price":"0.67300000","timestamp":1628028297,"volume":"0.07585614","buyTxId":"7255e5e7c3e00e9ecc2fa7268ee4148f125ff253","sellTxId":"98e937d8533f9b17cb2e5576fa165ef37b0a4e27"}
{"index": {"_index":"pob","_id":"1301103"}}
	{"id":1301103,"type":"sell","buyer":"sbi-tokens","seller":"andy4475","symbol":"POB","quantity":"1.45393863","price":"0.67300000","timestamp":1628028621,"volume":"0.97850070","buyTxId":"7255e5e7c3e00e9ecc2fa7268ee4148f125ff253","sellTxId":"86b59b9c192815c27405a0e073bd2675741010c8"}
{"index": {"_index":"pob","_id":"1301139"}}
	{"id":1301139,"type":"sell","buyer":"sbi-tokens","seller":"onthewayout","symbol":"POB","quantity":"1.11134127","price":"0.67300000","timestamp":1628029458,"volume":"0.74793267","buyTxId":"7255e5e7c3e00e9ecc2fa7268ee4148f125ff253","sellTxId":"b805380ca177423633fd64fb0a578e2c11c21a0e"}
{"index": {"_index":"pob","_id":"1301146"}}
	{"id":1301146,"type":"sell","buyer":"sbi-tokens","seller":"stayoutoftherz","symbol":"POB","quantity":"2.79400062","price":"0.67300000","timestamp":1628029572,"volume":"1.88036241","buyTxId":"7255e5e7c3e00e9ecc2fa7268ee4148f125ff253","sellTxId":"07bf2328a01a1f2b18a41cae8cbc217f96f77bf4"}
{"index": {"_index":"pob","_id":"1301150"}}
	{"id":1301150,"type":"sell","buyer":"he-index","seller":"automaton","symbol":"POB","quantity":"3.99724616","price":"0.67280295","timestamp":1628029599,"volume":"2.68935901","buyTxId":"af9a1aeed80e8917c1340007ffaf1814b438fb50","sellTxId":"a43fdadb1bd03dcadfd5df6a244fb513e49157e4"}
{"index": {"_index":"pob","_id":"1301153"}}
	{"id":1301153,"type":"sell","buyer":"he-index","seller":"phoenixwren","symbol":"POB","quantity":"1.67000000","price":"0.67280295","timestamp":1628029644,"volume":"1.12358093","buyTxId":"af9a1aeed80e8917c1340007ffaf1814b438fb50","sellTxId":"90c930f18a969a7bc26c9b365b0d5d41c9f31796"}
{"index": {"_index":"pob","_id":"1301169"}}
	{"id":1301169,"type":"sell","buyer":"he-index","seller":"memehive","symbol":"POB","quantity":"4.73675384","price":"0.67280295","timestamp":1628029926,"volume":"3.18690195","buyTxId":"af9a1aeed80e8917c1340007ffaf1814b438fb50","sellTxId":"3191a91d025d487d5206f4df222d8bffeba75291"}
{"index": {"_index":"pob","_id":"1301170"}}
	{"id":1301170,"type":"sell","buyer":"he-index","seller":"memehive","symbol":"POB","quantity":"0.26800000","price":"0.67270295","timestamp":1628029926,"volume":"0.18028439","buyTxId":"8d942ddf832412f7005df1bd55ddc3496bf571d9","sellTxId":"3191a91d025d487d5206f4df222d8bffeba75291"}
{"index": {"_index":"pob","_id":"1301171"}}
	{"id":1301171,"type":"sell","buyer":"bilpcoinbpc","seller":"memehive","symbol":"POB","quantity":"3.00000000","price":"0.67100000","timestamp":1628029926,"volume":"2.01300000","buyTxId":"2dd83a48d793fff08d4b3ddaba1f0f985894de32","sellTxId":"3191a91d025d487d5206f4df222d8bffeba75291"}
{"index": {"_index":"pob","_id":"1301172"}}
	{"id":1301172,"type":"sell","buyer":"masshole","seller":"memehive","symbol":"POB","quantity":"776.99524616","price":"0.67000000","timestamp":1628029926,"volume":"520.58681493","buyTxId":"124e788dd4cb5cb1fda63e1e02363378bce53e25","sellTxId":"3191a91d025d487d5206f4df222d8bffeba75291"}
{"index": {"_index":"pob","_id":"1301239"}}
	{"id":1301239,"type":"buy","buyer":"steem-holder","seller":"stayoutoftherz","symbol":"POB","quantity":"0.42726833","price":"0.67300000","timestamp":1628030754,"volume":"0.28755159","buyTxId":"64bf3015c4f1ab50a9de72c2a77cf2451a17c2fe","sellTxId":"07bf2328a01a1f2b18a41cae8cbc217f96f77bf4"}
{"index": {"_index":"pob","_id":"1301247"}}
	{"id":1301247,"type":"sell","buyer":"masshole","seller":"onthewayout","symbol":"POB","quantity":"0.40335161","price":"0.67000000","timestamp":1628030895,"volume":"0.27024558","buyTxId":"124e788dd4cb5cb1fda63e1e02363378bce53e25","sellTxId":"8d8f5e99d2dad9c364886266e290c887342c5d36"}
{"index": {"_index":"pob","_id":"1301350"}}
	{"id":1301350,"type":"sell","buyer":"masshole","seller":"eythorphoto","symbol":"POB","quantity":"0.09426745","price":"0.67000000","timestamp":1628033097,"volume":"0.06315919","buyTxId":"124e788dd4cb5cb1fda63e1e02363378bce53e25","sellTxId":"fc7ce85e58bd53f242db2ab553be92563fbe77fc"}
{"index": {"_index":"pob","_id":"1301384"}}
	{"id":1301384,"type":"sell","buyer":"masshole","seller":"liaminit1","symbol":"POB","quantity":"2.29000264","price":"0.67000000","timestamp":1628033850,"volume":"1.53430177","buyTxId":"124e788dd4cb5cb1fda63e1e02363378bce53e25","sellTxId":"2abeae8fa4c24a32e96d22892d38d8467f41a0c5"}
{"index": {"_index":"pob","_id":"1301419"}}
	{"id":1301419,"type":"buy","buyer":"frot","seller":"stayoutoftherz","symbol":"POB","quantity":"11.77873105","price":"0.67300000","timestamp":1628034537,"volume":"7.92708600","buyTxId":"91c57fcb9b2ddd9749d9309c40bd6cd8e4e51ac7","sellTxId":"07bf2328a01a1f2b18a41cae8cbc217f96f77bf4"}
{"index": {"_index":"pob","_id":"1301420"}}
	{"id":1301420,"type":"buy","buyer":"frot","seller":"solovey6o2","symbol":"POB","quantity":"18.22126895","price":"0.67300999","timestamp":1628034537,"volume":"12.26309603","buyTxId":"91c57fcb9b2ddd9749d9309c40bd6cd8e4e51ac7","sellTxId":"092837ad04467058b6c3918972544ab065f068fa"}
{"index": {"_index":"pob","_id":"1301426"}}
	{"id":1301426,"type":"buy","buyer":"frot","seller":"solovey6o2","symbol":"POB","quantity":"100.00000000","price":"0.67300999","timestamp":1628034717,"volume":"67.30099900","buyTxId":"82362cb358de0fe51fb106846c355a0ee785b76f","sellTxId":"092837ad04467058b6c3918972544ab065f068fa"}
{"index": {"_index":"pob","_id":"1301427"}}
	{"id":1301427,"type":"buy","buyer":"frot","seller":"solovey6o2","symbol":"POB","quantity":"25.00000000","price":"0.67300999","timestamp":1628034771,"volume":"16.82524975","buyTxId":"42599fd115b7ce768c76272d96749b32f2aa0466","sellTxId":"092837ad04467058b6c3918972544ab065f068fa"}
{"index": {"_index":"pob","_id":"1301444"}}
	{"id":1301444,"type":"sell","buyer":"masshole","seller":"mightyrocklee","symbol":"POB","quantity":"2.04740175","price":"0.67000000","timestamp":1628035065,"volume":"1.37175917","buyTxId":"124e788dd4cb5cb1fda63e1e02363378bce53e25","sellTxId":"43db46d618caa9a95e1c53fe6e947ef590ead3af"}
{"index": {"_index":"pob","_id":"1301461"}}
	{"id":1301461,"type":"sell","buyer":"masshole","seller":"felipejoys","symbol":"POB","quantity":"0.26037690","price":"0.67000000","timestamp":1628035743,"volume":"0.17445252","buyTxId":"124e788dd4cb5cb1fda63e1e02363378bce53e25","sellTxId":"798adb2b7f0379ecbeb93f711c60abb5da22f332"}
{"index": {"_index":"pob","_id":"1301462"}}
	{"id":1301462,"type":"sell","buyer":"solovey6o2","seller":"felipejoys","symbol":"POB","quantity":"1.73962310","price":"0.65779577","timestamp":1628035743,"volume":"1.14431672","buyTxId":"97f050d56b5215879f01239f3cf3ef407de0ea20","sellTxId":"798adb2b7f0379ecbeb93f711c60abb5da22f332"}
{"index": {"_index":"pob","_id":"1301507"}}
	{"id":1301507,"type":"sell","buyer":"solovey6o2","seller":"justinparke","symbol":"POB","quantity":"0.05413427","price":"0.65779577","timestamp":1628036481,"volume":"0.03560929","buyTxId":"97f050d56b5215879f01239f3cf3ef407de0ea20","sellTxId":"ab7f6828a143572b09a1e8e2863b0cdf1fad49a7"}
{"index": {"_index":"pob","_id":"1301547"}}
	{"id":1301547,"type":"sell","buyer":"solovey6o2","seller":"nrg","symbol":"POB","quantity":"7.88637422","price":"0.65779577","timestamp":1628036988,"volume":"5.18762360","buyTxId":"97f050d56b5215879f01239f3cf3ef407de0ea20","sellTxId":"96b520c162e4422d793c1bd9e36ec8f4be8188b2"}
{"index": {"_index":"pob","_id":"1301548"}}
	{"id":1301548,"type":"sell","buyer":"solovey6o2","seller":"nrg","symbol":"POB","quantity":"62.11362578","price":"0.65779577","timestamp":1628036988,"volume":"40.85808030","buyTxId":"ba3a6c75ef44ed2c91420cf6e32f455b17f52837","sellTxId":"96b520c162e4422d793c1bd9e36ec8f4be8188b2"}
{"index": {"_index":"pob","_id":"1301675"}}
	{"id":1301675,"type":"sell","buyer":"richardcrill","seller":"thebeardflex","symbol":"POB","quantity":"3.07083452","price":"0.65779576","timestamp":1628039175,"volume":"2.01998193","buyTxId":"MM-P-9242562-56224138-3-11-0","sellTxId":"53aaa13592bc5126021d018b1b6cf88bb2e7f077"}
{"index": {"_index":"pob","_id":"1301678"}}
	{"id":1301678,"type":"sell","buyer":"richardcrill","seller":"torrecoin90","symbol":"POB","quantity":"0.71921375","price":"0.65779576","timestamp":1628039316,"volume":"0.47309576","buyTxId":"MM-P-9242562-56224138-3-11-0","sellTxId":"79ac6c914a3ef1304d2224906643ff09bc486509"}
{"index": {"_index":"pob","_id":"1301749"}}
	{"id":1301749,"type":"sell","buyer":"richardcrill","seller":"failingforwards","symbol":"POB","quantity":"13.40130514","price":"0.65779576","timestamp":1628040594,"volume":"8.81532169","buyTxId":"MM-P-9242562-56224138-3-11-0","sellTxId":"85b5abf037b26ae9ecd1f123ab8ed74a60510236"}
{"index": {"_index":"pob","_id":"1301781"}}
	{"id":1301781,"type":"sell","buyer":"phusionphil","seller":"andy4475","symbol":"POB","quantity":"0.96039138","price":"0.65769576","timestamp":1628041785,"volume":"0.63164534","buyTxId":"1e623311bfee12766dee566a9776473a9df13287","sellTxId":"dd54f8b97ed6f08b4660a2b921e58a6d7eb8b49d"}
{"index": {"_index":"pob","_id":"1301788"}}
	{"id":1301788,"type":"sell","buyer":"phusionphil","seller":"diebitch","symbol":"POB","quantity":"23.00000000","price":"0.65769576","timestamp":1628041908,"volume":"15.12700248","buyTxId":"1e623311bfee12766dee566a9776473a9df13287","sellTxId":"34ceafc54782d9ad0efb01276d85bde77e2e5af6"}
{"index": {"_index":"pob","_id":"1301796"}}
	{"id":1301796,"type":"sell","buyer":"phusionphil","seller":"captaincryptic","symbol":"POB","quantity":"4.95847590","price":"0.65769576","timestamp":1628042145,"volume":"3.26116858","buyTxId":"1e623311bfee12766dee566a9776473a9df13287","sellTxId":"a98efc8f1dd58375bc199eb5c98b45db99a5cf41"}
{"index": {"_index":"pob","_id":"1301797"}}
	{"id":1301797,"type":"sell","buyer":"phusionphil","seller":"trumpman","symbol":"POB","quantity":"2.00878213","price":"0.65769576","timestamp":1628042151,"volume":"1.32116748","buyTxId":"1e623311bfee12766dee566a9776473a9df13287","sellTxId":"805575e69f5d007d2bee8b93aedb4f6e46be0434"}
{"index": {"_index":"pob","_id":"1301814"}}
	{"id":1301814,"type":"sell","buyer":"solovey6o2","seller":"mairapanelo","symbol":"POB","quantity":"0.01650069","price":"0.61510001","timestamp":1628042655,"volume":"0.01014957","buyTxId":"ca0f8ae7d7ab5f239df80efb0880b58a5db87361","sellTxId":"61f550eb3b873419e9de465bac06c4368ec6b9c9"}
{"index": {"_index":"pob","_id":"1301820"}}
	{"id":1301820,"type":"sell","buyer":"solovey6o2","seller":"allcapsonezero","symbol":"POB","quantity":"5.00000000","price":"0.61510001","timestamp":1628042772,"volume":"3.07550005","buyTxId":"ca0f8ae7d7ab5f239df80efb0880b58a5db87361","sellTxId":"d9abe6679afeec6f1c7721f7ca45dd69c6104e2f"}
{"index": {"_index":"pob","_id":"1301901"}}
	{"id":1301901,"type":"sell","buyer":"solovey6o2","seller":"cryptowingnut","symbol":"POB","quantity":"0.18093269","price":"0.61520001","timestamp":1628044656,"volume":"0.11130979","buyTxId":"11a03a1218c86f6d899f6a02b73a30dff44d7e4e","sellTxId":"ef998b2cf292884263d85b438ee5c85b2517a8b3"}
{"index": {"_index":"pob","_id":"1301926"}}
	{"id":1301926,"type":"sell","buyer":"solovey6o2","seller":"notak","symbol":"POB","quantity":"8.85296012","price":"0.61520001","timestamp":1628045199,"volume":"5.44634115","buyTxId":"11a03a1218c86f6d899f6a02b73a30dff44d7e4e","sellTxId":"4ecbb2a561adfc5f6f9012f6b71b51e98b7c7781"}
{"index": {"_index":"pob","_id":"1301940"}}
	{"id":1301940,"type":"sell","buyer":"solovey6o2","seller":"metzli","symbol":"POB","quantity":"0.42541957","price":"0.61520001","timestamp":1628045367,"volume":"0.26171812","buyTxId":"11a03a1218c86f6d899f6a02b73a30dff44d7e4e","sellTxId":"66406fc82f93dddbcba5f3d2af3a091fdc568123"}
{"index": {"_index":"pob","_id":"1301943"}}
	{"id":1301943,"type":"sell","buyer":"solovey6o2","seller":"corporateay","symbol":"POB","quantity":"26.28723175","price":"0.61520001","timestamp":1628045379,"volume":"16.17190524","buyTxId":"11a03a1218c86f6d899f6a02b73a30dff44d7e4e","sellTxId":"3bf9163f2b141cc1f4467be1ebfa637f06a1899b"}
{"index": {"_index":"pob","_id":"1301947"}}
	{"id":1301947,"type":"sell","buyer":"solovey6o2","seller":"melbourneswest","symbol":"POB","quantity":"4.16613684","price":"0.61520001","timestamp":1628045514,"volume":"2.56300743","buyTxId":"11a03a1218c86f6d899f6a02b73a30dff44d7e4e","sellTxId":"e57259e947a27e5779c0538dafa4a106569bef3f"}
