{"index": {"_index":"pob","_id":"2874215"}}
	{"id":2874215,"type":"buy","buyer":"balina","seller":"balina","symbol":"POB","quantity":"155.00000000","price":"0.03234097","timestamp":1646019306,"volume":"5.01285035","buyTxId":"032e595af229766f1d8e0987d454d30e55f5d731","sellTxId":"MM-P-15214842-62202524-3-1-1"}
{"index": {"_index":"pob","_id":"2874357"}}
	{"id":2874357,"type":"sell","buyer":"balina","seller":"turkiye","symbol":"POB","quantity":"154.67435171","price":"0.03232598","timestamp":1646021181,"volume":"5.00000000","buyTxId":"MM-P-15214842-62202524-3-1-0","sellTxId":"1948a796c16123d0f37a9fed8b1f051e9b1c4236"}
{"index": {"_index":"pob","_id":"2874358"}}
	{"id":2874358,"type":"sell","buyer":"richardcrill","seller":"turkiye","symbol":"POB","quantity":"602.90264829","price":"0.03232498","timestamp":1646021181,"volume":"19.48881605","buyTxId":"MM-P-15213927-62201609-3-12-0","sellTxId":"1948a796c16123d0f37a9fed8b1f051e9b1c4236"}
{"index": {"_index":"pob","_id":"2874373"}}
	{"id":2874373,"type":"sell","buyer":"mamolya","seller":"samostically","symbol":"POB","quantity":"43.25932151","price":"0.03219398","timestamp":1646021412,"volume":"1.39268973","buyTxId":"05de15c0100100bdaafdc9fea63e6647efe9cff5","sellTxId":"43f260224875a26b907d4134f4189cf29b5e6257"}
{"index": {"_index":"pob","_id":"2874374"}}
	{"id":2874374,"type":"sell","buyer":"balina","seller":"samostically","symbol":"POB","quantity":"311.41782306","price":"0.03211120","timestamp":1646021412,"volume":"10.00000000","buyTxId":"MM-P-15215641-62203323-3-1-0","sellTxId":"43f260224875a26b907d4134f4189cf29b5e6257"}
{"index": {"_index":"pob","_id":"2874375"}}
	{"id":2874375,"type":"sell","buyer":"tunnelmotions","seller":"samostically","symbol":"POB","quantity":"400.32285543","price":"0.03211020","timestamp":1646021412,"volume":"12.85444695","buyTxId":"60306ccd3a8124279659ee487de3a47534ba452d","sellTxId":"43f260224875a26b907d4134f4189cf29b5e6257"}
{"index": {"_index":"pob","_id":"2874423"}}
	{"id":2874423,"type":"sell","buyer":"tunnelmotions","seller":"finguru","symbol":"POB","quantity":"13.73341006","price":"0.03211020","timestamp":1646021847,"volume":"0.44098254","buyTxId":"60306ccd3a8124279659ee487de3a47534ba452d","sellTxId":"0c0613e3e9f24171f6dfe6dbd1f51d37a3842dd7"}
{"index": {"_index":"pob","_id":"2874633"}}
	{"id":2874633,"type":"sell","buyer":"tunnelmotions","seller":"tommyl33","symbol":"POB","quantity":"28.10992564","price":"0.03211020","timestamp":1646025795,"volume":"0.90261533","buyTxId":"60306ccd3a8124279659ee487de3a47534ba452d","sellTxId":"a51db5f12bf0fd9bc1acbbe4efb56002cec4bf16"}
{"index": {"_index":"pob","_id":"2874683"}}
	{"id":2874683,"type":"sell","buyer":"richardcrill","seller":"xplosive","symbol":"POB","quantity":"11.60373430","price":"0.03212020","timestamp":1646027184,"volume":"0.37271427","buyTxId":"MM-P-15217518-62205200-3-12-0","sellTxId":"212f0a4e3bc0d54d04b6947a09f9ab5d71637947"}
{"index": {"_index":"pob","_id":"2874734"}}
	{"id":2874734,"type":"sell","buyer":"richardcrill","seller":"sugandhaseth","symbol":"POB","quantity":"47.22300239","price":"0.03212020","timestamp":1646028195,"volume":"1.51681228","buyTxId":"MM-P-15217518-62205200-3-12-0","sellTxId":"06cd14804bb90c0e86b373e752d3852d3e0ca2ac"}
{"index": {"_index":"pob","_id":"2874942"}}
	{"id":2874942,"type":"buy","buyer":"baconface","seller":"richardcrill","symbol":"POB","quantity":"0.02831952","price":"0.03234197","timestamp":1646028858,"volume":"0.00091591","buyTxId":"13f1765042e167c1ab0073176850f5430bd624f9","sellTxId":"MM-P-15213927-62201609-3-12-1"}
{"index": {"_index":"pob","_id":"2875170"}}
	{"id":2875170,"type":"sell","buyer":"richardcrill","seller":"merrypanda","symbol":"POB","quantity":"23.17600205","price":"0.03213120","timestamp":1646030475,"volume":"0.74467276","buyTxId":"MM-P-15218516-62206198-3-12-0","sellTxId":"99e93e504d9896a783c432079bee371b33ab8c28"}
{"index": {"_index":"pob","_id":"2875182"}}
	{"id":2875182,"type":"sell","buyer":"richardcrill","seller":"phoenixwren","symbol":"POB","quantity":"0.12000309","price":"0.03213120","timestamp":1646030577,"volume":"0.00385584","buyTxId":"MM-P-15218516-62206198-3-12-0","sellTxId":"ada817ade6a30796f5d4d1f0e458a202152b6465"}
{"index": {"_index":"pob","_id":"2875445"}}
	{"id":2875445,"type":"sell","buyer":"richardcrill","seller":"nonsowrites","symbol":"POB","quantity":"100.00000000","price":"0.03214220","timestamp":1646034717,"volume":"3.21422000","buyTxId":"MM-P-15219513-62207196-3-12-0","sellTxId":"2373f2bdd159a0577b1c020bb3ad50f48d15391e"}
{"index": {"_index":"pob","_id":"2875448"}}
	{"id":2875448,"type":"buy","buyer":"pjansen","seller":"richardcrill","symbol":"POB","quantity":"150.00000000","price":"0.03232090","timestamp":1646034897,"volume":"4.84813500","buyTxId":"0631b949e497a179b4a432b022c32a7f0d0e59ef","sellTxId":"MM-P-15219413-62207096-3-12-0"}
{"index": {"_index":"pob","_id":"2875452"}}
	{"id":2875452,"type":"buy","buyer":"pjansen","seller":"richardcrill","symbol":"POB","quantity":"150.00000000","price":"0.03232090","timestamp":1646034987,"volume":"4.84813500","buyTxId":"c6f4fb5522f91cc4b389506d10a343cf6fbafed8","sellTxId":"MM-P-15219413-62207096-3-12-0"}
{"index": {"_index":"pob","_id":"2875467"}}
	{"id":2875467,"type":"buy","buyer":"pjansen","seller":"richardcrill","symbol":"POB","quantity":"150.00000000","price":"0.03232090","timestamp":1646035080,"volume":"4.84813500","buyTxId":"877693bdfc31dc584118833ab0d1bbe64fa63ef8","sellTxId":"MM-P-15219413-62207096-3-12-0"}
{"index": {"_index":"pob","_id":"2875478"}}
	{"id":2875478,"type":"buy","buyer":"pjansen","seller":"richardcrill","symbol":"POB","quantity":"150.00000000","price":"0.03231290","timestamp":1646035203,"volume":"4.84693500","buyTxId":"30a236760c8be8b6318f37ef90d6d46545add193","sellTxId":"MM-P-15220209-62207893-3-12-0"}
{"index": {"_index":"pob","_id":"2875482"}}
	{"id":2875482,"type":"buy","buyer":"pjansen","seller":"richardcrill","symbol":"POB","quantity":"150.00000000","price":"0.03231290","timestamp":1646035284,"volume":"4.84693500","buyTxId":"9d5bf0dafd8cd7c8f49e12dfed5e9000dc846919","sellTxId":"MM-P-15220209-62207893-3-12-0"}
{"index": {"_index":"pob","_id":"2875484"}}
	{"id":2875484,"type":"buy","buyer":"pjansen","seller":"richardcrill","symbol":"POB","quantity":"150.00000000","price":"0.03231290","timestamp":1646035374,"volume":"4.84693500","buyTxId":"2df71d23f024b7ee72d87f81c78433a533c36fe1","sellTxId":"MM-P-15220209-62207893-3-12-0"}
{"index": {"_index":"pob","_id":"2875500"}}
	{"id":2875500,"type":"buy","buyer":"bananofarmer","seller":"master-lamps","symbol":"POB","quantity":"103.00000000","price":"0.03234190","timestamp":1646035500,"volume":"3.33121570","buyTxId":"e15f624d6391b2ec3a5185186a03b13faa0a1197","sellTxId":"13ebdfe23b7b8e8c78fca3556e1582542a0acad5"}
{"index": {"_index":"pob","_id":"2875540"}}
	{"id":2875540,"type":"sell","buyer":"richardcrill","seller":"brofi-market","symbol":"POB","quantity":"8.93729225","price":"0.03214220","timestamp":1646036121,"volume":"0.28726423","buyTxId":"MM-P-15219513-62207196-3-12-0","sellTxId":"4271c71c00001b1223f010cfb9c1881de4f49248"}
{"index": {"_index":"pob","_id":"2875574"}}
	{"id":2875574,"type":"sell","buyer":"richardcrill","seller":"gillianpearce","symbol":"POB","quantity":"40.00000000","price":"0.03214220","timestamp":1646036478,"volume":"1.28568800","buyTxId":"MM-P-15219513-62207196-3-12-0","sellTxId":"3aa6b19da413f59345885cdbbeb33b822ec5fd72"}
{"index": {"_index":"pob","_id":"2875685"}}
	{"id":2875685,"type":"buy","buyer":"helios.voter","seller":"richardcrill","symbol":"POB","quantity":"450.00000000","price":"0.03233190","timestamp":1646038272,"volume":"14.54935500","buyTxId":"c43d70d725d57dc265eb4951c7ee886bea6fb1a0","sellTxId":"MM-P-15221006-62208690-3-12-0"}
{"index": {"_index":"pob","_id":"2875687"}}
	{"id":2875687,"type":"buy","buyer":"helios.voter","seller":"master-lamps","symbol":"POB","quantity":"68.51821569","price":"0.03234190","timestamp":1646038302,"volume":"2.21600928","buyTxId":"d7bc86c59e833e32a0cdd1ab1be0b15e172fef8c","sellTxId":"13ebdfe23b7b8e8c78fca3556e1582542a0acad5"}
{"index": {"_index":"pob","_id":"2875688"}}
	{"id":2875688,"type":"buy","buyer":"helios.voter","seller":"brofi-market","symbol":"POB","quantity":"1.48178431","price":"0.03234190","timestamp":1646038302,"volume":"0.04792372","buyTxId":"d7bc86c59e833e32a0cdd1ab1be0b15e172fef8c","sellTxId":"298df847371c117ca9bd0eb3f8cb7b2febc63805"}
{"index": {"_index":"pob","_id":"2875689"}}
	{"id":2875689,"type":"buy","buyer":"helios.voter","seller":"brofi-market","symbol":"POB","quantity":"7.45550794","price":"0.03234190","timestamp":1646038335,"volume":"0.24112529","buyTxId":"15b1b03eb4f56727a39a23539ee416812a02ec57","sellTxId":"298df847371c117ca9bd0eb3f8cb7b2febc63805"}
{"index": {"_index":"pob","_id":"2875690"}}
	{"id":2875690,"type":"buy","buyer":"helios.voter","seller":"dhedge-drips","symbol":"POB","quantity":"1.01385670","price":"0.03249700","timestamp":1646038362,"volume":"0.03294730","buyTxId":"d2785f49eb87932b1e02dad6edf93fca4f3512c4","sellTxId":"b080455e8d07aea01009f10c39236bcdedb0fdc1"}
{"index": {"_index":"pob","_id":"2875693"}}
	{"id":2875693,"type":"buy","buyer":"helios.voter","seller":"balina","symbol":"POB","quantity":"1000.00000000","price":"0.03250000","timestamp":1646038389,"volume":"32.50000000","buyTxId":"0bd569f5a88d8cf930438e30d9cd66a7577915af","sellTxId":"39e0eac2b04ff27c6cbc7e29ce441a7040292468"}
{"index": {"_index":"pob","_id":"2875702"}}
	{"id":2875702,"type":"buy","buyer":"helios.voter","seller":"brofi-market","symbol":"POB","quantity":"8.49146820","price":"0.03259699","timestamp":1646038443,"volume":"0.27679630","buyTxId":"b85bb12f8e1014f94f00f88704911fff0e1d0875","sellTxId":"27bce563d663d7e57c25f7fdf525dd29e5e8cdea"}
{"index": {"_index":"pob","_id":"2875956"}}
	{"id":2875956,"type":"sell","buyer":"helios.voter","seller":"liotes.voter","symbol":"POB","quantity":"0.50853180","price":"0.03259699","timestamp":1646040246,"volume":"0.01657661","buyTxId":"b85bb12f8e1014f94f00f88704911fff0e1d0875","sellTxId":"18840559ba686fa18f2c2fc831030e770e442716"}
{"index": {"_index":"pob","_id":"2875957"}}
	{"id":2875957,"type":"sell","buyer":"helios.voter","seller":"liotes.voter","symbol":"POB","quantity":"3.26771025","price":"0.03250000","timestamp":1646040246,"volume":"0.10620058","buyTxId":"0bd569f5a88d8cf930438e30d9cd66a7577915af","sellTxId":"18840559ba686fa18f2c2fc831030e770e442716"}
{"index": {"_index":"pob","_id":"2876013"}}
	{"id":2876013,"type":"sell","buyer":"richardcrill","seller":"thecuriousfool","symbol":"POB","quantity":"0.82496083","price":"0.03251000","timestamp":1646041194,"volume":"0.02681948","buyTxId":"MM-P-15222003-62209689-3-12-0","sellTxId":"561c5b45c5573effb5d3b56a5300ae7347685285"}
{"index": {"_index":"pob","_id":"2876048"}}
	{"id":2876048,"type":"sell","buyer":"richardcrill","seller":"shebe","symbol":"POB","quantity":"8.55532401","price":"0.03251000","timestamp":1646041722,"volume":"0.27813358","buyTxId":"MM-P-15222003-62209689-3-12-0","sellTxId":"fbcd5c435c9d7f7f52affe7975bd470920a4f210"}
{"index": {"_index":"pob","_id":"2876093"}}
	{"id":2876093,"type":"buy","buyer":"balina","seller":"brofi-market","symbol":"POB","quantity":"9.46266246","price":"0.03259700","timestamp":1646042796,"volume":"0.30845441","buyTxId":"c90485f286b170d918271fb0ce00429758ed05eb","sellTxId":"989ffec15589b41ef3f731a64d71bf0fa8b9cf68"}
{"index": {"_index":"pob","_id":"2876094"}}
	{"id":2876094,"type":"buy","buyer":"balina","seller":"richardcrill","symbol":"POB","quantity":"440.53733754","price":"0.03275000","timestamp":1646042796,"volume":"14.42759780","buyTxId":"c90485f286b170d918271fb0ce00429758ed05eb","sellTxId":"MM-P-15222702-62210388-3-12-0"}
{"index": {"_index":"pob","_id":"2876155"}}
	{"id":2876155,"type":"sell","buyer":"richardcrill","seller":"friendlymoose","symbol":"POB","quantity":"200.58161074","price":"0.03251000","timestamp":1646043570,"volume":"6.52090817","buyTxId":"MM-P-15222003-62209689-3-12-0","sellTxId":"40c6d0f78f9df5aca2e0daa43daeb5184113ac00"}
{"index": {"_index":"pob","_id":"2876295"}}
	{"id":2876295,"type":"sell","buyer":"richardcrill","seller":"mypathtofire","symbol":"POB","quantity":"3.47374975","price":"0.03251000","timestamp":1646046213,"volume":"0.11293160","buyTxId":"MM-P-15222003-62209689-3-12-0","sellTxId":"b8ae0ac88fbb49ae0be57027357adf4f67204c1d"}
{"index": {"_index":"pob","_id":"2876299"}}
	{"id":2876299,"type":"sell","buyer":"richardcrill","seller":"friendlymoose","symbol":"POB","quantity":"51.41045866","price":"0.03251000","timestamp":1646046279,"volume":"1.67135401","buyTxId":"MM-P-15222003-62209689-3-12-0","sellTxId":"040fb029430ceb57df89a5816dbddac2b07f4678"}
{"index": {"_index":"pob","_id":"2876445"}}
	{"id":2876445,"type":"sell","buyer":"richardcrill","seller":"assassyn","symbol":"POB","quantity":"0.00135908","price":"0.03251000","timestamp":1646048250,"volume":"0.00004418","buyTxId":"MM-P-15222003-62209689-3-12-0","sellTxId":"fa527b6d002402db1857b6adfb473d1704cdcee0"}
{"index": {"_index":"pob","_id":"2876457"}}
	{"id":2876457,"type":"sell","buyer":"richardcrill","seller":"globetrottergcc","symbol":"POB","quantity":"4.45800575","price":"0.03251000","timestamp":1646048370,"volume":"0.14492977","buyTxId":"MM-P-15222003-62209689-3-12-0","sellTxId":"cd320fd41887e42d13a1cbe38117cfd6703dde24"}
{"index": {"_index":"pob","_id":"2876463"}}
	{"id":2876463,"type":"sell","buyer":"richardcrill","seller":"cynano","symbol":"POB","quantity":"6.53987404","price":"0.03251000","timestamp":1646048547,"volume":"0.21261131","buyTxId":"MM-P-15222003-62209689-3-12-0","sellTxId":"1dc8515e693ec249e40261bcc87e021cf3af1d81"}
{"index": {"_index":"pob","_id":"2876607"}}
	{"id":2876607,"type":"sell","buyer":"richardcrill","seller":"brofi-market","symbol":"POB","quantity":"1.98482280","price":"0.03251000","timestamp":1646050167,"volume":"0.06452659","buyTxId":"MM-P-15222003-62209689-3-12-0","sellTxId":"4844a1d5146ffcdab0ffd139a350230d00fd22fb"}
{"index": {"_index":"pob","_id":"2876751"}}
	{"id":2876751,"type":"sell","buyer":"richardcrill","seller":"dhedge-drips","symbol":"POB","quantity":"1.17022468","price":"0.03252100","timestamp":1646052417,"volume":"0.03805688","buyTxId":"MM-P-15225593-62213281-3-12-0","sellTxId":"7a11f5cb6eb879fce36e66c230580fdfe050a05c"}
{"index": {"_index":"pob","_id":"2876877"}}
	{"id":2876877,"type":"sell","buyer":"richardcrill","seller":"elricmoonslayer","symbol":"POB","quantity":"3.53863401","price":"0.03252100","timestamp":1646053740,"volume":"0.11507992","buyTxId":"MM-P-15225593-62213281-3-12-0","sellTxId":"e32374381c9bfd20e1f774339e5ff651a6577c50"}
{"index": {"_index":"pob","_id":"2876907"}}
	{"id":2876907,"type":"buy","buyer":"chesatochi","seller":"kojiri","symbol":"POB","quantity":"0.00000055","price":"0.03279000","timestamp":1646054049,"volume":"0.00000002","buyTxId":"615fc28bd7c19d0c1fe429312a1f182476f37e4e","sellTxId":"5fd5fa90a0189769a9159871f3653e57d7fa2d9e"}
{"index": {"_index":"pob","_id":"2876908"}}
	{"id":2876908,"type":"buy","buyer":"chesatochi","seller":"boeltermc","symbol":"POB","quantity":"0.27478719","price":"0.03279000","timestamp":1646054049,"volume":"0.00901027","buyTxId":"615fc28bd7c19d0c1fe429312a1f182476f37e4e","sellTxId":"1c996cdc542d515feb4733c242e3033a1eccb9aa"}
{"index": {"_index":"pob","_id":"2876915"}}
	{"id":2876915,"type":"buy","buyer":"pjansen","seller":"boeltermc","symbol":"POB","quantity":"7.72521281","price":"0.03279000","timestamp":1646054202,"volume":"0.25330973","buyTxId":"b2ca88f6cc47b40aa06bbcc6884644800504bc2c","sellTxId":"1c996cdc542d515feb4733c242e3033a1eccb9aa"}
{"index": {"_index":"pob","_id":"2876916"}}
	{"id":2876916,"type":"buy","buyer":"pjansen","seller":"brofi-market","symbol":"POB","quantity":"1.98482280","price":"0.03279000","timestamp":1646054202,"volume":"0.06508234","buyTxId":"b2ca88f6cc47b40aa06bbcc6884644800504bc2c","sellTxId":"cf1453cb50cbd7c36c1c35f1731cb20aaf399d6b"}
{"index": {"_index":"pob","_id":"2876917"}}
	{"id":2876917,"type":"buy","buyer":"pjansen","seller":"dhedge-drips","symbol":"POB","quantity":"1.17022439","price":"0.03279000","timestamp":1646054202,"volume":"0.03837166","buyTxId":"b2ca88f6cc47b40aa06bbcc6884644800504bc2c","sellTxId":"9e6a7e65c9adfb6f32595abe9e56a01411d1d1a0"}
{"index": {"_index":"pob","_id":"2876924"}}
	{"id":2876924,"type":"buy","buyer":"pjansen","seller":"dhedge-drips","symbol":"POB","quantity":"0.00000029","price":"0.03279000","timestamp":1646054277,"volume":"0.00000001","buyTxId":"bc6558caef924e471efa95c405a8821aa3e2e585","sellTxId":"9e6a7e65c9adfb6f32595abe9e56a01411d1d1a0"}
{"index": {"_index":"pob","_id":"2876925"}}
	{"id":2876925,"type":"buy","buyer":"pjansen","seller":"preparedwombat","symbol":"POB","quantity":"28.22489671","price":"0.03290000","timestamp":1646054277,"volume":"0.92859910","buyTxId":"bc6558caef924e471efa95c405a8821aa3e2e585","sellTxId":"b4a60a46bf038ce1f15fa2c25b24c6cf1c2d2132"}
{"index": {"_index":"pob","_id":"2876927"}}
	{"id":2876927,"type":"buy","buyer":"pjansen","seller":"preparedwombat","symbol":"POB","quantity":"0.00000073","price":"0.03290000","timestamp":1646054349,"volume":"0.00000002","buyTxId":"1307d63359e59abcc29fb3c9aadbf5bd48bb6a70","sellTxId":"b4a60a46bf038ce1f15fa2c25b24c6cf1c2d2132"}
{"index": {"_index":"pob","_id":"2876928"}}
	{"id":2876928,"type":"buy","buyer":"pjansen","seller":"peppermint24","symbol":"POB","quantity":"2.99999927","price":"0.03300000","timestamp":1646054349,"volume":"0.09899998","buyTxId":"1307d63359e59abcc29fb3c9aadbf5bd48bb6a70","sellTxId":"aeacbd9cfd6c4b55e8ae80dd27e14298c6b62296"}
{"index": {"_index":"pob","_id":"2876933"}}
	{"id":2876933,"type":"buy","buyer":"pjansen","seller":"peppermint24","symbol":"POB","quantity":"0.00000073","price":"0.03300000","timestamp":1646054442,"volume":"0.00000002","buyTxId":"828cb8253f6426938392c97910dcc7f8a1b9fa34","sellTxId":"aeacbd9cfd6c4b55e8ae80dd27e14298c6b62296"}
{"index": {"_index":"pob","_id":"2876934"}}
	{"id":2876934,"type":"buy","buyer":"pjansen","seller":"richardcrill","symbol":"POB","quantity":"349.99999927","price":"0.03310200","timestamp":1646054442,"volume":"11.58569998","buyTxId":"828cb8253f6426938392c97910dcc7f8a1b9fa34","sellTxId":"MM-P-15226593-62214281-3-12-1"}
{"index": {"_index":"pob","_id":"2876946"}}
	{"id":2876946,"type":"buy","buyer":"pjansen","seller":"richardcrill","symbol":"POB","quantity":"83.03792400","price":"0.03310200","timestamp":1646054523,"volume":"2.74872136","buyTxId":"1f75c50a9280240c1f75dc92547116f583ad25a3","sellTxId":"MM-P-15226593-62214281-3-12-1"}
{"index": {"_index":"pob","_id":"2876956"}}
	{"id":2876956,"type":"buy","buyer":"pjansen","seller":"richardcrill","symbol":"POB","quantity":"0.00000078","price":"0.03310200","timestamp":1646054598,"volume":"0.00000003","buyTxId":"6e3b4d5c89edf7b75184b104be0bd9df38b1393c","sellTxId":"MM-P-15226593-62214281-3-12-1"}
{"index": {"_index":"pob","_id":"2876957"}}
	{"id":2876957,"type":"buy","buyer":"pjansen","seller":"balina","symbol":"POB","quantity":"299.99999922","price":"0.03311100","timestamp":1646054598,"volume":"9.93329997","buyTxId":"6e3b4d5c89edf7b75184b104be0bd9df38b1393c","sellTxId":"MM-P-15226611-62214299-3-1-1"}
{"index": {"_index":"pob","_id":"2877097"}}
	{"id":2877097,"type":"sell","buyer":"richardcrill","seller":"littledisciples","symbol":"POB","quantity":"48.22796776","price":"0.03253200","timestamp":1646056269,"volume":"1.56895225","buyTxId":"MM-P-15226593-62214281-3-12-0","sellTxId":"e60aac63db0fb494dd3806396fee1a98d738bd7b"}
{"index": {"_index":"pob","_id":"2877099"}}
	{"id":2877099,"type":"sell","buyer":"richardcrill","seller":"florenceboens","symbol":"POB","quantity":"0.03566977","price":"0.03253200","timestamp":1646056293,"volume":"0.00116041","buyTxId":"MM-P-15226593-62214281-3-12-0","sellTxId":"7d8854ef7d2f814e72af8d305086fcd3a78a5586"}
{"index": {"_index":"pob","_id":"2877131"}}
	{"id":2877131,"type":"sell","buyer":"richardcrill","seller":"trumpman","symbol":"POB","quantity":"19.02466259","price":"0.03253200","timestamp":1646056662,"volume":"0.61891032","buyTxId":"MM-P-15226593-62214281-3-12-0","sellTxId":"ddcd66bf5d6236edc781b910075780fccc117ae3"}
{"index": {"_index":"pob","_id":"2877442"}}
	{"id":2877442,"type":"buy","buyer":"phortun","seller":"yintercept","symbol":"POB","quantity":"3.37940773","price":"0.03330000","timestamp":1646059590,"volume":"0.11253428","buyTxId":"76a2efc6a58ebe938b3277a297b49a117fea43cd","sellTxId":"de0966eb1731f53a013baf6380a2d746cd9d7e74"}
{"index": {"_index":"pob","_id":"2877496"}}
	{"id":2877496,"type":"sell","buyer":"phortun","seller":"linn901","symbol":"POB","quantity":"6.82637400","price":"0.03330000","timestamp":1646060517,"volume":"0.22731825","buyTxId":"76a2efc6a58ebe938b3277a297b49a117fea43cd","sellTxId":"3c631707385c3f1ee9449bb86c32f4c2acd5415d"}
{"index": {"_index":"pob","_id":"2877500"}}
	{"id":2877500,"type":"sell","buyer":"phortun","seller":"linn901","symbol":"POB","quantity":"0.00000055","price":"0.03330000","timestamp":1646060577,"volume":"0.00000002","buyTxId":"76a2efc6a58ebe938b3277a297b49a117fea43cd","sellTxId":"628ec50db6278bf22e16073ec05aabb9e870b322"}
{"index": {"_index":"pob","_id":"2877501"}}
	{"id":2877501,"type":"sell","buyer":"richardcrill","seller":"linn901","symbol":"POB","quantity":"21.39999945","price":"0.03255400","timestamp":1646060577,"volume":"0.69665558","buyTxId":"MM-P-15228586-62216276-3-12-0","sellTxId":"628ec50db6278bf22e16073ec05aabb9e870b322"}
{"index": {"_index":"pob","_id":"2877571"}}
	{"id":2877571,"type":"sell","buyer":"richardcrill","seller":"insight.pob","symbol":"POB","quantity":"10.34000000","price":"0.03255400","timestamp":1646061267,"volume":"0.33660836","buyTxId":"MM-P-15228586-62216276-3-12-0","sellTxId":"934301e41196b98e7a1c34e7e6d8044250fc730a"}
{"index": {"_index":"pob","_id":"2877578"}}
	{"id":2877578,"type":"sell","buyer":"richardcrill","seller":"ggbits","symbol":"POB","quantity":"7.80199732","price":"0.03255400","timestamp":1646061375,"volume":"0.25398622","buyTxId":"MM-P-15228586-62216276-3-12-0","sellTxId":"d7466db2321d7b8b8da91d9cefa0f2dd792f5636"}
{"index": {"_index":"pob","_id":"2877639"}}
	{"id":2877639,"type":"sell","buyer":"richardcrill","seller":"namiks","symbol":"POB","quantity":"0.88020742","price":"0.03255400","timestamp":1646062260,"volume":"0.02865427","buyTxId":"MM-P-15228586-62216276-3-12-0","sellTxId":"c2d51f26e71c5c2cb06a4dfc3a6de5dce030196c"}
{"index": {"_index":"pob","_id":"2877650"}}
	{"id":2877650,"type":"sell","buyer":"richardcrill","seller":"chorock","symbol":"POB","quantity":"93.00000000","price":"0.03255400","timestamp":1646062335,"volume":"3.02752200","buyTxId":"MM-P-15228586-62216276-3-12-0","sellTxId":"0826b025b351e70bdb60f44a957e80bb3f51fe9f"}
{"index": {"_index":"pob","_id":"2877772"}}
	{"id":2877772,"type":"sell","buyer":"richardcrill","seller":"andy-plays","symbol":"POB","quantity":"2.00000000","price":"0.03256500","timestamp":1646063466,"volume":"0.06513000","buyTxId":"MM-P-15229584-62217274-3-12-0","sellTxId":"7c588afad844a7f4788f20fc38dad82ff65ff0c7"}
{"index": {"_index":"pob","_id":"2877808"}}
	{"id":2877808,"type":"sell","buyer":"richardcrill","seller":"darth-azrael","symbol":"POB","quantity":"1.00000000","price":"0.03256500","timestamp":1646063955,"volume":"0.03256500","buyTxId":"MM-P-15229584-62217274-3-12-0","sellTxId":"d2ac8a354e47acff8c7c0bf45c339151c5ae284b"}
{"index": {"_index":"pob","_id":"2877951"}}
	{"id":2877951,"type":"sell","buyer":"richardcrill","seller":"myfreebtc","symbol":"POB","quantity":"3.06033045","price":"0.03256500","timestamp":1646065431,"volume":"0.09965966","buyTxId":"MM-P-15229584-62217274-3-12-0","sellTxId":"bfcacb23813e7e7dbadd368072cdfcd5dd5827db"}
{"index": {"_index":"pob","_id":"2878119"}}
	{"id":2878119,"type":"buy","buyer":"balvinder294","seller":"yintercept","symbol":"POB","quantity":"5.00000000","price":"0.03330000","timestamp":1646067063,"volume":"0.16650000","buyTxId":"3e5c2bd16dceb37c4228ba3f603401a5e5c24aa4","sellTxId":"6ea9ca11c2be15cfc2271003b7876a1c9d51dfa9"}
{"index": {"_index":"pob","_id":"2878120"}}
	{"id":2878120,"type":"buy","buyer":"balvinder294","seller":"kemmyb","symbol":"POB","quantity":"30.00000000","price":"0.03350000","timestamp":1646067063,"volume":"1.00500000","buyTxId":"3e5c2bd16dceb37c4228ba3f603401a5e5c24aa4","sellTxId":"816f73d4d5e009f2b1fa2d20bbf4de216bf1f426"}
{"index": {"_index":"pob","_id":"2878121"}}
	{"id":2878121,"type":"buy","buyer":"balvinder294","seller":"balina","symbol":"POB","quantity":"99.53667649","price":"0.03560300","timestamp":1646067063,"volume":"3.54380429","buyTxId":"3e5c2bd16dceb37c4228ba3f603401a5e5c24aa4","sellTxId":"MM-P-15230800-62218491-3-1-1"}
{"index": {"_index":"pob","_id":"2878122"}}
	{"id":2878122,"type":"buy","buyer":"balvinder294","seller":"richardcrill","symbol":"POB","quantity":"148.42983119","price":"0.03560400","timestamp":1646067063,"volume":"5.28469571","buyTxId":"3e5c2bd16dceb37c4228ba3f603401a5e5c24aa4","sellTxId":"MM-P-15230782-62218473-3-12-0"}
{"index": {"_index":"pob","_id":"2878629"}}
	{"id":2878629,"type":"sell","buyer":"richardcrill","seller":"sgt-dan","symbol":"POB","quantity":"154.25673959","price":"0.03260000","timestamp":1646071059,"volume":"5.02876971","buyTxId":"MM-P-15231579-62219270-3-12-0","sellTxId":"3cd486afebe10a67a923d87d1393241783f52acf"}
{"index": {"_index":"pob","_id":"2878632"}}
	{"id":2878632,"type":"sell","buyer":"richardcrill","seller":"clixmoney","symbol":"POB","quantity":"24.87275801","price":"0.03260000","timestamp":1646071140,"volume":"0.81085191","buyTxId":"MM-P-15231579-62219270-3-12-0","sellTxId":"1d652bc6f63856e6ba104cfbc6038670473af58f"}
{"index": {"_index":"pob","_id":"2878806"}}
	{"id":2878806,"type":"sell","buyer":"richardcrill","seller":"ezun1","symbol":"POB","quantity":"61.00000000","price":"0.03261100","timestamp":1646073348,"volume":"1.98927100","buyTxId":"MM-P-15232576-62220267-3-12-0","sellTxId":"0a68c33aa30b6ad03b74d1469bc6d8d392d6421f"}
{"index": {"_index":"pob","_id":"2878885"}}
	{"id":2878885,"type":"sell","buyer":"richardcrill","seller":"alexvan","symbol":"POB","quantity":"42.79201148","price":"0.03261100","timestamp":1646074086,"volume":"1.39549029","buyTxId":"MM-P-15232576-62220267-3-12-0","sellTxId":"4f98357f34592aa981a77d816864f90957e77e61"}
{"index": {"_index":"pob","_id":"2878928"}}
	{"id":2878928,"type":"sell","buyer":"richardcrill","seller":"gadrian","symbol":"POB","quantity":"4.93227354","price":"0.03261100","timestamp":1646074560,"volume":"0.16084637","buyTxId":"MM-P-15232576-62220267-3-12-0","sellTxId":"39de3d447ee7ee98ef3d398f78cefe00ea5fa95a"}
{"index": {"_index":"pob","_id":"2878973"}}
	{"id":2878973,"type":"buy","buyer":"pjansen","seller":"stayoutoftherz","symbol":"POB","quantity":"9.10000000","price":"0.03400000","timestamp":1646075160,"volume":"0.30940000","buyTxId":"ab55b2433a94e66def396002b357b05130da6e3c","sellTxId":"9c34f2fdb0f89dd5346ac5e9e0ef961e2f8ed8bc"}
{"index": {"_index":"pob","_id":"2879013"}}
	{"id":2879013,"type":"sell","buyer":"richardcrill","seller":"drunksamurai","symbol":"POB","quantity":"0.64478422","price":"0.03262200","timestamp":1646075679,"volume":"0.02103415","buyTxId":"MM-P-15233576-62221267-3-12-0","sellTxId":"2e85c7a44f70b15c8fa991a0804262ed9a78ce6d"}
{"index": {"_index":"pob","_id":"2879021"}}
	{"id":2879021,"type":"sell","buyer":"richardcrill","seller":"jersteemit","symbol":"POB","quantity":"12.36417992","price":"0.03262200","timestamp":1646075862,"volume":"0.40334428","buyTxId":"MM-P-15233576-62221267-3-12-0","sellTxId":"d77c936e0514db758a22f87f73b3906361c1c050"}
{"index": {"_index":"pob","_id":"2879183"}}
	{"id":2879183,"type":"sell","buyer":"richardcrill","seller":"josediccus","symbol":"POB","quantity":"120.00000000","price":"0.03264000","timestamp":1646078628,"volume":"3.91680000","buyTxId":"MM-P-15234571-62222264-3-12-0","sellTxId":"32e217b0e58a1a783b6365ff1bdf8564c30983ea"}
{"index": {"_index":"pob","_id":"2879434"}}
	{"id":2879434,"type":"sell","buyer":"balina","seller":"jlufer","symbol":"POB","quantity":"6.58719428","price":"0.03264100","timestamp":1646081112,"volume":"0.21501261","buyTxId":"MM-P-15235487-62223182-3-1-0","sellTxId":"9041127b97947a4d2c2940c2f94b2bd434bfd3ca"}
{"index": {"_index":"pob","_id":"2879458"}}
	{"id":2879458,"type":"sell","buyer":"richardcrill","seller":"denmarkguy","symbol":"POB","quantity":"0.50507377","price":"0.03265100","timestamp":1646081574,"volume":"0.01649116","buyTxId":"MM-P-15235569-62223264-3-12-0","sellTxId":"01efc4a67d0e893838341eb254093c5c2cf6f006"}
{"index": {"_index":"pob","_id":"2879466"}}
	{"id":2879466,"type":"sell","buyer":"richardcrill","seller":"deathwing","symbol":"POB","quantity":"0.025","price":"0.03265100","timestamp":1646081706,"volume":"0.00081628","buyTxId":"MM-P-15235569-62223264-3-12-0","sellTxId":"f7ddcf4d2f58c8260e4cde7e5792c0090a811a0f-0"}
{"index": {"_index":"pob","_id":"2879603"}}
	{"id":2879603,"type":"sell","buyer":"richardcrill","seller":"curatorcat.pal","symbol":"POB","quantity":"0.76037606","price":"0.03265100","timestamp":1646082870,"volume":"0.02482704","buyTxId":"MM-P-15235569-62223264-3-12-0","sellTxId":"29ac52037a9950afdf039e7fe96f807cade81c83"}
{"index": {"_index":"pob","_id":"2879636"}}
	{"id":2879636,"type":"sell","buyer":"richardcrill","seller":"curatorcat.leo","symbol":"POB","quantity":"6.46244877","price":"0.03267000","timestamp":1646083326,"volume":"0.21112820","buyTxId":"MM-P-15236160-62223857-3-12-0","sellTxId":"435fe6e119a3dd457bbf74be6e1e6d1da1c4295d"}
{"index": {"_index":"pob","_id":"2879938"}}
	{"id":2879938,"type":"sell","buyer":"richardcrill","seller":"vlemon","symbol":"POB","quantity":"14.80000000","price":"0.03268100","timestamp":1646086371,"volume":"0.48367880","buyTxId":"MM-P-15237154-62224854-3-12-0","sellTxId":"947fb68940608a41798d8a13c5962c9e985619a8"}
{"index": {"_index":"pob","_id":"2880048"}}
	{"id":2880048,"type":"sell","buyer":"richardcrill","seller":"nineclaws","symbol":"POB","quantity":"0.00685633","price":"0.03268100","timestamp":1646087376,"volume":"0.00022407","buyTxId":"MM-P-15237154-62224854-3-12-0","sellTxId":"244d8225768fcb2afca0708d8803e37da0939589"}
{"index": {"_index":"pob","_id":"2880061"}}
	{"id":2880061,"type":"sell","buyer":"onlydoge","seller":"xabi","symbol":"POB","quantity":"3.72057943","price":"0.03269000","timestamp":1646087466,"volume":"0.12162574","buyTxId":"ac661aba53ad1742c703d90c4718cad786effc53","sellTxId":"ba49319b83fd4bba4ee8ff9e9c5802ad9bd2239b"}
{"index": {"_index":"pob","_id":"2880097"}}
	{"id":2880097,"type":"buy","buyer":"andy4475","seller":"quekery","symbol":"POB","quantity":"18.97323818","price":"0.03570000","timestamp":1646087709,"volume":"0.67734460","buyTxId":"2e358cde4cbe0dfccacc317971d9182d9da1173c","sellTxId":"490e63ff6d6411625d42adf353e4ef2aea5168a4"}
{"index": {"_index":"pob","_id":"2880098"}}
	{"id":2880098,"type":"buy","buyer":"andy4475","seller":"quicktrades","symbol":"POB","quantity":"0.46019302","price":"0.03580498","timestamp":1646087709,"volume":"0.01647720","buyTxId":"2e358cde4cbe0dfccacc317971d9182d9da1173c","sellTxId":"8e1e24601761513a5aa1b5e349b307fb102ff3e9"}
{"index": {"_index":"pob","_id":"2880099"}}
	{"id":2880099,"type":"buy","buyer":"andy4475","seller":"droida","symbol":"POB","quantity":"0.19961311","price":"0.03580499","timestamp":1646087709,"volume":"0.00714715","buyTxId":"2e358cde4cbe0dfccacc317971d9182d9da1173c","sellTxId":"44ca83ca88261fd3c443dc2d295e363dc28b89a6"}
{"index": {"_index":"pob","_id":"2880100"}}
	{"id":2880100,"type":"buy","buyer":"andy4475","seller":"mein-senf-dazu","symbol":"POB","quantity":"6.31600000","price":"0.03580500","timestamp":1646087709,"volume":"0.22614438","buyTxId":"2e358cde4cbe0dfccacc317971d9182d9da1173c","sellTxId":"8af25c1b52db5b5988ba9561e286ce5b193d82fc"}
{"index": {"_index":"pob","_id":"2880101"}}
	{"id":2880101,"type":"buy","buyer":"andy4475","seller":"balina","symbol":"POB","quantity":"248.27100018","price":"0.03590801","timestamp":1646087709,"volume":"8.91491756","buyTxId":"2e358cde4cbe0dfccacc317971d9182d9da1173c","sellTxId":"MM-P-15237669-62225369-3-1-1"}
{"index": {"_index":"pob","_id":"2880102"}}
	{"id":2880102,"type":"buy","buyer":"andy4475","seller":"richardcrill","symbol":"POB","quantity":"25.77995551","price":"0.03590901","timestamp":1646087709,"volume":"0.92573268","buyTxId":"2e358cde4cbe0dfccacc317971d9182d9da1173c","sellTxId":"MM-P-15237651-62225351-3-12-1"}
{"index": {"_index":"pob","_id":"2880108"}}
	{"id":2880108,"type":"sell","buyer":"richardcrill","seller":"ndari","symbol":"POB","quantity":"23.27355328","price":"0.03270000","timestamp":1646087778,"volume":"0.76104519","buyTxId":"MM-P-15237651-62225351-3-12-0","sellTxId":"9f1291d39bff58e21f56ca47be90580e9f7bc343"}
{"index": {"_index":"pob","_id":"2880185"}}
	{"id":2880185,"type":"sell","buyer":"richardcrill","seller":"anarchistpreneur","symbol":"POB","quantity":"1.83327499","price":"0.03270000","timestamp":1646088576,"volume":"0.05994809","buyTxId":"MM-P-15237651-62225351-3-12-0","sellTxId":"4ed073a375d49799c29d8a2c408ab9e993dbb042"}
{"index": {"_index":"pob","_id":"2880208"}}
	{"id":2880208,"type":"sell","buyer":"richardcrill","seller":"trumpman","symbol":"POB","quantity":"45.67197142","price":"0.03270000","timestamp":1646088759,"volume":"1.49347347","buyTxId":"MM-P-15237651-62225351-3-12-0","sellTxId":"c747ac0c4c770562289845b93853c97eb526dc92"}
{"index": {"_index":"pob","_id":"2880248"}}
	{"id":2880248,"type":"sell","buyer":"richardcrill","seller":"he-index","symbol":"POB","quantity":"0.06200000","price":"0.03270000","timestamp":1646089281,"volume":"0.00202740","buyTxId":"MM-P-15237651-62225351-3-12-0","sellTxId":"df66fd4bf9dfa792471f2ffaea0cda947f025cbf"}
{"index": {"_index":"pob","_id":"2880284"}}
	{"id":2880284,"type":"sell","buyer":"richardcrill","seller":"kevmcc","symbol":"POB","quantity":"0.75719870","price":"0.03270000","timestamp":1646089596,"volume":"0.02476040","buyTxId":"MM-P-15237651-62225351-3-12-0","sellTxId":"08239f23857bb879ad91d9a82ba4141c4a50f61e"}
{"index": {"_index":"pob","_id":"2880521"}}
	{"id":2880521,"type":"sell","buyer":"richardcrill","seller":"charcoalbuffet","symbol":"POB","quantity":"5.70665785","price":"0.03271100","timestamp":1646091072,"volume":"0.18667048","buyTxId":"MM-P-15238647-62226349-3-12-0","sellTxId":"0ed2e0ed739de407383c6079ae9556e2626ef327"}
{"index": {"_index":"pob","_id":"2880629"}}
	{"id":2880629,"type":"sell","buyer":"richardcrill","seller":"candy49","symbol":"POB","quantity":"1.20247833","price":"0.03273000","timestamp":1646092959,"volume":"0.03935712","buyTxId":"MM-P-15239246-62226948-3-12-0","sellTxId":"7efb63f43d05b3b77982c8bca614df4b66859eaa"}
{"index": {"_index":"pob","_id":"2880830"}}
	{"id":2880830,"type":"sell","buyer":"richardcrill","seller":"dsc-r2cornell","symbol":"POB","quantity":"1.00093362","price":"0.03273000","timestamp":1646093583,"volume":"0.03276056","buyTxId":"MM-P-15239246-62226948-3-12-0","sellTxId":"4d7788c9b53fb293e91cbfbf8643955546367a7e"}
{"index": {"_index":"pob","_id":"2880902"}}
	{"id":2880902,"type":"sell","buyer":"richardcrill","seller":"fiberfrau","symbol":"POB","quantity":"1.11439457","price":"0.03273000","timestamp":1646094078,"volume":"0.03647413","buyTxId":"MM-P-15239246-62226948-3-12-0","sellTxId":"649db13f0f90f83f2889f758e1b0c666e7f46bbc"}
{"index": {"_index":"pob","_id":"2880933"}}
	{"id":2880933,"type":"sell","buyer":"richardcrill","seller":"melbourneswest","symbol":"POB","quantity":"11.941","price":"0.03273000","timestamp":1646094354,"volume":"0.39082893","buyTxId":"MM-P-15239246-62226948-3-12-0","sellTxId":"11dd82ff2712bbc341b2db06ae0966b00e32dc20"}
{"index": {"_index":"pob","_id":"2881007"}}
	{"id":2881007,"type":"sell","buyer":"richardcrill","seller":"chireerocks","symbol":"POB","quantity":"5.87323643","price":"0.03273000","timestamp":1646094954,"volume":"0.19223103","buyTxId":"MM-P-15239246-62226948-3-12-0","sellTxId":"abf7066915ca4a1bcb5ade829423637b7a3f6059"}
{"index": {"_index":"pob","_id":"2881163"}}
	{"id":2881163,"type":"sell","buyer":"richardcrill","seller":"alfarero","symbol":"POB","quantity":"2.77093523","price":"0.03274100","timestamp":1646096229,"volume":"0.09072319","buyTxId":"MM-P-15240242-62227946-3-12-0","sellTxId":"a61c1a5dd803b2cdfd548775bedbd4945f357cb7"}
{"index": {"_index":"pob","_id":"2881278"}}
	{"id":2881278,"type":"sell","buyer":"richardcrill","seller":"naido","symbol":"POB","quantity":"0.09832938","price":"0.03276000","timestamp":1646097612,"volume":"0.00322127","buyTxId":"MM-P-15240935-62228642-3-12-0","sellTxId":"8b3ae54cefdd82cb1966ef1203181481ad2c69cd"}
{"index": {"_index":"pob","_id":"2881339"}}
	{"id":2881339,"type":"sell","buyer":"richardcrill","seller":"ugochill","symbol":"POB","quantity":"0.07000000","price":"0.03276000","timestamp":1646098221,"volume":"0.00229320","buyTxId":"MM-P-15240935-62228642-3-12-0","sellTxId":"fec4a30186fff86ca5ec7060cd882280d45c308e"}
{"index": {"_index":"pob","_id":"2881366"}}
	{"id":2881366,"type":"sell","buyer":"richardcrill","seller":"akioexzgamer","symbol":"POB","quantity":"1.85629611","price":"0.03276000","timestamp":1646098374,"volume":"0.06081226","buyTxId":"MM-P-15240935-62228642-3-12-0","sellTxId":"39e8a190d1e30f24933e5755c2c4bd73d8ac5829"}
{"index": {"_index":"pob","_id":"2881581"}}
	{"id":2881581,"type":"sell","buyer":"balina","seller":"dswap","symbol":"POB","quantity":"21.634","price":"0.03276100","timestamp":1646100474,"volume":"0.70875147","buyTxId":"MM-P-15241851-62229558-3-1-0","sellTxId":"347cb667a9e8324a0a6ec1f416b166fc5158a78a"}
{"index": {"_index":"pob","_id":"2881686"}}
	{"id":2881686,"type":"sell","buyer":"richardcrill","seller":"barbarabezina","symbol":"POB","quantity":"3.15672023","price":"0.03277100","timestamp":1646101935,"volume":"0.10344888","buyTxId":"MM-P-15241932-62229639-3-12-0","sellTxId":"35e4c7ff09fd4b4228ab139814f28c44f35488c4"}
{"index": {"_index":"pob","_id":"2881722"}}
	{"id":2881722,"type":"sell","buyer":"richardcrill","seller":"hiveclick","symbol":"POB","quantity":"25.88523695","price":"0.03277100","timestamp":1646102499,"volume":"0.84828510","buyTxId":"MM-P-15241932-62229639-3-12-0","sellTxId":"11e8e2415a1875991010f5ee8b6bba6aec0b2cbd"}
{"index": {"_index":"pob","_id":"2881773"}}
	{"id":2881773,"type":"sell","buyer":"richardcrill","seller":"nineclaws","symbol":"POB","quantity":"0.02040209","price":"0.03279000","timestamp":1646103396,"volume":"0.00066898","buyTxId":"MM-P-15242727-62230434-3-12-0","sellTxId":"ed63f6e9c1e87bc6d0cb7976e7926cfe91cfbc40"}
{"index": {"_index":"pob","_id":"2881884"}}
	{"id":2881884,"type":"sell","buyer":"richardcrill","seller":"victoriabsb","symbol":"POB","quantity":"3.08311026","price":"0.03280000","timestamp":1646105265,"volume":"0.10112602","buyTxId":"MM-P-15242926-62230634-3-12-0","sellTxId":"4c5888ca95ce09ebbc9254521cb60878c8c1034d"}
