{"_id":1185454,"type":"sell","buyer":"holovision","seller":"simplegame","symbol":"POB","quantity":"0.27332111","price":"0.67000000","timestamp":1625107647,"volume":"0.18312514","buyTxId":"5251098797339c10e441b0dfbfd2f092761cf571","sellTxId":"47d9fb453958ed1e7499b7e705c6483f6beed782"},{"_id":1185474,"type":"buy","buyer":"offgridlife","seller":"preparedwombat","symbol":"POB","quantity":"0.03300000","price":"0.73900000","timestamp":1625108688,"volume":"0.02438700","buyTxId":"c88a8ac21572cfaa3ef2927cbee571e48059c929","sellTxId":"04d88bf2a07239383d85080d94b63d9c3e09b1c5"},{"_id":1185475,"type":"buy","buyer":"offgridlife","seller":"preparedwombat","symbol":"POB","quantity":"0.03300000","price":"0.73900000","timestamp":1625108697,"volume":"0.02438700","buyTxId":"3d40a1eb46109c95ee9b8a95a1cd08c8c58fe15d","sellTxId":"04d88bf2a07239383d85080d94b63d9c3e09b1c5"},{"_id":1185476,"type":"buy","buyer":"offgridlife","seller":"preparedwombat","symbol":"POB","quantity":"0.03300000","price":"0.73900000","timestamp":1625108706,"volume":"0.02438700","buyTxId":"654b2be60a31992ad62e66870f103e6a29af0ebe","sellTxId":"04d88bf2a07239383d85080d94b63d9c3e09b1c5"},{"_id":1185477,"type":"buy","buyer":"offgridlife","seller":"preparedwombat","symbol":"POB","quantity":"0.03300000","price":"0.73900000","timestamp":1625108715,"volume":"0.02438700","buyTxId":"da1583851f616b51d2a644c7fb7287e92a709ad4","sellTxId":"04d88bf2a07239383d85080d94b63d9c3e09b1c5"},{"_id":1185484,"type":"buy","buyer":"phusionphil","seller":"trumpman","symbol":"POB","quantity":"18.30588715","price":"0.70000000","timestamp":1625109090,"volume":"12.81412101","buyTxId":"8bb167f3ec5b3a380bced2cd54c2a7dd2e8759aa","sellTxId":"9d94e1f78e398a2000638893e6b20a6b0cd5b319"},{"_id":1185485,"type":"buy","buyer":"mindone","seller":"trumpman","symbol":"POB","quantity":"0.21000000","price":"0.70000000","timestamp":1625109108,"volume":"0.14700000","buyTxId":"b70d37899849005cd4cc9a8d356e5c866b359332","sellTxId":"9d94e1f78e398a2000638893e6b20a6b0cd5b319"},{"_id":1185486,"type":"sell","buyer":"holovision","seller":"mindone","symbol":"POB","quantity":"0.18168411","price":"0.67000000","timestamp":1625109111,"volume":"0.12172835","buyTxId":"5251098797339c10e441b0dfbfd2f092761cf571","sellTxId":"11fe08fc096ff0cf97f4b1eafd3ddc6b46e24145"},{"_id":1185492,"type":"sell","buyer":"holovision","seller":"thebeardflex","symbol":"POB","quantity":"6.70591957","price":"0.67000000","timestamp":1625109387,"volume":"4.49296611","buyTxId":"5251098797339c10e441b0dfbfd2f092761cf571","sellTxId":"e746e4380806bd0a901d7a834f111530c1c581c0"},{"_id":1185496,"type":"sell","buyer":"holovision","seller":"cibersk8","symbol":"POB","quantity":"0.02275539","price":"0.67000000","timestamp":1625109717,"volume":"0.01524611","buyTxId":"5251098797339c10e441b0dfbfd2f092761cf571","sellTxId":"46367261ae1406171e22c7c3ed8b37f7441ad290"},{"_id":1185516,"type":"sell","buyer":"holovision","seller":"mawit07","symbol":"POB","quantity":"1.79681865","price":"0.67000000","timestamp":1625110842,"volume":"1.20386850","buyTxId":"5251098797339c10e441b0dfbfd2f092761cf571","sellTxId":"d64a3d7db36a720dd5d578cc43371bf7de111d46"},{"_id":1185517,"type":"sell","buyer":"holovision","seller":"allcapsonezero","symbol":"POB","quantity":"12.00000000","price":"0.67000000","timestamp":1625110890,"volume":"8.04000000","buyTxId":"5251098797339c10e441b0dfbfd2f092761cf571","sellTxId":"3279489c7db5a15e6bc714c1b8c75fe45ffcc5e1"},{"_id":1185553,"type":"sell","buyer":"holovision","seller":"justinparke","symbol":"POB","quantity":"0.75802651","price":"0.67000000","timestamp":1625112054,"volume":"0.50787776","buyTxId":"5251098797339c10e441b0dfbfd2f092761cf571","sellTxId":"15fb0e27218c9b79c7f60f477b173653142d7fa4"},{"_id":1185569,"type":"buy","buyer":"cookaiss","seller":"trumpman","symbol":"POB","quantity":"9.00000000","price":"0.70000000","timestamp":1625112600,"volume":"6.30000000","buyTxId":"2f36ca56e85cb83d69b3d685cadc0042b77fded9","sellTxId":"9d94e1f78e398a2000638893e6b20a6b0cd5b319"},{"_id":1185581,"type":"buy","buyer":"cookaiss","seller":"trumpman","symbol":"POB","quantity":"0.48411285","price":"0.70000000","timestamp":1625113692,"volume":"0.33887900","buyTxId":"ff07b0989f22c94954d5ebb16d34741cda5efee2","sellTxId":"9d94e1f78e398a2000638893e6b20a6b0cd5b319"},{"_id":1185582,"type":"buy","buyer":"cookaiss","seller":"charityball","symbol":"POB","quantity":"6.51588715","price":"0.70000000","timestamp":1625113692,"volume":"4.56112100","buyTxId":"ff07b0989f22c94954d5ebb16d34741cda5efee2","sellTxId":"2ab70e258d4eec16f6aa1e6058902ff5a148a9e2"},{"_id":1185583,"type":"buy","buyer":"scholaris","seller":"charityball","symbol":"POB","quantity":"1.03769006","price":"0.70000000","timestamp":1625113725,"volume":"0.72638304","buyTxId":"c17c354a28fbc6a4e312ec09f8d8501e18c15659","sellTxId":"2ab70e258d4eec16f6aa1e6058902ff5a148a9e2"},{"_id":1185584,"type":"buy","buyer":"scholaris","seller":"bluesniper","symbol":"POB","quantity":"29.00000000","price":"0.73882400","timestamp":1625113725,"volume":"21.42589600","buyTxId":"c17c354a28fbc6a4e312ec09f8d8501e18c15659","sellTxId":"MM-P-8274163-55252955-3-5-1"},{"_id":1185585,"type":"buy","buyer":"scholaris","seller":"solovey6o2","symbol":"POB","quantity":"16.76172198","price":"0.73883399","timestamp":1625113725,"volume":"12.38412993","buyTxId":"c17c354a28fbc6a4e312ec09f8d8501e18c15659","sellTxId":"1823ede88eaba6bc7bda14b5add9933b2d82073a"},{"_id":1185586,"type":"buy","buyer":"scholaris","seller":"freebornsociety","symbol":"POB","quantity":"40.00000000","price":"0.73883400","timestamp":1625113725,"volume":"29.55336000","buyTxId":"c17c354a28fbc6a4e312ec09f8d8501e18c15659","sellTxId":"MM-P-8274163-55252955-3-3-0"},{"_id":1185587,"type":"buy","buyer":"scholaris","seller":"preparedwombat","symbol":"POB","quantity":"32.96045379","price":"0.73900000","timestamp":1625113725,"volume":"24.35777535","buyTxId":"c17c354a28fbc6a4e312ec09f8d8501e18c15659","sellTxId":"04d88bf2a07239383d85080d94b63d9c3e09b1c5"},{"_id":1185588,"type":"buy","buyer":"scholaris","seller":"ahmetay","symbol":"POB","quantity":"17.72477024","price":"0.75000000","timestamp":1625113725,"volume":"13.29357768","buyTxId":"c17c354a28fbc6a4e312ec09f8d8501e18c15659","sellTxId":"d8d4807b51affd4c6246ce3cb74bb4bc8e1c7c64"},{"_id":1185589,"type":"buy","buyer":"scholaris","seller":"slobberchops","symbol":"POB","quantity":"0.40537690","price":"0.77000000","timestamp":1625113725,"volume":"0.31214021","buyTxId":"c17c354a28fbc6a4e312ec09f8d8501e18c15659","sellTxId":"1eedaa60c429d776b80d650bc5b1460016925525"},{"_id":1185590,"type":"buy","buyer":"scholaris","seller":"revisesociology","symbol":"POB","quantity":"15.00000000","price":"0.79950000","timestamp":1625113725,"volume":"11.99250000","buyTxId":"c17c354a28fbc6a4e312ec09f8d8501e18c15659","sellTxId":"50a5b98252983d695527f9bfa23dfad929ed5f4f"},{"_id":1185591,"type":"buy","buyer":"scholaris","seller":"lettingo","symbol":"POB","quantity":"4.59843932","price":"0.80000000","timestamp":1625113725,"volume":"3.67875146","buyTxId":"c17c354a28fbc6a4e312ec09f8d8501e18c15659","sellTxId":"830f01e3244a77c2e44407c2419a616376c736b8"},{"_id":1185592,"type":"buy","buyer":"scholaris","seller":"bitukoyo","symbol":"POB","quantity":"26.00000000","price":"0.80000000","timestamp":1625113725,"volume":"20.80000000","buyTxId":"c17c354a28fbc6a4e312ec09f8d8501e18c15659","sellTxId":"65fba51aaf335110571cb7549b9cd564974cb0bc"},{"_id":1185593,"type":"buy","buyer":"scholaris","seller":"tawadak24","symbol":"POB","quantity":"5.42477891","price":"0.80000000","timestamp":1625113725,"volume":"4.33982313","buyTxId":"c17c354a28fbc6a4e312ec09f8d8501e18c15659","sellTxId":"48a99bbf9a1bbd816ae98d6b83fbf2c7672f55d2"},{"_id":1185594,"type":"buy","buyer":"scholaris","seller":"jonyoudyer","symbol":"POB","quantity":"38.98450834","price":"0.80000000","timestamp":1625113725,"volume":"31.18760667","buyTxId":"c17c354a28fbc6a4e312ec09f8d8501e18c15659","sellTxId":"b31bea97dbd5a4c7326d92bf1f07f073bf449fbc"},{"_id":1185595,"type":"buy","buyer":"scholaris","seller":"heatherrooney","symbol":"POB","quantity":"3.81816931","price":"0.90000000","timestamp":1625113725,"volume":"3.43635238","buyTxId":"c17c354a28fbc6a4e312ec09f8d8501e18c15659","sellTxId":"b7b83e6b1a769558781d891bda54206d25027159"},{"_id":1185596,"type":"buy","buyer":"scholaris","seller":"chekohler","symbol":"POB","quantity":"3.00000000","price":"0.94978000","timestamp":1625113725,"volume":"2.84934000","buyTxId":"c17c354a28fbc6a4e312ec09f8d8501e18c15659","sellTxId":"e503489f958ae14cdfad72a5f2d1da309ee698dc"},{"_id":1185597,"type":"buy","buyer":"scholaris","seller":"jelly13","symbol":"POB","quantity":"5.00000000","price":"0.94990000","timestamp":1625113725,"volume":"4.74950000","buyTxId":"c17c354a28fbc6a4e312ec09f8d8501e18c15659","sellTxId":"2015dba52251882feb52fb0d18f3f382ecb06d80"},{"_id":1185598,"type":"buy","buyer":"scholaris","seller":"gungunkrishu","symbol":"POB","quantity":"4.41700000","price":"0.95000000","timestamp":1625113725,"volume":"4.19615000","buyTxId":"c17c354a28fbc6a4e312ec09f8d8501e18c15659","sellTxId":"bc0a2fde7b6be67d7f6c8799cdb5fa7df4da7f1c"},{"_id":1185599,"type":"buy","buyer":"scholaris","seller":"yonnathang","symbol":"POB","quantity":"10.31200000","price":"0.95000000","timestamp":1625113725,"volume":"9.79640000","buyTxId":"c17c354a28fbc6a4e312ec09f8d8501e18c15659","sellTxId":"ccb3af63c50f1772570cb0f49aad00129cb7ca50"},{"_id":1185600,"type":"buy","buyer":"scholaris","seller":"antonym","symbol":"POB","quantity":"14.50170450","price":"0.96900000","timestamp":1625113725,"volume":"14.05215166","buyTxId":"c17c354a28fbc6a4e312ec09f8d8501e18c15659","sellTxId":"8cf99c9352b239b2ac8fd58655ddc530ef371b07"},{"_id":1185601,"type":"buy","buyer":"scholaris","seller":"kraken99","symbol":"POB","quantity":"3.81981744","price":"0.97000000","timestamp":1625113725,"volume":"3.70522292","buyTxId":"c17c354a28fbc6a4e312ec09f8d8501e18c15659","sellTxId":"b59fe4e793ec6d4e27e166f3df36d43ed2b1610c"},{"_id":1185602,"type":"buy","buyer":"scholaris","seller":"dera123","symbol":"POB","quantity":"18.68310004","price":"0.98000000","timestamp":1625113725,"volume":"18.30943804","buyTxId":"c17c354a28fbc6a4e312ec09f8d8501e18c15659","sellTxId":"9dff49e61b367d37d70cdcca2a71a113c9e3cabe"},{"_id":1185603,"type":"buy","buyer":"scholaris","seller":"learncode","symbol":"POB","quantity":"14.66545663","price":"0.99941771","timestamp":1625113725,"volume":"14.65691708","buyTxId":"c17c354a28fbc6a4e312ec09f8d8501e18c15659","sellTxId":"a634a140ab50dacc928b2ded903196ce8c2b283b"},{"_id":1185604,"type":"buy","buyer":"scholaris","seller":"brofi-market","symbol":"POB","quantity":"7.26911821","price":"0.99941771","timestamp":1625113725,"volume":"7.26488548","buyTxId":"c17c354a28fbc6a4e312ec09f8d8501e18c15659","sellTxId":"874b5393814bfe2e6113739e1f828c1f7c74fd26"},{"_id":1185605,"type":"buy","buyer":"scholaris","seller":"pizzabot","symbol":"POB","quantity":"24.05307022","price":"0.99942873","timestamp":1625113725,"volume":"24.03932942","buyTxId":"c17c354a28fbc6a4e312ec09f8d8501e18c15659","sellTxId":"2c5c0063d85e4fee9db168360d8d519738d85ce5"},{"_id":1185606,"type":"buy","buyer":"scholaris","seller":"hivetoday","symbol":"POB","quantity":"13.31245036","price":"0.99943973","timestamp":1625113725,"volume":"13.30499179","buyTxId":"c17c354a28fbc6a4e312ec09f8d8501e18c15659","sellTxId":"1551dba632cd7585c8535fcce5531b79f0e58c5d"},{"_id":1185607,"type":"buy","buyer":"scholaris","seller":"faireye","symbol":"POB","quantity":"46.90795149","price":"0.99977000","timestamp":1625113725,"volume":"46.89716267","buyTxId":"c17c354a28fbc6a4e312ec09f8d8501e18c15659","sellTxId":"e48d1283266d64334039a0c1a56f5d29693b1108"},{"_id":1185616,"type":"sell","buyer":"holovision","seller":"juanvegetarian","symbol":"POB","quantity":"0.07996467","price":"0.67000000","timestamp":1625114322,"volume":"0.05357633","buyTxId":"5251098797339c10e441b0dfbfd2f092761cf571","sellTxId":"76004909c76e0f483ed3ef19309623a2eb3a153d"},{"_id":1185651,"type":"sell","buyer":"bluesniper","seller":"afril","symbol":"POB","quantity":"0.12918809","price":"0.67001001","timestamp":1625115747,"volume":"0.08655731","buyTxId":"MM-P-8274852-55253651-3-5-0","sellTxId":"b5a3cd7b13f10309d2c86d56c560e7c22ce4a1f1"},{"_id":1185719,"type":"sell","buyer":"bluesniper","seller":"cryptounicorn420","symbol":"POB","quantity":"2.00000000","price":"0.67073016","timestamp":1625117535,"volume":"1.34146032","buyTxId":"MM-P-8275444-55254248-3-5-0","sellTxId":"9d26f97776a4d1c118a69ef21ffc467248afe7c9"},{"_id":1185720,"type":"sell","buyer":"gimme-your-coinz","seller":"sayago","symbol":"POB","quantity":"9.90000000","price":"0.67098024","timestamp":1625118327,"volume":"6.64270438","buyTxId":"c1240ca6788eed2797e06febe4a3854e7b08c0bf","sellTxId":"d809f647b12ef8a5fdf9cdd0055b89d7ca47ffe9"},{"_id":1185721,"type":"sell","buyer":"ctime","seller":"sayago","symbol":"POB","quantity":"9.10000000","price":"0.67098023","timestamp":1625118327,"volume":"6.10592009","buyTxId":"MM-P-8275696-55254501-3-22-0","sellTxId":"d809f647b12ef8a5fdf9cdd0055b89d7ca47ffe9"},{"_id":1185769,"type":"sell","buyer":"bluesniper","seller":"clixmoney","symbol":"POB","quantity":"2.00000000","price":"0.67193045","timestamp":1625120544,"volume":"1.34386090","buyTxId":"MM-P-8276430-55255240-3-5-0","sellTxId":"3bf674ec40453cd06b18b0a2b9a58f5d1bea135a"},{"_id":1185789,"type":"sell","buyer":"gimme-your-coinz","seller":"sipahikara","symbol":"POB","quantity":"0.21750000","price":"0.67241058","timestamp":1625121780,"volume":"0.14624930","buyTxId":"c01083e03098bc675673231cbccb172f39fec22f","sellTxId":"df2a4eff01cb46cea9daa2d4d6c34b2afc7ec8be"},{"_id":1185807,"type":"sell","buyer":"gimme-your-coinz","seller":"finguru","symbol":"POB","quantity":"1.30000000","price":"0.67277067","timestamp":1625122686,"volume":"0.87460187","buyTxId":"2ad7ac0eca07927b65557e6869ddedd285e2d9f0","sellTxId":"7fe73234870f8697ef14f72ce77f853ae4a7af58"},{"_id":1185818,"type":"sell","buyer":"gimme-your-coinz","seller":"ykretz","symbol":"POB","quantity":"1.48588000","price":"0.67301073","timestamp":1625123250,"volume":"1.00001318","buyTxId":"4037b033a33069bdbe7f5893bdf9585e375a46b3","sellTxId":"97c084b70f402b3c5742dc9ab9d3ba842b99609a"},{"_id":1185822,"type":"sell","buyer":"gimme-your-coinz","seller":"risingstargame","symbol":"POB","quantity":"4.00000000","price":"0.67301073","timestamp":1625123385,"volume":"2.69204292","buyTxId":"4037b033a33069bdbe7f5893bdf9585e375a46b3","sellTxId":"4df9e90527468294cf19431dd44ed2b6d7f017ac"},{"_id":1185838,"type":"sell","buyer":"bluesniper","seller":"photobook","symbol":"POB","quantity":"1.84560332","price":"0.67349084","timestamp":1625124432,"volume":"1.24299693","buyTxId":"MM-P-8277714-55256526-3-5-0","sellTxId":"d7a7f1a8fbdbf49123d4d39f3ed9d2f7cbc8fae2"},{"_id":1185854,"type":"buy","buyer":"barski","seller":"forexbrokr","symbol":"POB","quantity":"0.22835000","price":"0.86000000","timestamp":1625125809,"volume":"0.19638100","buyTxId":"9d7d9df86bf48a92eb4f16833e5c040683389ef7","sellTxId":"9e7384add23dee0fcbf82a63cea9df7224affe78"},{"_id":1185860,"type":"buy","buyer":"domelay","seller":"forexbrokr","symbol":"POB","quantity":"0.35906011","price":"0.86000000","timestamp":1625126196,"volume":"0.30879169","buyTxId":"45cd86c0ca25f4e104b419b0275d548fc389fbba","sellTxId":"9e7384add23dee0fcbf82a63cea9df7224affe78"},{"_id":1185863,"type":"buy","buyer":"domelay","seller":"anadolu","symbol":"POB","quantity":"5.00000000","price":"0.99900000","timestamp":1625126316,"volume":"4.99500000","buyTxId":"3ff8f48830edf8528422462a057e7647e49b2ed3","sellTxId":"cc63ce62c492289bc8d3d5ea3a1196c788627e8b"},{"_id":1185867,"type":"sell","buyer":"gimme-your-coinz","seller":"silviabeneforti","symbol":"POB","quantity":"8.00000000","price":"0.86000001","timestamp":1625126535,"volume":"6.88000008","buyTxId":"9b0dbc73c559cb26059384bf6a4a33aecdda3a7e","sellTxId":"bdd203dc023cc805436df656bfcfc15fdc2ade86"},{"_id":1185868,"type":"sell","buyer":"gimme-your-coinz","seller":"fermentedphil","symbol":"POB","quantity":"0.07000000","price":"0.86000002","timestamp":1625126571,"volume":"0.06020000","buyTxId":"d2ea04bd35bc53b3c9b32e558187ca11cc6921dd","sellTxId":"2ff65ae5942ac41df69f2e30e3c08df373500cfc"},{"_id":1185871,"type":"sell","buyer":"gimme-your-coinz","seller":"liotes.voter","symbol":"POB","quantity":"6.42098332","price":"0.86000002","timestamp":1625126652,"volume":"5.52204578","buyTxId":"d2ea04bd35bc53b3c9b32e558187ca11cc6921dd","sellTxId":"2e04b8e578887dfe070536997da2bd79028691f0"},{"_id":1185872,"type":"buy","buyer":"mindone","seller":"anadolu","symbol":"POB","quantity":"0.48870000","price":"0.99900000","timestamp":1625126691,"volume":"0.48821130","buyTxId":"d4b8a28d1dbaf7cbf8ce0e6bd177a289c1d1452a","sellTxId":"cc63ce62c492289bc8d3d5ea3a1196c788627e8b"},{"_id":1185889,"type":"buy","buyer":"roninrelax","seller":"anadolu","symbol":"POB","quantity":"0.20964100","price":"0.99900000","timestamp":1625128443,"volume":"0.20943136","buyTxId":"5b785a01fada2fc31bc88fd415f0fbae6ae550b8","sellTxId":"cc63ce62c492289bc8d3d5ea3a1196c788627e8b"},{"_id":1185894,"type":"buy","buyer":"peter-stone","seller":"anadolu","symbol":"POB","quantity":"0.16012000","price":"0.99900000","timestamp":1625128803,"volume":"0.15995988","buyTxId":"b51d73a16d20ec2142f6a7df523e8e02b2656f1e","sellTxId":"cc63ce62c492289bc8d3d5ea3a1196c788627e8b"},{"_id":1185899,"type":"buy","buyer":"beemd","seller":"anadolu","symbol":"POB","quantity":"0.16483000","price":"0.99900000","timestamp":1625129025,"volume":"0.16466517","buyTxId":"ef0c2a832f0146dc40dd9dc2fe6b95d0d76ca815","sellTxId":"cc63ce62c492289bc8d3d5ea3a1196c788627e8b"},{"_id":1186003,"type":"sell","buyer":"gimme-your-coinz","seller":"fullcoverbetting","symbol":"POB","quantity":"3.40901668","price":"0.86000002","timestamp":1625131110,"volume":"2.93175441","buyTxId":"d2ea04bd35bc53b3c9b32e558187ca11cc6921dd","sellTxId":"1facdd2eea9462917c25164a10e60b63c3df8381"},{"_id":1186015,"type":"sell","buyer":"gimme-your-coinz","seller":"melbourneswest","symbol":"POB","quantity":"7.77922594","price":"0.70264051","timestamp":1625131356,"volume":"5.46599928","buyTxId":"5bd100d37d44b70d0bf3783ea264c81095320268","sellTxId":"52d74db2b39da0fef10fb4cbe4904290ce018116"},{"_id":1186023,"type":"sell","buyer":"gimme-your-coinz","seller":"hetty-rowan","symbol":"POB","quantity":"9.90000000","price":"0.70264052","timestamp":1625131479,"volume":"6.95614115","buyTxId":"f289616ff8257b7af3af2e64f391a2dbc5ae70bd","sellTxId":"be964d299b41be80e2b4b7c5cf3984fd3665d171"},{"_id":1186026,"type":"buy","buyer":"gimme-your-coinz","seller":"hetty-rowan","symbol":"POB","quantity":"9.90000000","price":"0.70264052","timestamp":1625131494,"volume":"6.95614115","buyTxId":"9cd1d77af58761aa34fb0198f8e783bb9fbb174c","sellTxId":"be964d299b41be80e2b4b7c5cf3984fd3665d171"},{"_id":1186028,"type":"buy","buyer":"ctime","seller":"hetty-rowan","symbol":"POB","quantity":"29.56314642","price":"0.70264052","timestamp":1625131500,"volume":"20.77226457","buyTxId":"MM-P-8280039-55258865-3-22-0","sellTxId":"be964d299b41be80e2b4b7c5cf3984fd3665d171"},{"_id":1186059,"type":"sell","buyer":"richardcrill","seller":"ervin-lemark","symbol":"POB","quantity":"0.55085176","price":"0.70311060","timestamp":1625132430,"volume":"0.38730971","buyTxId":"MM-P-8280340-55259171-3-10-0","sellTxId":"9b92126b4fae15783c3ea0bf9b50133fe0483f08"},{"_id":1186091,"type":"sell","buyer":"richardcrill","seller":"acesontop","symbol":"POB","quantity":"7.73327278","price":"0.70335064","timestamp":1625133063,"volume":"5.43920236","buyTxId":"MM-P-8280539-55259371-3-10-0","sellTxId":"77f128e311c0daa2cee33a5a18260f338c85e6dd"},{"_id":1186094,"type":"sell","buyer":"solovey6o2","seller":"daniky","symbol":"POB","quantity":"9.80000000","price":"0.70336066","timestamp":1625133189,"volume":"6.89293447","buyTxId":"c0ca11b124f94cb1eeb59909bea62a46e96dad8d","sellTxId":"4b47270797bbe775150099123e8de61de9fc422e"},{"_id":1186120,"type":"buy","buyer":"elricmoonslayer","seller":"specialfeelings","symbol":"POB","quantity":"1.70334249","price":"0.85000000","timestamp":1625134209,"volume":"1.44784112","buyTxId":"820ceb58cc62a2d516e8cab785230988bd4357d6","sellTxId":"0c9b8170f36ed71f22231f5c6846b56a367507a1"},{"_id":1186127,"type":"sell","buyer":"elricmoonslayer","seller":"achim03","symbol":"POB","quantity":"0.79665751","price":"0.85000000","timestamp":1625134344,"volume":"0.67715888","buyTxId":"820ceb58cc62a2d516e8cab785230988bd4357d6","sellTxId":"3a63c059cbee4d27972cf1aea09b15b067483b2f"},{"_id":1186173,"type":"sell","buyer":"solovey6o2","seller":"taseli","symbol":"POB","quantity":"0.58275990","price":"0.70455085","timestamp":1625136111,"volume":"0.41058398","buyTxId":"486dc3895eb23976d7e263978d59068df8163ccd","sellTxId":"daea2088b0b08d8cdc7944332b13c4515e21ecc4"},{"_id":1186177,"type":"sell","buyer":"solovey6o2","seller":"monsterjamgold","symbol":"POB","quantity":"0.26267409","price":"0.70456086","timestamp":1625136213,"volume":"0.18506988","buyTxId":"f7a17bcbfa1f8b90a2cbfd9978d3f557bcda5e1b","sellTxId":"ee6e05b2ce405142cea8ea11d5b09179822f9a1c"},{"_id":1186197,"type":"sell","buyer":"solovey6o2","seller":"monsterjamgold","symbol":"POB","quantity":"0.33906735","price":"0.70479089","timestamp":1625136708,"volume":"0.23897158","buyTxId":"ef8f9f119fe3a99fc20a732cd31b9d92898852d1","sellTxId":"1f2f1a4ad7ec430399fb6d293a2a7d6a3f6727a8"},{"_id":1186260,"type":"buy","buyer":"offgridlife","seller":"achim03","symbol":"POB","quantity":"0.03300000","price":"0.85000000","timestamp":1625138742,"volume":"0.02805000","buyTxId":"90ab735f9fafe1124ed6c2fb2e1f715b1f32d25f","sellTxId":"3a63c059cbee4d27972cf1aea09b15b067483b2f"},{"_id":1186261,"type":"buy","buyer":"offgridlife","seller":"achim03","symbol":"POB","quantity":"0.03300000","price":"0.85000000","timestamp":1625138754,"volume":"0.02805000","buyTxId":"edbde479a87fe987d823c11de349fc623f1043f3","sellTxId":"3a63c059cbee4d27972cf1aea09b15b067483b2f"},{"_id":1186262,"type":"buy","buyer":"offgridlife","seller":"achim03","symbol":"POB","quantity":"0.03300000","price":"0.85000000","timestamp":1625138763,"volume":"0.02805000","buyTxId":"be391b7f8523d65a49645b4aa8c9e4008f1fcc8b","sellTxId":"3a63c059cbee4d27972cf1aea09b15b067483b2f"},{"_id":1186263,"type":"buy","buyer":"offgridlife","seller":"achim03","symbol":"POB","quantity":"0.03300000","price":"0.85000000","timestamp":1625138775,"volume":"0.02805000","buyTxId":"5876615988b6c714d76800a0967561f78ead605d","sellTxId":"3a63c059cbee4d27972cf1aea09b15b067483b2f"},{"_id":1186264,"type":"buy","buyer":"offgridlife","seller":"achim03","symbol":"POB","quantity":"0.03300000","price":"0.85000000","timestamp":1625138784,"volume":"0.02805000","buyTxId":"9cba4c7c76ff929cdfdc6da27d6c23b804546e15","sellTxId":"3a63c059cbee4d27972cf1aea09b15b067483b2f"},{"_id":1186265,"type":"buy","buyer":"offgridlife","seller":"achim03","symbol":"POB","quantity":"0.03300000","price":"0.85000000","timestamp":1625138796,"volume":"0.02805000","buyTxId":"e0cad433d373cf8db91cb2f08580d28b5f38dcb3","sellTxId":"3a63c059cbee4d27972cf1aea09b15b067483b2f"},{"_id":1186287,"type":"sell","buyer":"gimme-your-coinz","seller":"jocieprosza","symbol":"POB","quantity":"0.27430692","price":"0.70576112","timestamp":1625139255,"volume":"0.19359516","buyTxId":"4d95b8757f4e879234e869057faf33c5863361e5","sellTxId":"7867b590ec67460ac81f81b7e5a176bb9b9cbec3"},{"_id":1186306,"type":"sell","buyer":"gimme-your-coinz","seller":"priyanarc","symbol":"POB","quantity":"5.00000000","price":"0.70600118","timestamp":1625139882,"volume":"3.53000590","buyTxId":"898dd0a9a4849d83729918c9db14de38d51fbcb4","sellTxId":"e2553407f4ce49b2b71b08335c3a2fb23fe7d29d"},{"_id":1186323,"type":"sell","buyer":"bluesniper","seller":"rubenmedina182","symbol":"POB","quantity":"16.10679033","price":"0.70635125","timestamp":1625140635,"volume":"11.37705148","buyTxId":"MM-P-8283044-55261885-3-5-0","sellTxId":"bdc05885a758e6dabb029251bf11333e1798802b"},{"_id":1186333,"type":"buy","buyer":"offgridlife","seller":"achim03","symbol":"POB","quantity":"0.03300000","price":"0.85000000","timestamp":1625141655,"volume":"0.02805000","buyTxId":"b8cf08ecd6ed5ba2eaa5b59434baf4c2cd453965","sellTxId":"3a63c059cbee4d27972cf1aea09b15b067483b2f"},{"_id":1186334,"type":"buy","buyer":"offgridlife","seller":"achim03","symbol":"POB","quantity":"0.03300000","price":"0.85000000","timestamp":1625141664,"volume":"0.02805000","buyTxId":"32e29f15934fe9add2186e5273d558480b83757c","sellTxId":"3a63c059cbee4d27972cf1aea09b15b067483b2f"},{"_id":1186335,"type":"buy","buyer":"offgridlife","seller":"achim03","symbol":"POB","quantity":"0.03300000","price":"0.85000000","timestamp":1625141673,"volume":"0.02805000","buyTxId":"6d5ff61bfd7db2dcf4e4299e30d7e1ef67707a75","sellTxId":"3a63c059cbee4d27972cf1aea09b15b067483b2f"},{"_id":1186336,"type":"buy","buyer":"offgridlife","seller":"achim03","symbol":"POB","quantity":"0.03300000","price":"0.85000000","timestamp":1625141682,"volume":"0.02805000","buyTxId":"e27650a08c9abc59e0686fdb8727c8881d2d97c2","sellTxId":"3a63c059cbee4d27972cf1aea09b15b067483b2f"},{"_id":1186337,"type":"buy","buyer":"offgridlife","seller":"achim03","symbol":"POB","quantity":"0.03300000","price":"0.85000000","timestamp":1625141691,"volume":"0.02805000","buyTxId":"6461f00bba7ccd022ede96ae8ad540103dd8e00a","sellTxId":"3a63c059cbee4d27972cf1aea09b15b067483b2f"},{"_id":1186338,"type":"buy","buyer":"offgridlife","seller":"achim03","symbol":"POB","quantity":"0.03300000","price":"0.85000000","timestamp":1625141700,"volume":"0.02805000","buyTxId":"89ac188bdc28e73ebeb4408051e5b01cecbb015f","sellTxId":"3a63c059cbee4d27972cf1aea09b15b067483b2f"},{"_id":1186351,"type":"sell","buyer":"gimme-your-coinz","seller":"kraken99","symbol":"POB","quantity":"0.07911462","price":"0.70695141","timestamp":1625142162,"volume":"0.05593019","buyTxId":"9ead198ada7e7ce76db989f3e0bfd6f3fd28606f","sellTxId":"bd3fca5d2dd7f8e48667bbe976b6cd797822d627"},{"_id":1186390,"type":"buy","buyer":"offgridlife","seller":"achim03","symbol":"POB","quantity":"0.03300000","price":"0.85000000","timestamp":1625143389,"volume":"0.02805000","buyTxId":"67249f8ad691bfa07949365c543c10ee5dcaa780","sellTxId":"3a63c059cbee4d27972cf1aea09b15b067483b2f"},{"_id":1186393,"type":"buy","buyer":"offgridlife","seller":"achim03","symbol":"POB","quantity":"0.03300000","price":"0.85000000","timestamp":1625143398,"volume":"0.02805000","buyTxId":"735481183e163b9f7af41199bb1977da1effc69b","sellTxId":"3a63c059cbee4d27972cf1aea09b15b067483b2f"},{"_id":1186394,"type":"buy","buyer":"offgridlife","seller":"achim03","symbol":"POB","quantity":"0.03300000","price":"0.85000000","timestamp":1625143407,"volume":"0.02805000","buyTxId":"5c4fac43a74808d7cdc084c7546af9b6b9b80f36","sellTxId":"3a63c059cbee4d27972cf1aea09b15b067483b2f"},{"_id":1186406,"type":"sell","buyer":"gimme-your-coinz","seller":"toofasteddie","symbol":"POB","quantity":"2.50000000","price":"0.71035009","timestamp":1625143965,"volume":"1.77587523","buyTxId":"4064ba4edb13db822144d64a5530d0b24481c6f6","sellTxId":"623a0bca709622671ad7666da3813a666bdf3395"},{"_id":1186412,"type":"sell","buyer":"richardcrill","seller":"chireerocks","symbol":"POB","quantity":"3.61142201","price":"0.71046010","timestamp":1625144139,"volume":"2.56577124","buyTxId":"MM-P-8284201-55263045-3-10-0","sellTxId":"cb4cef4372ab4c1aa581aed800d52e7ffbd0e235"},{"_id":1186457,"type":"buy","buyer":"bilpcoinbpc","seller":"alexvan","symbol":"POB","quantity":"8.20000000","price":"0.79022005","timestamp":1625145189,"volume":"6.47980441","buyTxId":"a733fff2a33a60d08cef50d27671da2cb727cb7b","sellTxId":"e4fae7440bf03dd348707666036191d50eecde90"},{"_id":1186463,"type":"sell","buyer":"gimme-your-coinz","seller":"palasatenea","symbol":"POB","quantity":"0.62703195","price":"0.79022001","timestamp":1625145342,"volume":"0.49549319","buyTxId":"2c42bfd7d758d3187302adcde0931cfd53c7b860","sellTxId":"4beab9924068a01921c6f3491ec91c827f421998"},{"_id":1186474,"type":"sell","buyer":"gimme-your-coinz","seller":"zainalbakri","symbol":"POB","quantity":"1.76057839","price":"0.79022001","timestamp":1625145729,"volume":"1.39124427","buyTxId":"2c42bfd7d758d3187302adcde0931cfd53c7b860","sellTxId":"ea6d5a44263a97debf0d9da4e8ea8faf316fb9d9"},{"_id":1186517,"type":"sell","buyer":"gimme-your-coinz","seller":"preparedwombat","symbol":"POB","quantity":"7.51238966","price":"0.79022001","timestamp":1625147601,"volume":"5.93644063","buyTxId":"2c42bfd7d758d3187302adcde0931cfd53c7b860","sellTxId":"7bd811d42377fc4a405826ae641f8aa9196799b3"},{"_id":1186540,"type":"sell","buyer":"gimme-your-coinz","seller":"revisesociology","symbol":"POB","quantity":"3.00000000","price":"0.71214045","timestamp":1625148549,"volume":"2.13642135","buyTxId":"6f8f84fad1cf641b82643cbd0119432d509a642c","sellTxId":"0471105992c670bae24d50a000e7ea9ff9105313"},{"_id":1186561,"type":"sell","buyer":"gimme-your-coinz","seller":"josediccus","symbol":"POB","quantity":"9.90000000","price":"0.71237050","timestamp":1625149050,"volume":"7.05246795","buyTxId":"0c800c8fa196346b7d8ba271bcd5fc86c19ff35d","sellTxId":"c96ced151d43448fa33d8c24020fd82a29402525"},{"_id":1186562,"type":"sell","buyer":"solovey6o2","seller":"josediccus","symbol":"POB","quantity":"4.80538290","price":"0.71237050","timestamp":1625149050,"volume":"3.42321302","buyTxId":"20bc59e91d1855cc0fc99bf213ca3d28f6d13db2","sellTxId":"c96ced151d43448fa33d8c24020fd82a29402525"},{"_id":1186569,"type":"sell","buyer":"gimme-your-coinz","seller":"makeitreal95","symbol":"POB","quantity":"1.39","price":"0.71261056","timestamp":1625149650,"volume":"0.99052868","buyTxId":"1bbd22d19eeae992af78466f85fe8963288317f4","sellTxId":"5ab9832bebacca2533496e5e389ab8552d1abab8"},{"_id":1186580,"type":"sell","buyer":"richardcrill","seller":"johnsennimaat","symbol":"POB","quantity":"26.64525809","price":"0.71284059","timestamp":1625150142,"volume":"18.99382150","buyTxId":"MM-P-8286187-55265034-3-10-0","sellTxId":"1a822a9bf4f14277e92a8b39db7d743ec3c2e648"},{"_id":1186596,"type":"sell","buyer":"gimme-your-coinz","seller":"tarazkp","symbol":"POB","quantity":"9.90000000","price":"0.71306064","timestamp":1625150934,"volume":"7.05930034","buyTxId":"e1ac8af4e07fa51e9741604a8d36b91a6592b171","sellTxId":"296f27a301a75bd3089f615c6eb4d78de3a316fe"},{"_id":1186597,"type":"sell","buyer":"solovey6o2","seller":"tarazkp","symbol":"POB","quantity":"5.54503222","price":"0.71306064","timestamp":1625150934,"volume":"3.95394422","buyTxId":"b20e9703946ba4ac7b8ba6360ed95b2ab536c10b","sellTxId":"296f27a301a75bd3089f615c6eb4d78de3a316fe"},{"_id":1186603,"type":"sell","buyer":"gimme-your-coinz","seller":"kevinnag58","symbol":"POB","quantity":"9.90000000","price":"0.71318067","timestamp":1625151171,"volume":"7.06048863","buyTxId":"bf33a5209e7b2e6bcc5c65ab7c78e40739a8deb0","sellTxId":"9441b81605b001e8d581bc3f5ce1f508a47f2ba6"},{"_id":1186604,"type":"sell","buyer":"bluesniper","seller":"kevinnag58","symbol":"POB","quantity":"5.10000000","price":"0.71318066","timestamp":1625151171,"volume":"3.63722137","buyTxId":"MM-P-8286517-55265364-3-5-0","sellTxId":"9441b81605b001e8d581bc3f5ce1f508a47f2ba6"},{"_id":1186608,"type":"sell","buyer":"gimme-your-coinz","seller":"madstacks","symbol":"POB","quantity":"9.90000000","price":"0.71329069","timestamp":1625151351,"volume":"7.06157783","buyTxId":"96168b1364480d719ff6031c4f958220d94e015e","sellTxId":"d7778e37e7561f9094f2ebfab078eff14afa91c7"},{"_id":1186609,"type":"sell","buyer":"richardcrill","seller":"madstacks","symbol":"POB","quantity":"11.56528485","price":"0.71329068","timestamp":1625151351,"volume":"8.24940990","buyTxId":"MM-P-8286584-55265431-3-10-0","sellTxId":"d7778e37e7561f9094f2ebfab078eff14afa91c7"},{"_id":1186630,"type":"sell","buyer":"gimme-your-coinz","seller":"jersteemit","symbol":"POB","quantity":"9.90000000","price":"0.72383005","timestamp":1625152614,"volume":"7.16591750","buyTxId":"5b2ca57e47af17081823aa8312fefe6994644a0b","sellTxId":"e9c1ef1a66975abb0059ed8c315e7dddb7a84fdc"},{"_id":1186631,"type":"sell","buyer":"gimme-your-coinz","seller":"emmanuel.willy","symbol":"POB","quantity":"9.90000000","price":"0.72384006","timestamp":1625152680,"volume":"7.16601659","buyTxId":"27c38eeaff0f91013ecebf2e48e63eec2a243988","sellTxId":"c2f6700e598e043c6cc5174d30c529e8f8de70f6"},{"_id":1186632,"type":"sell","buyer":"bluesniper","seller":"emmanuel.willy","symbol":"POB","quantity":"2.20000000","price":"0.72384005","timestamp":1625152680,"volume":"1.59244811","buyTxId":"MM-P-8287014-55265861-3-5-0","sellTxId":"c2f6700e598e043c6cc5174d30c529e8f8de70f6"},{"_id":1186635,"type":"sell","buyer":"gimme-your-coinz","seller":"jersteemit","symbol":"POB","quantity":"9.90000000","price":"0.72384006","timestamp":1625152731,"volume":"7.16601659","buyTxId":"a5c8459c305ecc56ca6220d11ca4f8b463f9c037","sellTxId":"eb11bd11e7de7fd4f144c7708490e5dbd5751d25"},{"_id":1186636,"type":"sell","buyer":"solovey6o2","seller":"jersteemit","symbol":"POB","quantity":"29.06922218","price":"0.72384006","timestamp":1625152731,"volume":"21.04146753","buyTxId":"c2445684926312b28b2bc608656e466c21a7912a","sellTxId":"eb11bd11e7de7fd4f144c7708490e5dbd5751d25"},{"_id":1186637,"type":"sell","buyer":"gimme-your-coinz","seller":"esthar","symbol":"POB","quantity":"9.90000000","price":"0.75384001","timestamp":1625152773,"volume":"7.46301610","buyTxId":"a25d58dce2f449c9e55b296ba4f08af7d72837a1","sellTxId":"ae332bbd4e21b4f80353a6f1a8a26e28e16c6996"},{"_id":1186638,"type":"sell","buyer":"thranax","seller":"esthar","symbol":"POB","quantity":"8.73900000","price":"0.75384000","timestamp":1625152773,"volume":"6.58780776","buyTxId":"1459508add3b2c6b8212a3ed6f6f1bbccd9b6138","sellTxId":"ae332bbd4e21b4f80353a6f1a8a26e28e16c6996"},{"_id":1186640,"type":"sell","buyer":"gimme-your-coinz","seller":"felipejoys","symbol":"POB","quantity":"9.90000000","price":"0.75395003","timestamp":1625152980,"volume":"7.46410530","buyTxId":"e7a1858aee79daf201cbddd39997f36359326484","sellTxId":"582d414ab678bb39c69df195fbf92410509cb883"},{"_id":1186641,"type":"sell","buyer":"bluesniper","seller":"felipejoys","symbol":"POB","quantity":"40.10000000","price":"0.75395002","timestamp":1625152980,"volume":"30.23339580","buyTxId":"MM-P-8287113-55265960-3-5-0","sellTxId":"582d414ab678bb39c69df195fbf92410509cb883"},{"_id":1186643,"type":"sell","buyer":"gimme-your-coinz","seller":"da-prince","symbol":"POB","quantity":"9.90000000","price":"0.75419009","timestamp":1625153595,"volume":"7.46648189","buyTxId":"8748db2fb14bc48a2840b4322fc0fd71852fb9d5","sellTxId":"e1e83f1fffc0c3a4f4e936c3a9391ccd2409038b"},{"_id":1186644,"type":"sell","buyer":"bluesniper","seller":"da-prince","symbol":"POB","quantity":"5.10000000","price":"0.75419008","timestamp":1625153595,"volume":"3.84636941","buyTxId":"MM-P-8287312-55266159-3-5-0","sellTxId":"e1e83f1fffc0c3a4f4e936c3a9391ccd2409038b"},{"_id":1186647,"type":"sell","buyer":"gimme-your-coinz","seller":"coffeelovers","symbol":"POB","quantity":"5.65217122","price":"0.76777001","timestamp":1625153817,"volume":"4.33956755","buyTxId":"612c1f4606c8409d241d96a5a56bfc7ab65574b6","sellTxId":"1c8addb2f06f620d4d49b0fece6cf3ed068c9258"},{"_id":1186676,"type":"sell","buyer":"gimme-your-coinz","seller":"sugandhaseth","symbol":"POB","quantity":"1.00000000","price":"0.76777001","timestamp":1625155128,"volume":"0.76777001","buyTxId":"612c1f4606c8409d241d96a5a56bfc7ab65574b6","sellTxId":"a9cf84c970a04aff10e739f31aa0c4b32b0b28e6"},{"_id":1186684,"type":"sell","buyer":"gimme-your-coinz","seller":"doriangel","symbol":"POB","quantity":"3.24782878","price":"0.76777001","timestamp":1625155260,"volume":"2.49358553","buyTxId":"612c1f4606c8409d241d96a5a56bfc7ab65574b6","sellTxId":"91d603deddb3e250a839556e3a96dd1792e59e75"},{"_id":1186709,"type":"buy","buyer":"thranax","seller":"doriangel","symbol":"POB","quantity":"0.75217122","price":"0.76777001","timestamp":1625156004,"volume":"0.57749451","buyTxId":"0d87c613fa75fedaa277de9681fc671268011a9c","sellTxId":"91d603deddb3e250a839556e3a96dd1792e59e75"},{"_id":1186711,"type":"buy","buyer":"thranax","seller":"revisesociology","symbol":"POB","quantity":"5.00000000","price":"0.77000000","timestamp":1625156061,"volume":"3.85000000","buyTxId":"b0905af28ddaffbdecc4f803b611e2f2044f0756","sellTxId":"3472c0731d037c69cb8b9ccfb2d4bc9a9c669d34"},{"_id":1186754,"type":"sell","buyer":"richardcrill","seller":"ahmetay","symbol":"POB","quantity":"0.15593784","price":"0.75559029","timestamp":1625157042,"volume":"0.11782512","buyTxId":"MM-P-8288471-55267318-3-10-0","sellTxId":"7d28f0b92df4a20dc19837eb60c1330fe4b33fe4"},{"_id":1186762,"type":"sell","buyer":"richardcrill","seller":"coyotelation","symbol":"POB","quantity":"5.19498477","price":"0.75582032","timestamp":1625157645,"volume":"3.92647505","buyTxId":"MM-P-8288668-55267515-3-10-0","sellTxId":"e02c49995a7376a528908686edf8f8cc5683e1ff"},{"_id":1186842,"type":"sell","buyer":"richardcrill","seller":"matfilar","symbol":"POB","quantity":"1.10082673","price":"0.75641041","timestamp":1625159133,"volume":"0.83267680","buyTxId":"MM-P-8289164-55268012-3-10-0","sellTxId":"bc9d6b3c1c7cdcce460fedb1dc21b90ab591b71f"},{"_id":1186863,"type":"sell","buyer":"solovey6o2","seller":"dwayne16","symbol":"POB","quantity":"111.00000000","price":"0.75652043","timestamp":1625159667,"volume":"83.97376773","buyTxId":"3c83111ff0fbbd42d7c8bafaee8013d139fc4e10","sellTxId":"0ffab0ed9ce36c242222089198e69018d8ffd227"},{"_id":1186893,"type":"sell","buyer":"bluesniper","seller":"botefarm","symbol":"POB","quantity":"3.21197005","price":"0.75686046","timestamp":1625160438,"volume":"2.43101313","buyTxId":"MM-P-8289592-55268440-3-5-0","sellTxId":"bf6a29005ab6dc50ddce1f9ca817d323ccd07f47"},{"_id":1186894,"type":"sell","buyer":"bluesniper","seller":"cliffagreen","symbol":"POB","quantity":"0.04210612","price":"0.75686046","timestamp":1625160462,"volume":"0.03186846","buyTxId":"MM-P-8289592-55268440-3-5-0","sellTxId":"43ab315e6c588b6472f11cffaa99b4d30efd334a"},{"_id":1186926,"type":"buy","buyer":"peter-stone","seller":"yonnathang","symbol":"POB","quantity":"0.18161000","price":"0.77000000","timestamp":1625161398,"volume":"0.13983970","buyTxId":"ec0025581112d586ac56dab2b3105db03df2c76a","sellTxId":"a170fdad37639db20cd8c5c3c700f338bf7c5f91"},{"_id":1186941,"type":"sell","buyer":"richardcrill","seller":"matfilar","symbol":"POB","quantity":"2.00000000","price":"0.75743053","timestamp":1625161875,"volume":"1.51486106","buyTxId":"MM-P-8290057-55268905-3-10-0","sellTxId":"0c325191b472728123ebe3cd0385c3908a8322d3"},{"_id":1186965,"type":"sell","buyer":"solovey6o2","seller":"myanmarkoko","symbol":"POB","quantity":"15","price":"0.75767058","timestamp":1625162523,"volume":"11.36505870","buyTxId":"ffc0d3885628ec77fc3485779d7595ee27253c17","sellTxId":"a3464ce42672b607c15e5f07374556ca447f7ceb"},{"_id":1186994,"type":"sell","buyer":"solovey6o2","seller":"fernandosoder","symbol":"POB","quantity":"4.74674977","price":"0.75792063","timestamp":1625163264,"volume":"3.59765958","buyTxId":"6c2d2a94d762d52992f36223bbde8d5ae725068c","sellTxId":"f86511ed9d90d91d0eb23704c2dfb1c1888cb618"},{"_id":1187019,"type":"sell","buyer":"solovey6o2","seller":"jsantana","symbol":"POB","quantity":"12.93382845","price":"0.75804065","timestamp":1625163588,"volume":"9.80436773","buyTxId":"ad26ee32d4fe3769971afbdfc4e62598a78db0de","sellTxId":"eba8777926c35808925caf72d6b1684e532ff887"},{"_id":1187024,"type":"sell","buyer":"richardcrill","seller":"jakiro12","symbol":"POB","quantity":"23.72150157","price":"0.75839069","timestamp":1625164233,"volume":"17.99016594","buyTxId":"MM-P-8290851-55269699-3-10-0","sellTxId":"be70d33ffdabd2bce595fcc82c3e737847854f55"},{"_id":1187033,"type":"sell","buyer":"anadolu","seller":"empress-eremmy","symbol":"POB","quantity":"12.00000000","price":"0.76000000","timestamp":1625164989,"volume":"9.12000000","buyTxId":"86ffddae42d51d87f898c335215437b6d698c995","sellTxId":"b3e498509f174ee3e83f836e09a728dd9276596c"},{"_id":1187051,"type":"sell","buyer":"gimme-your-coinz","seller":"bearbear613","symbol":"POB","quantity":"9.90000000","price":"0.75500021","timestamp":1625165784,"volume":"7.47450208","buyTxId":"43e3ea3f676d64b9545745768c5544ea7e2321e3","sellTxId":"19868efb85e0e2c12907dd5fb91f6a6e3360b19e"},{"_id":1187054,"type":"sell","buyer":"heatherrooney","seller":"bearbear613","symbol":"POB","quantity":"4.69781750","price":"0.71351000","timestamp":1625165868,"volume":"3.35193976","buyTxId":"4f395c6bc90e2f3c22c715e4186bd075dca02ebc","sellTxId":"c4237fe9d865a3f57655528519d44274e7a09fa4"},{"_id":1187065,"type":"sell","buyer":"heatherrooney","seller":"der-prophet","symbol":"POB","quantity":"0.20218250","price":"0.71351000","timestamp":1625166045,"volume":"0.14425924","buyTxId":"4f395c6bc90e2f3c22c715e4186bd075dca02ebc","sellTxId":"4a7b76aa83483de333f6c77ba567fb1b52c41570"},{"_id":1187125,"type":"buy","buyer":"daniky","seller":"der-prophet","symbol":"POB","quantity":"11.01427780","price":"0.71351000","timestamp":1625166939,"volume":"7.85879735","buyTxId":"332ee5b57c2613d4ceb87cf9b532aa08f1f64f34","sellTxId":"4a7b76aa83483de333f6c77ba567fb1b52c41570"},{"_id":1187134,"type":"buy","buyer":"daniky","seller":"ruth-girl","symbol":"POB","quantity":"14.00000000","price":"0.72000000","timestamp":1625167287,"volume":"10.08000000","buyTxId":"de0d869571d81fbcd55457b5cb52bdacd342b7cf","sellTxId":"3f58a0bec598df3985108c138c2f63bf847c85d4"},{"_id":1187135,"type":"sell","buyer":"gimme-your-coinz","seller":"stevescoins","symbol":"POB","quantity":"2.24624461","price":"0.72000001","timestamp":1625167476,"volume":"1.61729614","buyTxId":"2cb7c5147a03c33c070c1081253db0d84253c2c1","sellTxId":"afefabe6c283def20bf2c5a26caf17d5ef5f280b"},{"_id":1187146,"type":"sell","buyer":"solovey6o2","seller":"revisesociology","symbol":"POB","quantity":"6.00000000","price":"0.72024005","timestamp":1625168094,"volume":"4.32144030","buyTxId":"8a2b0856d75e923de58d14436669547328f39d3c","sellTxId":"22a911d25c092758c7332d2cd289d3096221a9f2"},{"_id":1187151,"type":"sell","buyer":"solovey6o2","seller":"whitelightxpress","symbol":"POB","quantity":"16.34075708","price":"0.72035006","timestamp":1625168352,"volume":"11.77106534","buyTxId":"c8664ec54a10b9c529ba4cd7a9b2e2f00f100198","sellTxId":"b0df428f3abf6c1ad5d0e4d207e48181ca294cc4"},{"_id":1187154,"type":"sell","buyer":"richardcrill","seller":"cwow2","symbol":"POB","quantity":"0.29929475","price":"0.72046006","timestamp":1625168493,"volume":"0.21562991","buyTxId":"MM-P-8292243-55271091-3-10-0","sellTxId":"9e821af8c83bae8cd3dc3242a945b30a3c4be2f3"},{"_id":1187158,"type":"buy","buyer":"barski","seller":"freebornsociety","symbol":"POB","quantity":"0.24337000","price":"0.75995599","timestamp":1625168649,"volume":"0.18495049","buyTxId":"65a25a2ad2647bfd60122d1490676cbeadacd6bc","sellTxId":"MM-P-8291779-55270627-3-3-0"},{"_id":1187169,"type":"sell","buyer":"solovey6o2","seller":"halukshananah","symbol":"POB","quantity":"3.26815141","price":"0.72057008","timestamp":1625168868,"volume":"2.35493212","buyTxId":"8f6cde2de86bab73b90dd9897e1969b0f4a0bb44","sellTxId":"2d6d39fb4de7a6d5b692548dfb338f6b82bd4b70"},{"_id":1187229,"type":"sell","buyer":"gimme-your-coinz","seller":"elricmoonslayer","symbol":"POB","quantity":"4.52716320","price":"0.72079112","timestamp":1625169456,"volume":"3.26313903","buyTxId":"9061ab2a631b40d35c177ec5982798ce882fa438","sellTxId":"612b02b836c949a82b27cdfad1d460cb46802250"},{"_id":1187250,"type":"sell","buyer":"bluesniper","seller":"cosmictriage","symbol":"POB","quantity":"0.00900000","price":"0.72091114","timestamp":1625169735,"volume":"0.00648820","buyTxId":"MM-P-8292673-55271521-3-5-0","sellTxId":"1055f2bd7304876bf4a543bb34596a6f28b5c322"},{"_id":1187269,"type":"sell","buyer":"gimme-your-coinz","seller":"hive-189742","symbol":"POB","quantity":"0.17037854","price":"0.72103219","timestamp":1625170218,"volume":"0.12284841","buyTxId":"0bfb6fa51b721ac07d671a45743bef7c102f15bf","sellTxId":"f2367949b1766cf224c2f0be7da03d971e02f61e"},{"_id":1187270,"type":"sell","buyer":"gimme-your-coinz","seller":"obvious","symbol":"POB","quantity":"11.82962146","price":"0.72103219","timestamp":1625170230,"volume":"8.52953787","buyTxId":"0bfb6fa51b721ac07d671a45743bef7c102f15bf","sellTxId":"261afc209ed4d5f1c1e088ab0baf39f78ace23c6"},{"_id":1187271,"type":"sell","buyer":"ctime","seller":"obvious","symbol":"POB","quantity":"13.47968849","price":"0.72103218","timestamp":1625170230,"volume":"9.71928918","buyTxId":"MM-P-8292828-55271676-3-22-0","sellTxId":"261afc209ed4d5f1c1e088ab0baf39f78ace23c6"},{"_id":1187288,"type":"sell","buyer":"gimme-your-coinz","seller":"curatorcat.pal","symbol":"POB","quantity":"0.40597328","price":"0.72125222","timestamp":1625170557,"volume":"0.29280913","buyTxId":"11eb69c758dd19c6948dff7a0a413b996d6272a9","sellTxId":"84473682c96a5ea6dc0dfee921bb9c8b40579976"},{"_id":1187303,"type":"sell","buyer":"freebornsociety","seller":"panosdada.pob","symbol":"POB","quantity":"0.52197687","price":"0.72160431","timestamp":1625171532,"volume":"0.37666076","buyTxId":"MM-P-8293269-55272117-3-3-0","sellTxId":"896c41ba6d84994785ab8579e409e94aafa04ddf"},{"_id":1187334,"type":"buy","buyer":"offgridlife","seller":"freebornsociety","symbol":"POB","quantity":"0.03300000","price":"0.75994449","timestamp":1625172492,"volume":"0.02507817","buyTxId":"eb5286b993a20b54c2725f9a750c8b16656e2322","sellTxId":"MM-P-8292971-55271819-3-3-1"},{"_id":1187335,"type":"buy","buyer":"offgridlife","seller":"freebornsociety","symbol":"POB","quantity":"0.03300000","price":"0.75994449","timestamp":1625172501,"volume":"0.02507817","buyTxId":"a210ffb64f5a8dac20afa94d56345bc07bedc9cb","sellTxId":"MM-P-8292971-55271819-3-3-1"},{"_id":1187336,"type":"buy","buyer":"offgridlife","seller":"freebornsociety","symbol":"POB","quantity":"0.03300000","price":"0.75994449","timestamp":1625172513,"volume":"0.02507817","buyTxId":"c89d930a0b01d9be5e672923519a2608017c1921","sellTxId":"MM-P-8292971-55271819-3-3-1"},{"_id":1187337,"type":"buy","buyer":"offgridlife","seller":"freebornsociety","symbol":"POB","quantity":"0.03300000","price":"0.75994449","timestamp":1625172522,"volume":"0.02507817","buyTxId":"5e38ea1726877542ab4a6a62a811e78a457b3062","sellTxId":"MM-P-8292971-55271819-3-3-1"},{"_id":1187338,"type":"buy","buyer":"offgridlife","seller":"freebornsociety","symbol":"POB","quantity":"0.03300000","price":"0.75994449","timestamp":1625172531,"volume":"0.02507817","buyTxId":"a9e876798f274cde4edda4d795342cfa24cd4894","sellTxId":"MM-P-8292971-55271819-3-3-1"},{"_id":1187340,"type":"buy","buyer":"offgridlife","seller":"freebornsociety","symbol":"POB","quantity":"0.03300000","price":"0.75994449","timestamp":1625172540,"volume":"0.02507817","buyTxId":"b40faac9ec2e98ccded14861689b67dd6758e2c1","sellTxId":"MM-P-8292971-55271819-3-3-1"},{"_id":1187343,"type":"buy","buyer":"offgridlife","seller":"freebornsociety","symbol":"POB","quantity":"0.03300000","price":"0.75994449","timestamp":1625172549,"volume":"0.02507817","buyTxId":"9bb625159e796751fb897ae77582ce05e679b267","sellTxId":"MM-P-8292971-55271819-3-3-1"},{"_id":1187344,"type":"buy","buyer":"offgridlife","seller":"freebornsociety","symbol":"POB","quantity":"0.03300000","price":"0.75994449","timestamp":1625172558,"volume":"0.02507817","buyTxId":"c2b444805873bea4ac537f6bc25477e5ba02305e","sellTxId":"MM-P-8292971-55271819-3-3-1"},{"_id":1187347,"type":"buy","buyer":"offgridlife","seller":"freebornsociety","symbol":"POB","quantity":"0.03300000","price":"0.75994449","timestamp":1625172567,"volume":"0.02507817","buyTxId":"eee6fce9a1018bdb9ed1a9113ed123a06df35d60","sellTxId":"MM-P-8292971-55271819-3-3-1"},{"_id":1187348,"type":"buy","buyer":"offgridlife","seller":"freebornsociety","symbol":"POB","quantity":"0.03300000","price":"0.75994449","timestamp":1625172576,"volume":"0.02507817","buyTxId":"fa3cc7361e8875d22af07c36f0d87a773fa58a47","sellTxId":"MM-P-8292971-55271819-3-3-1"},{"_id":1187351,"type":"buy","buyer":"offgridlife","seller":"freebornsociety","symbol":"POB","quantity":"0.03300000","price":"0.75994449","timestamp":1625172591,"volume":"0.02507817","buyTxId":"2acd752955bd556963d122175e1cec125ae5291d","sellTxId":"MM-P-8292971-55271819-3-3-1"},{"_id":1187366,"type":"buy","buyer":"offgridlife","seller":"freebornsociety","symbol":"POB","quantity":"0.33000000","price":"0.75994449","timestamp":1625172837,"volume":"0.25078168","buyTxId":"565bac4fe0093558efc2dd3d4bf5201432e7bd02","sellTxId":"MM-P-8292971-55271819-3-3-1"},{"_id":1187367,"type":"buy","buyer":"offgridlife","seller":"freebornsociety","symbol":"POB","quantity":"0.33000000","price":"0.75994449","timestamp":1625172846,"volume":"0.25078168","buyTxId":"704ed8e12e7d33d828bce7547f8715ec2ddb09ee","sellTxId":"MM-P-8292971-55271819-3-3-1"},{"_id":1187368,"type":"buy","buyer":"offgridlife","seller":"freebornsociety","symbol":"POB","quantity":"0.33000000","price":"0.75994449","timestamp":1625172855,"volume":"0.25078168","buyTxId":"02bf175e214f934987a7d9735c86b36f112e26d4","sellTxId":"MM-P-8292971-55271819-3-3-1"},{"_id":1187369,"type":"buy","buyer":"offgridlife","seller":"freebornsociety","symbol":"POB","quantity":"0.33000000","price":"0.75994449","timestamp":1625172867,"volume":"0.25078168","buyTxId":"e12916f8ebb781c85a2244566fa1fd5b1be5c381","sellTxId":"MM-P-8292971-55271819-3-3-1"},{"_id":1187379,"type":"sell","buyer":"gimme-your-coinz","seller":"ahmetay","symbol":"POB","quantity":"0.37237581","price":"0.72215846","timestamp":1625172951,"volume":"0.26891434","buyTxId":"e3979a1e8e6538391ab691aeb3f59172b390f869","sellTxId":"a9686cf30f1ab1b61217850782566e7d6518b767"},{"_id":1187390,"type":"buy","buyer":"edicted","seller":"freebornsociety","symbol":"POB","quantity":"6.99257839","price":"0.75994449","timestamp":1625173539,"volume":"5.31397142","buyTxId":"5b624c2ed5d44e7f4159515307a0b60549cb0fb2","sellTxId":"MM-P-8292971-55271819-3-3-1"},{"_id":1187391,"type":"buy","buyer":"edicted","seller":"bluesniper","symbol":"POB","quantity":"29.00000000","price":"0.75994549","timestamp":1625173539,"volume":"22.03841921","buyTxId":"5b624c2ed5d44e7f4159515307a0b60549cb0fb2","sellTxId":"MM-P-8292871-55271719-3-5-1"},{"_id":1187392,"type":"buy","buyer":"edicted","seller":"chekohler","symbol":"POB","quantity":"1.00000000","price":"0.75995000","timestamp":1625173539,"volume":"0.75995000","buyTxId":"5b624c2ed5d44e7f4159515307a0b60549cb0fb2","sellTxId":"4931ad5a2fa041a2924ebe68b1c88228e78695f3"},{"_id":1187393,"type":"buy","buyer":"edicted","seller":"jelly13","symbol":"POB","quantity":"12.65000000","price":"0.75995549","timestamp":1625173539,"volume":"9.61343695","buyTxId":"5b624c2ed5d44e7f4159515307a0b60549cb0fb2","sellTxId":"971c9b3d2f660c96b6c7dfb7ce05d157f24a337f"},{"_id":1187394,"type":"buy","buyer":"edicted","seller":"solovey6o2","symbol":"POB","quantity":"194.08471685","price":"0.75999999","timestamp":1625173539,"volume":"147.50438287","buyTxId":"5b624c2ed5d44e7f4159515307a0b60549cb0fb2","sellTxId":"0f5996732806937517c8d67f62b452ca8694a46e"},{"_id":1187395,"type":"buy","buyer":"edicted","seller":"solovey6o2","symbol":"POB","quantity":"22.34075709","price":"0.75999999","timestamp":1625173539,"volume":"16.97897516","buyTxId":"5b624c2ed5d44e7f4159515307a0b60549cb0fb2","sellTxId":"e1b0e5584a3d00c993af38626affad48f7c12729"},{"_id":1187396,"type":"buy","buyer":"edicted","seller":"empress-eremmy","symbol":"POB","quantity":"68.00000000","price":"0.76000000","timestamp":1625173539,"volume":"51.68000000","buyTxId":"5b624c2ed5d44e7f4159515307a0b60549cb0fb2","sellTxId":"b3e498509f174ee3e83f836e09a728dd9276596c"},{"_id":1187397,"type":"buy","buyer":"edicted","seller":"yonnathang","symbol":"POB","quantity":"1.76739000","price":"0.77000000","timestamp":1625173539,"volume":"1.36089030","buyTxId":"5b624c2ed5d44e7f4159515307a0b60549cb0fb2","sellTxId":"a170fdad37639db20cd8c5c3c700f338bf7c5f91"},{"_id":1187404,"type":"sell","buyer":"richardcrill","seller":"automaton","symbol":"POB","quantity":"8.00000000","price":"0.77023003","timestamp":1625174139,"volume":"6.16184024","buyTxId":"MM-P-8294130-55272978-3-10-0","sellTxId":"690aa14ffe8fa42060809b447c1be8fb82972cbe"},{"_id":1187440,"type":"sell","buyer":"solovey6o2","seller":"slobberchops","symbol":"POB","quantity":"16.64706215","price":"0.77068009","timestamp":1625175576,"volume":"12.82955936","buyTxId":"879d7f6c2dbbbb9a70f4b9623dc3ab51f4955e70","sellTxId":"f1cac2fae6b8b328ce5842c4ef503c9b1868ab01"},{"_id":1187447,"type":"sell","buyer":"solovey6o2","seller":"revise.leo","symbol":"POB","quantity":"5.50000000","price":"0.77079010","timestamp":1625175822,"volume":"4.23934555","buyTxId":"812b67bb4a2796e5879cc65fea27c8dca11258e9","sellTxId":"2762e357cd8ac73e1fa4b32f202d275dcb07aa21"},{"_id":1187465,"type":"sell","buyer":"richardcrill","seller":"clixmoney","symbol":"POB","quantity":"3.00000000","price":"0.77112012","timestamp":1625176563,"volume":"2.31336036","buyTxId":"MM-P-8294923-55273771-3-10-0","sellTxId":"8e7c3959b9fe53388a504560dfabbab345fb250d"},{"_id":1187521,"type":"sell","buyer":"richardcrill","seller":"stevescoins","symbol":"POB","quantity":"1.01158231","price":"0.77168018","timestamp":1625178501,"volume":"0.78061802","buyTxId":"MM-P-8295420-55274268-3-10-0","sellTxId":"95e498471197ed63399a724446be1439ff3aec72"},{"_id":1187551,"type":"sell","buyer":"richardcrill","seller":"he-index","symbol":"POB","quantity":"0.10700000","price":"0.77168018","timestamp":1625179266,"volume":"0.08256978","buyTxId":"MM-P-8295420-55274268-3-10-0","sellTxId":"80a1794b598665c84f793164313103cd400e3efb"},{"_id":1187561,"type":"sell","buyer":"richardcrill","seller":"gehhsk8","symbol":"POB","quantity":"0.50533031","price":"0.77168018","timestamp":1625179479,"volume":"0.38995338","buyTxId":"MM-P-8295420-55274268-3-10-0","sellTxId":"53868d481c930ee4e66421e2825b6024eefebb8f"},{"_id":1187567,"type":"sell","buyer":"richardcrill","seller":"coolguy123","symbol":"POB","quantity":"6.79470172","price":"0.77178018","timestamp":1625179755,"volume":"5.24401612","buyTxId":"MM-P-8295918-55274766-3-10-0","sellTxId":"9f1c3c2fae5831707dfd8705168942521d626bc7"},{"_id":1187601,"type":"sell","buyer":"richardcrill","seller":"alexvan","symbol":"POB","quantity":"9.21173733","price":"0.77189018","timestamp":1625182596,"volume":"7.11044959","buyTxId":"MM-P-8296809-55275657-3-10-0","sellTxId":"dbf4b39d73ced51f3befaf7cba24dccad60401bb"},{"_id":1187610,"type":"sell","buyer":"richardcrill","seller":"vempromundo","symbol":"POB","quantity":"45.20014805","price":"0.77189018","timestamp":1625183031,"volume":"34.88955041","buyTxId":"MM-P-8296809-55275657-3-10-0","sellTxId":"c4243b78379fc23024c40db253de35c2dcefe97a"},{"_id":1187611,"type":"sell","buyer":"freebornsociety","seller":"vempromundo","symbol":"POB","quantity":"45.34776149","price":"0.77181318","timestamp":1625183031,"volume":"35.00000000","buyTxId":"MM-P-8297039-55275887-3-3-0","sellTxId":"c4243b78379fc23024c40db253de35c2dcefe97a"},{"_id":1187612,"type":"sell","buyer":"ctime","seller":"vempromundo","symbol":"POB","quantity":"45.34782024","price":"0.77181218","timestamp":1625183031,"volume":"35.00000000","buyTxId":"MM-P-8296997-55275845-3-22-0","sellTxId":"c4243b78379fc23024c40db253de35c2dcefe97a"},{"_id":1187613,"type":"sell","buyer":"bluesniper","seller":"vempromundo","symbol":"POB","quantity":"90.90791029","price":"0.77001000","timestamp":1625183031,"volume":"70.00000000","buyTxId":"MM-P-8296842-55275690-3-5-0","sellTxId":"c4243b78379fc23024c40db253de35c2dcefe97a"},{"_id":1187614,"type":"sell","buyer":"edicted","seller":"vempromundo","symbol":"POB","quantity":"64.16455767","price":"0.77000000","timestamp":1625183031,"volume":"49.40670941","buyTxId":"5b624c2ed5d44e7f4159515307a0b60549cb0fb2","sellTxId":"c4243b78379fc23024c40db253de35c2dcefe97a"},{"_id":1187676,"type":"sell","buyer":"eirik","seller":"bashadow","symbol":"POB","quantity":"1.89735430","price":"0.75000000","timestamp":1625186073,"volume":"1.42301573","buyTxId":"4ade98024d974df4362a0a895d1fe5d6fe3151d1","sellTxId":"54de08a6c33b1c2ef15d7e82a55661c8e279b094"},{"_id":1187704,"type":"sell","buyer":"eirik","seller":"preparedwombat","symbol":"POB","quantity":"0.10264570","price":"0.75000000","timestamp":1625187480,"volume":"0.07698427","buyTxId":"4ade98024d974df4362a0a895d1fe5d6fe3151d1","sellTxId":"2b96ca2fdf378861ff4fa99e65a72e3ffbf1acc5"},{"_id":1187706,"type":"sell","buyer":"gimme-your-coinz","seller":"failingforwards","symbol":"POB","quantity":"12.00000000","price":"0.72349156","timestamp":1625187555,"volume":"8.68189872","buyTxId":"d132c1b56cee17d2624eef0889ccd0f6915a8f2a","sellTxId":"8f2cab0312d8d13704a5763d26744fcc54b9dccd"},{"_id":1187708,"type":"buy","buyer":"gimme-your-coinz","seller":"failingforwards","symbol":"POB","quantity":"12.00000000","price":"0.72349156","timestamp":1625187567,"volume":"8.68189872","buyTxId":"4e1e010cf06bd70d1719ba8c218d3e1726c44723","sellTxId":"8f2cab0312d8d13704a5763d26744fcc54b9dccd"},{"_id":1187709,"type":"buy","buyer":"gimme-your-coinz","seller":"failingforwards","symbol":"POB","quantity":"12.00000000","price":"0.72349156","timestamp":1625187576,"volume":"8.68189872","buyTxId":"9db9686f4f8c72803c9355a2a9ebf294890dd5ae","sellTxId":"8f2cab0312d8d13704a5763d26744fcc54b9dccd"},{"_id":1187710,"type":"buy","buyer":"gimme-your-coinz","seller":"failingforwards","symbol":"POB","quantity":"0.93879321","price":"0.72349156","timestamp":1625187588,"volume":"0.67920896","buyTxId":"79e599b42723e38b175be72bba42e59ee51be64a","sellTxId":"8f2cab0312d8d13704a5763d26744fcc54b9dccd"},{"_id":1187718,"type":"sell","buyer":"gimme-your-coinz","seller":"thelogicaldude","symbol":"POB","quantity":"3.21805643","price":"0.72371261","timestamp":1625188188,"volume":"2.32894802","buyTxId":"cd7fdc624f9d01994b0a2ec0e13ca2d24b6e8e42","sellTxId":"bc10fdd6dc84177308a9f5ad0a9d2f71bfa861b0"},{"_id":1187720,"type":"sell","buyer":"gimme-your-coinz","seller":"spinvest-leo","symbol":"POB","quantity":"8.78194357","price":"0.72371261","timestamp":1625188200,"volume":"6.35560330","buyTxId":"cd7fdc624f9d01994b0a2ec0e13ca2d24b6e8e42","sellTxId":"0b9fe07427fd426af21445c97ae203f0de05aca0"},{"_id":1187721,"type":"sell","buyer":"solovey6o2","seller":"spinvest-leo","symbol":"POB","quantity":"6.69794423","price":"0.72371261","timestamp":1625188200,"volume":"4.84738670","buyTxId":"eb55ee45e66eef892b47092b9191109787922a69","sellTxId":"0b9fe07427fd426af21445c97ae203f0de05aca0"},{"_id":1187737,"type":"sell","buyer":"gimme-your-coinz","seller":"melbourneswest","symbol":"POB","quantity":"4.22368174","price":"0.72405470","timestamp":1625189016,"volume":"3.05817662","buyTxId":"fcbf0a6d33b806946564f7adc5734127719bde26","sellTxId":"84e30e7c9eae3cfd3155b14a15a5a0a710aae930"},{"_id":1187744,"type":"buy","buyer":"offgridlife","seller":"bluesniper","symbol":"POB","quantity":"0.03300000","price":"0.77975799","timestamp":1625189538,"volume":"0.02573201","buyTxId":"fe4e5877b91b975f405a090c0c064db6134034b9","sellTxId":"MM-P-8299229-55278077-3-5-1"},{"_id":1187745,"type":"buy","buyer":"offgridlife","seller":"bluesniper","symbol":"POB","quantity":"0.03300000","price":"0.77975799","timestamp":1625189556,"volume":"0.02573201","buyTxId":"6f6d6227ec9884025617cdd6fbb06a7c2f768780","sellTxId":"MM-P-8299229-55278077-3-5-1"},{"_id":1187746,"type":"buy","buyer":"offgridlife","seller":"bluesniper","symbol":"POB","quantity":"0.03300000","price":"0.77975799","timestamp":1625189577,"volume":"0.02573201","buyTxId":"0082d97bf821cedc1b3ff9242346be19bce4f343","sellTxId":"MM-P-8299229-55278077-3-5-1"},{"_id":1187748,"type":"buy","buyer":"offgridlife","seller":"bluesniper","symbol":"POB","quantity":"0.03300000","price":"0.77975799","timestamp":1625189592,"volume":"0.02573201","buyTxId":"60c6b04e92f04abbb12ffaa4b63c84736986864b","sellTxId":"MM-P-8299229-55278077-3-5-1"},{"_id":1187749,"type":"buy","buyer":"offgridlife","seller":"bluesniper","symbol":"POB","quantity":"0.03300000","price":"0.77975799","timestamp":1625189607,"volume":"0.02573201","buyTxId":"3145e0089ac1469450b288249ae63e7ce0440627","sellTxId":"MM-P-8299229-55278077-3-5-1"},{"_id":1187750,"type":"buy","buyer":"offgridlife","seller":"bluesniper","symbol":"POB","quantity":"0.03300000","price":"0.77975799","timestamp":1625189640,"volume":"0.02573201","buyTxId":"82079a509a4206270d89188f0aed1ba6574b7bea","sellTxId":"MM-P-8299229-55278077-3-5-1"},{"_id":1187751,"type":"buy","buyer":"offgridlife","seller":"bluesniper","symbol":"POB","quantity":"0.03300000","price":"0.77975799","timestamp":1625189652,"volume":"0.02573201","buyTxId":"09003094fefd185873e050cd9a8f2a4e23edce22","sellTxId":"MM-P-8299229-55278077-3-5-1"},{"_id":1187752,"type":"buy","buyer":"offgridlife","seller":"bluesniper","symbol":"POB","quantity":"0.03300000","price":"0.77975799","timestamp":1625189667,"volume":"0.02573201","buyTxId":"7ef439199ac7ec4bcf32e6cb355d3c86abdafdc0","sellTxId":"MM-P-8299229-55278077-3-5-1"},{"_id":1187753,"type":"sell","buyer":"gimme-your-coinz","seller":"sherlockravenger","symbol":"POB","quantity":"1.28704694","price":"0.72427676","timestamp":1625189700,"volume":"0.93217819","buyTxId":"c3fe186e239f93edb60adc1c80075f2e9cac130d","sellTxId":"20f379422634fbe0e3749379117b58004d469f0d"},{"_id":1187772,"type":"sell","buyer":"gimme-your-coinz","seller":"vanillavow","symbol":"POB","quantity":"12.00000000","price":"0.72486791","timestamp":1625191131,"volume":"8.69841492","buyTxId":"27e022650075c3e93182e342e6cc320048376e3a","sellTxId":"082e85d0baffbcc46c027aa9883d145ea1a810fc"},{"_id":1187773,"type":"sell","buyer":"solovey6o2","seller":"vanillavow","symbol":"POB","quantity":"24.84309318","price":"0.72486791","timestamp":1625191131,"volume":"18.00796103","buyTxId":"7ff982ed8701219d01aa5351d67a1c27cbf374e6","sellTxId":"082e85d0baffbcc46c027aa9883d145ea1a810fc"},{"_id":1187776,"type":"buy","buyer":"ctime","seller":"travelgirl","symbol":"POB","quantity":"2.02462768","price":"0.72487000","timestamp":1625191203,"volume":"1.46759187","buyTxId":"MM-P-8299781-55278629-3-22-0","sellTxId":"2f2eaed99fffb16fe43fcb8b42b020f3edea5c60"},{"_id":1187790,"type":"sell","buyer":"gimme-your-coinz","seller":"preparedwombat","symbol":"POB","quantity":"0.43300403","price":"0.72510797","timestamp":1625191695,"volume":"0.31397467","buyTxId":"c0e887cc605cb042074704ca8d7123aeb1ee778e","sellTxId":"9084bfe12610a21c32d1da240be574b7a7bc8bee"},{"_id":1187791,"type":"buy","buyer":"ctime","seller":"chubb149","symbol":"POB","quantity":"11.50000000","price":"0.72511000","timestamp":1625191803,"volume":"8.33876500","buyTxId":"MM-P-8299981-55278829-3-22-0","sellTxId":"d0cb87f03574a96dbe73060c8a8061373dc71439"},{"_id":1187798,"type":"sell","buyer":"gimme-your-coinz","seller":"panosdada.pob","symbol":"POB","quantity":"0.18027226","price":"0.72522800","timestamp":1625192007,"volume":"0.13073849","buyTxId":"bf7b58d52f29ee61af3629247ed29b627e09745f","sellTxId":"9eda72e655e58be4b7aec2e088b4165824d82999"},{"_id":1187810,"type":"sell","buyer":"gimme-your-coinz","seller":"ironshield","symbol":"POB","quantity":"6.66609734","price":"0.72546806","timestamp":1625192631,"volume":"4.83604071","buyTxId":"97b639bb6f3260efa9dcc21d95baf72c623f6958","sellTxId":"4286ffe7f7c8362c8bf3878acf3425a99b7d02d0"},{"_id":1187816,"type":"buy","buyer":"ctime","seller":"allcapsonezero","symbol":"POB","quantity":"6.00000000","price":"0.72558000","timestamp":1625193003,"volume":"4.35348000","buyTxId":"MM-P-8300381-55279229-3-22-0","sellTxId":"d68e0d43a1729ed7d7861b2611cc26403225445d"},{"_id":1187832,"type":"sell","buyer":"solovey6o2","seller":"news-poster","symbol":"POB","quantity":"9.80000000","price":"0.72592812","timestamp":1625193882,"volume":"7.11409558","buyTxId":"3ad089250f9d54837be746c6fbf7f53f41b52bff","sellTxId":"889139ced48f95631ea228bad8e775e034ed923d"