{"index": {"_index":"pob","_id":"2057739"}}
	{"id":2057739,"type":"sell","buyer":"elamental","seller":"charcoalbuffet","symbol":"POB","quantity":"19.94438726","price":"0.07777000","timestamp":1637468445,"volume":"1.55107500","buyTxId":"3d6269e396eed52870b77a5fc0c628057c232862","sellTxId":"e20fa85fe90ac07789d5f14b37dde8c5a48fa81b"}
{"index": {"_index":"pob","_id":"2057823"}}
	{"id":2057823,"type":"sell","buyer":"elamental","seller":"pouchon","symbol":"POB","quantity":"24.41011502","price":"0.07777000","timestamp":1637469333,"volume":"1.89837465","buyTxId":"3d6269e396eed52870b77a5fc0c628057c232862","sellTxId":"d05aab7691b16608c31c3374bfc677278fe46b6e"}
{"index": {"_index":"pob","_id":"2057913"}}
	{"id":2057913,"type":"buy","buyer":"thatcryptodave","seller":"forexbrokr","symbol":"POB","quantity":"4.99400000","price":"0.10000000","timestamp":1637470746,"volume":"0.49940000","buyTxId":"453298ff114e3561a265bf756527e72501fafffb","sellTxId":"fb5a4514a37ba3436e2176dd8ebb32e8707e0103"}
{"index": {"_index":"pob","_id":"2057926"}}
	{"id":2057926,"type":"sell","buyer":"elamental","seller":"failingforwards","symbol":"POB","quantity":"41.74563649","price":"0.07777000","timestamp":1637470998,"volume":"3.24655815","buyTxId":"3d6269e396eed52870b77a5fc0c628057c232862","sellTxId":"c6f0e3c294e604abc86dca400d1c7f3d1774b435"}
{"index": {"_index":"pob","_id":"2058076"}}
	{"id":2058076,"type":"sell","buyer":"elamental","seller":"he-index","symbol":"POB","quantity":"0.03800000","price":"0.07777000","timestamp":1637472966,"volume":"0.00295526","buyTxId":"3d6269e396eed52870b77a5fc0c628057c232862","sellTxId":"e1fdf54cbf42600c47a3ff5889551cc75d6f5916"}
{"index": {"_index":"pob","_id":"2058186"}}
	{"id":2058186,"type":"sell","buyer":"elamental","seller":"alexanderfluke","symbol":"POB","quantity":"0.91378424","price":"0.07777000","timestamp":1637474040,"volume":"0.07106500","buyTxId":"3d6269e396eed52870b77a5fc0c628057c232862","sellTxId":"a3135fbfa50d0d17d64b494907c3897e0f803fcf"}
{"index": {"_index":"pob","_id":"2058249"}}
	{"id":2058249,"type":"sell","buyer":"elamental","seller":"steem82868","symbol":"POB","quantity":"1.27996055","price":"0.07777000","timestamp":1637474535,"volume":"0.09954253","buyTxId":"3d6269e396eed52870b77a5fc0c628057c232862","sellTxId":"e85b82ec28e02a1d8b8e8d9ed3c5b2d67f618b9f"}
{"index": {"_index":"pob","_id":"2058250"}}
	{"id":2058250,"type":"sell","buyer":"elamental","seller":"enforcer48","symbol":"POB","quantity":"1.51300000","price":"0.07777000","timestamp":1637474553,"volume":"0.11766601","buyTxId":"3d6269e396eed52870b77a5fc0c628057c232862","sellTxId":"e14f431990322de380384c8751f745fcf0b3a679"}
{"index": {"_index":"pob","_id":"2058342"}}
	{"id":2058342,"type":"sell","buyer":"elamental","seller":"coffeelovers","symbol":"POB","quantity":"25","price":"0.07777000","timestamp":1637475822,"volume":"1.94425000","buyTxId":"3d6269e396eed52870b77a5fc0c628057c232862","sellTxId":"08629732f998bb1cb5a89b731078762f57a9627f"}
{"index": {"_index":"pob","_id":"2058529"}}
	{"id":2058529,"type":"sell","buyer":"elamental","seller":"dswap","symbol":"POB","quantity":"20.73569107","price":"0.07777000","timestamp":1637477409,"volume":"1.61261469","buyTxId":"3d6269e396eed52870b77a5fc0c628057c232862","sellTxId":"634d6a2e0dd970e361f7bbc54732ad9d9907f630"}
{"index": {"_index":"pob","_id":"2058682"}}
	{"id":2058682,"type":"sell","buyer":"elamental","seller":"dswap","symbol":"POB","quantity":"63.42634617","price":"0.07777000","timestamp":1637479104,"volume":"4.93266694","buyTxId":"3d6269e396eed52870b77a5fc0c628057c232862","sellTxId":"2368c7fdb56d4b4d7345cd3bfb19470c9a90296d"}
{"index": {"_index":"pob","_id":"2058684"}}
	{"id":2058684,"type":"sell","buyer":"gimme-your-coinz","seller":"dwarflordnoj","symbol":"POB","quantity":"2.60335836","price":"0.07777001","timestamp":1637479113,"volume":"0.20246321","buyTxId":"d710ccaa56813a0112e663895bc85d0ca49758a7","sellTxId":"e9460bf004ea5b287e62336ce014dbd4d6be3747"}
{"index": {"_index":"pob","_id":"2058736"}}
	{"id":2058736,"type":"buy","buyer":"gimme-your-coinz","seller":"forexbrokr","symbol":"POB","quantity":"4.63560666","price":"0.10000000","timestamp":1637479398,"volume":"0.46356067","buyTxId":"be7df2fcdad7afd46dee1146723c35eb32971d87","sellTxId":"fb5a4514a37ba3436e2176dd8ebb32e8707e0103"}
{"index": {"_index":"pob","_id":"2058778"}}
	{"id":2058778,"type":"sell","buyer":"gimme-your-coinz","seller":"savagetobi","symbol":"POB","quantity":"2.43800037","price":"0.07781005","timestamp":1637480136,"volume":"0.18970093","buyTxId":"d18758a5eb4175473fe15b7f18979307aa7ebb3d","sellTxId":"01350ce9f691c3c45a768b92df2d9ca658fcefda"}
{"index": {"_index":"pob","_id":"2058921"}}
	{"id":2058921,"type":"sell","buyer":"gimme-your-coinz","seller":"brofi-market","symbol":"POB","quantity":"8.49394676","price":"0.07788012","timestamp":1637482191,"volume":"0.66150959","buyTxId":"7176a30dbe2cb3ba6eb4b372e2b48464aadf1290","sellTxId":"f8721faebacc96e44b54405166f20d18e92dec4c"}
{"index": {"_index":"pob","_id":"2058944"}}
	{"id":2058944,"type":"sell","buyer":"gimme-your-coinz","seller":"hive-143869","symbol":"POB","quantity":"0.08350000","price":"0.07788012","timestamp":1637482458,"volume":"0.00650299","buyTxId":"7176a30dbe2cb3ba6eb4b372e2b48464aadf1290","sellTxId":"cf1f2da49abd49518154d5c55a0c2cdadd213f04"}
{"index": {"_index":"pob","_id":"2059042"}}
	{"id":2059042,"type":"sell","buyer":"gimme-your-coinz","seller":"entraide.rewards","symbol":"POB","quantity":"0.06780000","price":"0.07794018","timestamp":1637484003,"volume":"0.00528434","buyTxId":"f4e560b8536c1d80af8d12b685974662eb743654","sellTxId":"e560f2bb85436186aa54a50c768150fa829183ad"}
{"index": {"_index":"pob","_id":"2059054"}}
	{"id":2059054,"type":"sell","buyer":"gimme-your-coinz","seller":"hive-143869","symbol":"POB","quantity":"1.93000000","price":"0.07794018","timestamp":1637484201,"volume":"0.15042455","buyTxId":"f4e560b8536c1d80af8d12b685974662eb743654","sellTxId":"2fda3346c9a5d07c50fb1442a42b612f78bf01fb"}
{"index": {"_index":"pob","_id":"2059142"}}
	{"id":2059142,"type":"sell","buyer":"gimme-your-coinz","seller":"stickupboys","symbol":"POB","quantity":"2.50127385","price":"0.07798022","timestamp":1637485296,"volume":"0.19504989","buyTxId":"56c2ca7953e476afbe816b8c70078750057cbf9a","sellTxId":"8e896ec925f1357a6004432b4655034c26e607d3"}
{"index": {"_index":"pob","_id":"2059146"}}
	{"id":2059146,"type":"sell","buyer":"gimme-your-coinz","seller":"theguru.photos","symbol":"POB","quantity":"6.67715498","price":"0.07798022","timestamp":1637485404,"volume":"0.52068601","buyTxId":"56c2ca7953e476afbe816b8c70078750057cbf9a","sellTxId":"63c72dde8045ef404eb0f12405358343403209dd"}
{"index": {"_index":"pob","_id":"2059363"}}
	{"id":2059363,"type":"sell","buyer":"gimme-your-coinz","seller":"stickupmusic","symbol":"POB","quantity":"0.40686970","price":"0.07806030","timestamp":1637487822,"volume":"0.03176037","buyTxId":"907acca30ac3d0efb7b43304ece3f52707d1e54d","sellTxId":"2dcf27e0d333dbfdba2147a1b961d19e1c4600ec"}
{"index": {"_index":"pob","_id":"2059380"}}
	{"id":2059380,"type":"sell","buyer":"gimme-your-coinz","seller":"johnbenn","symbol":"POB","quantity":"1.08977900","price":"0.07807031","timestamp":1637488011,"volume":"0.08507938","buyTxId":"142b76d907af8659cc0a7f1eaf96a46a865d752c","sellTxId":"3375c95374e51347f384f7a84a8117f5c60ee5d8"}
{"index": {"_index":"pob","_id":"2059453"}}
	{"id":2059453,"type":"sell","buyer":"gimme-your-coinz","seller":"oscarpower55","symbol":"POB","quantity":"1.36551800","price":"0.07809033","timestamp":1637488623,"volume":"0.10663375","buyTxId":"3f03e118191749eff832990e2bc9d70792973b66","sellTxId":"2758865030d451252e3255b89bca87f648449c9b"}
{"index": {"_index":"pob","_id":"2059563"}}
	{"id":2059563,"type":"sell","buyer":"gimme-your-coinz","seller":"repayme4568","symbol":"POB","quantity":"5.22480000","price":"0.07813037","timestamp":1637489715,"volume":"0.40821556","buyTxId":"7a1266474fbf6d81800b9f1eebc3a1185fbe6a16","sellTxId":"0668946011acd79c9231389817ece900d0342206"}
{"index": {"_index":"pob","_id":"2059771"}}
	{"id":2059771,"type":"sell","buyer":"gimme-your-coinz","seller":"josevillanueva","symbol":"POB","quantity":"222.00000000","price":"0.07820044","timestamp":1637491923,"volume":"17.36049768","buyTxId":"3c3d590e0792136521e513cc82808fded29e6046","sellTxId":"2a49b58163131a84aef9239f3d3226ef04ff8167"}
{"index": {"_index":"pob","_id":"2059772"}}
	{"id":2059772,"type":"sell","buyer":"gimme-your-coinz","seller":"josevillanueva","symbol":"POB","quantity":"136.19791702","price":"0.07820044","timestamp":1637491923,"volume":"10.65073704","buyTxId":"444d50fdb31a93e46a7f1e732f39729c1f688b8a","sellTxId":"2a49b58163131a84aef9239f3d3226ef04ff8167"}
{"index": {"_index":"pob","_id":"2059781"}}
	{"id":2059781,"type":"sell","buyer":"gimme-your-coinz","seller":"scooter77","symbol":"POB","quantity":"19","price":"0.07820044","timestamp":1637492016,"volume":"1.48580836","buyTxId":"444d50fdb31a93e46a7f1e732f39729c1f688b8a","sellTxId":"bf3c3254a17654cde1960a29548d57b0b719f58e"}
{"index": {"_index":"pob","_id":"2059801"}}
	{"id":2059801,"type":"buy","buyer":"olezoom","seller":"clixy","symbol":"POB","quantity":"17.00000000","price":"0.10000000","timestamp":1637492172,"volume":"1.70000000","buyTxId":"826c4760bcf8ad5531ab48bf30c9b6dac05c0984","sellTxId":"0161f9fbd1931cb9e16dc4504a4ebe1d573b4889"}
{"index": {"_index":"pob","_id":"2059840"}}
	{"id":2059840,"type":"sell","buyer":"gimme-your-coinz","seller":"ambrosechappel","symbol":"POB","quantity":"5.79484040","price":"0.07822046","timestamp":1637492424,"volume":"0.45327508","buyTxId":"d9ed1f6107530cd1e778558660475b4ca75a14cf","sellTxId":"7284797e3162cac53c8d3c65a94a9ad88351b224"}
{"index": {"_index":"pob","_id":"2059920"}}
	{"id":2059920,"type":"buy","buyer":"ugochill","seller":"clixy","symbol":"POB","quantity":"0.21908685","price":"0.10000000","timestamp":1637493501,"volume":"0.02190869","buyTxId":"1809f7eb6dbbdb5d7931f1bbeab9333f911ea634","sellTxId":"0161f9fbd1931cb9e16dc4504a4ebe1d573b4889"}
{"index": {"_index":"pob","_id":"2059927"}}
	{"id":2059927,"type":"sell","buyer":"gimme-your-coinz","seller":"dswap","symbol":"POB","quantity":"4","price":"0.07826050","timestamp":1637493621,"volume":"0.31304200","buyTxId":"cbc0a250d6084d07d53159b48eea9db8813748e1","sellTxId":"d051f0d61f16fc8d833f1d467cd6ffe29d999450"}
{"index": {"_index":"pob","_id":"2059955"}}
	{"id":2059955,"type":"sell","buyer":"anadolu","seller":"stickupboys","symbol":"POB","quantity":"1.50957878","price":"0.07827050","timestamp":1637493867,"volume":"0.11815549","buyTxId":"MM-P-12381365-59367709-3-0-0","sellTxId":"51551c513b2c30a3f12a9c97b5faad2144755934"}
{"index": {"_index":"pob","_id":"2060161"}}
	{"id":2060161,"type":"sell","buyer":"gimme-your-coinz","seller":"offgridlife","symbol":"POB","quantity":"12.00000000","price":"0.07832056","timestamp":1637495493,"volume":"0.93984672","buyTxId":"7941fcf3b590276f717f3453a35ccf425cbac93e","sellTxId":"43f0e445352968814bbfa5076a7e282c8cc4a61f"}
{"index": {"_index":"pob","_id":"2060168"}}
	{"id":2060168,"type":"sell","buyer":"gimme-your-coinz","seller":"offgridlife","symbol":"POB","quantity":"8.98000000","price":"0.07832056","timestamp":1637495613,"volume":"0.70331863","buyTxId":"7941fcf3b590276f717f3453a35ccf425cbac93e","sellTxId":"f93cf02638476afcd87fb150d8df3d4a81db4175"}
{"index": {"_index":"pob","_id":"2060372"}}
	{"id":2060372,"type":"sell","buyer":"gimme-your-coinz","seller":"bilpcoinbpc","symbol":"POB","quantity":"0.05802798","price":"0.07837061","timestamp":1637496882,"volume":"0.00454769","buyTxId":"b2cc888070566396e5ec936a71948b50fe9b31d9","sellTxId":"0bbdc10a9ea737f9a1b3da19de24851d50da74e0"}
{"index": {"_index":"pob","_id":"2060495"}}
	{"id":2060495,"type":"sell","buyer":"gimme-your-coinz","seller":"alfarero","symbol":"POB","quantity":"1.79000000","price":"0.07840064","timestamp":1637497914,"volume":"0.14033715","buyTxId":"be385f8e9ad8bd64a2bbd6ef6422febe7532497b","sellTxId":"d8e21276818c7089bb4a87e79339a6a2ec46cbb7"}
{"index": {"_index":"pob","_id":"2060663"}}
	{"id":2060663,"type":"sell","buyer":"gimme-your-coinz","seller":"captainquack22","symbol":"POB","quantity":"2.3","price":"0.07845069","timestamp":1637499333,"volume":"0.18043659","buyTxId":"252394e623d991d17b834d4d1311ba84dea78190","sellTxId":"14f1125db67e5004aadae74f4aa178c5cb430f1e"}
{"index": {"_index":"pob","_id":"2060693"}}
	{"id":2060693,"type":"sell","buyer":"holovision","seller":"andy4475","symbol":"POB","quantity":"0.40000000","price":"0.08000000","timestamp":1637499648,"volume":"0.03200000","buyTxId":"1bfd28508a71f56a975a2bbe312f726fd9738253","sellTxId":"ca99d64a02670a7560d03c4223ba9b079b6c1a6c"}
{"index": {"_index":"pob","_id":"2060694"}}
	{"id":2060694,"type":"sell","buyer":"gimme-your-coinz","seller":"andy4475","symbol":"POB","quantity":"0.86166098","price":"0.07846070","timestamp":1637499648,"volume":"0.06760652","buyTxId":"4e7f29d0fbfb197b531d168eee90862a97c05e92","sellTxId":"ca99d64a02670a7560d03c4223ba9b079b6c1a6c"}
{"index": {"_index":"pob","_id":"2060702"}}
	{"id":2060702,"type":"sell","buyer":"gimme-your-coinz","seller":"ru-trail","symbol":"POB","quantity":"0.05588786","price":"0.07846070","timestamp":1637499729,"volume":"0.00438500","buyTxId":"4e7f29d0fbfb197b531d168eee90862a97c05e92","sellTxId":"fbe2724fbf3c7e3dd89bf8042763d72c2dde89a0"}
{"index": {"_index":"pob","_id":"2060713"}}
	{"id":2060713,"type":"sell","buyer":"gimme-your-coinz","seller":"bitcoinflood","symbol":"POB","quantity":"4.49723273","price":"0.07846070","timestamp":1637499774,"volume":"0.35285603","buyTxId":"4e7f29d0fbfb197b531d168eee90862a97c05e92","sellTxId":"13802b0550c9255d784171562c3e3906390cf02c"}
{"index": {"_index":"pob","_id":"2060832"}}
	{"id":2060832,"type":"sell","buyer":"gimme-your-coinz","seller":"papar","symbol":"POB","quantity":"0.45633755","price":"0.07849073","timestamp":1637500746,"volume":"0.03581827","buyTxId":"da5ad8aa72cdb7aa0b558c6b54731e3a3290d5fa","sellTxId":"bb1ba522de32018251642d51465e8eedcd3783c7"}
{"index": {"_index":"pob","_id":"2060888"}}
	{"id":2060888,"type":"sell","buyer":"gimme-your-coinz","seller":"ctpsb","symbol":"POB","quantity":"4.86000000","price":"0.07851075","timestamp":1637501145,"volume":"0.38156225","buyTxId":"140bba15620c4a4ac93b245dbbbd921f1335645a","sellTxId":"0c475b1bda1c373a9b8af901ec295bddc7af823c"}
{"index": {"_index":"pob","_id":"2060899"}}
	{"id":2060899,"type":"sell","buyer":"gimme-your-coinz","seller":"huang-hsin","symbol":"POB","quantity":"66.80000000","price":"0.07851075","timestamp":1637501178,"volume":"5.24451810","buyTxId":"140bba15620c4a4ac93b245dbbbd921f1335645a","sellTxId":"03ccdb214df644ede76c74ae31608b6cca9b4b37"}
{"index": {"_index":"pob","_id":"2060909"}}
	{"id":2060909,"type":"sell","buyer":"gimme-your-coinz","seller":"slobberchops","symbol":"POB","quantity":"12.22997094","price":"0.07851075","timestamp":1637501223,"volume":"0.96018419","buyTxId":"140bba15620c4a4ac93b245dbbbd921f1335645a","sellTxId":"eab6d83c92c379552ec9129349e536cd4a4cf7cc"}
{"index": {"_index":"pob","_id":"2060946"}}
	{"id":2060946,"type":"sell","buyer":"gimme-your-coinz","seller":"josediccus","symbol":"POB","quantity":"30.00000000","price":"0.07852076","timestamp":1637501415,"volume":"2.35562280","buyTxId":"e380aa2a4e8f83f6deb240da71e49877c5b28e52","sellTxId":"d2969feb20b1f188cc905b1fa642777c4f0b082c"}
{"index": {"_index":"pob","_id":"2060991"}}
	{"id":2060991,"type":"sell","buyer":"gimme-your-coinz","seller":"razackpulo.pob","symbol":"POB","quantity":"30.00000000","price":"0.07852076","timestamp":1637501643,"volume":"2.35562280","buyTxId":"e380aa2a4e8f83f6deb240da71e49877c5b28e52","sellTxId":"974f88188973067db9c6b33e5d12ca524512a736"}
{"index": {"_index":"pob","_id":"2060997"}}
	{"id":2060997,"type":"sell","buyer":"gimme-your-coinz","seller":"razackpulo.pob","symbol":"POB","quantity":"30.00000000","price":"0.07852076","timestamp":1637501661,"volume":"2.35562280","buyTxId":"e380aa2a4e8f83f6deb240da71e49877c5b28e52","sellTxId":"6020202654a4114f911c6978450a9c40bd6092b1"}
{"index": {"_index":"pob","_id":"2061052"}}
	{"id":2061052,"type":"sell","buyer":"gimme-your-coinz","seller":"stairway2heaven","symbol":"POB","quantity":"1.19189004","price":"0.07854078","timestamp":1637502252,"volume":"0.09361197","buyTxId":"dd2a229d228f6d3d93e065c7b6055d3fc773032c","sellTxId":"a8dfdb5e8e6ea519df85708f43645dd0666152da"}
{"index": {"_index":"pob","_id":"2061078"}}
	{"id":2061078,"type":"sell","buyer":"gimme-your-coinz","seller":"quintaesencia","symbol":"POB","quantity":"0.77595622","price":"0.07855079","timestamp":1637502432,"volume":"0.06095197","buyTxId":"62bdbcf850d71bd7eea5e77228ee879e0780f5b7","sellTxId":"b1e7bb91cfe05387beedc376f9bf78199e20503d"}
{"index": {"_index":"pob","_id":"2061143"}}
	{"id":2061143,"type":"sell","buyer":"anadolu","seller":"penderis","symbol":"POB","quantity":"89.00000000","price":"0.07858081","timestamp":1637503170,"volume":"6.99369209","buyTxId":"MM-P-12384452-59370797-3-0-0","sellTxId":"d2a05e7b5b3f3fbfb63d0875c292e098f008a35b"}
{"index": {"_index":"pob","_id":"2061151"}}
	{"id":2061151,"type":"sell","buyer":"gimme-your-coinz","seller":"tfranzini","symbol":"POB","quantity":"14.7654","price":"0.07858082","timestamp":1637503251,"volume":"1.16027724","buyTxId":"a55cc856ba1b12407009dd3323d404c4339688b7","sellTxId":"e8eb24f52226d2059c0d88e5ee5b58cb3eb06d0a"}
{"index": {"_index":"pob","_id":"2061244"}}
	{"id":2061244,"type":"sell","buyer":"gimme-your-coinz","seller":"mba2020","symbol":"POB","quantity":"5.66284589","price":"0.07861085","timestamp":1637504199,"volume":"0.44516113","buyTxId":"13b7df3348b9ab29296cada26bc5c5abb251b086","sellTxId":"cbbbb3671cc6df6d3bd21c346ff104e40bb30586"}
{"index": {"_index":"pob","_id":"2061361"}}
	{"id":2061361,"type":"sell","buyer":"gimme-your-coinz","seller":"candy49","symbol":"POB","quantity":"1.14554788","price":"0.07863087","timestamp":1637504805,"volume":"0.09007543","buyTxId":"7d5f79e4a7ebe87f8531d097c6884fb76fdc2d04","sellTxId":"a5f527823df3dadfc42254e2c6956608d27148a0"}
{"index": {"_index":"pob","_id":"2061580"}}
	{"id":2061580,"type":"sell","buyer":"gimme-your-coinz","seller":"lisamgentile1961","symbol":"POB","quantity":"0.98562475","price":"0.07870094","timestamp":1637506866,"volume":"0.07756959","buyTxId":"08b5ac2602b30c7005cfd2746728aaf1fec65933","sellTxId":"16bf5b3f36cab2ad330e90ef4f52a210f1d4708d"}
{"index": {"_index":"pob","_id":"2061703"}}
	{"id":2061703,"type":"sell","buyer":"gimme-your-coinz","seller":"alexanderfluke","symbol":"POB","quantity":"0.32615463","price":"0.07875099","timestamp":1637508489,"volume":"0.02568500","buyTxId":"4f3fb25c0ae0ec2a36fa3748f2c1d519aa0f46df","sellTxId":"64ff7a06e08c91a4e813686525e8ba1280a8fa6b"}
{"index": {"_index":"pob","_id":"2061743"}}
	{"id":2061743,"type":"sell","buyer":"gimme-your-coinz","seller":"zirochka","symbol":"POB","quantity":"1.51539122","price":"0.07877101","timestamp":1637508951,"volume":"0.11936890","buyTxId":"7d4b07ec739354c855ea3139825d5585d82ddec9","sellTxId":"c926e7002d7e64be5a4b83ee32b452262c73b76a"}
{"index": {"_index":"pob","_id":"2061785"}}
	{"id":2061785,"type":"sell","buyer":"gimme-your-coinz","seller":"theguru.photos","symbol":"POB","quantity":"6.10097490","price":"0.07878102","timestamp":1637509332,"volume":"0.48064103","buyTxId":"1c0502a177da708b5bd99946d1473a97869c4a2b","sellTxId":"5164097bba1d728c716c20de1e5d96d6cdbf1bb4"}
{"index": {"_index":"pob","_id":"2062084"}}
	{"id":2062084,"type":"sell","buyer":"gimme-your-coinz","seller":"dragokazo","symbol":"POB","quantity":"3.87528631","price":"0.07887111","timestamp":1637512116,"volume":"0.30564813","buyTxId":"c8eb1caffc9d4a1ba22f1c2cba23105085f6387c","sellTxId":"c8f9b659c5784c24419510d1e75af2ecee0ec95b"}
{"index": {"_index":"pob","_id":"2062266"}}
	{"id":2062266,"type":"sell","buyer":"gimme-your-coinz","seller":"kevmcc","symbol":"POB","quantity":"1.78377437","price":"0.07891115","timestamp":1637513229,"volume":"0.14075969","buyTxId":"40425bf7bda19716121c0bb28ee01474207f36e2","sellTxId":"3fe8601c060cfde2dbc9bdcada9acd8925b44ff1"}
{"index": {"_index":"pob","_id":"2062467"}}
	{"id":2062467,"type":"sell","buyer":"gimme-your-coinz","seller":"alfarero","symbol":"POB","quantity":"0.13304279","price":"0.07894118","timestamp":1637514237,"volume":"0.01050255","buyTxId":"dc0d033654ed83add115637788ad95d2ead1d432","sellTxId":"cff3a2fa6a670b5dd25d2e987c53bd225018a08c"}
{"index": {"_index":"pob","_id":"2062571"}}
	{"id":2062571,"type":"sell","buyer":"gimme-your-coinz","seller":"repayme4568","symbol":"POB","quantity":"1.86790000","price":"0.07896120","timestamp":1637514813,"volume":"0.14749163","buyTxId":"bc0185f57f8ac526dfa204028b73662d67c85331","sellTxId":"1bf136a692b19dce59e279ce9dfc04752a39caf8"}
{"index": {"_index":"pob","_id":"2062928"}}
	{"id":2062928,"type":"sell","buyer":"gimme-your-coinz","seller":"jsantana","symbol":"POB","quantity":"5.03538557","price":"0.07903127","timestamp":1637516967,"volume":"0.39795292","buyTxId":"12392dcd9c19d197dfd1250e5b485b5d42804dae","sellTxId":"d4253998a791c56c9d09a95bd489ae4613654b17"}
{"index": {"_index":"pob","_id":"2062933"}}
	{"id":2062933,"type":"buy","buyer":"gimme-your-coinz","seller":"yintercept","symbol":"POB","quantity":"2.30067172","price":"0.09990000","timestamp":1637517033,"volume":"0.22983710","buyTxId":"1d2a6efe7ea2da2baab7b8080080196915543ef6","sellTxId":"b3dee1f39c81e5a41469c5680a617640e2b8cb33"}
{"index": {"_index":"pob","_id":"2062934"}}
	{"id":2062934,"type":"buy","buyer":"gimme-your-coinz","seller":"nazavzhdy","symbol":"POB","quantity":"0.21975759","price":"0.09999000","timestamp":1637517033,"volume":"0.02197356","buyTxId":"1d2a6efe7ea2da2baab7b8080080196915543ef6","sellTxId":"3650720ec53db8002fd03c1bf51653e5e62c9d56"}
{"index": {"_index":"pob","_id":"2062935"}}
	{"id":2062935,"type":"buy","buyer":"gimme-your-coinz","seller":"trumpman","symbol":"POB","quantity":"50.00000000","price":"0.10000000","timestamp":1637517033,"volume":"5.00000000","buyTxId":"1d2a6efe7ea2da2baab7b8080080196915543ef6","sellTxId":"96d3d5c0d39164c0bac17c9366bba3501671d25e"}
{"index": {"_index":"pob","_id":"2062936"}}
	{"id":2062936,"type":"buy","buyer":"gimme-your-coinz","seller":"demotruk","symbol":"POB","quantity":"0.33729600","price":"0.10000000","timestamp":1637517033,"volume":"0.03372960","buyTxId":"1d2a6efe7ea2da2baab7b8080080196915543ef6","sellTxId":"d8419823ea2441f357be0bf476d9e244b4d14fde"}
{"index": {"_index":"pob","_id":"2062937"}}
	{"id":2062937,"type":"buy","buyer":"gimme-your-coinz","seller":"anadolu","symbol":"POB","quantity":"0.00227469","price":"0.10942000","timestamp":1637517033,"volume":"0.00024890","buyTxId":"1d2a6efe7ea2da2baab7b8080080196915543ef6","sellTxId":"MM-P-12389033-59375379-3-0-1"}
{"index": {"_index":"pob","_id":"2063022"}}
	{"id":2063022,"type":"sell","buyer":"gimme-your-coinz","seller":"paulmoon410","symbol":"POB","quantity":"0.39650837","price":"0.07906130","timestamp":1637517771,"volume":"0.03134847","buyTxId":"19378f35a089045c4a07101b9d3679aad2a4cdfb","sellTxId":"00fa038a0363a3267d5b0e6c98ef62063ef94b1d"}
{"index": {"_index":"pob","_id":"2063188"}}
	{"id":2063188,"type":"sell","buyer":"gimme-your-coinz","seller":"krenden","symbol":"POB","quantity":"0.02500000","price":"0.07910134","timestamp":1637518992,"volume":"0.00197753","buyTxId":"09ccda58caa79111efc4b0d068aff880db319905","sellTxId":"0c041261f73a219c652646757f3f55fa42c97125"}
{"index": {"_index":"pob","_id":"2063215"}}
	{"id":2063215,"type":"sell","buyer":"gimme-your-coinz","seller":"jocieprosza","symbol":"POB","quantity":"0.24630945","price":"0.07911135","timestamp":1637519190,"volume":"0.01948587","buyTxId":"ce50903500f7428c59c48838badfc63a2df547e3","sellTxId":"5821c46fa8d0eecc966d15bdae23f2b17f2e96e8"}
{"index": {"_index":"pob","_id":"2063265"}}
	{"id":2063265,"type":"buy","buyer":"anadolu","seller":"uwelang","symbol":"POB","quantity":"168.01802800","price":"0.07992000","timestamp":1637519592,"volume":"13.42800080","buyTxId":"90ef258aa501fba19d64f64dcdc287b682d90d07","sellTxId":"02825c165e0c212021c3f6a9ae145782d9d88e0d"}
{"index": {"_index":"pob","_id":"2063278"}}
	{"id":2063278,"type":"sell","buyer":"gimme-your-coinz","seller":"gubbatv","symbol":"POB","quantity":"0.60975401","price":"0.07913137","timestamp":1637519736,"volume":"0.04825067","buyTxId":"9ca16a6e89ad341c867abec939e665063684d5d2","sellTxId":"49399338742544e37021da9d1a5cfea751c2d098"}
{"index": {"_index":"pob","_id":"2063358"}}
	{"id":2063358,"type":"sell","buyer":"gimme-your-coinz","seller":"active-truth","symbol":"POB","quantity":"222.00000000","price":"0.07914138","timestamp":1637520195,"volume":"17.56938636","buyTxId":"03ddde739fb9b9801d6b42259b7b3b31ad358795","sellTxId":"6ed50fecc17b2a824eed8991f9b988b99e22b806"}
{"index": {"_index":"pob","_id":"2063361"}}
	{"id":2063361,"type":"buy","buyer":"gimme-your-coinz","seller":"active-truth","symbol":"POB","quantity":"109.59528122","price":"0.07914138","timestamp":1637520210,"volume":"8.67352180","buyTxId":"a511d91704d384dd73c73118f703ad72736c835a","sellTxId":"6ed50fecc17b2a824eed8991f9b988b99e22b806"}
{"index": {"_index":"pob","_id":"2063384"}}
	{"id":2063384,"type":"sell","buyer":"gimme-your-coinz","seller":"dhedge-drips","symbol":"POB","quantity":"0.91006622","price":"0.07915139","timestamp":1637520387,"volume":"0.07203301","buyTxId":"bf13ffe87b9bd5241f23c6325c8089d1b3221be3","sellTxId":"7619e93e8b4034e0b8c4388ddff4c0226da3cdd2"}
{"index": {"_index":"pob","_id":"2063460"}}
	{"id":2063460,"type":"sell","buyer":"gimme-your-coinz","seller":"sublimjester","symbol":"POB","quantity":"0.017","price":"0.07917141","timestamp":1637520957,"volume":"0.00134591","buyTxId":"47be398154d2b17cedb8d9ca26c7effa100b7ed8","sellTxId":"09470ac7c12843647e2d2bdbee49439a11cac5f6"}
{"index": {"_index":"pob","_id":"2063587"}}
	{"id":2063587,"type":"sell","buyer":"gimme-your-coinz","seller":"uyobong","symbol":"POB","quantity":"51.63260533","price":"0.07919143","timestamp":1637521704,"volume":"4.08885985","buyTxId":"fa1c189371efb210c2fd790bdb39fe9977e0a3a1","sellTxId":"d7f9582e674afe8dcdd6c656da7c1a681b8be9a7"}
{"index": {"_index":"pob","_id":"2063627"}}
	{"id":2063627,"type":"sell","buyer":"gimme-your-coinz","seller":"twicejoy","symbol":"POB","quantity":"1.19496002","price":"0.07920144","timestamp":1637521959,"volume":"0.09464255","buyTxId":"ed0c14928affce7b769c1bb77d36002b1fc92a5c","sellTxId":"99ae558d93630c5cacfa8461a8de4617ed7fc193"}
{"index": {"_index":"pob","_id":"2063745"}}
	{"id":2063745,"type":"buy","buyer":"coininstant","seller":"uwelang","symbol":"POB","quantity":"0.00000053","price":"0.07992000","timestamp":1637523006,"volume":"0.00000004","buyTxId":"2c34d9497db6bc0432c6c29eea1bb68d30b47b3b","sellTxId":"02825c165e0c212021c3f6a9ae145782d9d88e0d"}
{"index": {"_index":"pob","_id":"2063746"}}
	{"id":2063746,"type":"buy","buyer":"coininstant","seller":"dhedge-drips","symbol":"POB","quantity":"0.46425785","price":"0.07992000","timestamp":1637523006,"volume":"0.03710349","buyTxId":"2c34d9497db6bc0432c6c29eea1bb68d30b47b3b","sellTxId":"7ecdd505d1a59eee7a27b4a1f358495fb313c4d6"}
{"index": {"_index":"pob","_id":"2063832"}}
	{"id":2063832,"type":"buy","buyer":"lordneroo","seller":"dhedge-drips","symbol":"POB","quantity":"0.44580837","price":"0.07992000","timestamp":1637524578,"volume":"0.03562900","buyTxId":"ead95f4751d775629f92cc8db331291248f6b620","sellTxId":"7ecdd505d1a59eee7a27b4a1f358495fb313c4d6"}
{"index": {"_index":"pob","_id":"2063895"}}
	{"id":2063895,"type":"sell","buyer":"lordneroo","seller":"therealsnowjon","symbol":"POB","quantity":"5.28000000","price":"0.07992000","timestamp":1637525433,"volume":"0.42197760","buyTxId":"ead95f4751d775629f92cc8db331291248f6b620","sellTxId":"5669c55569001cf53a823a69595c0ba08873583b"}
{"index": {"_index":"pob","_id":"2063995"}}
	{"id":2063995,"type":"buy","buyer":"gimme-your-coinz","seller":"kemmyb","symbol":"POB","quantity":"0.91100000","price":"0.11000000","timestamp":1637526222,"volume":"0.10021000","buyTxId":"8f9038407bf3efed186909f7760602eaed57706f","sellTxId":"b1929c5159057c32797bcdd1aa157dbfa43863a4"}
{"index": {"_index":"pob","_id":"2064002"}}
	{"id":2064002,"type":"buy","buyer":"gimme-your-coinz","seller":"kemmyb","symbol":"POB","quantity":"0.91100000","price":"0.11000000","timestamp":1637526276,"volume":"0.10021000","buyTxId":"c5f171b65dfb685a57e9785442314ac55207d364","sellTxId":"b1929c5159057c32797bcdd1aa157dbfa43863a4"}
{"index": {"_index":"pob","_id":"2064021"}}
	{"id":2064021,"type":"buy","buyer":"gimme-your-coinz","seller":"kemmyb","symbol":"POB","quantity":"0.91100000","price":"0.11000000","timestamp":1637526402,"volume":"0.10021000","buyTxId":"49d658695b6e59f54e9e5bddd9c32b012291830b","sellTxId":"b1929c5159057c32797bcdd1aa157dbfa43863a4"}
{"index": {"_index":"pob","_id":"2064041"}}
	{"id":2064041,"type":"buy","buyer":"gimme-your-coinz","seller":"kemmyb","symbol":"POB","quantity":"0.91100000","price":"0.11000000","timestamp":1637526678,"volume":"0.10021000","buyTxId":"42cac5a1f00fa89a9c7b5803565ce43ebf4e0912","sellTxId":"b1929c5159057c32797bcdd1aa157dbfa43863a4"}
{"index": {"_index":"pob","_id":"2064179"}}
	{"id":2064179,"type":"sell","buyer":"anadolu","seller":"citimillz","symbol":"POB","quantity":"3.79916238","price":"0.07994300","timestamp":1637527848,"volume":"0.30371644","buyTxId":"MM-P-12392519-59378865-3-0-0","sellTxId":"f620e680530a59a330030f5af22a2ff8ced93c3d"}
{"index": {"_index":"pob","_id":"2064212"}}
	{"id":2064212,"type":"sell","buyer":"anadolu","seller":"deathwing","symbol":"POB","quantity":"9.66189285","price":"0.07994300","timestamp":1637528106,"volume":"0.77240070","buyTxId":"MM-P-12392519-59378865-3-0-0","sellTxId":"7a48c4fce2161a8f6ebed0789899806a19238ee0-0"}
{"index": {"_index":"pob","_id":"2064256"}}
	{"id":2064256,"type":"buy","buyer":"quicktrades","seller":"toofasteddie","symbol":"POB","quantity":"0.00375523","price":"0.09999900","timestamp":1637528466,"volume":"0.00037552","buyTxId":"1c1b37b2887c77ac36964cc0b7d8ad0480bdfe53","sellTxId":"f31be04e4f43e02e0fa06c1ba723fd02c3f0a249"}
{"index": {"_index":"pob","_id":"2064274"}}
	{"id":2064274,"type":"sell","buyer":"anadolu","seller":"itachi24","symbol":"POB","quantity":"0.23951594","price":"0.07994300","timestamp":1637528583,"volume":"0.01914762","buyTxId":"MM-P-12392519-59378865-3-0-0","sellTxId":"c3ddf38f4c7c6a9430c64b9194dfa37473bf81e3"}
{"index": {"_index":"pob","_id":"2064509"}}
	{"id":2064509,"type":"sell","buyer":"anadolu","seller":"stickupboys","symbol":"POB","quantity":"0.96816480","price":"0.07994300","timestamp":1637531346,"volume":"0.07739800","buyTxId":"MM-P-12392519-59378865-3-0-0","sellTxId":"cc22319261c370a97707f91d3ef18fc9ca653c5c"}
{"index": {"_index":"pob","_id":"2064889"}}
	{"id":2064889,"type":"sell","buyer":"anadolu","seller":"ga38jem","symbol":"POB","quantity":"24.28349944","price":"0.07994300","timestamp":1637535747,"volume":"1.94129580","buyTxId":"MM-P-12392519-59378865-3-0-0","sellTxId":"4bd90cf13331041aabf0d789e25ed71cf015538a"}
{"index": {"_index":"pob","_id":"2065255"}}
	{"id":2065255,"type":"buy","buyer":"holovision","seller":"langvmusic","symbol":"POB","quantity":"2.67500000","price":"0.08000000","timestamp":1637539866,"volume":"0.21400000","buyTxId":"8a1d33a7bc14632a0a32049a2af5ab9d08502db8","sellTxId":"9328a9d6bebd41b0818aa3800b47a985ee9b0aed"}
{"index": {"_index":"pob","_id":"2065259"}}
	{"id":2065259,"type":"sell","buyer":"anadolu","seller":"hive-189742","symbol":"POB","quantity":"0.57285623","price":"0.07994300","timestamp":1637539962,"volume":"0.04579585","buyTxId":"MM-P-12392519-59378865-3-0-0","sellTxId":"77677977655e8ec6cd3897d4f67529695f507d90"}
{"index": {"_index":"pob","_id":"2065440"}}
	{"id":2065440,"type":"sell","buyer":"anadolu","seller":"krevasilis","symbol":"POB","quantity":"14.44716284","price":"0.07994300","timestamp":1637541642,"volume":"1.15494954","buyTxId":"MM-P-12392519-59378865-3-0-0","sellTxId":"f03a56c29a07c9c842bc13e03ade11e5e3b73071"}
{"index": {"_index":"pob","_id":"2065963"}}
	{"id":2065963,"type":"sell","buyer":"anadolu","seller":"numpypython","symbol":"POB","quantity":"1.22216323","price":"0.07994300","timestamp":1637547696,"volume":"0.09770340","buyTxId":"MM-P-12392519-59378865-3-0-0","sellTxId":"1cd44f27a21eaf8b71e71acfccc9931a05bba9a5"}
{"index": {"_index":"pob","_id":"2066041"}}
	{"id":2066041,"type":"sell","buyer":"anadolu","seller":"andy4475","symbol":"POB","quantity":"2.15973899","price":"0.07994300","timestamp":1637548743,"volume":"0.17265601","buyTxId":"MM-P-12392519-59378865-3-0-0","sellTxId":"2a7e5e5b9db31b3b5b258aced7140e69f16e9552"}
{"index": {"_index":"pob","_id":"2066065"}}
	{"id":2066065,"type":"sell","buyer":"anadolu","seller":"barbarabezina","symbol":"POB","quantity":"1.09462598","price":"0.07994300","timestamp":1637548926,"volume":"0.08750768","buyTxId":"MM-P-12392519-59378865-3-0-0","sellTxId":"aefbe7acd717672fca1292d7d51d31bbda9f79d3"}
{"index": {"_index":"pob","_id":"2066066"}}
	{"id":2066066,"type":"sell","buyer":"anadolu","seller":"steem82868","symbol":"POB","quantity":"0.26040544","price":"0.07994300","timestamp":1637548929,"volume":"0.02081759","buyTxId":"MM-P-12392519-59378865-3-0-0","sellTxId":"385e54e364dbc3ed10d1abbcdfe12504b1c46dbd"}
{"index": {"_index":"pob","_id":"2066260"}}
	{"id":2066260,"type":"sell","buyer":"anadolu","seller":"ungranulises","symbol":"POB","quantity":"9.08440511","price":"0.07994300","timestamp":1637551278,"volume":"0.72623460","buyTxId":"MM-P-12392519-59378865-3-0-0","sellTxId":"3934229432cf32e7a6f602f96afb4986a5b2d475"}
{"index": {"_index":"pob","_id":"2066288"}}
	{"id":2066288,"type":"sell","buyer":"anadolu","seller":"paulmoon410","symbol":"POB","quantity":"0.55283848","price":"0.07994300","timestamp":1637551380,"volume":"0.04419557","buyTxId":"MM-P-12392519-59378865-3-0-0","sellTxId":"7ce9c6ca670fec658fbb14d2d1b6dd5b29fdeab5"}
{"index": {"_index":"pob","_id":"2066314"}}
	{"id":2066314,"type":"sell","buyer":"anadolu","seller":"siirif","symbol":"POB","quantity":"0.26837023","price":"0.07994300","timestamp":1637551674,"volume":"0.02145432","buyTxId":"MM-P-12392519-59378865-3-0-0","sellTxId":"029e7a8186a3c3be52ad3495acf26dd490c636aa"}
{"index": {"_index":"pob","_id":"2066353"}}
	{"id":2066353,"type":"sell","buyer":"anadolu","seller":"offgridlife","symbol":"POB","quantity":"10.00000000","price":"0.07994300","timestamp":1637552133,"volume":"0.79943000","buyTxId":"MM-P-12392519-59378865-3-0-0","sellTxId":"a9ce6b0d7bc9944c56d2bb113fca50d34ae209b9"}
{"index": {"_index":"pob","_id":"2066355"}}
	{"id":2066355,"type":"sell","buyer":"anadolu","seller":"offgridlife","symbol":"POB","quantity":"10.00000000","price":"0.07994300","timestamp":1637552139,"volume":"0.79943000","buyTxId":"MM-P-12392519-59378865-3-0-0","sellTxId":"fee8de09e57b2dfc11ccf76c938840c7129a5a8b"}
{"index": {"_index":"pob","_id":"2066418"}}
	{"id":2066418,"type":"sell","buyer":"anadolu","seller":"rob23","symbol":"POB","quantity":"6.37593713","price":"0.07994300","timestamp":1637552535,"volume":"0.50971154","buyTxId":"MM-P-12392519-59378865-3-0-0","sellTxId":"e37b16db7266e9a2dd569435ea50dab6580c6608"}
