{"index": {"_index":"pob","_id":"1868360"}}
	{"id":1868360,"type":"sell","buyer":"richardcrill","seller":"magnacarta","symbol":"POB","quantity":"0.00064404","price":"0.12711000","timestamp":1635912570,"volume":"0.00008186","buyTxId":"MM-P-11855294-58841077-3-9-0","sellTxId":"e6dcbe0c89e3ad4c245da636642f21865d7de325"}
{"index": {"_index":"pob","_id":"1868423"}}
	{"id":1868423,"type":"sell","buyer":"richardcrill","seller":"torrecoin90","symbol":"POB","quantity":"0.96398357","price":"0.12711000","timestamp":1635913563,"volume":"0.12253195","buyTxId":"MM-P-11855294-58841077-3-9-0","sellTxId":"b42e72fe78ca58e60640a8e875bbc9bc428e71be"}
{"index": {"_index":"pob","_id":"1868514"}}
	{"id":1868514,"type":"sell","buyer":"richardcrill","seller":"trumpman","symbol":"POB","quantity":"38.56803215","price":"0.12711000","timestamp":1635914847,"volume":"4.90238257","buyTxId":"MM-P-11855294-58841077-3-9-0","sellTxId":"dea6024acbfa9aa5254fcdd248fdcba3da548a80"}
{"index": {"_index":"pob","_id":"1868554"}}
	{"id":1868554,"type":"sell","buyer":"richardcrill","seller":"magnacarta","symbol":"POB","quantity":"3.2719794","price":"0.12711000","timestamp":1635915492,"volume":"0.41590130","buyTxId":"MM-P-11855294-58841077-3-9-0","sellTxId":"09d9d4e7d76cb3fe00ff0e5c4fac68766e1b876c"}
{"index": {"_index":"pob","_id":"1868655"}}
	{"id":1868655,"type":"buy","buyer":"thatcryptodave","seller":"specialfeelings","symbol":"POB","quantity":"0.42055662","price":"0.13800000","timestamp":1635916674,"volume":"0.05803681","buyTxId":"72291be4396f0fa89686d378a09ffea652c2b06a","sellTxId":"afe9b50888c521807d8fde284cc86deea27b2b58"}
{"index": {"_index":"pob","_id":"1868666"}}
	{"id":1868666,"type":"buy","buyer":"thatcryptodave","seller":"skylinebuds","symbol":"POB","quantity":"1.92344338","price":"0.13900000","timestamp":1635916818,"volume":"0.26735863","buyTxId":"b189cbe10e3404eb0da053a8c628393325ed8ff2","sellTxId":"48f2f868743531b0988f84d5c4c1db5ca79b43b7"}
{"index": {"_index":"pob","_id":"1868866"}}
	{"id":1868866,"type":"sell","buyer":"richardcrill","seller":"rsntpl","symbol":"POB","quantity":"2.28008161","price":"0.12711000","timestamp":1635919905,"volume":"0.28982117","buyTxId":"MM-P-11855294-58841077-3-9-0","sellTxId":"e3ab5a400c4a0750227e57e416ec3845b73d88d0"}
{"index": {"_index":"pob","_id":"1868924"}}
	{"id":1868924,"type":"sell","buyer":"richardcrill","seller":"mawit07","symbol":"POB","quantity":"5.06533681","price":"0.12711000","timestamp":1635920340,"volume":"0.64385496","buyTxId":"MM-P-11855294-58841077-3-9-0","sellTxId":"a5f93143ef9efdbbcec80eebfdcdf3b09331255a"}
{"index": {"_index":"pob","_id":"1868987"}}
	{"id":1868987,"type":"sell","buyer":"richardcrill","seller":"pobtrader","symbol":"POB","quantity":"35.06000000","price":"0.12711000","timestamp":1635921186,"volume":"4.45647660","buyTxId":"MM-P-11855294-58841077-3-9-0","sellTxId":"2fcb48f52212ded547f420a651fddfa3dab114ec"}
{"index": {"_index":"pob","_id":"1869242"}}
	{"id":1869242,"type":"sell","buyer":"richardcrill","seller":"stickupboys","symbol":"POB","quantity":"3.12304574","price":"0.12711000","timestamp":1635923829,"volume":"0.39697034","buyTxId":"MM-P-11855294-58841077-3-9-0","sellTxId":"a868c7e7013658944a1f22a9b53dde9c0f79814e"}
{"index": {"_index":"pob","_id":"1869259"}}
	{"id":1869259,"type":"sell","buyer":"richardcrill","seller":"achim03","symbol":"POB","quantity":"3.39000000","price":"0.12711000","timestamp":1635924024,"volume":"0.43090290","buyTxId":"MM-P-11855294-58841077-3-9-0","sellTxId":"40bbfbeaae5c4e3eecf30db91327d348dcd37464"}
{"index": {"_index":"pob","_id":"1869607"}}
	{"id":1869607,"type":"sell","buyer":"olympicdragon","seller":"gubbatv","symbol":"POB","quantity":"0.64737151","price":"0.13100000","timestamp":1635927585,"volume":"0.08480567","buyTxId":"275c238c3d0eda431ef98e7353c703864801f382","sellTxId":"024bbfd98eb692c0b5d7e887b57d0b582844c3f6"}
{"index": {"_index":"pob","_id":"1869810"}}
	{"id":1869810,"type":"sell","buyer":"olympicdragon","seller":"trentonlundy1","symbol":"POB","quantity":"0.00774111","price":"0.13100000","timestamp":1635929184,"volume":"0.00101409","buyTxId":"275c238c3d0eda431ef98e7353c703864801f382","sellTxId":"64fea37dfb55e033fafc7ea2a640d1e6a92e4a58"}
{"index": {"_index":"pob","_id":"1869884"}}
	{"id":1869884,"type":"buy","buyer":"badbitch","seller":"speedtuning","symbol":"POB","quantity":"26.62814053","price":"0.13498000","timestamp":1635929652,"volume":"3.59426641","buyTxId":"6a67c28b6da38394a6fb5c0c1a3cb67b5a8ba470","sellTxId":"670f0c86a7398b53cccd37c006b2f9193323cb8f"}
{"index": {"_index":"pob","_id":"1869890"}}
	{"id":1869890,"type":"buy","buyer":"badbitch","seller":"barski","symbol":"POB","quantity":"0.27125122","price":"0.13499000","timestamp":1635929700,"volume":"0.03661620","buyTxId":"ce1ab401add725912e2e4d91c8e796f7788cddba","sellTxId":"57589aa6ff515389a7139820ca7047788be86cb9"}
{"index": {"_index":"pob","_id":"1869891"}}
	{"id":1869891,"type":"buy","buyer":"badbitch","seller":"dubble","symbol":"POB","quantity":"0.25138050","price":"0.13499000","timestamp":1635929700,"volume":"0.03393385","buyTxId":"ce1ab401add725912e2e4d91c8e796f7788cddba","sellTxId":"063fcd411812a0d950d2d2229541be094a9836c5"}
{"index": {"_index":"pob","_id":"1869892"}}
	{"id":1869892,"type":"buy","buyer":"badbitch","seller":"domelay","symbol":"POB","quantity":"99.47736828","price":"0.13500000","timestamp":1635929700,"volume":"13.42944472","buyTxId":"ce1ab401add725912e2e4d91c8e796f7788cddba","sellTxId":"4caa3101f19f89f826dd000c6c5a72400a70f8ba"}
{"index": {"_index":"pob","_id":"1870096"}}
	{"id":1870096,"type":"buy","buyer":"he-index","seller":"domelay","symbol":"POB","quantity":"4.37800000","price":"0.13500000","timestamp":1635931578,"volume":"0.59103000","buyTxId":"264dc4fc454b427e2c26ce16fac59956938df792","sellTxId":"4caa3101f19f89f826dd000c6c5a72400a70f8ba"}
{"index": {"_index":"pob","_id":"1870209"}}
	{"id":1870209,"type":"sell","buyer":"olympicdragon","seller":"domelay","symbol":"POB","quantity":"14.34488738","price":"0.13100000","timestamp":1635932952,"volume":"1.87918024","buyTxId":"275c238c3d0eda431ef98e7353c703864801f382","sellTxId":"092825d52d2981c66c2139b2b5fd6fb947fd01f0"}
{"index": {"_index":"pob","_id":"1870312"}}
	{"id":1870312,"type":"sell","buyer":"he-index","seller":"vanillavow","symbol":"POB","quantity":"6.95500000","price":"0.12711000","timestamp":1635933966,"volume":"0.88405005","buyTxId":"287820866177b66c519fcd3ae917ec48e747c64a","sellTxId":"0a00edcacbd29eefe0c36e60a2bfb099091282f5"}
{"index": {"_index":"pob","_id":"1870313"}}
	{"id":1870313,"type":"sell","buyer":"coininstant","seller":"vanillavow","symbol":"POB","quantity":"3.98709755","price":"0.12701000","timestamp":1635933966,"volume":"0.50640126","buyTxId":"cec9ca2801e7865e6e6f0eb59d9a2fec9ed7a23c","sellTxId":"0a00edcacbd29eefe0c36e60a2bfb099091282f5"}
{"index": {"_index":"pob","_id":"1870494"}}
	{"id":1870494,"type":"sell","buyer":"coininstant","seller":"steem82868","symbol":"POB","quantity":"0.10429710","price":"0.12701000","timestamp":1635936489,"volume":"0.01324677","buyTxId":"cec9ca2801e7865e6e6f0eb59d9a2fec9ed7a23c","sellTxId":"be4400f98aad4f47c1f130eb4cf2f97cb4c84b5e"}
{"index": {"_index":"pob","_id":"1870547"}}
	{"id":1870547,"type":"sell","buyer":"coininstant","seller":"steemstreems","symbol":"POB","quantity":"0.00004185","price":"0.12701000","timestamp":1635937299,"volume":"0.00000532","buyTxId":"cec9ca2801e7865e6e6f0eb59d9a2fec9ed7a23c","sellTxId":"fd60eb636a0e2bfb844aafda6ed1898c4ba112fc"}
{"index": {"_index":"pob","_id":"1870715"}}
	{"id":1870715,"type":"sell","buyer":"coininstant","seller":"justinparke","symbol":"POB","quantity":"0.75975697","price":"0.12701000","timestamp":1635939114,"volume":"0.09649673","buyTxId":"cec9ca2801e7865e6e6f0eb59d9a2fec9ed7a23c","sellTxId":"8a090f7176a67d41cb21430654e92e0a582363d4"}
{"index": {"_index":"pob","_id":"1870906"}}
	{"id":1870906,"type":"sell","buyer":"coininstant","seller":"hive-data","symbol":"POB","quantity":"12.76392133","price":"0.12701000","timestamp":1635941124,"volume":"1.62114565","buyTxId":"cec9ca2801e7865e6e6f0eb59d9a2fec9ed7a23c","sellTxId":"390dfa9dd38c371608e69c306e6b9c49b86ebaad"}
{"index": {"_index":"pob","_id":"1870915"}}
	{"id":1870915,"type":"sell","buyer":"coininstant","seller":"andy4475","symbol":"POB","quantity":"1.15493454","price":"0.12701000","timestamp":1635941196,"volume":"0.14668824","buyTxId":"cec9ca2801e7865e6e6f0eb59d9a2fec9ed7a23c","sellTxId":"d2c48c5939be8dcd4e955cc60788c6c3305d7d8e"}
{"index": {"_index":"pob","_id":"1870932"}}
	{"id":1870932,"type":"sell","buyer":"coininstant","seller":"alfarero","symbol":"POB","quantity":"0.89447000","price":"0.12701000","timestamp":1635941289,"volume":"0.11360663","buyTxId":"cec9ca2801e7865e6e6f0eb59d9a2fec9ed7a23c","sellTxId":"a20b460fba7cee9760bdca3a47ded10e9befb0c6"}
{"index": {"_index":"pob","_id":"1871030"}}
	{"id":1871030,"type":"sell","buyer":"coininstant","seller":"victoriabsb","symbol":"POB","quantity":"1.47344015","price":"0.12701000","timestamp":1635942444,"volume":"0.18714163","buyTxId":"cec9ca2801e7865e6e6f0eb59d9a2fec9ed7a23c","sellTxId":"bf32779a92dc753034a1bfbc5ee2dbd133265012"}
{"index": {"_index":"pob","_id":"1871518"}}
	{"id":1871518,"type":"sell","buyer":"coininstant","seller":"hive-127788","symbol":"POB","quantity":"0.80356054","price":"0.12701000","timestamp":1635946575,"volume":"0.10206022","buyTxId":"cec9ca2801e7865e6e6f0eb59d9a2fec9ed7a23c","sellTxId":"9df3d555498a88ab7f79a81a563ea108e11214ae"}
{"index": {"_index":"pob","_id":"1871621"}}
	{"id":1871621,"type":"sell","buyer":"coininstant","seller":"adalger","symbol":"POB","quantity":"0.01457665","price":"0.12701000","timestamp":1635947379,"volume":"0.00185138","buyTxId":"cec9ca2801e7865e6e6f0eb59d9a2fec9ed7a23c","sellTxId":"df2bf4f916f2f7c786204d55d1c85275a49be79d"}
{"index": {"_index":"pob","_id":"1871720"}}
	{"id":1871720,"type":"sell","buyer":"coininstant","seller":"candy49","symbol":"POB","quantity":"0.85253194","price":"0.12701000","timestamp":1635948336,"volume":"0.10828008","buyTxId":"cec9ca2801e7865e6e6f0eb59d9a2fec9ed7a23c","sellTxId":"78bd72ae02722d73e688d1a1e545084af113d214"}
{"index": {"_index":"pob","_id":"1871774"}}
	{"id":1871774,"type":"sell","buyer":"coininstant","seller":"eythorphoto","symbol":"POB","quantity":"0.32374548","price":"0.12701000","timestamp":1635948960,"volume":"0.04111891","buyTxId":"cec9ca2801e7865e6e6f0eb59d9a2fec9ed7a23c","sellTxId":"0b8ad629a4499fd589d2537564bec5543a80a5f4"}
{"index": {"_index":"pob","_id":"1871789"}}
	{"id":1871789,"type":"sell","buyer":"speedtuning","seller":"amanda.yrr","symbol":"POB","quantity":"0.85795691","price":"0.12591000","timestamp":1635949128,"volume":"0.10802535","buyTxId":"5403c0ffe14f5876dfb0f438a165fc0db6bdcf6b","sellTxId":"0863f26bcf77c4098e1ebfa64e8a022ba15d55f9"}
{"index": {"_index":"pob","_id":"1871893"}}
	{"id":1871893,"type":"sell","buyer":"speedtuning","seller":"ftfund","symbol":"POB","quantity":"1.65049364","price":"0.12591000","timestamp":1635950007,"volume":"0.20781365","buyTxId":"5403c0ffe14f5876dfb0f438a165fc0db6bdcf6b","sellTxId":"6c791c8f50a24e5aeb7b784fc1ba02afb7e3c9eb"}
{"index": {"_index":"pob","_id":"1872032"}}
	{"id":1872032,"type":"sell","buyer":"speedtuning","seller":"captainquack22","symbol":"POB","quantity":"0.94100676","price":"0.12591000","timestamp":1635951084,"volume":"0.11848216","buyTxId":"5403c0ffe14f5876dfb0f438a165fc0db6bdcf6b","sellTxId":"643e76268892372832083d62ceb758588a180bbd"}
{"index": {"_index":"pob","_id":"1872231"}}
	{"id":1872231,"type":"buy","buyer":"pixelfan","seller":"eythorphoto","symbol":"POB","quantity":"0.43582483","price":"0.12701000","timestamp":1635952824,"volume":"0.05535411","buyTxId":"9042f5bf913b5ce7f4e9ccc6c1b77ee82d419b86","sellTxId":"0b8ad629a4499fd589d2537564bec5543a80a5f4"}
{"index": {"_index":"pob","_id":"1872232"}}
	{"id":1872232,"type":"buy","buyer":"pixelfan","seller":"mein-senf-dazu","symbol":"POB","quantity":"1.31089153","price":"0.13299900","timestamp":1635952824,"volume":"0.17434726","buyTxId":"9042f5bf913b5ce7f4e9ccc6c1b77ee82d419b86","sellTxId":"ef20d7ea793b6f66ccf8efd520fa4d75729b5126"}
{"index": {"_index":"pob","_id":"1872233"}}
	{"id":1872233,"type":"buy","buyer":"pixelfan","seller":"domelay","symbol":"POB","quantity":"8.25328364","price":"0.13300000","timestamp":1635952824,"volume":"1.09768672","buyTxId":"9042f5bf913b5ce7f4e9ccc6c1b77ee82d419b86","sellTxId":"8fd4f4d3894a4309e3ee85e629218201e0e8707a"}
{"index": {"_index":"pob","_id":"1872236"}}
	{"id":1872236,"type":"buy","buyer":"pixelfan","seller":"domelay","symbol":"POB","quantity":"20.00000000","price":"0.13300000","timestamp":1635952863,"volume":"2.66000000","buyTxId":"4d6a125c9a0f7de167411fcfc88907bb671984a1","sellTxId":"8fd4f4d3894a4309e3ee85e629218201e0e8707a"}
{"index": {"_index":"pob","_id":"1872240"}}
	{"id":1872240,"type":"buy","buyer":"pixelfan","seller":"domelay","symbol":"POB","quantity":"1.00000000","price":"0.13300000","timestamp":1635952932,"volume":"0.13300000","buyTxId":"4398ba68a5abeb6b6d7678dbae1ce6279982bcd7","sellTxId":"8fd4f4d3894a4309e3ee85e629218201e0e8707a"}
{"index": {"_index":"pob","_id":"1872283"}}
	{"id":1872283,"type":"sell","buyer":"speedtuning","seller":"automaton","symbol":"POB","quantity":"26.83155407","price":"0.12591000","timestamp":1635953178,"volume":"3.37836097","buyTxId":"5403c0ffe14f5876dfb0f438a165fc0db6bdcf6b","sellTxId":"db0c8747839e797209d1c7162737045f599d9534"}
{"index": {"_index":"pob","_id":"1872394"}}
	{"id":1872394,"type":"sell","buyer":"speedtuning","seller":"ugochill","symbol":"POB","quantity":"0.00950000","price":"0.12591000","timestamp":1635954219,"volume":"0.00119615","buyTxId":"5403c0ffe14f5876dfb0f438a165fc0db6bdcf6b","sellTxId":"00c45c357b0342eb3c35d73b4aaecce637508880"}
{"index": {"_index":"pob","_id":"1872402"}}
	{"id":1872402,"type":"sell","buyer":"speedtuning","seller":"kevmcc","symbol":"POB","quantity":"1.00000000","price":"0.12591000","timestamp":1635954285,"volume":"0.12591000","buyTxId":"5403c0ffe14f5876dfb0f438a165fc0db6bdcf6b","sellTxId":"56d47243075a0eb2d2ddd3b00a6d8fa75fa73953"}
{"index": {"_index":"pob","_id":"1872403"}}
	{"id":1872403,"type":"sell","buyer":"speedtuning","seller":"sketchygamerguy","symbol":"POB","quantity":"0.00061225","price":"0.12591000","timestamp":1635954303,"volume":"0.00007709","buyTxId":"5403c0ffe14f5876dfb0f438a165fc0db6bdcf6b","sellTxId":"1c63a093a54b3e4d1042b6a32504aa2d2ecf8332"}
{"index": {"_index":"pob","_id":"1872452"}}
	{"id":1872452,"type":"sell","buyer":"speedtuning","seller":"barski","symbol":"POB","quantity":"0.20480056","price":"0.12591000","timestamp":1635954864,"volume":"0.02578644","buyTxId":"5403c0ffe14f5876dfb0f438a165fc0db6bdcf6b","sellTxId":"1962f270ac920a58c4b67966b6e97d3273d31eb4"}
{"index": {"_index":"pob","_id":"1872661"}}
	{"id":1872661,"type":"sell","buyer":"speedtuning","seller":"theguru.photos","symbol":"POB","quantity":"7.01937965","price":"0.12591000","timestamp":1635956586,"volume":"0.88381009","buyTxId":"5403c0ffe14f5876dfb0f438a165fc0db6bdcf6b","sellTxId":"44381b25a21705fee3ad33deae063d13fd342889"}
{"index": {"_index":"pob","_id":"1872662"}}
	{"id":1872662,"type":"sell","buyer":"speedtuning","seller":"mobi72","symbol":"POB","quantity":"1.23099272","price":"0.12591000","timestamp":1635956589,"volume":"0.15499429","buyTxId":"5403c0ffe14f5876dfb0f438a165fc0db6bdcf6b","sellTxId":"1bb2cc95eddb1504e3ef84e991dfcb4d146e6177"}
{"index": {"_index":"pob","_id":"1872758"}}
	{"id":1872758,"type":"sell","buyer":"speedtuning","seller":"captaincryptic","symbol":"POB","quantity":"2.39652885","price":"0.12591000","timestamp":1635957012,"volume":"0.30174695","buyTxId":"5403c0ffe14f5876dfb0f438a165fc0db6bdcf6b","sellTxId":"9096c1d4fef79bdfa1cfa93d4fa5c57f3a98ddc8"}
{"index": {"_index":"pob","_id":"1872836"}}
	{"id":1872836,"type":"sell","buyer":"speedtuning","seller":"savagetobi","symbol":"POB","quantity":"20","price":"0.12591000","timestamp":1635957459,"volume":"2.51820000","buyTxId":"5403c0ffe14f5876dfb0f438a165fc0db6bdcf6b","sellTxId":"797a880bcad14bb75cb6f40246e599bdb9991a25"}
{"index": {"_index":"pob","_id":"1872935"}}
	{"id":1872935,"type":"sell","buyer":"speedtuning","seller":"shepz1","symbol":"POB","quantity":"111.22903406","price":"0.12591000","timestamp":1635957990,"volume":"14.00484768","buyTxId":"5403c0ffe14f5876dfb0f438a165fc0db6bdcf6b","sellTxId":"ca5939f981dd8fadee2321f94b3ac282b3f90ded"}
{"index": {"_index":"pob","_id":"1872936"}}
	{"id":1872936,"type":"sell","buyer":"he-index","seller":"shepz1","symbol":"POB","quantity":"4.52700000","price":"0.12591000","timestamp":1635957990,"volume":"0.56999457","buyTxId":"ec5e699eaf20766cf0c6c69373091a78b64b9916","sellTxId":"ca5939f981dd8fadee2321f94b3ac282b3f90ded"}
{"index": {"_index":"pob","_id":"1873071"}}
	{"id":1873071,"type":"sell","buyer":"gimme-your-coinz","seller":"quinnertronics","symbol":"POB","quantity":"0.90717112","price":"0.12580000","timestamp":1635959247,"volume":"0.11412213","buyTxId":"4ba26dba7e849c0e00b8967e237a379dc07f35f8","sellTxId":"155b2c244184e518d8ab03a40e03fc5c7c2f3943"}
{"index": {"_index":"pob","_id":"1873079"}}
	{"id":1873079,"type":"sell","buyer":"gimme-your-coinz","seller":"dudeontheweb","symbol":"POB","quantity":"3.60000000","price":"0.12580000","timestamp":1635959295,"volume":"0.45288000","buyTxId":"4ba26dba7e849c0e00b8967e237a379dc07f35f8","sellTxId":"debbc975c058c2a98066d1c0bd01076128080be7"}
{"index": {"_index":"pob","_id":"1873175"}}
	{"id":1873175,"type":"sell","buyer":"gimme-your-coinz","seller":"rubenmedina182","symbol":"POB","quantity":"20.04106571","price":"0.12580000","timestamp":1635959649,"volume":"2.52116607","buyTxId":"4ba26dba7e849c0e00b8967e237a379dc07f35f8","sellTxId":"e75e9a8bdfb5308efd0a4018421f6eeec942791d"}
{"index": {"_index":"pob","_id":"1873235"}}
	{"id":1873235,"type":"sell","buyer":"gimme-your-coinz","seller":"oscurity","symbol":"POB","quantity":"8.45176317","price":"0.12580000","timestamp":1635960015,"volume":"1.06323180","buyTxId":"4ba26dba7e849c0e00b8967e237a379dc07f35f8","sellTxId":"ecf8363778488d535bd5917de12652f946c0c753"}
{"index": {"_index":"pob","_id":"1873236"}}
	{"id":1873236,"type":"sell","buyer":"edipascal","seller":"oscurity","symbol":"POB","quantity":"9.42823683","price":"0.12570000","timestamp":1635960015,"volume":"1.18512937","buyTxId":"db4f2a9518056ad18ab1a2144e27ecd2fd85c3f4","sellTxId":"ecf8363778488d535bd5917de12652f946c0c753"}
{"index": {"_index":"pob","_id":"1873526"}}
	{"id":1873526,"type":"sell","buyer":"edipascal","seller":"cryptomaniacsgr","symbol":"POB","quantity":"36.90000000","price":"0.12570000","timestamp":1635962784,"volume":"4.63833000","buyTxId":"db4f2a9518056ad18ab1a2144e27ecd2fd85c3f4","sellTxId":"b80d6515fb339e7091eaeb3aaa6244e9f6d975b0"}
{"index": {"_index":"pob","_id":"1873537"}}
	{"id":1873537,"type":"sell","buyer":"edipascal","seller":"acesontop","symbol":"POB","quantity":"29.15119410","price":"0.12570000","timestamp":1635962958,"volume":"3.66430510","buyTxId":"db4f2a9518056ad18ab1a2144e27ecd2fd85c3f4","sellTxId":"0dad0f8b764b9f931caa8fdb190e1b4214bf459c"}
{"index": {"_index":"pob","_id":"1873629"}}
	{"id":1873629,"type":"sell","buyer":"edipascal","seller":"offgridlife","symbol":"POB","quantity":"35.00000000","price":"0.12570000","timestamp":1635963345,"volume":"4.39950000","buyTxId":"db4f2a9518056ad18ab1a2144e27ecd2fd85c3f4","sellTxId":"898406b60b278f72b40a6b42680df949151b1952"}
{"index": {"_index":"pob","_id":"1873704"}}
	{"id":1873704,"type":"sell","buyer":"edipascal","seller":"citimillz","symbol":"POB","quantity":"1.85403439","price":"0.12570000","timestamp":1635963960,"volume":"0.23305212","buyTxId":"db4f2a9518056ad18ab1a2144e27ecd2fd85c3f4","sellTxId":"e9d747aff9261c509c561e1c0cb442eadfbca112"}
{"index": {"_index":"pob","_id":"1873778"}}
	{"id":1873778,"type":"sell","buyer":"edipascal","seller":"iyiade","symbol":"POB","quantity":"22.10000000","price":"0.12570000","timestamp":1635964377,"volume":"2.77797000","buyTxId":"db4f2a9518056ad18ab1a2144e27ecd2fd85c3f4","sellTxId":"e185a8a7c5ff8b91ba650058aa734689d90b5730"}
{"index": {"_index":"pob","_id":"1873846"}}
	{"id":1873846,"type":"sell","buyer":"edipascal","seller":"gillianpearce","symbol":"POB","quantity":"10.00000000","price":"0.12570000","timestamp":1635964812,"volume":"1.25700000","buyTxId":"db4f2a9518056ad18ab1a2144e27ecd2fd85c3f4","sellTxId":"aed1f69073e205fe45b2a99a00b8de7961cb65fb"}
{"index": {"_index":"pob","_id":"1873923"}}
	{"id":1873923,"type":"buy","buyer":"elricmoonslayer","seller":"shepz1","symbol":"POB","quantity":"8.71185000","price":"0.12591000","timestamp":1635965382,"volume":"1.09690903","buyTxId":"bae47314eafaa1738b91f5e7376c345bd7263e94","sellTxId":"ca5939f981dd8fadee2321f94b3ac282b3f90ded"}
{"index": {"_index":"pob","_id":"1873976"}}
	{"id":1873976,"type":"sell","buyer":"edipascal","seller":"decentropia","symbol":"POB","quantity":"0.66863659","price":"0.12570000","timestamp":1635965856,"volume":"0.08404762","buyTxId":"db4f2a9518056ad18ab1a2144e27ecd2fd85c3f4","sellTxId":"8156b101a8a3a6087d06d508011cf69d53d7dce4"}
{"index": {"_index":"pob","_id":"1874014"}}
	{"id":1874014,"type":"sell","buyer":"edipascal","seller":"stickupofficial1","symbol":"POB","quantity":"0.55346133","price":"0.12570000","timestamp":1635966072,"volume":"0.06957009","buyTxId":"db4f2a9518056ad18ab1a2144e27ecd2fd85c3f4","sellTxId":"b9fa5808185f487d52f9afcb8aefc8e74e5486d6"}
{"index": {"_index":"pob","_id":"1874114"}}
	{"id":1874114,"type":"sell","buyer":"edipascal","seller":"decentropia","symbol":"POB","quantity":"0.02482437","price":"0.12570000","timestamp":1635966900,"volume":"0.00312042","buyTxId":"db4f2a9518056ad18ab1a2144e27ecd2fd85c3f4","sellTxId":"1f109b8794d3305aab2565b4f8027e82312e6d46"}
{"index": {"_index":"pob","_id":"1874168"}}
	{"id":1874168,"type":"sell","buyer":"edipascal","seller":"offgridlife","symbol":"POB","quantity":"10.00000000","price":"0.12570000","timestamp":1635967404,"volume":"1.25700000","buyTxId":"db4f2a9518056ad18ab1a2144e27ecd2fd85c3f4","sellTxId":"b1b4e3617b5152f661e4041ebac6f18a821f590f"}
{"index": {"_index":"pob","_id":"1874234"}}
	{"id":1874234,"type":"buy","buyer":"helicopterben","seller":"shepz1","symbol":"POB","quantity":"75.00000000","price":"0.12591000","timestamp":1635968019,"volume":"9.44325000","buyTxId":"dd0d11b2b9577c0513351f8dde23e1af88364848","sellTxId":"ca5939f981dd8fadee2321f94b3ac282b3f90ded"}
{"index": {"_index":"pob","_id":"1874323"}}
	{"id":1874323,"type":"buy","buyer":"coininstant","seller":"shepz1","symbol":"POB","quantity":"2014.26194055","price":"0.12591000","timestamp":1635968652,"volume":"253.61572093","buyTxId":"5c13c215aefd444b275e803291b99c020282f90c","sellTxId":"ca5939f981dd8fadee2321f94b3ac282b3f90ded"}
{"index": {"_index":"pob","_id":"1874468"}}
	{"id":1874468,"type":"sell","buyer":"coininstant","seller":"toofasteddie","symbol":"POB","quantity":"3.12192230","price":"0.12591000","timestamp":1635970164,"volume":"0.39308124","buyTxId":"5c13c215aefd444b275e803291b99c020282f90c","sellTxId":"2be0027a4551e04510e120c852dbbd3d53b4ee47"}
{"index": {"_index":"pob","_id":"1874533"}}
	{"id":1874533,"type":"sell","buyer":"coininstant","seller":"paulmoon410","symbol":"POB","quantity":"0.40005337","price":"0.12591000","timestamp":1635970974,"volume":"0.05037072","buyTxId":"5c13c215aefd444b275e803291b99c020282f90c","sellTxId":"ec314b40384d97a7bff43511a65586a57e3b1d98"}
{"index": {"_index":"pob","_id":"1874615"}}
	{"id":1874615,"type":"sell","buyer":"coininstant","seller":"siirif","symbol":"POB","quantity":"13.58707547","price":"0.12591000","timestamp":1635972060,"volume":"1.71074867","buyTxId":"5c13c215aefd444b275e803291b99c020282f90c","sellTxId":"fec0aedfc203f130ffd7a0c29b395ff1e4e0fa0b"}
{"index": {"_index":"pob","_id":"1874709"}}
	{"id":1874709,"type":"sell","buyer":"coininstant","seller":"deathwing","symbol":"POB","quantity":"0.025","price":"0.12591000","timestamp":1635972906,"volume":"0.00314775","buyTxId":"5c13c215aefd444b275e803291b99c020282f90c","sellTxId":"eada741722c319de747defc3d8d68bdddc6eb8cd-0"}
{"index": {"_index":"pob","_id":"1874761"}}
	{"id":1874761,"type":"sell","buyer":"coininstant","seller":"fatherfaith","symbol":"POB","quantity":"0.55778000","price":"0.12591000","timestamp":1635973473,"volume":"0.07023008","buyTxId":"5c13c215aefd444b275e803291b99c020282f90c","sellTxId":"9c1ee4e78a73be0102a10a400239dfcc7d9ff07b"}
{"index": {"_index":"pob","_id":"1874916"}}
	{"id":1874916,"type":"sell","buyer":"coininstant","seller":"magnacarta","symbol":"POB","quantity":"0.00065404","price":"0.12591000","timestamp":1635975045,"volume":"0.00008235","buyTxId":"5c13c215aefd444b275e803291b99c020282f90c","sellTxId":"8c4d0e026bb161a02107e61506613a1d30ea8354"}
{"index": {"_index":"pob","_id":"1875059"}}
	{"id":1875059,"type":"sell","buyer":"coininstant","seller":"he-index","symbol":"POB","quantity":"0.05800000","price":"0.12591000","timestamp":1635976866,"volume":"0.00730278","buyTxId":"5c13c215aefd444b275e803291b99c020282f90c","sellTxId":"2caae2659274a3be26cd40b973b748097e2ec25c"}
{"index": {"_index":"pob","_id":"1875123"}}
	{"id":1875123,"type":"sell","buyer":"coininstant","seller":"sketchygamerguy","symbol":"POB","quantity":"0.00029026","price":"0.12591000","timestamp":1635977529,"volume":"0.00003655","buyTxId":"5c13c215aefd444b275e803291b99c020282f90c","sellTxId":"420ca4e12b122f47ae102073a1f1bbf5d0a1d5d6"}
{"index": {"_index":"pob","_id":"1875140"}}
	{"id":1875140,"type":"sell","buyer":"coininstant","seller":"skyple","symbol":"POB","quantity":"6.669","price":"0.12591000","timestamp":1635977616,"volume":"0.83969379","buyTxId":"5c13c215aefd444b275e803291b99c020282f90c","sellTxId":"e8b81991dafeb89dd726bbf9c9606d89f3cd835e"}
{"index": {"_index":"pob","_id":"1875211"}}
	{"id":1875211,"type":"sell","buyer":"coininstant","seller":"alexvan","symbol":"POB","quantity":"32.19105571","price":"0.12591000","timestamp":1635978390,"volume":"4.05317582","buyTxId":"5c13c215aefd444b275e803291b99c020282f90c","sellTxId":"a49ebcf111f6bd9642cb85c227fa602a2671ccc7"}
{"index": {"_index":"pob","_id":"1875259"}}
	{"id":1875259,"type":"sell","buyer":"coininstant","seller":"offgridlife","symbol":"POB","quantity":"9.00000000","price":"0.12591000","timestamp":1635978987,"volume":"1.13319000","buyTxId":"5c13c215aefd444b275e803291b99c020282f90c","sellTxId":"63786afa45afeb50a712b9a681b530d5d48d6107"}
{"index": {"_index":"pob","_id":"1875301"}}
	{"id":1875301,"type":"sell","buyer":"coininstant","seller":"trentonlundy1","symbol":"POB","quantity":"0.00300095","price":"0.12591000","timestamp":1635979497,"volume":"0.00037785","buyTxId":"5c13c215aefd444b275e803291b99c020282f90c","sellTxId":"dff6d0517b5092369800990b06e72278455d192d"}
{"index": {"_index":"pob","_id":"1875380"}}
	{"id":1875380,"type":"sell","buyer":"coininstant","seller":"trentonlundy1","symbol":"POB","quantity":"0.00036561","price":"0.12591000","timestamp":1635980385,"volume":"0.00004603","buyTxId":"5c13c215aefd444b275e803291b99c020282f90c","sellTxId":"690eb759298fc39c45075b01b33a6236b1fa0a3e"}
{"index": {"_index":"pob","_id":"1875417"}}
	{"id":1875417,"type":"sell","buyer":"yintercept","seller":"stayoutoftherz","symbol":"POB","quantity":"0.37500000","price":"0.12600000","timestamp":1635981150,"volume":"0.04725000","buyTxId":"f58c7acdee8aa68e60efd4eac82aed8ad158e6a3","sellTxId":"bbcec2074ce82871041327561a9d5a2a7f7e60db"}
{"index": {"_index":"pob","_id":"1875523"}}
	{"id":1875523,"type":"sell","buyer":"coininstant","seller":"pixelfan","symbol":"POB","quantity":"3.81469340","price":"0.12591000","timestamp":1635982143,"volume":"0.48030805","buyTxId":"5c13c215aefd444b275e803291b99c020282f90c","sellTxId":"e770aeea4f3e212516b56607649899fdb3e14992"}
{"index": {"_index":"pob","_id":"1875658"}}
	{"id":1875658,"type":"sell","buyer":"coininstant","seller":"steem82868","symbol":"POB","quantity":"0.10112729","price":"0.12591000","timestamp":1635983643,"volume":"0.01273294","buyTxId":"5c13c215aefd444b275e803291b99c020282f90c","sellTxId":"a4a990bf6f9caad3d88b737d3aa65b8e29eac1a6"}
{"index": {"_index":"pob","_id":"1875663"}}
	{"id":1875663,"type":"buy","buyer":"anadolu","seller":"stayoutoftherz","symbol":"POB","quantity":"2.42500000","price":"0.12600000","timestamp":1635983661,"volume":"0.30555000","buyTxId":"90f950eb9e149ad84e7741f9bbdddcec1f55028a","sellTxId":"bbcec2074ce82871041327561a9d5a2a7f7e60db"}
{"index": {"_index":"pob","_id":"1875743"}}
	{"id":1875743,"type":"sell","buyer":"coininstant","seller":"elricmoonslayer","symbol":"POB","quantity":"4.61757090","price":"0.12591000","timestamp":1635984669,"volume":"0.58139835","buyTxId":"5c13c215aefd444b275e803291b99c020282f90c","sellTxId":"53892c498cb0e5cad8dcb92c3d2e835ae298e86b"}
{"index": {"_index":"pob","_id":"1875751"}}
	{"id":1875751,"type":"sell","buyer":"coininstant","seller":"brofi-market","symbol":"POB","quantity":"5.14506541","price":"0.12591000","timestamp":1635984705,"volume":"0.64781519","buyTxId":"5c13c215aefd444b275e803291b99c020282f90c","sellTxId":"e16d04e618cfcf1a8783033871db8be721b948db"}
{"index": {"_index":"pob","_id":"1876252"}}
	{"id":1876252,"type":"sell","buyer":"coininstant","seller":"ruralio","symbol":"POB","quantity":"0.33127083","price":"0.12591000","timestamp":1635985320,"volume":"0.04171031","buyTxId":"5c13c215aefd444b275e803291b99c020282f90c","sellTxId":"8932b9ac70edc5c1db7bd514b114d6b7a4925ae9"}
{"index": {"_index":"pob","_id":"1876956"}}
	{"id":1876956,"type":"sell","buyer":"coininstant","seller":"josediccus","symbol":"POB","quantity":"28.81280097","price":"0.12591000","timestamp":1635986256,"volume":"3.62781977","buyTxId":"5c13c215aefd444b275e803291b99c020282f90c","sellTxId":"6112353d1f0ec455bbb1cc06a18793761d3c9ef1"}
{"index": {"_index":"pob","_id":"1877672"}}
	{"id":1877672,"type":"sell","buyer":"coininstant","seller":"vempromundo","symbol":"POB","quantity":"322.00000000","price":"0.12591000","timestamp":1635987195,"volume":"40.54302000","buyTxId":"5c13c215aefd444b275e803291b99c020282f90c","sellTxId":"5d032ee873c91db124c3118d0c31d5d7c527a4ec"}
{"index": {"_index":"pob","_id":"1877839"}}
	{"id":1877839,"type":"sell","buyer":"coininstant","seller":"teesart","symbol":"POB","quantity":"42.34316227","price":"0.12591000","timestamp":1635987543,"volume":"5.33142756","buyTxId":"5c13c215aefd444b275e803291b99c020282f90c","sellTxId":"eb8b66e8fa6d5c980b3832676747ffc04e074d6c"}
{"index": {"_index":"pob","_id":"1877874"}}
	{"id":1877874,"type":"sell","buyer":"coininstant","seller":"ralexandria","symbol":"POB","quantity":"43.24883717","price":"0.12591000","timestamp":1635987681,"volume":"5.44546109","buyTxId":"5c13c215aefd444b275e803291b99c020282f90c","sellTxId":"589a8989340ecef9fe2333ec50f728a8c943ec73"}
{"index": {"_index":"pob","_id":"1878015"}}
	{"id":1878015,"type":"sell","buyer":"coininstant","seller":"crismanto","symbol":"POB","quantity":"117.15000000","price":"0.12591000","timestamp":1635988206,"volume":"14.75035650","buyTxId":"5c13c215aefd444b275e803291b99c020282f90c","sellTxId":"64fa481246b8fbc17f9cb142223200a2d581cd81"}
{"index": {"_index":"pob","_id":"1878255"}}
	{"id":1878255,"type":"sell","buyer":"coininstant","seller":"pablodare","symbol":"POB","quantity":"1.24480696","price":"0.12591000","timestamp":1635989256,"volume":"0.15673364","buyTxId":"5c13c215aefd444b275e803291b99c020282f90c","sellTxId":"dad180b0e314c2aeea9549014f620d013fe9b09c"}
{"index": {"_index":"pob","_id":"1878330"}}
	{"id":1878330,"type":"sell","buyer":"coininstant","seller":"coffeelovers","symbol":"POB","quantity":"26.06986886","price":"0.12591000","timestamp":1635989538,"volume":"3.28245719","buyTxId":"5c13c215aefd444b275e803291b99c020282f90c","sellTxId":"74670b45ce3bcf510d6ab6cfca189c1d9ecf0a7d"}
{"index": {"_index":"pob","_id":"1878533"}}
	{"id":1878533,"type":"sell","buyer":"coininstant","seller":"coffeelovers","symbol":"POB","quantity":"51.00000000","price":"0.12591000","timestamp":1635990042,"volume":"6.42141000","buyTxId":"5c13c215aefd444b275e803291b99c020282f90c","sellTxId":"8b4beeefc5176bb81fec9cefd7b0e0277d8ecabd"}
{"index": {"_index":"pob","_id":"1878613"}}
	{"id":1878613,"type":"sell","buyer":"coininstant","seller":"derangedvisions","symbol":"POB","quantity":"22.16356422","price":"0.12591000","timestamp":1635990168,"volume":"2.79061437","buyTxId":"5c13c215aefd444b275e803291b99c020282f90c","sellTxId":"2021798835ada4dc3f690771ce593551e0f300eb"}
{"index": {"_index":"pob","_id":"1878672"}}
	{"id":1878672,"type":"sell","buyer":"coininstant","seller":"offgridlife","symbol":"POB","quantity":"3.40000000","price":"0.12591000","timestamp":1635990348,"volume":"0.42809400","buyTxId":"5c13c215aefd444b275e803291b99c020282f90c","sellTxId":"65e87969aacba6a91e8faf98f7c69d40c9162831"}
{"index": {"_index":"pob","_id":"1878746"}}
	{"id":1878746,"type":"sell","buyer":"coininstant","seller":"domelay","symbol":"POB","quantity":"114.89867676","price":"0.12591000","timestamp":1635990435,"volume":"14.46689239","buyTxId":"5c13c215aefd444b275e803291b99c020282f90c","sellTxId":"06642f649a1f1dc18f63adf37ea45f29d98cfc06"}
{"index": {"_index":"pob","_id":"1878758"}}
	{"id":1878758,"type":"sell","buyer":"coininstant","seller":"huang-hsin","symbol":"POB","quantity":"33.00000000","price":"0.12591000","timestamp":1635990477,"volume":"4.15503000","buyTxId":"5c13c215aefd444b275e803291b99c020282f90c","sellTxId":"c1f368066eb68f32dd723beed52ed608ab4df7dd"}
{"index": {"_index":"pob","_id":"1878996"}}
	{"id":1878996,"type":"sell","buyer":"coininstant","seller":"lapacodo","symbol":"POB","quantity":"2.60000000","price":"0.12591000","timestamp":1635991011,"volume":"0.32736600","buyTxId":"5c13c215aefd444b275e803291b99c020282f90c","sellTxId":"65396d6e900a2dfb8bf69b5f8045e2c94915ba8e"}
{"index": {"_index":"pob","_id":"1879116"}}
	{"id":1879116,"type":"buy","buyer":"johnbenn","seller":"specialfeelings","symbol":"POB","quantity":"0.46660000","price":"0.12700000","timestamp":1635992010,"volume":"0.05925820","buyTxId":"4e64da2cd52d0fe5574aac7702c7970bb0162195","sellTxId":"006199712e42f188811f70e7141bef9ca8d52509"}
{"index": {"_index":"pob","_id":"1879118"}}
	{"id":1879118,"type":"sell","buyer":"coininstant","seller":"thomashnblum","symbol":"POB","quantity":"97.72851200","price":"0.12591000","timestamp":1635992037,"volume":"12.30499695","buyTxId":"5c13c215aefd444b275e803291b99c020282f90c","sellTxId":"650e35f79f2ca031720f091ba2ff45dbc94283fb"}
{"index": {"_index":"pob","_id":"1879139"}}
	{"id":1879139,"type":"buy","buyer":"johnbenn","seller":"specialfeelings","symbol":"POB","quantity":"0.08461007","price":"0.12700000","timestamp":1635992304,"volume":"0.01074548","buyTxId":"35cf4cdb6d3e54f189833b2a1e26376303c9f297","sellTxId":"006199712e42f188811f70e7141bef9ca8d52509"}
{"index": {"_index":"pob","_id":"1879140"}}
	{"id":1879140,"type":"buy","buyer":"johnbenn","seller":"brofi-market","symbol":"POB","quantity":"0.32238993","price":"0.12700000","timestamp":1635992304,"volume":"0.04094352","buyTxId":"35cf4cdb6d3e54f189833b2a1e26376303c9f297","sellTxId":"22eae7da3b6f60bf508e613e97c711263c2aa3d2"}
{"index": {"_index":"pob","_id":"1879161"}}
	{"id":1879161,"type":"buy","buyer":"johnbenn","seller":"brofi-market","symbol":"POB","quantity":"2.80000000","price":"0.12700000","timestamp":1635992487,"volume":"0.35560000","buyTxId":"050d8d75ba7fb7cd5a5a97e4e6a29199479a16c5","sellTxId":"22eae7da3b6f60bf508e613e97c711263c2aa3d2"}
{"index": {"_index":"pob","_id":"1879235"}}
	{"id":1879235,"type":"sell","buyer":"coininstant","seller":"knowledge23.pob","symbol":"POB","quantity":"12.90000000","price":"0.12591000","timestamp":1635992856,"volume":"1.62423900","buyTxId":"5c13c215aefd444b275e803291b99c020282f90c","sellTxId":"881fda3733930856bfde0da2b4ef1514548e2f6d"}
{"index": {"_index":"pob","_id":"1879285"}}
	{"id":1879285,"type":"sell","buyer":"coininstant","seller":"precious008","symbol":"POB","quantity":"6.38980000","price":"0.12591000","timestamp":1635993168,"volume":"0.80453972","buyTxId":"5c13c215aefd444b275e803291b99c020282f90c","sellTxId":"0a6aa0131015d7f0c57ce8e8c62dd6faaa3cfa5a"}
{"index": {"_index":"pob","_id":"1879330"}}
	{"id":1879330,"type":"buy","buyer":"coininstant","seller":"brofi-market","symbol":"POB","quantity":"0.18259472","price":"0.12700000","timestamp":1635993366,"volume":"0.02318953","buyTxId":"86cca15df2260b625ed4b442ba9830e19e7d85cf","sellTxId":"22eae7da3b6f60bf508e613e97c711263c2aa3d2"}
{"index": {"_index":"pob","_id":"1879405"}}
	{"id":1879405,"type":"sell","buyer":"coininstant","seller":"mawit07","symbol":"POB","quantity":"8.51798684","price":"0.12591000","timestamp":1635993930,"volume":"1.07249972","buyTxId":"5c13c215aefd444b275e803291b99c020282f90c","sellTxId":"9811c1a14e846a716bdca2b39852615da3915ff7"}
{"index": {"_index":"pob","_id":"1879412"}}
	{"id":1879412,"type":"sell","buyer":"coininstant","seller":"marilove22","symbol":"POB","quantity":"6.66000000","price":"0.12591000","timestamp":1635993975,"volume":"0.83856060","buyTxId":"5c13c215aefd444b275e803291b99c020282f90c","sellTxId":"6b0572c3ca3eb019b08bfec7b92f206068da0323"}
{"index": {"_index":"pob","_id":"1879446"}}
	{"id":1879446,"type":"sell","buyer":"coininstant","seller":"hannahhive","symbol":"POB","quantity":"20.00000000","price":"0.12591000","timestamp":1635994227,"volume":"2.51820000","buyTxId":"5c13c215aefd444b275e803291b99c020282f90c","sellTxId":"c52dc6c1b82bd8e209f81a86ac7bb034d0e2c431"}
{"index": {"_index":"pob","_id":"1879500"}}
	{"id":1879500,"type":"sell","buyer":"coininstant","seller":"delight200","symbol":"POB","quantity":"6.35400000","price":"0.12591000","timestamp":1635994659,"volume":"0.80003214","buyTxId":"5c13c215aefd444b275e803291b99c020282f90c","sellTxId":"53bc1d179b0b55a297435b964dbbb79232812202"}
{"index": {"_index":"pob","_id":"1879538"}}
	{"id":1879538,"type":"sell","buyer":"coininstant","seller":"leotof","symbol":"POB","quantity":"12.90000000","price":"0.12591000","timestamp":1635995232,"volume":"1.62423900","buyTxId":"5c13c215aefd444b275e803291b99c020282f90c","sellTxId":"b0e817653d1ca782b4100222b5f54a94c9146a55"}
{"index": {"_index":"pob","_id":"1879562"}}
	{"id":1879562,"type":"sell","buyer":"coininstant","seller":"andy4475","symbol":"POB","quantity":"3.08602782","price":"0.12591000","timestamp":1635995631,"volume":"0.38856176","buyTxId":"5c13c215aefd444b275e803291b99c020282f90c","sellTxId":"2b290172c483d81255fb8d2cfad517ee367a602a"}
{"index": {"_index":"pob","_id":"1879747"}}
	{"id":1879747,"type":"sell","buyer":"coininstant","seller":"nuthman","symbol":"POB","quantity":"4.15719080","price":"0.12591000","timestamp":1635997473,"volume":"0.52343189","buyTxId":"5c13c215aefd444b275e803291b99c020282f90c","sellTxId":"a80668aa47693384dca397cbe5160da5c3db763f"}
{"index": {"_index":"pob","_id":"1879767"}}
	{"id":1879767,"type":"sell","buyer":"coininstant","seller":"insight.pob","symbol":"POB","quantity":"108.00000000","price":"0.12591000","timestamp":1635997824,"volume":"13.59828000","buyTxId":"5c13c215aefd444b275e803291b99c020282f90c","sellTxId":"26432f044e0436b511940aab05136d195a186d1e"}
{"index": {"_index":"pob","_id":"1879785"}}
	{"id":1879785,"type":"sell","buyer":"coininstant","seller":"travelwritemoney","symbol":"POB","quantity":"0.50306016","price":"0.12591000","timestamp":1635997959,"volume":"0.06334030","buyTxId":"5c13c215aefd444b275e803291b99c020282f90c","sellTxId":"89d5d3167c4f34a0fd72d7ab73693ad6f7e36eff"}
