{"index": {"_index":"pob","_id":"2228696"}}
	{"id":2228696,"type":"sell","buyer":"lebah","seller":"platypus-dundee","symbol":"POB","quantity":"6.90000000","price":"0.05310000","timestamp":1639110936,"volume":"0.36639000","buyTxId":"19a1ca347fbe760e9ce36fb2fd3c56817619e224","sellTxId":"e54104de0d039389be917d6fbf3930bd5e6ab9bc"}
{"index": {"_index":"pob","_id":"2228779"}}
	{"id":2228779,"type":"sell","buyer":"infinitytcg","seller":"lacausa","symbol":"POB","quantity":"39.93935600","price":"0.05300000","timestamp":1639111644,"volume":"2.11678587","buyTxId":"b72cb8d949d405d4fb3240f2f9c95dee77c32400","sellTxId":"26aad7dc7af05c45a30720865279002a5d770143"}
{"index": {"_index":"pob","_id":"2228786"}}
	{"id":2228786,"type":"sell","buyer":"infinitytcg","seller":"lacausa","symbol":"POB","quantity":"0.00000016","price":"0.05300000","timestamp":1639111716,"volume":"0.00000001","buyTxId":"b72cb8d949d405d4fb3240f2f9c95dee77c32400","sellTxId":"db2a28a1a5655f3407f9766124a3ca0e032f3bae"}
{"index": {"_index":"pob","_id":"2228787"}}
	{"id":2228787,"type":"sell","buyer":"anadolu","seller":"lacausa","symbol":"POB","quantity":"72.65488384","price":"0.05251700","timestamp":1639111716,"volume":"3.81561653","buyTxId":"MM-P-12918880-59905670-3-1-0","sellTxId":"db2a28a1a5655f3407f9766124a3ca0e032f3bae"}
{"index": {"_index":"pob","_id":"2228792"}}
	{"id":2228792,"type":"sell","buyer":"anadolu","seller":"lacausa","symbol":"POB","quantity":"0.00000029","price":"0.05251700","timestamp":1639111782,"volume":"0.00000002","buyTxId":"MM-P-12918880-59905670-3-1-0","sellTxId":"e5cbe082e168c3fe55757399af03a9c110ceeb0d"}
{"index": {"_index":"pob","_id":"2228793"}}
	{"id":2228793,"type":"sell","buyer":"rentmoney","seller":"lacausa","symbol":"POB","quantity":"57.53999971","price":"0.05250000","timestamp":1639111782,"volume":"3.02084998","buyTxId":"1bcc389fb6f18024152f2e15b49e1f1500fe6e3d","sellTxId":"e5cbe082e168c3fe55757399af03a9c110ceeb0d"}
{"index": {"_index":"pob","_id":"2228968"}}
	{"id":2228968,"type":"sell","buyer":"howweroll","seller":"dswap","symbol":"POB","quantity":"0.00065937","price":"0.05250100","timestamp":1639113774,"volume":"0.00003462","buyTxId":"e02cbd0bdd991311ffc5d16b59c068fe8a3fbb3c","sellTxId":"147f654ac9ae59dec3780c435e877a0a70e2ba7a"}
{"index": {"_index":"pob","_id":"2229076"}}
	{"id":2229076,"type":"sell","buyer":"howweroll","seller":"marius19","symbol":"POB","quantity":"174.27268315","price":"0.05250100","timestamp":1639114731,"volume":"9.14949014","buyTxId":"e02cbd0bdd991311ffc5d16b59c068fe8a3fbb3c","sellTxId":"a69e2f0d04977316e53617064e11a36d9e5ac85d"}
{"index": {"_index":"pob","_id":"2229088"}}
	{"id":2229088,"type":"buy","buyer":"coininstant","seller":"platypus-dundee","symbol":"POB","quantity":"3.46766782","price":"0.05310000","timestamp":1639114824,"volume":"0.18413316","buyTxId":"332ac8cf6559303eea926ba80a92fc575dba7f4a","sellTxId":"e54104de0d039389be917d6fbf3930bd5e6ab9bc"}
{"index": {"_index":"pob","_id":"2229132"}}
	{"id":2229132,"type":"sell","buyer":"coininstant","seller":"abimbola753","symbol":"POB","quantity":"19.21682003","price":"0.05310000","timestamp":1639115202,"volume":"1.02041314","buyTxId":"332ac8cf6559303eea926ba80a92fc575dba7f4a","sellTxId":"6c00c0f7dfa7bbc82ecd12b3f5725d57c9e2cce2"}
{"index": {"_index":"pob","_id":"2229624"}}
	{"id":2229624,"type":"sell","buyer":"coininstant","seller":"tonytrillions","symbol":"POB","quantity":"0.01129461","price":"0.05310000","timestamp":1639117866,"volume":"0.00059974","buyTxId":"332ac8cf6559303eea926ba80a92fc575dba7f4a","sellTxId":"a417d5d401d8ab786ff0224e6ad692ea09cdcc57"}
{"index": {"_index":"pob","_id":"2229968"}}
	{"id":2229968,"type":"sell","buyer":"coininstant","seller":"itharagaian","symbol":"POB","quantity":"1.74600000","price":"0.05310000","timestamp":1639119819,"volume":"0.09271260","buyTxId":"332ac8cf6559303eea926ba80a92fc575dba7f4a","sellTxId":"c00d44c4fdde11ad47eff546bbf3729540daaed9"}
{"index": {"_index":"pob","_id":"2230185"}}
	{"id":2230185,"type":"sell","buyer":"coininstant","seller":"coffeelovers","symbol":"POB","quantity":"4.58170662","price":"0.05310000","timestamp":1639121013,"volume":"0.24328862","buyTxId":"332ac8cf6559303eea926ba80a92fc575dba7f4a","sellTxId":"96cd5fef727f01673bd39988e92db80a81aed11a"}
{"index": {"_index":"pob","_id":"2230322"}}
	{"id":2230322,"type":"sell","buyer":"coininstant","seller":"stickupboys","symbol":"POB","quantity":"2.58616807","price":"0.05310000","timestamp":1639121811,"volume":"0.13732552","buyTxId":"332ac8cf6559303eea926ba80a92fc575dba7f4a","sellTxId":"ee9f0fcdd97330ed7918b7a0d64ed16e9d189334"}
{"index": {"_index":"pob","_id":"2230409"}}
	{"id":2230409,"type":"sell","buyer":"coininstant","seller":"erhan92","symbol":"POB","quantity":"10.00000000","price":"0.05310000","timestamp":1639122180,"volume":"0.53100000","buyTxId":"332ac8cf6559303eea926ba80a92fc575dba7f4a","sellTxId":"405212fdf07113408233b49cce06d13afef025ff"}
{"index": {"_index":"pob","_id":"2230691"}}
	{"id":2230691,"type":"sell","buyer":"coininstant","seller":"toofasteddie","symbol":"POB","quantity":"13.45573977","price":"0.05310000","timestamp":1639123725,"volume":"0.71449978","buyTxId":"332ac8cf6559303eea926ba80a92fc575dba7f4a","sellTxId":"c66f32d63f70fc3f51d46b1d1b654a68250303de"}
{"index": {"_index":"pob","_id":"2230828"}}
	{"id":2230828,"type":"sell","buyer":"coininstant","seller":"razackpulo.sport","symbol":"POB","quantity":"23.40000000","price":"0.05310000","timestamp":1639124553,"volume":"1.24254000","buyTxId":"332ac8cf6559303eea926ba80a92fc575dba7f4a","sellTxId":"52bf2d0c840d5af574b11591b74ba19a24fa07bf"}
{"index": {"_index":"pob","_id":"2230926"}}
	{"id":2230926,"type":"sell","buyer":"coininstant","seller":"alexanderfluke","symbol":"POB","quantity":"0.44585688","price":"0.05310000","timestamp":1639125150,"volume":"0.02367500","buyTxId":"332ac8cf6559303eea926ba80a92fc575dba7f4a","sellTxId":"3779f9b80aff932eb8da41c2c9c88d931889f2a7"}
{"index": {"_index":"pob","_id":"2231425"}}
	{"id":2231425,"type":"sell","buyer":"coininstant","seller":"dswap","symbol":"POB","quantity":"1.64424161","price":"0.05310000","timestamp":1639128411,"volume":"0.08730923","buyTxId":"332ac8cf6559303eea926ba80a92fc575dba7f4a","sellTxId":"ab80af1eec03d38bc20d185bbf644c0de989785a"}
{"index": {"_index":"pob","_id":"2231746"}}
	{"id":2231746,"type":"sell","buyer":"coininstant","seller":"erhan92","symbol":"POB","quantity":"10.00000000","price":"0.05310000","timestamp":1639130475,"volume":"0.53100000","buyTxId":"332ac8cf6559303eea926ba80a92fc575dba7f4a","sellTxId":"9c2b65471146b494cab9cbda41c4ae7b30e7db55"}
{"index": {"_index":"pob","_id":"2232019"}}
	{"id":2232019,"type":"sell","buyer":"coininstant","seller":"lordemmy","symbol":"POB","quantity":"15.26206675","price":"0.05310000","timestamp":1639132284,"volume":"0.81041574","buyTxId":"332ac8cf6559303eea926ba80a92fc575dba7f4a","sellTxId":"554e8568bb9e35949053e5d314cf2e8fa4e03214"}
{"index": {"_index":"pob","_id":"2232098"}}
	{"id":2232098,"type":"sell","buyer":"coininstant","seller":"erhan92","symbol":"POB","quantity":"18.70469038","price":"0.05310000","timestamp":1639132743,"volume":"0.99321906","buyTxId":"332ac8cf6559303eea926ba80a92fc575dba7f4a","sellTxId":"a7efd557af5e2f9ddc662efc59d3e1e4d306bcfc"}
{"index": {"_index":"pob","_id":"2232243"}}
	{"id":2232243,"type":"buy","buyer":"friendlymoose","seller":"cloudblade","symbol":"POB","quantity":"8.46379989","price":"0.06900000","timestamp":1639134003,"volume":"0.58400219","buyTxId":"da11518476a8ea9620ca664674b12a0b7b877594","sellTxId":"fb0aaff22cad4e3a6e1860fac7cbaabc102d4ef5"}
{"index": {"_index":"pob","_id":"2232244"}}
	{"id":2232244,"type":"buy","buyer":"friendlymoose","seller":"deadleaf","symbol":"POB","quantity":"0.13543764","price":"0.06900000","timestamp":1639134003,"volume":"0.00934520","buyTxId":"da11518476a8ea9620ca664674b12a0b7b877594","sellTxId":"3b25a1128d121fcf332d6fe5fdbce059c7471a57"}
{"index": {"_index":"pob","_id":"2232455"}}
	{"id":2232455,"type":"sell","buyer":"friendlymoose","seller":"bluerobo","symbol":"POB","quantity":"2.54663458","price":"0.05260000","timestamp":1639135431,"volume":"0.13395298","buyTxId":"7cac1f68786223289518b2ea2fc536416d2b1fb1","sellTxId":"8fdc8d01c3c098366b6b31d63184c64907bc7ec9"}
{"index": {"_index":"pob","_id":"2232482"}}
	{"id":2232482,"type":"sell","buyer":"friendlymoose","seller":"ugochill","symbol":"POB","quantity":"0.00191551","price":"0.05260000","timestamp":1639135581,"volume":"0.00010076","buyTxId":"7cac1f68786223289518b2ea2fc536416d2b1fb1","sellTxId":"50a3e1e77e8051d49c9762a085aa84d6b4fa724d"}
{"index": {"_index":"pob","_id":"2233336"}}
	{"id":2233336,"type":"buy","buyer":"tonytrillions","seller":"anadolu","symbol":"POB","quantity":"0.05688478","price":"0.06999700","timestamp":1639141563,"volume":"0.00398176","buyTxId":"c6403f4126df539ab8a99b35af2d62b6a272e531","sellTxId":"MM-P-12927162-59913955-3-1-0"}
{"index": {"_index":"pob","_id":"2233367"}}
	{"id":2233367,"type":"sell","buyer":"andy4475","seller":"clixmoney","symbol":"POB","quantity":"6.45416218","price":"0.05300000","timestamp":1639141809,"volume":"0.34207060","buyTxId":"7f32d7a94888c8eb555f42ce32b31fad1f098964","sellTxId":"14fbc1ab5b3d38113a18db35744d98d3a6f21645"}
{"index": {"_index":"pob","_id":"2233395"}}
	{"id":2233395,"type":"sell","buyer":"andy4475","seller":"der-prophet","symbol":"POB","quantity":"1.06462847","price":"0.05300000","timestamp":1639141941,"volume":"0.05642531","buyTxId":"7f32d7a94888c8eb555f42ce32b31fad1f098964","sellTxId":"f2d298bea9dacb7da5ea2a59cd82a147f57a641a"}
{"index": {"_index":"pob","_id":"2233434"}}
	{"id":2233434,"type":"sell","buyer":"andy4475","seller":"calumam","symbol":"POB","quantity":"152.48120935","price":"0.05300000","timestamp":1639142079,"volume":"8.08150409","buyTxId":"7f32d7a94888c8eb555f42ce32b31fad1f098964","sellTxId":"e753804fec01207f11155b785d037fa36bfd00cd"}
{"index": {"_index":"pob","_id":"2233435"}}
	{"id":2233435,"type":"sell","buyer":"anadolu","seller":"calumam","symbol":"POB","quantity":"144.78095100","price":"0.05260800","timestamp":1639142079,"volume":"7.61663627","buyTxId":"MM-P-12928959-59915752-3-0-0","sellTxId":"e753804fec01207f11155b785d037fa36bfd00cd"}
{"index": {"_index":"pob","_id":"2233436"}}
	{"id":2233436,"type":"sell","buyer":"friendlymoose","seller":"calumam","symbol":"POB","quantity":"377.45144991","price":"0.05260000","timestamp":1639142079,"volume":"19.85394626","buyTxId":"7cac1f68786223289518b2ea2fc536416d2b1fb1","sellTxId":"e753804fec01207f11155b785d037fa36bfd00cd"}
{"index": {"_index":"pob","_id":"2233437"}}
	{"id":2233437,"type":"sell","buyer":"maarnio","seller":"calumam","symbol":"POB","quantity":"44.00000000","price":"0.05260000","timestamp":1639142079,"volume":"2.31440000","buyTxId":"d86fa555f0d74c7f5fcfe81806236b2b58039db3","sellTxId":"e753804fec01207f11155b785d037fa36bfd00cd"}
{"index": {"_index":"pob","_id":"2233438"}}
	{"id":2233438,"type":"sell","buyer":"howweroll","seller":"calumam","symbol":"POB","quantity":"24.72665748","price":"0.05250100","timestamp":1639142079,"volume":"1.29817424","buyTxId":"e02cbd0bdd991311ffc5d16b59c068fe8a3fbb3c","sellTxId":"e753804fec01207f11155b785d037fa36bfd00cd"}
{"index": {"_index":"pob","_id":"2233439"}}
	{"id":2233439,"type":"sell","buyer":"rentmoney","seller":"calumam","symbol":"POB","quantity":"267.90920010","price":"0.05250000","timestamp":1639142079,"volume":"14.06523301","buyTxId":"1bcc389fb6f18024152f2e15b49e1f1500fe6e3d","sellTxId":"e753804fec01207f11155b785d037fa36bfd00cd"}
{"index": {"_index":"pob","_id":"2233443"}}
	{"id":2233443,"type":"sell","buyer":"rentmoney","seller":"tonytrillions","symbol":"POB","quantity":"0.03968916","price":"0.05250000","timestamp":1639142115,"volume":"0.00208368","buyTxId":"1bcc389fb6f18024152f2e15b49e1f1500fe6e3d","sellTxId":"8755919dbad1bb990d5b74c9529df1ce155f8ee6"}
{"index": {"_index":"pob","_id":"2233592"}}
	{"id":2233592,"type":"sell","buyer":"rentmoney","seller":"teesart","symbol":"POB","quantity":"181.81903916","price":"0.05250000","timestamp":1639143498,"volume":"9.54549955","buyTxId":"1bcc389fb6f18024152f2e15b49e1f1500fe6e3d","sellTxId":"25356a0522510ea6a97431d64075fc97cc64484c"}
{"index": {"_index":"pob","_id":"2233622"}}
	{"id":2233622,"type":"sell","buyer":"sbi-tokens","seller":"teesart","symbol":"POB","quantity":"100.00000000","price":"0.05200000","timestamp":1639143606,"volume":"5.20000000","buyTxId":"63065e4441f90172a643452fd13f8a5f7a613762","sellTxId":"7796bbaf6d9920398907545c7977709c01508e98"}
{"index": {"_index":"pob","_id":"2233642"}}
	{"id":2233642,"type":"sell","buyer":"pob.curator","seller":"teesart","symbol":"POB","quantity":"5.24342206","price":"0.05132000","timestamp":1639143732,"volume":"0.26909242","buyTxId":"b40bc92c42ff0bb21824b33c286e5924d6f1da5f","sellTxId":"0296917b0622eb75c2fad9ef0cdf5e47aa466a67"}
{"index": {"_index":"pob","_id":"2233643"}}
	{"id":2233643,"type":"sell","buyer":"coininstant","seller":"teesart","symbol":"POB","quantity":"2.80000000","price":"0.05131000","timestamp":1639143732,"volume":"0.14366800","buyTxId":"61bd3f5d0bc3c157b7c99c47e078127e6b296927","sellTxId":"0296917b0622eb75c2fad9ef0cdf5e47aa466a67"}
{"index": {"_index":"pob","_id":"2233644"}}
	{"id":2233644,"type":"sell","buyer":"coininstant","seller":"teesart","symbol":"POB","quantity":"0.01200000","price":"0.05121000","timestamp":1639143732,"volume":"0.00061452","buyTxId":"bf73799ad1c7ddb9821f7d4277b1be408ecd1f6b","sellTxId":"0296917b0622eb75c2fad9ef0cdf5e47aa466a67"}
{"index": {"_index":"pob","_id":"2233645"}}
	{"id":2233645,"type":"sell","buyer":"gimme-your-coinz","seller":"teesart","symbol":"POB","quantity":"345.10541729","price":"0.05103200","timestamp":1639143732,"volume":"17.61141966","buyTxId":"62b2a33254971153b5708575d4f59821395cf2ea","sellTxId":"0296917b0622eb75c2fad9ef0cdf5e47aa466a67"}
{"index": {"_index":"pob","_id":"2233656"}}
	{"id":2233656,"type":"sell","buyer":"gimme-your-coinz","seller":"dswap","symbol":"POB","quantity":"0.76430940","price":"0.05103200","timestamp":1639143840,"volume":"0.03900424","buyTxId":"62b2a33254971153b5708575d4f59821395cf2ea","sellTxId":"6000b7166197ecaf30a2e3ef4e9db023227d9a1e"}
{"index": {"_index":"pob","_id":"2234002"}}
	{"id":2234002,"type":"sell","buyer":"gimme-your-coinz","seller":"jacoalberts","symbol":"POB","quantity":"54.76400000","price":"0.05103200","timestamp":1639146042,"volume":"2.79471645","buyTxId":"62b2a33254971153b5708575d4f59821395cf2ea","sellTxId":"101519cff3db82207c77ebe1c14252c2721e25b3"}
{"index": {"_index":"pob","_id":"2234070"}}
	{"id":2234070,"type":"sell","buyer":"gimme-your-coinz","seller":"ugochill","symbol":"POB","quantity":"0.24000000","price":"0.05103200","timestamp":1639146369,"volume":"0.01224768","buyTxId":"62b2a33254971153b5708575d4f59821395cf2ea","sellTxId":"a78fd30e64945453792a2c59e276ad5ea4806047"}
{"index": {"_index":"pob","_id":"2234158"}}
	{"id":2234158,"type":"sell","buyer":"gimme-your-coinz","seller":"jdike","symbol":"POB","quantity":"0.55985470","price":"0.05103200","timestamp":1639146912,"volume":"0.02857051","buyTxId":"62b2a33254971153b5708575d4f59821395cf2ea","sellTxId":"4d6db5c7f0a1f0fcc4d3b247a53abb230ef29215"}
{"index": {"_index":"pob","_id":"2234469"}}
	{"id":2234469,"type":"sell","buyer":"gimme-your-coinz","seller":"bitcoinflood","symbol":"POB","quantity":"11.18409434","price":"0.05103200","timestamp":1639148682,"volume":"0.57074670","buyTxId":"62b2a33254971153b5708575d4f59821395cf2ea","sellTxId":"967a67293ee276b6f4b9fb581b63724ee09a4c4d"}
{"index": {"_index":"pob","_id":"2234537"}}
	{"id":2234537,"type":"sell","buyer":"gimme-your-coinz","seller":"matheusggr","symbol":"POB","quantity":"41.10412577","price":"0.05103200","timestamp":1639149216,"volume":"2.09762575","buyTxId":"62b2a33254971153b5708575d4f59821395cf2ea","sellTxId":"cff9215c069b085f04a61321596e9b37c31e298c"}
{"index": {"_index":"pob","_id":"2234881"}}
	{"id":2234881,"type":"sell","buyer":"gimme-your-coinz","seller":"felixgarciap","symbol":"POB","quantity":"5.90000000","price":"0.05103200","timestamp":1639151700,"volume":"0.30108880","buyTxId":"62b2a33254971153b5708575d4f59821395cf2ea","sellTxId":"21fd43f3e84d005b8aff5510efe1175a90aeb689"}
{"index": {"_index":"pob","_id":"2235076"}}
	{"id":2235076,"type":"sell","buyer":"gimme-your-coinz","seller":"candy49","symbol":"POB","quantity":"2.91699837","price":"0.05103200","timestamp":1639152744,"volume":"0.14886026","buyTxId":"62b2a33254971153b5708575d4f59821395cf2ea","sellTxId":"d58e62e0b65c50969edbeca2fd9392b129842461"}
{"index": {"_index":"pob","_id":"2235112"}}
	{"id":2235112,"type":"sell","buyer":"gimme-your-coinz","seller":"brofi-market","symbol":"POB","quantity":"10.46343801","price":"0.05103200","timestamp":1639152918,"volume":"0.53397017","buyTxId":"62b2a33254971153b5708575d4f59821395cf2ea","sellTxId":"ea7c8329fc46399dedee72de55622a16659b12fc"}
{"index": {"_index":"pob","_id":"2235165"}}
	{"id":2235165,"type":"sell","buyer":"gimme-your-coinz","seller":"kevmcc","symbol":"POB","quantity":"0.45108253","price":"0.05103200","timestamp":1639153194,"volume":"0.02301964","buyTxId":"62b2a33254971153b5708575d4f59821395cf2ea","sellTxId":"9f819744f298863d6a46bce99235367b29898fdf"}
{"index": {"_index":"pob","_id":"2235310"}}
	{"id":2235310,"type":"sell","buyer":"gimme-your-coinz","seller":"tykee","symbol":"POB","quantity":"6.64750688","price":"0.05103200","timestamp":1639153950,"volume":"0.33923557","buyTxId":"62b2a33254971153b5708575d4f59821395cf2ea","sellTxId":"7e1901c0981eabf95565040c3aa583f98fee0505"}
{"index": {"_index":"pob","_id":"2235908"}}
	{"id":2235908,"type":"sell","buyer":"gimme-your-coinz","seller":"sipahikara","symbol":"POB","quantity":"1.41430000","price":"0.05103200","timestamp":1639156662,"volume":"0.07217456","buyTxId":"62b2a33254971153b5708575d4f59821395cf2ea","sellTxId":"66f8c1242d18772cd4993e48584df5fb17e354e8"}
{"index": {"_index":"pob","_id":"2236004"}}
	{"id":2236004,"type":"sell","buyer":"gimme-your-coinz","seller":"flaxz","symbol":"POB","quantity":"7.79918012","price":"0.05103200","timestamp":1639157415,"volume":"0.39800776","buyTxId":"62b2a33254971153b5708575d4f59821395cf2ea","sellTxId":"374a721262d130f98619b32b01ceeb74325b986e"}
{"index": {"_index":"pob","_id":"2236550"}}
	{"id":2236550,"type":"sell","buyer":"gimme-your-coinz","seller":"mawit07","symbol":"POB","quantity":"6.55392692","price":"0.05103200","timestamp":1639161045,"volume":"0.33446000","buyTxId":"62b2a33254971153b5708575d4f59821395cf2ea","sellTxId":"995bb9e0706583aaaed20e9c215bc0776c3e7825"}
{"index": {"_index":"pob","_id":"2236677"}}
	{"id":2236677,"type":"sell","buyer":"gimme-your-coinz","seller":"mba2020","symbol":"POB","quantity":"6.84317651","price":"0.05103200","timestamp":1639161915,"volume":"0.34922098","buyTxId":"62b2a33254971153b5708575d4f59821395cf2ea","sellTxId":"fc644eeeea84d4aaf5db4a0c35bab3c424325f89"}
{"index": {"_index":"pob","_id":"2236697"}}
	{"id":2236697,"type":"sell","buyer":"gimme-your-coinz","seller":"dhedge-drips","symbol":"POB","quantity":"1.12108264","price":"0.05103200","timestamp":1639162008,"volume":"0.05721109","buyTxId":"62b2a33254971153b5708575d4f59821395cf2ea","sellTxId":"dcc16183e3083d1366a7b1ac00a0d183fec5b1ab"}
{"index": {"_index":"pob","_id":"2236701"}}
	{"id":2236701,"type":"sell","buyer":"gimme-your-coinz","seller":"dswap","symbol":"POB","quantity":"13.09","price":"0.05103200","timestamp":1639162032,"volume":"0.66800888","buyTxId":"62b2a33254971153b5708575d4f59821395cf2ea","sellTxId":"526bcf9bc5810c6b1b15166ca09c9b85215431f0"}
{"index": {"_index":"pob","_id":"2236918"}}
	{"id":2236918,"type":"sell","buyer":"gimme-your-coinz","seller":"gadrian","symbol":"POB","quantity":"3.00000000","price":"0.05103200","timestamp":1639163880,"volume":"0.15309600","buyTxId":"62b2a33254971153b5708575d4f59821395cf2ea","sellTxId":"af9f84e3a02034e43c4090c6679b5ebb5b678fc9"}
{"index": {"_index":"pob","_id":"2236930"}}
	{"id":2236930,"type":"sell","buyer":"gimme-your-coinz","seller":"gubbatv","symbol":"POB","quantity":"0.90456971","price":"0.05103200","timestamp":1639164003,"volume":"0.04616200","buyTxId":"62b2a33254971153b5708575d4f59821395cf2ea","sellTxId":"2a775c4f00f47c8178845e2b080bc7d337005b7a"}
{"index": {"_index":"pob","_id":"2237044"}}
	{"id":2237044,"type":"sell","buyer":"gimme-your-coinz","seller":"chireerocks","symbol":"POB","quantity":"3.20218791","price":"0.05103200","timestamp":1639164681,"volume":"0.16341405","buyTxId":"62b2a33254971153b5708575d4f59821395cf2ea","sellTxId":"63e789bfa311ab4bf349b21dcbd7ce60181ac478"}
{"index": {"_index":"pob","_id":"2237653"}}
	{"id":2237653,"type":"sell","buyer":"gimme-your-coinz","seller":"nrg","symbol":"POB","quantity":"82.57863211","price":"0.05103200","timestamp":1639169817,"volume":"4.21415275","buyTxId":"62b2a33254971153b5708575d4f59821395cf2ea","sellTxId":"feeacb33e14ea0b8d524c3279f414ba6e83a1173-18"}
{"index": {"_index":"pob","_id":"2237717"}}
	{"id":2237717,"type":"sell","buyer":"mamolya","seller":"elricmoonslayer","symbol":"POB","quantity":"4.00942851","price":"0.05103210","timestamp":1639170447,"volume":"0.20460956","buyTxId":"549f804d2bf95418ddc7140ae6722d53b09e33a8","sellTxId":"0540e7ace151d5ced64e9bd8d590ce032bad5289"}
{"index": {"_index":"pob","_id":"2237947"}}
	{"id":2237947,"type":"sell","buyer":"mamolya","seller":"liaminit1","symbol":"POB","quantity":"24.99057149","price":"0.05103210","timestamp":1639172979,"volume":"1.27532134","buyTxId":"549f804d2bf95418ddc7140ae6722d53b09e33a8","sellTxId":"3c19b5c4bb2a5e87bc25792d9754680a4a8c0384"}
{"index": {"_index":"pob","_id":"2237948"}}
	{"id":2237948,"type":"sell","buyer":"gimme-your-coinz","seller":"liaminit1","symbol":"POB","quantity":"59.39211679","price":"0.05103200","timestamp":1639172979,"volume":"3.03089850","buyTxId":"62b2a33254971153b5708575d4f59821395cf2ea","sellTxId":"3c19b5c4bb2a5e87bc25792d9754680a4a8c0384"}
{"index": {"_index":"pob","_id":"2237949"}}
	{"id":2237949,"type":"sell","buyer":"maarnio","seller":"liaminit1","symbol":"POB","quantity":"100.00000000","price":"0.05103200","timestamp":1639172979,"volume":"5.10320000","buyTxId":"d2d14fa46f8eb6e7d3bae7fb62ef16f93ebd36f1","sellTxId":"3c19b5c4bb2a5e87bc25792d9754680a4a8c0384"}
{"index": {"_index":"pob","_id":"2237950"}}
	{"id":2237950,"type":"sell","buyer":"coininstant","seller":"liaminit1","symbol":"POB","quantity":"6.98169171","price":"0.05102000","timestamp":1639172979,"volume":"0.35620591","buyTxId":"7e1133e8b5d2485ae2e206d94e5669d88b878bc6","sellTxId":"3c19b5c4bb2a5e87bc25792d9754680a4a8c0384"}
{"index": {"_index":"pob","_id":"2238090"}}
	{"id":2238090,"type":"sell","buyer":"coininstant","seller":"xaviduran","symbol":"POB","quantity":"1","price":"0.05102000","timestamp":1639174299,"volume":"0.05102000","buyTxId":"7e1133e8b5d2485ae2e206d94e5669d88b878bc6","sellTxId":"d3d1636f246d3135e327f9f57572f7e1f1053b7d"}
{"index": {"_index":"pob","_id":"2238161"}}
	{"id":2238161,"type":"sell","buyer":"coininstant","seller":"drutter","symbol":"POB","quantity":"0.64049071","price":"0.05102000","timestamp":1639175145,"volume":"0.03267784","buyTxId":"7e1133e8b5d2485ae2e206d94e5669d88b878bc6","sellTxId":"56fbbb6aab16d886f1e6d9a9c454560414ae7ba1"}
{"index": {"_index":"pob","_id":"2238215"}}
	{"id":2238215,"type":"sell","buyer":"coininstant","seller":"he-index","symbol":"POB","quantity":"0.06500000","price":"0.05102000","timestamp":1639175535,"volume":"0.00331630","buyTxId":"7e1133e8b5d2485ae2e206d94e5669d88b878bc6","sellTxId":"4b223fd0d4e99fddce8b7ebe399272238df33a4d"}
{"index": {"_index":"pob","_id":"2238224"}}
	{"id":2238224,"type":"sell","buyer":"coininstant","seller":"drutter","symbol":"POB","quantity":"0.11466720","price":"0.05102000","timestamp":1639175640,"volume":"0.00585032","buyTxId":"7e1133e8b5d2485ae2e206d94e5669d88b878bc6","sellTxId":"985ffc1069e531edb28674b61f6e190628996b2c"}
{"index": {"_index":"pob","_id":"2238237"}}
	{"id":2238237,"type":"sell","buyer":"coininstant","seller":"ironshield","symbol":"POB","quantity":"16.40196489","price":"0.05102000","timestamp":1639175799,"volume":"0.83682825","buyTxId":"7e1133e8b5d2485ae2e206d94e5669d88b878bc6","sellTxId":"72d5a81095b5ab974df3490693fa786984f88253"}
{"index": {"_index":"pob","_id":"2238467"}}
	{"id":2238467,"type":"sell","buyer":"coininstant","seller":"dswap","symbol":"POB","quantity":"0.40414460","price":"0.05102000","timestamp":1639177944,"volume":"0.02061946","buyTxId":"7e1133e8b5d2485ae2e206d94e5669d88b878bc6","sellTxId":"430aa6f30956defc10c1075263c8763567565524"}
{"index": {"_index":"pob","_id":"2239123"}}
	{"id":2239123,"type":"sell","buyer":"coininstant","seller":"phoenixwren","symbol":"POB","quantity":"1.41614409","price":"0.05102000","timestamp":1639183107,"volume":"0.07225167","buyTxId":"7e1133e8b5d2485ae2e206d94e5669d88b878bc6","sellTxId":"868e1a2b35ba20bbc44083e8adcb015d168e0c36"}
{"index": {"_index":"pob","_id":"2239162"}}
	{"id":2239162,"type":"sell","buyer":"coininstant","seller":"xaviduran","symbol":"POB","quantity":"13.03580571","price":"0.05102000","timestamp":1639183410,"volume":"0.66508680","buyTxId":"7e1133e8b5d2485ae2e206d94e5669d88b878bc6","sellTxId":"ec271be1c2f6dcb2202c0865586a09f1bf4563db"}
{"index": {"_index":"pob","_id":"2239163"}}
	{"id":2239163,"type":"sell","buyer":"churchoftheway","seller":"xaviduran","symbol":"POB","quantity":"24.23809029","price":"0.05102000","timestamp":1639183410,"volume":"1.23662737","buyTxId":"0816a3714374ae74d509578c22e76d359e453043","sellTxId":"ec271be1c2f6dcb2202c0865586a09f1bf4563db"}
{"index": {"_index":"pob","_id":"2239167"}}
	{"id":2239167,"type":"sell","buyer":"churchoftheway","seller":"xaviduran","symbol":"POB","quantity":"6.4","price":"0.05102000","timestamp":1639183491,"volume":"0.32652800","buyTxId":"0816a3714374ae74d509578c22e76d359e453043","sellTxId":"bdb391e63fd4e39bdc934c2c3aff82d2c894be35"}
{"index": {"_index":"pob","_id":"2239483"}}
	{"id":2239483,"type":"buy","buyer":"andy4475","seller":"skylinebuds","symbol":"POB","quantity":"13.00000000","price":"0.06400000","timestamp":1639186224,"volume":"0.83200000","buyTxId":"c534560cf74c56bd1b843b62cddae2cfe1800029","sellTxId":"c1ed63307bf019b6e6c1e3f529f903f9ffdef9d6"}
{"index": {"_index":"pob","_id":"2239484"}}
	{"id":2239484,"type":"buy","buyer":"andy4475","seller":"apoloo1","symbol":"POB","quantity":"6.31153733","price":"0.06400000","timestamp":1639186224,"volume":"0.40393839","buyTxId":"c534560cf74c56bd1b843b62cddae2cfe1800029","sellTxId":"ef9ac49276c9253ad8b60753a8cf8ebc1b922854"}
{"index": {"_index":"pob","_id":"2239485"}}
	{"id":2239485,"type":"buy","buyer":"andy4475","seller":"alfarero","symbol":"POB","quantity":"2.26423979","price":"0.06500000","timestamp":1639186224,"volume":"0.14717559","buyTxId":"c534560cf74c56bd1b843b62cddae2cfe1800029","sellTxId":"e1d1c67526dbb0d139d943b59bb938d5906306ca"}
{"index": {"_index":"pob","_id":"2239486"}}
	{"id":2239486,"type":"buy","buyer":"andy4475","seller":"dhedge-drips","symbol":"POB","quantity":"1.12108264","price":"0.06500000","timestamp":1639186224,"volume":"0.07287037","buyTxId":"c534560cf74c56bd1b843b62cddae2cfe1800029","sellTxId":"0f85e00a993e1180d4444924eb7449c55e75872e"}
{"index": {"_index":"pob","_id":"2239493"}}
	{"id":2239493,"type":"sell","buyer":"andy4475","seller":"magnacarta","symbol":"POB","quantity":"0.30314024","price":"0.06600000","timestamp":1639186236,"volume":"0.02000726","buyTxId":"c534560cf74c56bd1b843b62cddae2cfe1800029","sellTxId":"2dc93f68c4ba02086600b60b9e60e978903abeae"}
{"index": {"_index":"pob","_id":"2239494"}}
	{"id":2239494,"type":"sell","buyer":"churchoftheway","seller":"magnacarta","symbol":"POB","quantity":"0.20446021","price":"0.05102000","timestamp":1639186236,"volume":"0.01043156","buyTxId":"0816a3714374ae74d509578c22e76d359e453043","sellTxId":"2dc93f68c4ba02086600b60b9e60e978903abeae"}
{"index": {"_index":"pob","_id":"2240122"}}
	{"id":2240122,"type":"sell","buyer":"churchoftheway","seller":"ningauble","symbol":"POB","quantity":"0.00100000","price":"0.05102000","timestamp":1639192068,"volume":"0.00005102","buyTxId":"0816a3714374ae74d509578c22e76d359e453043","sellTxId":"50fe0c90da22f7609103fbee4aa1a3a561952b22"}
{"index": {"_index":"pob","_id":"2240263"}}
	{"id":2240263,"type":"sell","buyer":"churchoftheway","seller":"dswap","symbol":"POB","quantity":"2.86503524","price":"0.05102000","timestamp":1639193679,"volume":"0.14617410","buyTxId":"0816a3714374ae74d509578c22e76d359e453043","sellTxId":"b979526f68240e1a58236d25a1ad8aaf35b83145"}
{"index": {"_index":"pob","_id":"2240273"}}
	{"id":2240273,"type":"sell","buyer":"churchoftheway","seller":"citywriter","symbol":"POB","quantity":"4.61226504","price":"0.05102000","timestamp":1639193853,"volume":"0.23531776","buyTxId":"0816a3714374ae74d509578c22e76d359e453043","sellTxId":"f26062072bbac6851afa63215330bb8c63dd9cd1"}
{"index": {"_index":"pob","_id":"2240286"}}
	{"id":2240286,"type":"sell","buyer":"churchoftheway","seller":"theguru.photos","symbol":"POB","quantity":"24.32313922","price":"0.05102000","timestamp":1639194033,"volume":"1.24096656","buyTxId":"0816a3714374ae74d509578c22e76d359e453043","sellTxId":"3464013eef3e558e6bcc93d9e778b4c25985b6aa"}
