{"index": {"_index":"pob","_id":"2483669"}}
	{"id":2483669,"type":"sell","buyer":"pixelfan","seller":"colm.hive","symbol":"POB","quantity":"1.80354496","price":"0.03810000","timestamp":1641529062,"volume":"0.06871506","buyTxId":"f01f78c0dbd68a001ca68f01d96fb90c03bde87a","sellTxId":"9f02b23d1a78f8b796777d67e26e8e35d20bc9ca"}
{"index": {"_index":"pob","_id":"2483679"}}
	{"id":2483679,"type":"sell","buyer":"pixelfan","seller":"littledisciples","symbol":"POB","quantity":"22.19645504","price":"0.03810000","timestamp":1641529146,"volume":"0.84568494","buyTxId":"f01f78c0dbd68a001ca68f01d96fb90c03bde87a","sellTxId":"df2ac19185d550de1bf5a2f10645453b750c7a51"}
{"index": {"_index":"pob","_id":"2483699"}}
	{"id":2483699,"type":"buy","buyer":"richardcrill","seller":"littledisciples","symbol":"POB","quantity":"37.86674308","price":"0.03810000","timestamp":1641529299,"volume":"1.44272291","buyTxId":"MM-P-13722615-60709681-3-10-0","sellTxId":"df2ac19185d550de1bf5a2f10645453b750c7a51"}
{"index": {"_index":"pob","_id":"2483725"}}
	{"id":2483725,"type":"sell","buyer":"richardcrill","seller":"gimmetricks1","symbol":"POB","quantity":"29.80899531","price":"0.03810800","timestamp":1641529707,"volume":"1.13596119","buyTxId":"MM-P-13722615-60709681-3-10-0","sellTxId":"16624ca10d75ba1103fb80723aac120818c9721f"}
{"index": {"_index":"pob","_id":"2484090"}}
	{"id":2484090,"type":"sell","buyer":"richardcrill","seller":"davedickeyyall","symbol":"POB","quantity":"93.43329923","price":"0.03810800","timestamp":1641534633,"volume":"3.56055617","buyTxId":"MM-P-13722615-60709681-3-10-0","sellTxId":"f594ccfade65f79e22cda2e917ad8b0712b2ac9c"}
{"index": {"_index":"pob","_id":"2484107"}}
	{"id":2484107,"type":"sell","buyer":"richardcrill","seller":"coffeelovers","symbol":"POB","quantity":"27.54338795","price":"0.03810800","timestamp":1641535005,"volume":"1.04962343","buyTxId":"MM-P-13722615-60709681-3-10-0","sellTxId":"50b1c8d68efe08c72ba698b46562fce2643d2acb"}
{"index": {"_index":"pob","_id":"2484270"}}
	{"id":2484270,"type":"sell","buyer":"richardcrill","seller":"ervin-lemark","symbol":"POB","quantity":"0.35047535","price":"0.03810800","timestamp":1641537114,"volume":"0.01335591","buyTxId":"MM-P-13722615-60709681-3-10-0","sellTxId":"e9e93b28fe89689f7da00fe46b9bc1bfbbe02a77"}
{"index": {"_index":"pob","_id":"2484400"}}
	{"id":2484400,"type":"sell","buyer":"richardcrill","seller":"vempromundo.pob","symbol":"POB","quantity":"381.00000000","price":"0.03810800","timestamp":1641538533,"volume":"14.51914800","buyTxId":"MM-P-13722615-60709681-3-10-0","sellTxId":"0364a4fbcaad8f1e46f0c26bfc4099f5711dfb67"}
{"index": {"_index":"pob","_id":"2484420"}}
	{"id":2484420,"type":"sell","buyer":"richardcrill","seller":"tin.aung.soe","symbol":"POB","quantity":"32.00000000","price":"0.03810800","timestamp":1641538779,"volume":"1.21945600","buyTxId":"MM-P-13722615-60709681-3-10-0","sellTxId":"3fd89c03d79d58a349b2dbb5f2c1dff8f4d6020c"}
{"index": {"_index":"pob","_id":"2484443"}}
	{"id":2484443,"type":"sell","buyer":"richardcrill","seller":"ugochill","symbol":"POB","quantity":"0.00243139","price":"0.03810800","timestamp":1641539268,"volume":"0.00009266","buyTxId":"MM-P-13722615-60709681-3-10-0","sellTxId":"5831f764f9c6f7b14cdc7b95a681a38e50cbbc50"}
{"index": {"_index":"pob","_id":"2484451"}}
	{"id":2484451,"type":"sell","buyer":"richardcrill","seller":"insight.pob","symbol":"POB","quantity":"24.50000000","price":"0.03810800","timestamp":1641539340,"volume":"0.93364600","buyTxId":"MM-P-13722615-60709681-3-10-0","sellTxId":"a0ef3e4d91f8077552ed54073c7d3ddf916aceed"}
{"index": {"_index":"pob","_id":"2484592"}}
	{"id":2484592,"type":"sell","buyer":"richardcrill","seller":"itharagaian","symbol":"POB","quantity":"0.10310000","price":"0.03810800","timestamp":1641541389,"volume":"0.00392893","buyTxId":"MM-P-13722615-60709681-3-10-0","sellTxId":"a81686eb09bfaf6256af7e6779080cfe8a6fd987"}
{"index": {"_index":"pob","_id":"2484746"}}
	{"id":2484746,"type":"sell","buyer":"richardcrill","seller":"tonytrillions","symbol":"POB","quantity":"0.13700106","price":"0.03810800","timestamp":1641543039,"volume":"0.00522084","buyTxId":"MM-P-13722615-60709681-3-10-0","sellTxId":"6967ebec8a604350d15327a19a908a36e87b467a"}
{"index": {"_index":"pob","_id":"2484823"}}
	{"id":2484823,"type":"sell","buyer":"gimme-your-coinz","seller":"gillianpearce","symbol":"POB","quantity":"30.00000000","price":"0.03810902","timestamp":1641544155,"volume":"1.14327060","buyTxId":"539a2bcaeb88747f80a702c4afb336a424d64f8c","sellTxId":"dd9bad068cb521aad8d364acaa20d5c369a647ba"}
{"index": {"_index":"pob","_id":"2484824"}}
	{"id":2484824,"type":"sell","buyer":"gimme-your-coinz","seller":"clixmoney","symbol":"POB","quantity":"1.52843448","price":"0.03810902","timestamp":1641544164,"volume":"0.05824714","buyTxId":"539a2bcaeb88747f80a702c4afb336a424d64f8c","sellTxId":"4f8065177b6307d5f75e07dde7289f6521727738"}
{"index": {"_index":"pob","_id":"2484885"}}
	{"id":2484885,"type":"sell","buyer":"gimme-your-coinz","seller":"oks2crypto","symbol":"POB","quantity":"0.42686030","price":"0.03831105","timestamp":1641544755,"volume":"0.01635347","buyTxId":"e6959281c66ce255546b216191084afb07f6c07b","sellTxId":"32fbfbdc042474bc0f07463ff595a3fbcb58b50b"}
{"index": {"_index":"pob","_id":"2484905"}}
	{"id":2484905,"type":"sell","buyer":"balina","seller":"franvenezuela","symbol":"POB","quantity":"6.17445429","price":"0.03841206","timestamp":1641545010,"volume":"0.23717351","buyTxId":"MM-P-13727833-60714900-3-0-0","sellTxId":"9399efbaa66d760145e103ea5fca0c8b52de47d0"}
{"index": {"_index":"pob","_id":"2485138"}}
	{"id":2485138,"type":"sell","buyer":"richardcrill","seller":"silviabeneforti","symbol":"POB","quantity":"20.00000000","price":"0.03901717","timestamp":1641547956,"volume":"0.78034340","buyTxId":"MM-P-13728400-60715468-3-10-0","sellTxId":"470eda7624e6f523cb5ad9ea24cbf7fcd2974b27"}
{"index": {"_index":"pob","_id":"2485145"}}
	{"id":2485145,"type":"sell","buyer":"richardcrill","seller":"interpretation","symbol":"POB","quantity":"81.48114929","price":"0.03901717","timestamp":1641548049,"volume":"3.17916385","buyTxId":"MM-P-13728400-60715468-3-10-0","sellTxId":"43dc7204321a1409f4c11347b00858cb506c165a"}
{"index": {"_index":"pob","_id":"2485233"}}
	{"id":2485233,"type":"sell","buyer":"richardcrill","seller":"bahagia-arbi","symbol":"POB","quantity":"6.11586853","price":"0.03901717","timestamp":1641548862,"volume":"0.23862388","buyTxId":"MM-P-13728400-60715468-3-10-0","sellTxId":"44a97e746b1b54bf442d08e359fb840875221f24"}
{"index": {"_index":"pob","_id":"2485256"}}
	{"id":2485256,"type":"sell","buyer":"richardcrill","seller":"vikisecrets","symbol":"POB","quantity":"100.00000000","price":"0.03901717","timestamp":1641549279,"volume":"3.90171700","buyTxId":"MM-P-13728400-60715468-3-10-0","sellTxId":"172b0e7e5b5648efc30ac318c51add1c0a9c2852"}
{"index": {"_index":"pob","_id":"2485258"}}
	{"id":2485258,"type":"buy","buyer":"pixelfan","seller":"barski","symbol":"POB","quantity":"0.22308060","price":"0.03902000","timestamp":1641549297,"volume":"0.00870461","buyTxId":"60cc62ca650977ebff48420964923cdd231132e1","sellTxId":"2747b638934181c61f890083d4e50c23e1ce1824"}
{"index": {"_index":"pob","_id":"2485314"}}
	{"id":2485314,"type":"sell","buyer":"richardcrill","seller":"mawit07","symbol":"POB","quantity":"12.45492158","price":"0.03901717","timestamp":1641549870,"volume":"0.48595579","buyTxId":"MM-P-13728400-60715468-3-10-0","sellTxId":"aa8e3dabf19e8c1826d3aa16267ad928a89516c3"}
{"index": {"_index":"pob","_id":"2485480"}}
	{"id":2485480,"type":"sell","buyer":"richardcrill","seller":"abimbola753","symbol":"POB","quantity":"9.48930096","price":"0.03901717","timestamp":1641552471,"volume":"0.37024567","buyTxId":"MM-P-13728400-60715468-3-10-0","sellTxId":"2eee76636ee6d1f20cb68af60ca2823c25dc111e"}
{"index": {"_index":"pob","_id":"2485623"}}
	{"id":2485623,"type":"sell","buyer":"richardcrill","seller":"offgridlife","symbol":"POB","quantity":"30.00000000","price":"0.03901717","timestamp":1641553980,"volume":"1.17051510","buyTxId":"MM-P-13728400-60715468-3-10-0","sellTxId":"a3ca79549dd8385f3cbadcdceebee3d38f811150"}
{"index": {"_index":"pob","_id":"2485683"}}
	{"id":2485683,"type":"sell","buyer":"richardcrill","seller":"steem82868","symbol":"POB","quantity":"0.23214086","price":"0.03901717","timestamp":1641554169,"volume":"0.00905748","buyTxId":"MM-P-13728400-60715468-3-10-0","sellTxId":"c50776b60ba5daec488c441aa10199b892ec0469"}
{"index": {"_index":"pob","_id":"2485931"}}
	{"id":2485931,"type":"sell","buyer":"ganjafarmer","seller":"twicejoy","symbol":"POB","quantity":"9.48782539","price":"0.03901718","timestamp":1641557106,"volume":"0.37018819","buyTxId":"cfa0991940d13444464aaf16f7fd7d494af3f802","sellTxId":"5f15757ad35b6bb51b5a040dd1ee9b4a8aeb0c8e"}
{"index": {"_index":"pob","_id":"2485964"}}
	{"id":2485964,"type":"sell","buyer":"ganjafarmer","seller":"gillianpearce","symbol":"POB","quantity":"9.97196064","price":"0.03901718","timestamp":1641557466,"volume":"0.38907778","buyTxId":"cfa0991940d13444464aaf16f7fd7d494af3f802","sellTxId":"683d9894094920f2a8ca161577fa37ace1490ae7"}
{"index": {"_index":"pob","_id":"2485969"}}
	{"id":2485969,"type":"sell","buyer":"richardcrill","seller":"lordneroo","symbol":"POB","quantity":"55.35298179","price":"0.03901717","timestamp":1641557544,"volume":"2.15971670","buyTxId":"MM-P-13728400-60715468-3-10-0","sellTxId":"b31f39b5d94225a09203c1ad6050443f88ac7d3e"}
{"index": {"_index":"pob","_id":"2485996"}}
	{"id":2485996,"type":"sell","buyer":"richardcrill","seller":"brofi-market","symbol":"POB","quantity":"6.98567843","price":"0.03901717","timestamp":1641557733,"volume":"0.27256140","buyTxId":"MM-P-13728400-60715468-3-10-0","sellTxId":"68e60c8b83682320f13bbcacb9857a09765541a7"}
{"index": {"_index":"pob","_id":"2486005"}}
	{"id":2486005,"type":"sell","buyer":"richardcrill","seller":"travelwritemoney","symbol":"POB","quantity":"0.50813997","price":"0.03901717","timestamp":1641557805,"volume":"0.01982618","buyTxId":"MM-P-13728400-60715468-3-10-0","sellTxId":"909014b77cec4d8563a05389196d0202221c8995"}
{"index": {"_index":"pob","_id":"2486193"}}
	{"id":2486193,"type":"sell","buyer":"richardcrill","seller":"dhedge-drips","symbol":"POB","quantity":"0.74846555","price":"0.03901717","timestamp":1641559632,"volume":"0.02920301","buyTxId":"MM-P-13728400-60715468-3-10-0","sellTxId":"e60f5d38c78e0501c5f8f462d5200b2235c332ee"}
{"index": {"_index":"pob","_id":"2486306"}}
	{"id":2486306,"type":"buy","buyer":"pixelfan","seller":"florenceboens","symbol":"POB","quantity":"0.03762586","price":"0.03902000","timestamp":1641560757,"volume":"0.00146816","buyTxId":"a4369b1e059649719cbefc548d7023c1a9a0b332","sellTxId":"a5f5ca0188b91b2fc6a0de39517bfcb9d5c88bcd"}
{"index": {"_index":"pob","_id":"2486311"}}
	{"id":2486311,"type":"buy","buyer":"pixelfan","seller":"brofi-market","symbol":"POB","quantity":"6.98567843","price":"0.03902000","timestamp":1641560793,"volume":"0.27258117","buyTxId":"5235d25dce3f6248d6e4edf0f439607a7526996f","sellTxId":"bed4096213e09ce3b84a54a4bffe8a80297b347a"}
{"index": {"_index":"pob","_id":"2486316"}}
	{"id":2486316,"type":"sell","buyer":"richardcrill","seller":"dswap","symbol":"POB","quantity":"2.62","price":"0.03901717","timestamp":1641560871,"volume":"0.10222499","buyTxId":"MM-P-13728400-60715468-3-10-0","sellTxId":"c4e8d1d87ab98fd8efb960ebc08e563a362427a5"}
{"index": {"_index":"pob","_id":"2486341"}}
	{"id":2486341,"type":"buy","buyer":"pixelfan","seller":"dhedge-drips","symbol":"POB","quantity":"0.74846555","price":"0.03902000","timestamp":1641561120,"volume":"0.02920513","buyTxId":"1e209d7a8947fd4eac33c5127395db1bd96c9806","sellTxId":"f1a697fd03514b5ee7ec4b2c88c7f1e892da6665"}
{"index": {"_index":"pob","_id":"2486651"}}
	{"id":2486651,"type":"sell","buyer":"gimme-your-coinz","seller":"jacoalberts","symbol":"POB","quantity":"80.00000000","price":"0.03901718","timestamp":1641563367,"volume":"3.12137440","buyTxId":"deb280850c2664b88fbdc73685ffa955052170cd","sellTxId":"448b9f4fc484008f073ef63bcd0dada881b36548"}
{"index": {"_index":"pob","_id":"2486673"}}
	{"id":2486673,"type":"sell","buyer":"gimme-your-coinz","seller":"interpretation","symbol":"POB","quantity":"6.33689647","price":"0.03901718","timestamp":1641563583,"volume":"0.24724783","buyTxId":"deb280850c2664b88fbdc73685ffa955052170cd","sellTxId":"d2014bfdc5a4a6d1e01b805e157f02df74c19439"}
{"index": {"_index":"pob","_id":"2486755"}}
	{"id":2486755,"type":"sell","buyer":"gimme-your-coinz","seller":"bitcoinflood","symbol":"POB","quantity":"13.99702636","price":"0.03901718","timestamp":1641564963,"volume":"0.54612450","buyTxId":"deb280850c2664b88fbdc73685ffa955052170cd","sellTxId":"0c6eee55a9c499270565394fe1bcca91db851755"}
{"index": {"_index":"pob","_id":"2486762"}}
	{"id":2486762,"type":"sell","buyer":"gimme-your-coinz","seller":"domelay","symbol":"POB","quantity":"35.76603445","price":"0.03901718","timestamp":1641565020,"volume":"1.39548980","buyTxId":"deb280850c2664b88fbdc73685ffa955052170cd","sellTxId":"c971c23e0fc00345c3cbc1e0794c72d0fa189d61"}
{"index": {"_index":"pob","_id":"2486831"}}
	{"id":2486831,"type":"sell","buyer":"gimme-your-coinz","seller":"dsc-r2cornell","symbol":"POB","quantity":"0.86446412","price":"0.03901718","timestamp":1641565839,"volume":"0.03372895","buyTxId":"deb280850c2664b88fbdc73685ffa955052170cd","sellTxId":"019130f475625a0308d404fe149f5f8b46450883"}
{"index": {"_index":"pob","_id":"2486834"}}
	{"id":2486834,"type":"sell","buyer":"gimme-your-coinz","seller":"tonytrillions","symbol":"POB","quantity":"0.12557147","price":"0.03901718","timestamp":1641565884,"volume":"0.00489944","buyTxId":"deb280850c2664b88fbdc73685ffa955052170cd","sellTxId":"a9285b3700b70b7ac12b5d88b3051ceaae908dd1"}
{"index": {"_index":"pob","_id":"2488543"}}
	{"id":2488543,"type":"sell","buyer":"gimme-your-coinz","seller":"darmst5339","symbol":"POB","quantity":"0.17843251","price":"0.03800001","timestamp":1641568842,"volume":"0.00678044","buyTxId":"813e24f49e37e37a2d56401149bf169063fabbcf","sellTxId":"4d6bbd702f765e6a751de888bf2651265ba1c147"}
{"index": {"_index":"pob","_id":"2488770"}}
	{"id":2488770,"type":"sell","buyer":"gimme-your-coinz","seller":"langvmusic","symbol":"POB","quantity":"0.97718004","price":"0.03800001","timestamp":1641570762,"volume":"0.03713285","buyTxId":"813e24f49e37e37a2d56401149bf169063fabbcf","sellTxId":"49b546e18b257b0721240477b49ad051c4cf06c5"}
{"index": {"_index":"pob","_id":"2488774"}}
	{"id":2488774,"type":"sell","buyer":"gimme-your-coinz","seller":"kevmcc","symbol":"POB","quantity":"0.57787992","price":"0.03800001","timestamp":1641570810,"volume":"0.02195944","buyTxId":"813e24f49e37e37a2d56401149bf169063fabbcf","sellTxId":"12cc9f222fc95d1a5a483f6c4391241f9c92aad4"}
{"index": {"_index":"pob","_id":"2488905"}}
	{"id":2488905,"type":"buy","buyer":"richardcrill","seller":"quicktrades","symbol":"POB","quantity":"0.86349794","price":"0.04441994","timestamp":1641571650,"volume":"0.03835653","buyTxId":"992260088a5c935b4211ff669c050ce66fb2d7bc","sellTxId":"ee65f6bc21aabce31a1f4300fc00a43c216c4c06"}
{"index": {"_index":"pob","_id":"2488906"}}
	{"id":2488906,"type":"buy","buyer":"richardcrill","seller":"jerrythefarmer","symbol":"POB","quantity":"3.11599747","price":"0.04441994","timestamp":1641571650,"volume":"0.13841242","buyTxId":"992260088a5c935b4211ff669c050ce66fb2d7bc","sellTxId":"2a4634a58b465e8510fe189d84db67e6a23ae1a2"}
{"index": {"_index":"pob","_id":"2488907"}}
	{"id":2488907,"type":"buy","buyer":"richardcrill","seller":"droida","symbol":"POB","quantity":"0.37179910","price":"0.04441997","timestamp":1641571650,"volume":"0.01651530","buyTxId":"992260088a5c935b4211ff669c050ce66fb2d7bc","sellTxId":"c33ccf9e285faa7971fc03b030c92581d3c6951f"}
{"index": {"_index":"pob","_id":"2488908"}}
	{"id":2488908,"type":"buy","buyer":"richardcrill","seller":"thehockeyfan-at","symbol":"POB","quantity":"1.98920572","price":"0.04442000","timestamp":1641571650,"volume":"0.08836052","buyTxId":"992260088a5c935b4211ff669c050ce66fb2d7bc","sellTxId":"f019cc626b1edc305e0f1ac719f7e20d203c4b82"}
{"index": {"_index":"pob","_id":"2488909"}}
	{"id":2488909,"type":"buy","buyer":"richardcrill","seller":"liotes.voter","symbol":"POB","quantity":"5.46663518","price":"0.04443501","timestamp":1641571650,"volume":"0.24290999","buyTxId":"992260088a5c935b4211ff669c050ce66fb2d7bc","sellTxId":"e5b7d135eea52b487fc4a9b5c7e9abcd1fb9fcba"}
{"index": {"_index":"pob","_id":"2488910"}}
	{"id":2488910,"type":"buy","buyer":"richardcrill","seller":"dbroze","symbol":"POB","quantity":"14.66779365","price":"0.04444000","timestamp":1641571650,"volume":"0.65183675","buyTxId":"992260088a5c935b4211ff669c050ce66fb2d7bc","sellTxId":"91c9e0eabb0698afcecf18b3223bece1b0106849"}
{"index": {"_index":"pob","_id":"2488911"}}
	{"id":2488911,"type":"buy","buyer":"richardcrill","seller":"nonsowrites","symbol":"POB","quantity":"97.52507094","price":"0.04444000","timestamp":1641571650,"volume":"4.33401415","buyTxId":"992260088a5c935b4211ff669c050ce66fb2d7bc","sellTxId":"88ba75f675f1858d817a612f44095ccc1139c8cb"}
{"index": {"_index":"pob","_id":"2488912"}}
	{"id":2488912,"type":"sell","buyer":"gimme-your-coinz","seller":"lisamgentile1961","symbol":"POB","quantity":"0.00900000","price":"0.03800001","timestamp":1641571662,"volume":"0.00034200","buyTxId":"813e24f49e37e37a2d56401149bf169063fabbcf","sellTxId":"2baa724c7fab15d7f0faac490be88b900cb80e3f"}
{"index": {"_index":"pob","_id":"2488961"}}
	{"id":2488961,"type":"sell","buyer":"gimme-your-coinz","seller":"ugochill","symbol":"POB","quantity":"0.00737554","price":"0.03800001","timestamp":1641572061,"volume":"0.00028027","buyTxId":"813e24f49e37e37a2d56401149bf169063fabbcf","sellTxId":"cfeb32e2d7217d97e0a59625bb4c1647a86554e7"}
{"index": {"_index":"pob","_id":"2489519"}}
	{"id":2489519,"type":"buy","buyer":"lebah","seller":"nonsowrites","symbol":"POB","quantity":"4.83953000","price":"0.04444000","timestamp":1641576210,"volume":"0.21506871","buyTxId":"4d8f3c64222500bfeb2d89ddc1fe036c38c6eea3","sellTxId":"88ba75f675f1858d817a612f44095ccc1139c8cb"}
{"index": {"_index":"pob","_id":"2489633"}}
	{"id":2489633,"type":"sell","buyer":"pixelfan","seller":"charcoalbuffet","symbol":"POB","quantity":"1.82278653","price":"0.03800000","timestamp":1641576687,"volume":"0.06926589","buyTxId":"7c5e868479e4c41ed12594b59c189759b937794c","sellTxId":"55db9848c2e854b2fb9fa115fecd4f6f249a5fda"}
{"index": {"_index":"pob","_id":"2489651"}}
	{"id":2489651,"type":"sell","buyer":"pixelfan","seller":"pablodare","symbol":"POB","quantity":"0.51770369","price":"0.03800000","timestamp":1641576849,"volume":"0.01967274","buyTxId":"7c5e868479e4c41ed12594b59c189759b937794c","sellTxId":"2cba6b64e5cc24bbb4a6fccdab98a62d1f809217"}
{"index": {"_index":"pob","_id":"2489684"}}
	{"id":2489684,"type":"sell","buyer":"pixelfan","seller":"openwide","symbol":"POB","quantity":"1.54286563","price":"0.03800000","timestamp":1641577194,"volume":"0.05862889","buyTxId":"7c5e868479e4c41ed12594b59c189759b937794c","sellTxId":"5fceb294df862a52f54e118fb28e73d966c8ac13"}
{"index": {"_index":"pob","_id":"2489800"}}
	{"id":2489800,"type":"buy","buyer":"richardcrill","seller":"harveyword","symbol":"POB","quantity":"2.00000000","price":"0.05000000","timestamp":1641577857,"volume":"0.10000000","buyTxId":"c893824a4cfda09a61ec93feef83ddbd6ba395b6","sellTxId":"ef546d43c52a5185f5bb92a4dc5a7d07acedb4b5"}
{"index": {"_index":"pob","_id":"2489801"}}
	{"id":2489801,"type":"buy","buyer":"richardcrill","seller":"ganjafarmer","symbol":"POB","quantity":"19.45978603","price":"0.05000000","timestamp":1641577857,"volume":"0.97298930","buyTxId":"c893824a4cfda09a61ec93feef83ddbd6ba395b6","sellTxId":"4bd60fe811ea764dfc51e0ae1f3591b8db0ad37e"}
{"index": {"_index":"pob","_id":"2489802"}}
	{"id":2489802,"type":"buy","buyer":"richardcrill","seller":"eirik","symbol":"POB","quantity":"4.00000000","price":"0.05000000","timestamp":1641577857,"volume":"0.20000000","buyTxId":"c893824a4cfda09a61ec93feef83ddbd6ba395b6","sellTxId":"8f7510833900c11d83aa82eb34b7e9cc5aa59c64"}
{"index": {"_index":"pob","_id":"2489803"}}
	{"id":2489803,"type":"buy","buyer":"richardcrill","seller":"jersteemit","symbol":"POB","quantity":"18.51718630","price":"0.05000000","timestamp":1641577857,"volume":"0.92585932","buyTxId":"c893824a4cfda09a61ec93feef83ddbd6ba395b6","sellTxId":"eb53a966058379778940dd10de4a8a08f759dd29"}
{"index": {"_index":"pob","_id":"2489804"}}
	{"id":2489804,"type":"buy","buyer":"richardcrill","seller":"eirik","symbol":"POB","quantity":"32.00000000","price":"0.05250000","timestamp":1641577857,"volume":"1.68000000","buyTxId":"c893824a4cfda09a61ec93feef83ddbd6ba395b6","sellTxId":"c924e164c6809fafa776f42295431a967cc73462"}
{"index": {"_index":"pob","_id":"2489805"}}
	{"id":2489805,"type":"buy","buyer":"richardcrill","seller":"eirik","symbol":"POB","quantity":"24.35302767","price":"0.05500000","timestamp":1641577857,"volume":"1.33941652","buyTxId":"c893824a4cfda09a61ec93feef83ddbd6ba395b6","sellTxId":"6b13d12996a8ed636e79719b9a07824ca29c1491"}
{"index": {"_index":"pob","_id":"2489806"}}
	{"id":2489806,"type":"sell","buyer":"pixelfan","seller":"citywriter","symbol":"POB","quantity":"4.78610239","price":"0.03800000","timestamp":1641577860,"volume":"0.18187189","buyTxId":"7c5e868479e4c41ed12594b59c189759b937794c","sellTxId":"0c60ae2b870de1dd60f5972750855077e382b711"}
{"index": {"_index":"pob","_id":"2489997"}}
	{"id":2489997,"type":"sell","buyer":"pixelfan","seller":"apoloo1","symbol":"POB","quantity":"1.82679866","price":"0.03800000","timestamp":1641578997,"volume":"0.06941835","buyTxId":"7c5e868479e4c41ed12594b59c189759b937794c","sellTxId":"1d543beef45ec05658ce8d084d5b909048cc2ccf"}
{"index": {"_index":"pob","_id":"2490089"}}
	{"id":2490089,"type":"buy","buyer":"richardcrill","seller":"eirik","symbol":"POB","quantity":"2.64697233","price":"0.05500000","timestamp":1641579663,"volume":"0.14558348","buyTxId":"f262a115020bfa599342dbf85a8fec92156f9a84","sellTxId":"6b13d12996a8ed636e79719b9a07824ca29c1491"}
{"index": {"_index":"pob","_id":"2490090"}}
	{"id":2490090,"type":"buy","buyer":"richardcrill","seller":"beemd","symbol":"POB","quantity":"37.88651341","price":"0.06398000","timestamp":1641579663,"volume":"2.42397913","buyTxId":"f262a115020bfa599342dbf85a8fec92156f9a84","sellTxId":"9d509cb9d33924e3869fa23cc9ad28148cbdeaf7"}
{"index": {"_index":"pob","_id":"2490091"}}
	{"id":2490091,"type":"buy","buyer":"richardcrill","seller":"beemd","symbol":"POB","quantity":"27.86544323","price":"0.06499000","timestamp":1641579663,"volume":"1.81097516","buyTxId":"f262a115020bfa599342dbf85a8fec92156f9a84","sellTxId":"66297ca7eedaef5aedcb6f016d32107a27e1fd6c"}
{"index": {"_index":"pob","_id":"2490092"}}
	{"id":2490092,"type":"buy","buyer":"richardcrill","seller":"beemd","symbol":"POB","quantity":"7.15033703","price":"0.06499000","timestamp":1641579663,"volume":"0.46470040","buyTxId":"f262a115020bfa599342dbf85a8fec92156f9a84","sellTxId":"bcd73503c42f6a2e1f02ee952c3eb165f4a94dca"}
{"index": {"_index":"pob","_id":"2490093"}}
	{"id":2490093,"type":"buy","buyer":"richardcrill","seller":"beemd","symbol":"POB","quantity":"5.89301946","price":"0.06499490","timestamp":1641579663,"volume":"0.38301621","buyTxId":"f262a115020bfa599342dbf85a8fec92156f9a84","sellTxId":"2cfdfc56cfa6a6d3ec22a3f98bc6e55ac34ce5a3"}
{"index": {"_index":"pob","_id":"2490094"}}
	{"id":2490094,"type":"buy","buyer":"richardcrill","seller":"eirik","symbol":"POB","quantity":"21.54411585","price":"0.06500000","timestamp":1641579663,"volume":"1.40036753","buyTxId":"f262a115020bfa599342dbf85a8fec92156f9a84","sellTxId":"76420b77abb2bdbc925e9f345fa56577c26b75f9"}
{"index": {"_index":"pob","_id":"2490095"}}
	{"id":2490095,"type":"buy","buyer":"richardcrill","seller":"brofi-market","symbol":"POB","quantity":"13.91781570","price":"0.06598997","timestamp":1641579663,"volume":"0.91843624","buyTxId":"f262a115020bfa599342dbf85a8fec92156f9a84","sellTxId":"a7aa483041122d315fbf9b68520d7038145927a7"}
{"index": {"_index":"pob","_id":"2490096"}}
	{"id":2490096,"type":"buy","buyer":"richardcrill","seller":"dhedge-drips","symbol":"POB","quantity":"1.49119453","price":"0.06598997","timestamp":1641579663,"volume":"0.09840388","buyTxId":"f262a115020bfa599342dbf85a8fec92156f9a84","sellTxId":"7f78a982e01ae6fa8f0a31309486ec9587bab6b1"}
{"index": {"_index":"pob","_id":"2490097"}}
	{"id":2490097,"type":"buy","buyer":"richardcrill","seller":"preparedwombat","symbol":"POB","quantity":"24.13484373","price":"0.06599000","timestamp":1641579663,"volume":"1.59265834","buyTxId":"f262a115020bfa599342dbf85a8fec92156f9a84","sellTxId":"66d7372461337e356a0ccc4eafa4fb8adf2c2cac"}
{"index": {"_index":"pob","_id":"2490098"}}
	{"id":2490098,"type":"buy","buyer":"richardcrill","seller":"akumagai","symbol":"POB","quantity":"37.46974473","price":"0.06599000","timestamp":1641579663,"volume":"2.47262845","buyTxId":"f262a115020bfa599342dbf85a8fec92156f9a84","sellTxId":"f8e52a4c00a5d75f94c617bf4321f3db30a66fb2"}
{"index": {"_index":"pob","_id":"2490152"}}
	{"id":2490152,"type":"sell","buyer":"pixelfan","seller":"babytarazkp","symbol":"POB","quantity":"15.89525904","price":"0.03800000","timestamp":1641580149,"volume":"0.60401984","buyTxId":"7c5e868479e4c41ed12594b59c189759b937794c","sellTxId":"e6c43d0ac816f198b3751f9672098bb915f2bde9"}
{"index": {"_index":"pob","_id":"2490153"}}
	{"id":2490153,"type":"sell","buyer":"eirik","seller":"babytarazkp","symbol":"POB","quantity":"25.00000000","price":"0.03800000","timestamp":1641580149,"volume":"0.95000000","buyTxId":"afd945536425fc7c97d49647c891bc803d4d683f","sellTxId":"e6c43d0ac816f198b3751f9672098bb915f2bde9"}
{"index": {"_index":"pob","_id":"2490189"}}
	{"id":2490189,"type":"buy","buyer":"richardcrill","seller":"babytarazkp","symbol":"POB","quantity":"8.12235266","price":"0.03800000","timestamp":1641580596,"volume":"0.30864940","buyTxId":"9e2bf6d9be31367594afcd68b2860c4a64937ac8","sellTxId":"e6c43d0ac816f198b3751f9672098bb915f2bde9"}
{"index": {"_index":"pob","_id":"2490403"}}
	{"id":2490403,"type":"buy","buyer":"richardcrill","seller":"beemd","symbol":"POB","quantity":"3.00000000","price":"0.06598490","timestamp":1641582861,"volume":"0.19795470","buyTxId":"24500f1b1b2321db374d1876b1267cecd00b1e3f","sellTxId":"80c1755e07ae25bb931b4472150a1ad53db9d8ae"}
{"index": {"_index":"pob","_id":"2490485"}}
	{"id":2490485,"type":"buy","buyer":"bananofarmer","seller":"beemd","symbol":"POB","quantity":"1.00000000","price":"0.06598490","timestamp":1641583545,"volume":"0.06598490","buyTxId":"d18efb125c881f05e51968da5c94736f93252b6c","sellTxId":"80c1755e07ae25bb931b4472150a1ad53db9d8ae"}
{"index": {"_index":"pob","_id":"2490541"}}
	{"id":2490541,"type":"sell","buyer":"coininstant","seller":"amaillo","symbol":"POB","quantity":"0.34000000","price":"0.03601000","timestamp":1641584286,"volume":"0.01224340","buyTxId":"bd84f9433cc8106cb9f5afc4d0f20b3963164934","sellTxId":"d8e37e532a2dff9b07701b08cebc88b91531c71f"}
{"index": {"_index":"pob","_id":"2490542"}}
	{"id":2490542,"type":"sell","buyer":"shanhenry","seller":"amaillo","symbol":"POB","quantity":"0.59031740","price":"0.03600000","timestamp":1641584286,"volume":"0.02125143","buyTxId":"e32e4e1f10150f5500209f901cbc44f04efde931","sellTxId":"d8e37e532a2dff9b07701b08cebc88b91531c71f"}
{"index": {"_index":"pob","_id":"2490634"}}
	{"id":2490634,"type":"sell","buyer":"shanhenry","seller":"oks2crypto","symbol":"POB","quantity":"0.19245689","price":"0.03600000","timestamp":1641584727,"volume":"0.00692845","buyTxId":"e32e4e1f10150f5500209f901cbc44f04efde931","sellTxId":"26076cc83374723226512c9ee6ac0cc12a3bc9dc"}
{"index": {"_index":"pob","_id":"2490672"}}
	{"id":2490672,"type":"sell","buyer":"shanhenry","seller":"donchate","symbol":"POB","quantity":"0.26312483","price":"0.03600000","timestamp":1641585117,"volume":"0.00947249","buyTxId":"e32e4e1f10150f5500209f901cbc44f04efde931","sellTxId":"2e9eb9fca340e6f0ff48fedecc7e1af1edd7a046-9"}
{"index": {"_index":"pob","_id":"2490686"}}
	{"id":2490686,"type":"buy","buyer":"richardcrill","seller":"beemd","symbol":"POB","quantity":"45.63938828","price":"0.06598490","timestamp":1641585237,"volume":"3.01151047","buyTxId":"b5c01c0c16a9996b1f850c536f5d57a49771439e","sellTxId":"80c1755e07ae25bb931b4472150a1ad53db9d8ae"}
{"index": {"_index":"pob","_id":"2490687"}}
	{"id":2490687,"type":"buy","buyer":"richardcrill","seller":"barski","symbol":"POB","quantity":"9.98390986","price":"0.06598490","timestamp":1641585237,"volume":"0.65878729","buyTxId":"b5c01c0c16a9996b1f850c536f5d57a49771439e","sellTxId":"8f955665bb61e91bb981d19c0082a5d4a07d5beb"}
{"index": {"_index":"pob","_id":"2490688"}}
	{"id":2490688,"type":"buy","buyer":"richardcrill","seller":"akumagai","symbol":"POB","quantity":"6.82197334","price":"0.06599000","timestamp":1641585237,"volume":"0.45018202","buyTxId":"b5c01c0c16a9996b1f850c536f5d57a49771439e","sellTxId":"f8e52a4c00a5d75f94c617bf4321f3db30a66fb2"}
{"index": {"_index":"pob","_id":"2490689"}}
	{"id":2490689,"type":"buy","buyer":"richardcrill","seller":"racibo","symbol":"POB","quantity":"0.03351636","price":"0.07000000","timestamp":1641585237,"volume":"0.00234615","buyTxId":"b5c01c0c16a9996b1f850c536f5d57a49771439e","sellTxId":"72ee8f785879d3f647cd0563ec6063cbeac3356e"}
{"index": {"_index":"pob","_id":"2490690"}}
	{"id":2490690,"type":"buy","buyer":"richardcrill","seller":"fernandosoder","symbol":"POB","quantity":"5.40380139","price":"0.07000000","timestamp":1641585237,"volume":"0.37826610","buyTxId":"b5c01c0c16a9996b1f850c536f5d57a49771439e","sellTxId":"c257f83fb474b8ab7436ababf22a8c898a57601e"}
{"index": {"_index":"pob","_id":"2490691"}}
	{"id":2490691,"type":"buy","buyer":"richardcrill","seller":"eirik","symbol":"POB","quantity":"8.00000000","price":"0.07500000","timestamp":1641585237,"volume":"0.60000000","buyTxId":"b5c01c0c16a9996b1f850c536f5d57a49771439e","sellTxId":"5ebd5a4f48e0bfc541667a6135b1539a081517e6"}
{"index": {"_index":"pob","_id":"2490692"}}
	{"id":2490692,"type":"buy","buyer":"richardcrill","seller":"careassaktart","symbol":"POB","quantity":"0.35037055","price":"0.07800001","timestamp":1641585237,"volume":"0.02732891","buyTxId":"b5c01c0c16a9996b1f850c536f5d57a49771439e","sellTxId":"b3c77582c7d8ced74f58f57584321141196fcc3b"}
{"index": {"_index":"pob","_id":"2490693"}}
	{"id":2490693,"type":"buy","buyer":"richardcrill","seller":"eirik","symbol":"POB","quantity":"7.00000000","price":"0.08000000","timestamp":1641585237,"volume":"0.56000000","buyTxId":"b5c01c0c16a9996b1f850c536f5d57a49771439e","sellTxId":"209ed72bc20529838f7990cbeb30caf53e3de470"}
{"index": {"_index":"pob","_id":"2490694"}}
	{"id":2490694,"type":"buy","buyer":"richardcrill","seller":"eirik","symbol":"POB","quantity":"12.00000000","price":"0.08100000","timestamp":1641585237,"volume":"0.97200000","buyTxId":"b5c01c0c16a9996b1f850c536f5d57a49771439e","sellTxId":"f3db91b7598d911472bd9d34efb85b3b3953281b"}
{"index": {"_index":"pob","_id":"2490695"}}
	{"id":2490695,"type":"buy","buyer":"richardcrill","seller":"liotes.voter","symbol":"POB","quantity":"4.44544726","price":"0.08293501","timestamp":1641585237,"volume":"0.36868321","buyTxId":"b5c01c0c16a9996b1f850c536f5d57a49771439e","sellTxId":"6e0786127e8639eff46d80483f7c348b288e005a"}
{"index": {"_index":"pob","_id":"2490696"}}
	{"id":2490696,"type":"buy","buyer":"richardcrill","seller":"cryptofiloz","symbol":"POB","quantity":"0.32159296","price":"0.08297501","timestamp":1641585237,"volume":"0.02668418","buyTxId":"b5c01c0c16a9996b1f850c536f5d57a49771439e","sellTxId":"6f4465268e0141d5e4c47bf1f97a35fc832bbd60"}
{"index": {"_index":"pob","_id":"2491026"}}
	{"id":2491026,"type":"sell","buyer":"shanhenry","seller":"rsntpl","symbol":"POB","quantity":"2.35583665","price":"0.03900000","timestamp":1641588534,"volume":"0.09187763","buyTxId":"28c27ff472a4066949ba3318b1e25f5bd003d220","sellTxId":"063d29797064d1b10228b2d837d0cf1bdb899c34"}
{"index": {"_index":"pob","_id":"2491061"}}
	{"id":2491061,"type":"sell","buyer":"shanhenry","seller":"deathwing","symbol":"POB","quantity":"0.026","price":"0.03960000","timestamp":1641588906,"volume":"0.00102960","buyTxId":"dd651e2817c6f3b80be311c37f2493dc19902ef2","sellTxId":"df94be2831cfbeaa2ec2a6ea848b30ee63f0d8ba-0"}
{"index": {"_index":"pob","_id":"2491072"}}
	{"id":2491072,"type":"buy","buyer":"renovatio","seller":"cryptofiloz","symbol":"POB","quantity":"2.45071710","price":"0.08297501","timestamp":1641589086,"volume":"0.20334828","buyTxId":"38aef79c984e22cc30d04cf24bf6595f3fd7de8c","sellTxId":"6f4465268e0141d5e4c47bf1f97a35fc832bbd60"}
{"index": {"_index":"pob","_id":"2491073"}}
	{"id":2491073,"type":"buy","buyer":"renovatio","seller":"lordemmy","symbol":"POB","quantity":"20.00000000","price":"0.08297501","timestamp":1641589086,"volume":"1.65950020","buyTxId":"38aef79c984e22cc30d04cf24bf6595f3fd7de8c","sellTxId":"7c459224bedcc859adf42dff2276b4c6358e6e46"}
{"index": {"_index":"pob","_id":"2491074"}}
	{"id":2491074,"type":"buy","buyer":"renovatio","seller":"jos3lider","symbol":"POB","quantity":"1.24030629","price":"0.08298000","timestamp":1641589086,"volume":"0.10292062","buyTxId":"38aef79c984e22cc30d04cf24bf6595f3fd7de8c","sellTxId":"43123089ec58ec26cc12d6fad0dc4943b3b87d25"}
{"index": {"_index":"pob","_id":"2491075"}}
	{"id":2491075,"type":"buy","buyer":"renovatio","seller":"liotes.voter","symbol":"POB","quantity":"3.66458768","price":"0.08298501","timestamp":1641589086,"volume":"0.30410585","buyTxId":"38aef79c984e22cc30d04cf24bf6595f3fd7de8c","sellTxId":"cb89fe2f0c5f643cdb16e5704109640ab59543ba"}
{"index": {"_index":"pob","_id":"2491076"}}
	{"id":2491076,"type":"buy","buyer":"renovatio","seller":"firstborn.pob","symbol":"POB","quantity":"32.74438893","price":"0.08298501","timestamp":1641589086,"volume":"2.71729344","buyTxId":"38aef79c984e22cc30d04cf24bf6595f3fd7de8c","sellTxId":"2caf6074a449bca45590f78763dff8b7c3be103e"}
{"index": {"_index":"pob","_id":"2491118"}}
	{"id":2491118,"type":"sell","buyer":"richardcrill","seller":"revisesociology","symbol":"POB","quantity":"34.00000000","price":"0.04000000","timestamp":1641589626,"volume":"1.36000000","buyTxId":"MM-P-13742564-60729634-3-10-0","sellTxId":"451aba1ec9c63c61be6bbb03f97473e56d98fcfa"}
{"index": {"_index":"pob","_id":"2491148"}}
	{"id":2491148,"type":"sell","buyer":"richardcrill","seller":"gillianpearce","symbol":"POB","quantity":"25.00000000","price":"0.04020000","timestamp":1641590037,"volume":"1.00500000","buyTxId":"MM-P-13742764-60729834-3-10-0","sellTxId":"18eaa1b01a84132d82af2403eb7fa2ce8ce65f68"}
{"index": {"_index":"pob","_id":"2491216"}}
	{"id":2491216,"type":"sell","buyer":"richardcrill","seller":"kamrunnahar","symbol":"POB","quantity":"0.01496683","price":"0.04020000","timestamp":1641591105,"volume":"0.00060167","buyTxId":"MM-P-13742764-60729834-3-10-0","sellTxId":"aff230a0103502205af316443a27f6ee42dec9be"}
{"index": {"_index":"pob","_id":"2491245"}}
	{"id":2491245,"type":"sell","buyer":"richardcrill","seller":"dswap","symbol":"POB","quantity":"0.33170863","price":"0.04020000","timestamp":1641591495,"volume":"0.01333469","buyTxId":"MM-P-13742764-60729834-3-10-0","sellTxId":"5a05af84edd1c47d9d9bc079035ef1b7cd039a4b"}
{"index": {"_index":"pob","_id":"2491583"}}
	{"id":2491583,"type":"buy","buyer":"baconface","seller":"harveyword","symbol":"POB","quantity":"0.07895154","price":"0.08298000","timestamp":1641593460,"volume":"0.00655140","buyTxId":"9ef153c206273f27511fafa20a2d9699b6742268","sellTxId":"b75c2d70b701729c1c71b1d497e7330e1f771fd3"}
{"index": {"_index":"pob","_id":"2491735"}}
	{"id":2491735,"type":"sell","buyer":"richardcrill","seller":"quantumg","symbol":"POB","quantity":"1.89467603","price":"0.04042000","timestamp":1641594123,"volume":"0.07658281","buyTxId":"MM-P-13744061-60731131-3-10-0","sellTxId":"a12caf8af1c23813af5b5c8b61df60ca3459b698"}
{"index": {"_index":"pob","_id":"2491736"}}
	{"id":2491736,"type":"sell","buyer":"richardcrill","seller":"andy4475","symbol":"POB","quantity":"23.21984030","price":"0.04042000","timestamp":1641594123,"volume":"0.93854594","buyTxId":"MM-P-13744061-60731131-3-10-0","sellTxId":"99b168908ac6623dfe2d5413b458c42c9c6c66f9"}
{"index": {"_index":"pob","_id":"2491740"}}
	{"id":2491740,"type":"sell","buyer":"richardcrill","seller":"automaton","symbol":"POB","quantity":"2.98790596","price":"0.04042000","timestamp":1641594171,"volume":"0.12077116","buyTxId":"MM-P-13744061-60731131-3-10-0","sellTxId":"f5430d5375dd829a4b48e9b314bc056c67d9404c"}
{"index": {"_index":"pob","_id":"2491990"}}
	{"id":2491990,"type":"sell","buyer":"richardcrill","seller":"shanhenry","symbol":"POB","quantity":"3.87965233","price":"0.04042000","timestamp":1641596238,"volume":"0.15681555","buyTxId":"MM-P-13744061-60731131-3-10-0","sellTxId":"3a2023808fbc685a6ffa881c43a203efb83da582"}
{"index": {"_index":"pob","_id":"2492010"}}
	{"id":2492010,"type":"sell","buyer":"richardcrill","seller":"he-index","symbol":"POB","quantity":"0.13000000","price":"0.04042000","timestamp":1641596466,"volume":"0.00525460","buyTxId":"MM-P-13744061-60731131-3-10-0","sellTxId":"6d4a7a5cb9eeb6b263a3585664a6bf18bd074a5c"}
{"index": {"_index":"pob","_id":"2492277"}}
	{"id":2492277,"type":"sell","buyer":"richardcrill","seller":"shanhenry","symbol":"POB","quantity":"0.00602180","price":"0.04110000","timestamp":1641600081,"volume":"0.00024750","buyTxId":"MM-P-13745654-60732724-3-10-0","sellTxId":"b0277324e300a4e4308a45674dcc50dc8147d671"}
{"index": {"_index":"pob","_id":"2492380"}}
	{"id":2492380,"type":"sell","buyer":"shanhenry","seller":"simplegame","symbol":"POB","quantity":"4.43991818","price":"0.04200000","timestamp":1641600891,"volume":"0.18647656","buyTxId":"644e77699aaa58e77fae1ec83ecec3bc8e5f2371","sellTxId":"797aa56ecae8df8a88d042d6fd73be545acecfd9"}
{"index": {"_index":"pob","_id":"2492400"}}
	{"id":2492400,"type":"sell","buyer":"shanhenry","seller":"tejimundo","symbol":"POB","quantity":"0.50963094","price":"0.04200000","timestamp":1641601098,"volume":"0.02140450","buyTxId":"644e77699aaa58e77fae1ec83ecec3bc8e5f2371","sellTxId":"4d0ed8d26f566a0b766f95f00bf68736cf99c6cf"}
{"index": {"_index":"pob","_id":"2492429"}}
	{"id":2492429,"type":"sell","buyer":"shanhenry","seller":"hive-145008","symbol":"POB","quantity":"0.00819115","price":"0.04200000","timestamp":1641601407,"volume":"0.00034403","buyTxId":"644e77699aaa58e77fae1ec83ecec3bc8e5f2371","sellTxId":"2f998cfdb9319a8c2702f9789398144ebaefbcc6"}
{"index": {"_index":"pob","_id":"2492514"}}
	{"id":2492514,"type":"sell","buyer":"richardcrill","seller":"shanhenry","symbol":"POB","quantity":"0.69600000","price":"0.04210000","timestamp":1641602397,"volume":"0.02930160","buyTxId":"MM-P-13746849-60733919-3-10-0","sellTxId":"2a17055a222796bb8ce0986048e2023d553cf3bb"}
{"index": {"_index":"pob","_id":"2492646"}}
	{"id":2492646,"type":"sell","buyer":"richardcrill","seller":"shanhenry","symbol":"POB","quantity":"2.00000000","price":"0.04311000","timestamp":1641603561,"volume":"0.08622000","buyTxId":"MM-P-13747248-60734318-3-10-0","sellTxId":"5d1e05d80a84b03958d5e684e964e65ee113d945"}
{"index": {"_index":"pob","_id":"2492708"}}
	{"id":2492708,"type":"sell","buyer":"richardcrill","seller":"shanhenry","symbol":"POB","quantity":"1.00000000","price":"0.04410000","timestamp":1641604401,"volume":"0.04410000","buyTxId":"MM-P-13747547-60734617-3-10-0","sellTxId":"b09825b70c379bec0d056bb468fdbcbe0652448e"}
{"index": {"_index":"pob","_id":"2492714"}}
	{"id":2492714,"type":"sell","buyer":"richardcrill","seller":"nane","symbol":"POB","quantity":"15.04100389","price":"0.04410000","timestamp":1641604530,"volume":"0.66330827","buyTxId":"MM-P-13747547-60734617-3-10-0","sellTxId":"84ef8b23ab4a89cf9f02e93f5471cbe9981c2047"}
{"index": {"_index":"pob","_id":"2492848"}}
	{"id":2492848,"type":"sell","buyer":"richardcrill","seller":"shanhenry","symbol":"POB","quantity":"1.10000000","price":"0.04430000","timestamp":1641605139,"volume":"0.04873000","buyTxId":"MM-P-13747747-60734817-3-10-0","sellTxId":"90980014118231599b63258bc2ec47faf8223c6d"}
{"index": {"_index":"pob","_id":"2492893"}}
	{"id":2492893,"type":"sell","buyer":"richardcrill","seller":"shanhenry","symbol":"POB","quantity":"0.00600000","price":"0.04470000","timestamp":1641606018,"volume":"0.00026820","buyTxId":"MM-P-13748047-60735117-3-10-0","sellTxId":"4015874ac31c9a34e1ee985c32f4922828a0a3a4"}
{"index": {"_index":"pob","_id":"2492926"}}
	{"id":2492926,"type":"sell","buyer":"richardcrill","seller":"shanhenry","symbol":"POB","quantity":"0.15574665","price":"0.04560000","timestamp":1641606522,"volume":"0.00710205","buyTxId":"MM-P-13748246-60735316-3-10-0","sellTxId":"ca9a1ca6c95d55fefc56e375801a7a2c29777c0e"}
{"index": {"_index":"pob","_id":"2493082"}}
	{"id":2493082,"type":"sell","buyer":"coininstant","seller":"melbourneswest","symbol":"POB","quantity":"1.53837154","price":"0.04301000","timestamp":1641608403,"volume":"0.06616536","buyTxId":"0a52caf32c5df8669047fb7f083e327fc2b5c4f1","sellTxId":"117d80f52e679b4b8de757cee4217d6d7330e0ff"}
{"index": {"_index":"pob","_id":"2493083"}}
	{"id":2493083,"type":"sell","buyer":"richardcrill","seller":"melbourneswest","symbol":"POB","quantity":"1.79162846","price":"0.04090000","timestamp":1641608403,"volume":"0.07327760","buyTxId":"MM-P-13748843-60735913-3-10-0","sellTxId":"117d80f52e679b4b8de757cee4217d6d7330e0ff"}
{"index": {"_index":"pob","_id":"2493085"}}
	{"id":2493085,"type":"sell","buyer":"richardcrill","seller":"melbourneswest","symbol":"POB","quantity":"1.6","price":"0.04090000","timestamp":1641608454,"volume":"0.06544000","buyTxId":"MM-P-13748843-60735913-3-10-0","sellTxId":"4e233c294ecdcc2e7899f0bbad57e3703225e984"}
{"index": {"_index":"pob","_id":"2493215"}}
	{"id":2493215,"type":"sell","buyer":"richardcrill","seller":"chireerocks","symbol":"POB","quantity":"2.77186128","price":"0.04070000","timestamp":1641610218,"volume":"0.11281475","buyTxId":"MM-P-13749241-60736311-3-10-0","sellTxId":"451cf34f49fb21e46e36cd9e1af9c98b7e43b6a1"}
{"index": {"_index":"pob","_id":"2493287"}}
	{"id":2493287,"type":"sell","buyer":"richardcrill","seller":"gubbatv","symbol":"POB","quantity":"2.26078174","price":"0.04086000","timestamp":1641611064,"volume":"0.09237554","buyTxId":"MM-P-13749739-60736809-3-10-0","sellTxId":"c3819b861024e04d6826c7606d258b837a7cc223"}
{"index": {"_index":"pob","_id":"2493291"}}
	{"id":2493291,"type":"buy","buyer":"richardcrill","seller":"harveyword","symbol":"POB","quantity":"6.14104846","price":"0.08298000","timestamp":1641611121,"volume":"0.50958420","buyTxId":"d8e088db62006eaed93b599f049c57228a00fda1","sellTxId":"b75c2d70b701729c1c71b1d497e7330e1f771fd3"}
{"index": {"_index":"pob","_id":"2493292"}}
	{"id":2493292,"type":"buy","buyer":"richardcrill","seller":"quicktrades","symbol":"POB","quantity":"1.01284054","price":"0.08298499","timestamp":1641611121,"volume":"0.08405056","buyTxId":"d8e088db62006eaed93b599f049c57228a00fda1","sellTxId":"29a7b4a81045d3b37eb05663d0b9428634520e7b"}
{"index": {"_index":"pob","_id":"2493293"}}
	{"id":2493293,"type":"buy","buyer":"richardcrill","seller":"ganjafarmer","symbol":"POB","quantity":"19.45978603","price":"0.08298499","timestamp":1641611121,"volume":"1.61487015","buyTxId":"d8e088db62006eaed93b599f049c57228a00fda1","sellTxId":"051729fe9fb668dcaf42a225b9b95fd3a878070a"}
{"index": {"_index":"pob","_id":"2493294"}}
	{"id":2493294,"type":"buy","buyer":"richardcrill","seller":"droida","symbol":"POB","quantity":"0.43627903","price":"0.08298500","timestamp":1641611121,"volume":"0.03620462","buyTxId":"d8e088db62006eaed93b599f049c57228a00fda1","sellTxId":"563c5126f8634894c10479fd9f18a0fedfdbad2c"}
{"index": {"_index":"pob","_id":"2493295"}}
	{"id":2493295,"type":"buy","buyer":"richardcrill","seller":"firstborn.pob","symbol":"POB","quantity":"337.95004594","price":"0.08298501","timestamp":1641611121,"volume":"28.04478794","buyTxId":"d8e088db62006eaed93b599f049c57228a00fda1","sellTxId":"2caf6074a449bca45590f78763dff8b7c3be103e"}
{"index": {"_index":"pob","_id":"2493329"}}
	{"id":2493329,"type":"sell","buyer":"honusurf","seller":"dswap","symbol":"POB","quantity":"0.60000000","price":"0.04099000","timestamp":1641611529,"volume":"0.02459400","buyTxId":"8f571e5bee13b90a4b6e8cd224ae63cbfbf4cad0","sellTxId":"5bb80a73a1518f282c09af18e3ed85a536372f35"}
{"index": {"_index":"pob","_id":"2493330"}}
	{"id":2493330,"type":"sell","buyer":"richardcrill","seller":"dswap","symbol":"POB","quantity":"1.44500424","price":"0.04098000","timestamp":1641611529,"volume":"0.05921627","buyTxId":"MM-P-13749838-60736908-3-10-0","sellTxId":"5bb80a73a1518f282c09af18e3ed85a536372f35"}
{"index": {"_index":"pob","_id":"2493476"}}
	{"id":2493476,"type":"sell","buyer":"richardcrill","seller":"torrecoin90","symbol":"POB","quantity":"0.87172634","price":"0.04098000","timestamp":1641613866,"volume":"0.03572335","buyTxId":"MM-P-13749838-60736908-3-10-0","sellTxId":"5ef9548efa03de28f950b8d7e05479594798f471"}
