{"index": {"_index":"pob","_id":"3938975"}}
	{"id":3938975,"type":"sell","buyer":"pjansen","seller":"osomar357","symbol":"POB","quantity":"0.38589495","price":"0.01590001","timestamp":1658192784,"volume":"0.00613573","buyTxId":"32cfb6a1f7693176e30e44a01aeb2563218406a5","sellTxId":"860bba4e212bae6277046e7b84fd12c1dd139af8"}
{"index": {"_index":"pob","_id":"3939252"}}
	{"id":3939252,"type":"sell","buyer":"pjansen","seller":"steem82868","symbol":"POB","quantity":"0.53750623","price":"0.01600001","timestamp":1658195736,"volume":"0.00860011","buyTxId":"2eb68d579651b3c165e1d6c4ecb70bb1760d3087","sellTxId":"e07c5f1d854ccadf8d91f924613d92eecb7d388c"}
{"index": {"_index":"pob","_id":"3939337"}}
	{"id":3939337,"type":"sell","buyer":"pjansen","seller":"zainalbakri","symbol":"POB","quantity":"0.04929378","price":"0.01600001","timestamp":1658196396,"volume":"0.00078870","buyTxId":"5051cde8e14de0036283bba3b63469c362e9055d","sellTxId":"1ba0f7a359024ee8df3aa36857248486128b8a91"}
{"index": {"_index":"pob","_id":"3939392"}}
	{"id":3939392,"type":"sell","buyer":"pjansen","seller":"bitcoinflood","symbol":"POB","quantity":"14.87999941","price":"0.01600001","timestamp":1658197014,"volume":"0.23808014","buyTxId":"23ee6526ff4b3e99740e66bd3e41d302b4286787","sellTxId":"41741b7c4508fe0e8d1fadd688dfcee228dbcb4a"}
{"index": {"_index":"pob","_id":"3939526"}}
	{"id":3939526,"type":"sell","buyer":"pjansen","seller":"iyanpol12","symbol":"POB","quantity":"19.72135833","price":"0.01600001","timestamp":1658198796,"volume":"0.31554193","buyTxId":"a48949b300db821c168ec83be03bfa167e45cab9","sellTxId":"3ba34550e434cd45eb0e4c04e6a4f50cfaa8da0d"}
{"index": {"_index":"pob","_id":"3939568"}}
	{"id":3939568,"type":"sell","buyer":"pjansen","seller":"kolus290","symbol":"POB","quantity":"6.59701554","price":"0.01600001","timestamp":1658199405,"volume":"0.10555231","buyTxId":"e8298f8e5eb50d48b9e77e58be1340fb60164046","sellTxId":"158c4071c78782c85871e9537e84e3462526dcc7"}
{"index": {"_index":"pob","_id":"3939739"}}
	{"id":3939739,"type":"sell","buyer":"pjansen","seller":"steem82868","symbol":"POB","quantity":"2.30908624","price":"0.01610001","timestamp":1658202582,"volume":"0.03717631","buyTxId":"4732680cd2a848c58f48a0d96c3f2f02ba069d81","sellTxId":"8354327b2d82cb30d095f45e4d1df033b5cd1510"}
{"index": {"_index":"pob","_id":"3940290"}}
	{"id":3940290,"type":"sell","buyer":"pjansen","seller":"ericburgoyne","symbol":"POB","quantity":"1.39852202","price":"0.01630001","timestamp":1658209665,"volume":"0.02279592","buyTxId":"39bfcd0b451f4c6c3f12d665082044165400f26e","sellTxId":"68e80a7cf998f8848e4e2c87b177ff2c3234069c"}
{"index": {"_index":"pob","_id":"3940704"}}
	{"id":3940704,"type":"buy","buyer":"pjansen","seller":"anech512","symbol":"POB","quantity":"4.15967219","price":"0.01690001","timestamp":1658215119,"volume":"0.07029850","buyTxId":"fabb8291b805fd02883a823564bc57de2ae36fad-0","sellTxId":"24cfeb638b444ab976fb54c6d075a15dfdd13603"}
{"index": {"_index":"pob","_id":"3940705"}}
	{"id":3940705,"type":"buy","buyer":"pjansen","seller":"joseph23","symbol":"POB","quantity":"0.00008426","price":"0.01780000","timestamp":1658215119,"volume":"0.00000150","buyTxId":"fabb8291b805fd02883a823564bc57de2ae36fad-0","sellTxId":"5c83fd7b23617bc74f59a00d0812e7f23fd6f261"}
{"index": {"_index":"pob","_id":"3940760"}}
	{"id":3940760,"type":"sell","buyer":"pjansen","seller":"petra67","symbol":"POB","quantity":"0.27786398","price":"0.01640001","timestamp":1658215566,"volume":"0.00455697","buyTxId":"11cca6d0d7500b53d765c4b4db0172280badfbeb","sellTxId":"0dc5ae0b93e1334e63a9e6f805d2f9eb73ed71c8"}
{"index": {"_index":"pob","_id":"3940915"}}
	{"id":3940915,"type":"sell","buyer":"pjansen","seller":"tjnew14","symbol":"POB","quantity":"1.69979509","price":"0.01640001","timestamp":1658218053,"volume":"0.02787666","buyTxId":"72b8e9cd6dfee38f8bc45870b5562f04f4c0ff2b","sellTxId":"dd41f9f564c48b8d19681126c80d7d91331e64b8"}
{"index": {"_index":"pob","_id":"3940948"}}
	{"id":3940948,"type":"sell","buyer":"pjansen","seller":"projectmamabg","symbol":"POB","quantity":"0.24626944","price":"0.01640001","timestamp":1658218668,"volume":"0.00403882","buyTxId":"0044936db85535aa72b860000b8a564a5a8d2cea","sellTxId":"6ba6ab7f3e93f849c2f1223c3583c047edd3f70a"}
{"index": {"_index":"pob","_id":"3941023"}}
	{"id":3941023,"type":"sell","buyer":"pjansen","seller":"samarek69","symbol":"POB","quantity":"0.01075272","price":"0.01650001","timestamp":1658219793,"volume":"0.00017742","buyTxId":"d6d68c6c96434e06e32543a75c5c2c9d3edd270c","sellTxId":"a7f13247af1fcbe64e6d7f44cd33f60e3da796ab"}
{"index": {"_index":"pob","_id":"3941083"}}
	{"id":3941083,"type":"sell","buyer":"pjansen","seller":"phortun","symbol":"POB","quantity":"2.57075511","price":"0.01650001","timestamp":1658220879,"volume":"0.04241749","buyTxId":"18abf37b6cd401cb0cbd3a214d8008d5e6cb4b64","sellTxId":"a2d57bdcbf3b84348c0c677426c38183c7b85aff"}
{"index": {"_index":"pob","_id":"3941103"}}
	{"id":3941103,"type":"sell","buyer":"pjansen","seller":"zirochka","symbol":"POB","quantity":"0.35788261","price":"0.01650001","timestamp":1658221194,"volume":"0.00590507","buyTxId":"6d19d483c3db18df018aa61d562e921a6dbd3b40","sellTxId":"827fa931e2d7af52b8458c682b5b61976f97ccc7"}
{"index": {"_index":"pob","_id":"3941316"}}
	{"id":3941316,"type":"sell","buyer":"pjansen","seller":"phoenixwren","symbol":"POB","quantity":"1.14137647","price":"0.01650001","timestamp":1658224254,"volume":"0.01883272","buyTxId":"def25f7dc33f41e6b3afddeeb8617ea595a7326e","sellTxId":"5e5160e23f1a1fc87a8cab6f064252bdadb4d0cd"}
{"index": {"_index":"pob","_id":"3941345"}}
	{"id":3941345,"type":"buy","buyer":"onlydoge","seller":"assassyn","symbol":"POB","quantity":"0.15592706","price":"0.01650002","timestamp":1658224440,"volume":"0.00257280","buyTxId":"4082a659a8e7e9eb975482ab7552bc2fd4869792","sellTxId":"725a392e80cd686364fe358bd4509e3590126f76"}
{"index": {"_index":"pob","_id":"3941534"}}
	{"id":3941534,"type":"buy","buyer":"chesatochi","seller":"joseph23","symbol":"POB","quantity":"0.00025094","price":"0.01780000","timestamp":1658226516,"volume":"0.00000447","buyTxId":"b23dd7869a8ead4b8f7f653267329de173ffaceb","sellTxId":"5c83fd7b23617bc74f59a00d0812e7f23fd6f261"}
{"index": {"_index":"pob","_id":"3941535"}}
	{"id":3941535,"type":"buy","buyer":"chesatochi","seller":"irivers","symbol":"POB","quantity":"0.15805168","price":"0.01780000","timestamp":1658226516,"volume":"0.00281332","buyTxId":"b23dd7869a8ead4b8f7f653267329de173ffaceb","sellTxId":"dc7166fd31c52a93044c6361e3da76bcf9c62738"}
{"index": {"_index":"pob","_id":"3941539"}}
	{"id":3941539,"type":"sell","buyer":"pjansen","seller":"fiberfrau","symbol":"POB","quantity":"1.71384879","price":"0.01660001","timestamp":1658226600,"volume":"0.02844991","buyTxId":"e87dc9f3d9bcf43cf40c367e837fc769a99f1cec","sellTxId":"455bb612a213aa0683cf8c611398c93537a6c2b2"}
{"index": {"_index":"pob","_id":"3941574"}}
	{"id":3941574,"type":"sell","buyer":"pjansen","seller":"edgy-ed-morrison","symbol":"POB","quantity":"4.38494419","price":"0.01660001","timestamp":1658227149,"volume":"0.07279012","buyTxId":"e544f3588d8ba82b0275d693b5ff5c37cf509d1f","sellTxId":"ca2ea9c51cee1cd9c3740711e0354df4ce1ff59a"}
{"index": {"_index":"pob","_id":"3941610"}}
	{"id":3941610,"type":"sell","buyer":"pjansen","seller":"madmanmusic","symbol":"POB","quantity":"9.90401024","price":"0.01660001","timestamp":1658227719,"volume":"0.16440667","buyTxId":"2e929f516b5f023f3e59778ccc469a448687edfe","sellTxId":"0c9a23b88e92583937720382d1cf4801f917af2c"}
{"index": {"_index":"pob","_id":"3941706"}}
	{"id":3941706,"type":"sell","buyer":"pjansen","seller":"zallin","symbol":"POB","quantity":"96.94474632","price":"0.01670001","timestamp":1658229270,"volume":"1.61897823","buyTxId":"6b14bb95ae7db8fcec7326e5f24ad269ff187101","sellTxId":"23e785ac750e6c373a55485eedb7339230ddce6a"}
{"index": {"_index":"pob","_id":"3941792"}}
	{"id":3941792,"type":"sell","buyer":"pjansen","seller":"ugochill","symbol":"POB","quantity":"0.02597630","price":"0.01670001","timestamp":1658230317,"volume":"0.00043380","buyTxId":"b4a4d35386a220c2f98727a2a300a2810cbdf882","sellTxId":"5351ffbd523301203d85668194c33f0c76ac2e59"}
{"index": {"_index":"pob","_id":"3941943"}}
	{"id":3941943,"type":"sell","buyer":"pjansen","seller":"dswap","symbol":"POB","quantity":"200.00000000","price":"0.01670001","timestamp":1658231601,"volume":"3.34000200","buyTxId":"417f4318efeb80a40f89e22e2f4b586e5e425cdc","sellTxId":"37f1998ddf94e1d044e2683a24e1dfa69c901b8a"}
{"index": {"_index":"pob","_id":"3941944"}}
	{"id":3941944,"type":"sell","buyer":"onlydoge","seller":"dswap","symbol":"POB","quantity":"898.20350000","price":"0.01670000","timestamp":1658231601,"volume":"14.99999845","buyTxId":"28dbbe2527ed3317062c135d312ca462be222429","sellTxId":"37f1998ddf94e1d044e2683a24e1dfa69c901b8a"}
{"index": {"_index":"pob","_id":"3941945"}}
	{"id":3941945,"type":"sell","buyer":"thegoliath","seller":"dswap","symbol":"POB","quantity":"536.96240000","price":"0.01560000","timestamp":1658231601,"volume":"8.37661344","buyTxId":"c691b5e37049d69d1615ec72c4f774483d12a28e","sellTxId":"37f1998ddf94e1d044e2683a24e1dfa69c901b8a"}
{"index": {"_index":"pob","_id":"3942333"}}
	{"id":3942333,"type":"sell","buyer":"pjansen","seller":"lordneroo","symbol":"POB","quantity":"6.28836414","price":"0.01560001","timestamp":1658237304,"volume":"0.09809854","buyTxId":"36d915bdc92efec2d1ff7124bde0ad7cfa76e589","sellTxId":"cc8a1d7463643af2bd98ef2a685dc7404f78ae9a"}
{"index": {"_index":"pob","_id":"3942568"}}
	{"id":3942568,"type":"sell","buyer":"pjansen","seller":"captainquack22","symbol":"POB","quantity":"8","price":"0.01560001","timestamp":1658239962,"volume":"0.12480008","buyTxId":"f0b52aa401acf8c960af202fb23528cbbb27fa1b","sellTxId":"336acd3243db8c461cc06fff38b52273839fdcb0"}
{"index": {"_index":"pob","_id":"3942590"}}
	{"id":3942590,"type":"sell","buyer":"pjansen","seller":"papacrusher","symbol":"POB","quantity":"3.22796896","price":"0.01560001","timestamp":1658240544,"volume":"0.05035635","buyTxId":"ddc643012537408c6b4628cccf0001ca82f6ee24","sellTxId":"269bb5416a75604f73d9785f9960e5cc31a281aa"}
{"index": {"_index":"pob","_id":"3942694"}}
	{"id":3942694,"type":"sell","buyer":"pjansen","seller":"shafqatmahmood","symbol":"POB","quantity":"75.70667980","price":"0.01560001","timestamp":1658241939,"volume":"1.18102496","buyTxId":"021c397ea70b6c9d7e52756718bc476f15a05f3d","sellTxId":"1245113da44e290be37d757f1e3e2cf894207b21"}
{"index": {"_index":"pob","_id":"3942746"}}
	{"id":3942746,"type":"sell","buyer":"pjansen","seller":"evernoticethat","symbol":"POB","quantity":"6.08493809","price":"0.01560001","timestamp":1658242854,"volume":"0.09492510","buyTxId":"4e25e56757d56fcc31c8d82747a3dff8e9cdb69f","sellTxId":"922ebea7484d5d33f11fa1da88c600e9aa98139e"}
{"index": {"_index":"pob","_id":"3942867"}}
	{"id":3942867,"type":"sell","buyer":"pjansen","seller":"ugochill","symbol":"POB","quantity":"0.04586814","price":"0.01560001","timestamp":1658243313,"volume":"0.00071554","buyTxId":"aae27cfaf4e3bb9af717fcdc6cb3680944943d31","sellTxId":"68fccb0cd13b2f843526fe35ff69731aa5389377"}
{"index": {"_index":"pob","_id":"3943188"}}
	{"id":3943188,"type":"sell","buyer":"pjansen","seller":"bitandi","symbol":"POB","quantity":"7.44966280","price":"0.01560001","timestamp":1658246379,"volume":"0.11621481","buyTxId":"d555602aa264b1876efb62e5c887755fe94fec2a","sellTxId":"911733587c875f1776a84d7b85ec655627ecc931"}
{"index": {"_index":"pob","_id":"3943237"}}
	{"id":3943237,"type":"sell","buyer":"pjansen","seller":"florenceboens","symbol":"POB","quantity":"0.03585000","price":"0.01560002","timestamp":1658247138,"volume":"0.00055926","buyTxId":"56c0bfc691654ee622e589e5f9dc622f9e9037f5","sellTxId":"8aaa90a7a36369c91dd87ffe25fabd4b7e8bb025"}
{"index": {"_index":"pob","_id":"3943301"}}
	{"id":3943301,"type":"sell","buyer":"pjansen","seller":"mrtats","symbol":"POB","quantity":"5.79","price":"0.01560002","timestamp":1658248140,"volume":"0.09032412","buyTxId":"010f5e0820b8e8b5fb71246e1c82b9d52816f6e8","sellTxId":"a6fdf3aa6bdc51990471cfdd356ae2ba469ec67a"}
{"index": {"_index":"pob","_id":"3943430"}}
	{"id":3943430,"type":"sell","buyer":"yintercept","seller":"rzc24-nftbbg","symbol":"POB","quantity":"12.09759041","price":"0.01565000","timestamp":1658248770,"volume":"0.18932729","buyTxId":"2b17ca4a7f53abade875b851149cb53977912bff","sellTxId":"d0c3f8427dfcc50b163175e64071115ac57a6aeb"}
{"index": {"_index":"pob","_id":"3943431"}}
	{"id":3943431,"type":"sell","buyer":"pjansen","seller":"rzc24-nftbbg","symbol":"POB","quantity":"86.36069890","price":"0.01560002","timestamp":1658248770,"volume":"1.34722863","buyTxId":"f18d0cd8460f55c402171c1b644e6b5f110d1f14","sellTxId":"d0c3f8427dfcc50b163175e64071115ac57a6aeb"}
{"index": {"_index":"pob","_id":"3943476"}}
	{"id":3943476,"type":"sell","buyer":"pjansen","seller":"sketchygamerguy","symbol":"POB","quantity":"2.65384415","price":"0.01560002","timestamp":1658249394,"volume":"0.04140002","buyTxId":"7c24d1e55b8449e0f5ed224abb277a3be54b3798","sellTxId":"9b3bc945db550d30f43817d903b51fbf1041f18f"}
{"index": {"_index":"pob","_id":"3943940"}}
	{"id":3943940,"type":"sell","buyer":"pjansen","seller":"anikekirsten","symbol":"POB","quantity":"13.28611603","price":"0.01560002","timestamp":1658253288,"volume":"0.20726368","buyTxId":"19da0482fce334d7f1689a32631379eae54d9770","sellTxId":"3a4340e2d6fbba355061943ff86afacdd064b82b"}
{"index": {"_index":"pob","_id":"3944041"}}
	{"id":3944041,"type":"sell","buyer":"pjansen","seller":"jakiro12","symbol":"POB","quantity":"52.76269598","price":"0.01560002","timestamp":1658254434,"volume":"0.82309911","buyTxId":"e7afaeac8373c15d56d755534ddd79f5b8ba8544","sellTxId":"b565afda2e5868043b469d49a4f63174a692b4ee"}
{"index": {"_index":"pob","_id":"3944097"}}
	{"id":3944097,"type":"sell","buyer":"pjansen","seller":"ugochill","symbol":"POB","quantity":"0.02248972","price":"0.01560002","timestamp":1658255046,"volume":"0.00035084","buyTxId":"2b5083f9c777c25a7a828f5d66bb7501a1526689","sellTxId":"046c8cecd125517dc2755481267408c5aa7d3506"}
{"index": {"_index":"pob","_id":"3944146"}}
	{"id":3944146,"type":"sell","buyer":"pjansen","seller":"fabian98","symbol":"POB","quantity":"18.89000000","price":"0.01560002","timestamp":1658255658,"volume":"0.29468438","buyTxId":"6773ba6c1275d0429d68c4da17c53e96bda6f5aa","sellTxId":"2bd05bf5f10e183e5a1a050c5a5495c990a1a18f"}
{"index": {"_index":"pob","_id":"3944327"}}
	{"id":3944327,"type":"sell","buyer":"pjansen","seller":"dswap","symbol":"POB","quantity":"4.96","price":"0.01560010","timestamp":1658257473,"volume":"0.07737650","buyTxId":"3b85f29ae794100fe21f09f5f76af4d0b0553f5a","sellTxId":"fcd475086d7ef4c4b65f7284571ae2e4832ad9e0"}
{"index": {"_index":"pob","_id":"3944823"}}
	{"id":3944823,"type":"sell","buyer":"he-index","seller":"gubbatv","symbol":"POB","quantity":"0.96200000","price":"0.01560001","timestamp":1658264277,"volume":"0.01500721","buyTxId":"b8013987c99ddf957840cf7d935a10d73c5b0b17","sellTxId":"64681c1797c551ea21c7c2ab754b2c1efa80332c"}
{"index": {"_index":"pob","_id":"3944824"}}
	{"id":3944824,"type":"sell","buyer":"pjansen","seller":"gubbatv","symbol":"POB","quantity":"0.07819236","price":"0.01560001","timestamp":1658264277,"volume":"0.00121980","buyTxId":"49beb4721595839aa1c067ee173a3dd39b65f399","sellTxId":"64681c1797c551ea21c7c2ab754b2c1efa80332c"}
{"index": {"_index":"pob","_id":"3944954"}}
	{"id":3944954,"type":"sell","buyer":"pjansen","seller":"harveyword","symbol":"POB","quantity":"0.62010268","price":"0.01560001","timestamp":1658265870,"volume":"0.00967361","buyTxId":"c5c27d26b26aef1bc9bc5fa82f6e10e9269bc180","sellTxId":"55e93c1f4018651b05badfb2615f8e062648d1b8"}
{"index": {"_index":"pob","_id":"3944996"}}
	{"id":3944996,"type":"buy","buyer":"ugochill","seller":"irivers","symbol":"POB","quantity":"0.46418231","price":"0.01780000","timestamp":1658266257,"volume":"0.00826245","buyTxId":"31cb56620dd133650ff7e62faa3c0fdb883a57bc","sellTxId":"dc7166fd31c52a93044c6361e3da76bcf9c62738"}
{"index": {"_index":"pob","_id":"3944997"}}
	{"id":3944997,"type":"buy","buyer":"ugochill","seller":"yintercept","symbol":"POB","quantity":"4.03421894","price":"0.01780000","timestamp":1658266257,"volume":"0.07180910","buyTxId":"31cb56620dd133650ff7e62faa3c0fdb883a57bc","sellTxId":"775adf0d0ee4c20e153e8d9d7b35f26405793543"}
{"index": {"_index":"pob","_id":"3944998"}}
	{"id":3944998,"type":"buy","buyer":"ugochill","seller":"damla","symbol":"POB","quantity":"5.50159875","price":"0.01780000","timestamp":1658266257,"volume":"0.09792845","buyTxId":"31cb56620dd133650ff7e62faa3c0fdb883a57bc","sellTxId":"080a1c48a0e4554a550fd6ebc0d013454b3b2de2"}
{"index": {"_index":"pob","_id":"3945375"}}
	{"id":3945375,"type":"sell","buyer":"pjansen","seller":"tengolotodo","symbol":"POB","quantity":"200.00000000","price":"0.01560001","timestamp":1658272197,"volume":"3.12000200","buyTxId":"c77f511b456d5ef85fb970a6a641accac53d5ef8","sellTxId":"b2720a442e3684d640f73c6d393851db422f5a0b"}
{"index": {"_index":"pob","_id":"3945376"}}
	{"id":3945376,"type":"sell","buyer":"thegoliath","seller":"tengolotodo","symbol":"POB","quantity":"42.76127741","price":"0.01560000","timestamp":1658272197,"volume":"0.66707593","buyTxId":"c691b5e37049d69d1615ec72c4f774483d12a28e","sellTxId":"b2720a442e3684d640f73c6d393851db422f5a0b"}
{"index": {"_index":"pob","_id":"3945512"}}
	{"id":3945512,"type":"sell","buyer":"thegoliath","seller":"lordneroo","symbol":"POB","quantity":"9.75599802","price":"0.01560000","timestamp":1658274528,"volume":"0.15219357","buyTxId":"c691b5e37049d69d1615ec72c4f774483d12a28e","sellTxId":"735b0a92efb67431be39e3f0370b496a60e2dca2"}
{"index": {"_index":"pob","_id":"3945651"}}
	{"id":3945651,"type":"sell","buyer":"yintercept","seller":"ugochill","symbol":"POB","quantity":"0.25582001","price":"0.01566000","timestamp":1658277243,"volume":"0.00400614","buyTxId":"1c95b2bc164d70f1c9bb590cbda19eb157be0006","sellTxId":"da0b0472206511cf01f0252cb15627f954f8b745"}
{"index": {"_index":"pob","_id":"3945672"}}
	{"id":3945672,"type":"sell","buyer":"yintercept","seller":"coquicoin","symbol":"POB","quantity":"4.96407718","price":"0.01566000","timestamp":1658277381,"volume":"0.07773745","buyTxId":"1c95b2bc164d70f1c9bb590cbda19eb157be0006","sellTxId":"58f7564ec1267480e01f5ace67f18f105f4ec3ea"}
{"index": {"_index":"pob","_id":"3945721"}}
	{"id":3945721,"type":"sell","buyer":"thegoliath","seller":"neiraurdaneta","symbol":"POB","quantity":"29.88471943","price":"0.01560000","timestamp":1658278158,"volume":"0.46620162","buyTxId":"c691b5e37049d69d1615ec72c4f774483d12a28e","sellTxId":"822d327727fed1b5f25346e06ba18a99e04cf23a"}
{"index": {"_index":"pob","_id":"3945750"}}
	{"id":3945750,"type":"sell","buyer":"thegoliath","seller":"coquicoin","symbol":"POB","quantity":"24.13023181","price":"0.01560000","timestamp":1658278548,"volume":"0.37643162","buyTxId":"c691b5e37049d69d1615ec72c4f774483d12a28e","sellTxId":"e6e88bf1f776eba5284bd4b07e8f9da540ba6da9"}
