{"id":4806719,"type":"sell","buyer":"coffeebuds","seller":"pousinha","symbol":"POB","quantity":"0.60932434","price":"0.02660005","timestamp":1668663342,"volume":"0.01620806","buyTxId":"MM-P-22735436-69732600-3-24-0","sellTxId":"74841605a62954b9fbb2e9fddb488fb6bf19305b"
{"id":4806784,"type":"sell","buyer":"coffeebuds","seller":"mcbot","symbol":"POB","quantity":"74.34604092","price":"0.02680005","timestamp":1668663774,"volume":"1.99247761","buyTxId":"MM-P-22735536-69732700-3-24-0","sellTxId":"c0c4f079ef2876b003c1cc5bc0995adfee61a091"
{"id":4806792,"type":"sell","buyer":"coffeebuds","seller":"mcbot","symbol":"POB","quantity":"263.88658171","price":"0.02680005","timestamp":1668663825,"volume":"7.07217358","buyTxId":"MM-P-22735536-69732700-3-24-0","sellTxId":"29075ce481f3837d4b9bdb407fbf242585b49786"
{"id":4806946,"type":"sell","buyer":"coffeebuds","seller":"dswap","symbol":"POB","quantity":"272","price":"0.02680005","timestamp":1668665166,"volume":"7.28961360","buyTxId":"MM-P-22735536-69732700-3-24-0","sellTxId":"5d7c2252e683583ec79f842fd8ecb18aa2bb2f4b"
{"id":4806953,"type":"buy","buyer":"lvr-docudrama","seller":"richardcrill","symbol":"POB","quantity":"150.00000000","price":"0.02690000","timestamp":1668665199,"volume":"4.03500000","buyTxId":"6a0e24aac5e66511ab842390efdc8b011cf3c757","sellTxId":"MM-P-22735436-69732600-3-12-1"
{"id":4807433,"type":"sell","buyer":"coffeebuds","seller":"lipe100dedos","symbol":"POB","quantity":"54.53481050","price":"0.02680005","timestamp":1668669030,"volume":"1.46153565","buyTxId":"MM-P-22735536-69732700-3-24-0","sellTxId":"eaf30fef921b47d49b881a144dd72ec0d5aed7fc"
{"id":4807459,"type":"sell","buyer":"coffeebuds","seller":"josediccus","symbol":"POB","quantity":"79.22134689","price":"0.02680005","timestamp":1668669129,"volume":"2.12313606","buyTxId":"MM-P-22735536-69732700-3-24-0","sellTxId":"3786544fb78f816462d812fba6de560d90b3a524"
{"id":4807672,"type":"sell","buyer":"coffeebuds","seller":"ugochill","symbol":"POB","quantity":"0.03552573","price":"0.02680005","timestamp":1668671208,"volume":"0.00095209","buyTxId":"MM-P-22735536-69732700-3-24-0","sellTxId":"3424d0c8f836d12cc032d693138ba4ecf8e87d6d"
{"id":4807796,"type":"sell","buyer":"coffeebuds","seller":"chekohler","symbol":"POB","quantity":"2.28779186","price":"0.02680005","timestamp":1668672111,"volume":"0.06131294","buyTxId":"MM-P-22735536-69732700-3-24-0","sellTxId":"1ce32e1d2c63fdfad6d3ef496c42aeba78642616"
{"id":4807847,"type":"sell","buyer":"coffeebuds","seller":"mcbot","symbol":"POB","quantity":"13.61681185","price":"0.02680005","timestamp":1668672465,"volume":"0.36493124","buyTxId":"MM-P-22735536-69732700-3-24-0","sellTxId":"fdf26674249c540efe4176895a2d36f0e8a4fa48"
{"id":4807848,"type":"sell","buyer":"richardcrill","seller":"mcbot","symbol":"POB","quantity":"0.02730527","price":"0.02670005","timestamp":1668672465,"volume":"0.00072905","buyTxId":"MM-P-22735536-69732700-3-12-0","sellTxId":"fdf26674249c540efe4176895a2d36f0e8a4fa48"
{"id":4807907,"type":"sell","buyer":"mcbot","seller":"coininstant","symbol":"POB","quantity":"1.61860870","price":"0.02520002","timestamp":1668673092,"volume":"0.04078897","buyTxId":"447286a2c69f48d5809306036b717f80e04c9146-1","sellTxId":"ffcc26a0a7b6f51580d2e47bcb30b32ae2af6ebe"
{"id":4808166,"type":"buy","buyer":"dswap","seller":"richardcrill","symbol":"POB","quantity":"14.92600483","price":"0.02690000","timestamp":1668676302,"volume":"0.40150953","buyTxId":"96bfc0caba9f2eeae8204f9dc6273236b669a02f","sellTxId":"MM-P-22735436-69732600-3-12-1"
{"id":4808171,"type":"buy","buyer":"dswap","seller":"god0","symbol":"POB","quantity":"4.23877592","price":"0.02689999","timestamp":1668676362,"volume":"0.11402303","buyTxId":"d512a756540404dfe164d6626d11cdda96243020","sellTxId":"d3bcac576df93d87754514acde12a3202ba5e65f"
{"id":4808196,"type":"sell","buyer":"coffeebuds","seller":"mcbot","symbol":"POB","quantity":"215.12789307","price":"0.02680005","timestamp":1668676656,"volume":"5.76543829","buyTxId":"MM-P-22739434-69736598-3-24-0","sellTxId":"6526863ffcf0097ca2b2b0fe889627966155a10c"
{"id":4808240,"type":"sell","buyer":"coffeebuds","seller":"teesart","symbol":"POB","quantity":"20.52512726","price":"0.02680005","timestamp":1668677286,"volume":"0.55007444","buyTxId":"MM-P-22739434-69736598-3-24-0","sellTxId":"101b23024a26fb2a88c9b1f729c00b0836113f18"
{"id":4808305,"type":"buy","buyer":"chesatochi","seller":"god0","symbol":"POB","quantity":"84.77692576","price":"0.02689999","timestamp":1668678354,"volume":"2.28049846","buyTxId":"f4d4d688a0374a43355778b35f216c77cc8c1ae0","sellTxId":"6d56efe6c1ca9800c9bf52b29b3d246bc76c1fd2"
{"id":4808306,"type":"buy","buyer":"chesatochi","seller":"richardcrill","symbol":"POB","quantity":"0.29706941","price":"0.02690000","timestamp":1668678354,"volume":"0.00799117","buyTxId":"f4d4d688a0374a43355778b35f216c77cc8c1ae0","sellTxId":"MM-P-22735436-69732600-3-12-1"
{"id":4808313,"type":"buy","buyer":"chesatochi","seller":"richardcrill","symbol":"POB","quantity":"84.77692576","price":"0.02690000","timestamp":1668678375,"volume":"2.28049930","buyTxId":"bbb4e1c003cc787ff384c33ad8648b0708d2598b","sellTxId":"MM-P-22735436-69732600-3-12-1"
{"id":4808316,"type":"buy","buyer":"chesatochi","seller":"god0","symbol":"POB","quantity":"84.48089173","price":"0.02689999","timestamp":1668678399,"volume":"2.27253514","buyTxId":"50eb01c7d60ed73aaadb7efde104e7fc0753c979","sellTxId":"a44170700af288298876efec3416888678f21e50"
{"id":4808317,"type":"buy","buyer":"chesatochi","seller":"god0","symbol":"POB","quantity":"84.18588996","price":"0.02689998","timestamp":1668678423,"volume":"2.26459876","buyTxId":"dffe6eadb2e0f349ed64b15354fcfb3c96f74ae5","sellTxId":"e193a0a06a9a7af75ec7d045b6d48565bcfe3d30"
{"id":4808319,"type":"buy","buyer":"chesatochi","seller":"god0","symbol":"POB","quantity":"83.89191674","price":"0.02689997","timestamp":1668678441,"volume":"2.25669004","buyTxId":"fc09bedfbece398372fb9ac32624d2c7dc5a8689","sellTxId":"717f61dd2071736c030b47533aeac15c2bd8627d"
{"id":4808324,"type":"buy","buyer":"chesatochi","seller":"god0","symbol":"POB","quantity":"83.59896839","price":"0.02689996","timestamp":1668678465,"volume":"2.24880891","buyTxId":"f55ef7db7ae735f7a340dfe30067ef833c173b1a","sellTxId":"47fd8caca000004b49a6b420031b18608c4f33a9"
{"id":4808328,"type":"buy","buyer":"chesatochi","seller":"god0","symbol":"POB","quantity":"83.30704120","price":"0.02689995","timestamp":1668678483,"volume":"2.24095524","buyTxId":"fa7386f864e7ef083746fb52f37c9172efa99507","sellTxId":"b630666dd5edbb28838cb6b3c99e3f8711320ac1"
{"id":4808331,"type":"buy","buyer":"chesatochi","seller":"god0","symbol":"POB","quantity":"83.01613188","price":"0.02689994","timestamp":1668678501,"volume":"2.23312897","buyTxId":"5fd8c2e2c98682576aafb671d4e305ceceffcfac","sellTxId":"ad5efaa54398878b169e23211077086f38f86ef3"
{"id":4808336,"type":"buy","buyer":"chesatochi","seller":"god0","symbol":"POB","quantity":"82.72623707","price":"0.02689993","timestamp":1668678528,"volume":"2.22532999","buyTxId":"a78b35d7ba08564b9bd2db225da66357f7d7bf09","sellTxId":"32ff9197ce98f2abc9d6a923c71b94cf8b8facb8"
{"id":4808337,"type":"buy","buyer":"chesatochi","seller":"god0","symbol":"POB","quantity":"82.43735272","price":"0.02689992","timestamp":1668678549,"volume":"2.21755819","buyTxId":"5ef1c9fe00a0f1362dc5286b1ccca8a673e57834","sellTxId":"f0c2fb73b496882ece1966f1b9ac8ab7858f6b7a"
{"id":4808338,"type":"buy","buyer":"chesatochi","seller":"god0","symbol":"POB","quantity":"81.86260247","price":"0.02689990","timestamp":1668678567,"volume":"2.20209582","buyTxId":"231ee8dc0a7c6824d44168df9887d7c02bb63450","sellTxId":"5200ab6d3752a9f60e4daeefcb128981141bc731"
{"id":4808339,"type":"buy","buyer":"chesatochi","seller":"god0","symbol":"POB","quantity":"0.28687341","price":"0.02689991","timestamp":1668678567,"volume":"0.00771687","buyTxId":"231ee8dc0a7c6824d44168df9887d7c02bb63450","sellTxId":"8f3f4a6e688f53798813cd56cd03c736bb5db867"
{"id":4808342,"type":"sell","buyer":"chesatochi","seller":"god0","symbol":"POB","quantity":"81.57672925","price":"0.02689991","timestamp":1668678588,"volume":"2.19440667","buyTxId":"5420281d962752e953ea6352537c852e41ff38c9","sellTxId":"d50469d79050caf916c85696310baaecf6d61b6d"
{"id":4808345,"type":"buy","buyer":"chesatochi","seller":"coffeebuds","symbol":"POB","quantity":"333.00000000","price":"0.02700000","timestamp":1668678612,"volume":"8.99100000","buyTxId":"06fec423621f5de51d931f47fcad11ee0904c25c","sellTxId":"MM-P-22735336-69732500-3-24-1"
{"id":4808348,"type":"buy","buyer":"chesatochi","seller":"god0","symbol":"POB","quantity":"303.00828560","price":"0.02699999","timestamp":1668678654,"volume":"8.18122068","buyTxId":"0b38e674ab82290f2a61ff589bce657339f2fdcb","sellTxId":"33b3991c13ba1fe9115ca1f60473e256057380e1"
{"id":4808377,"type":"sell","buyer":"coffeebuds","seller":"mcbot","symbol":"POB","quantity":"56.95084021","price":"0.02700005","timestamp":1668678993,"volume":"1.53767553","buyTxId":"MM-P-22740631-69737795-3-24-0","sellTxId":"00a9d4959884f99dbd2ce0d3bde8adc1c14588e0"
{"id":4808381,"type":"sell","buyer":"coffeebuds","seller":"mcbot","symbol":"POB","quantity":"95.72143354","price":"0.02700005","timestamp":1668679044,"volume":"2.58448349","buyTxId":"MM-P-22740631-69737795-3-24-0","sellTxId":"4b8717389c278dc8f30fab02eeac7e318cb7ef3d"
{"id":4808393,"type":"sell","buyer":"coffeebuds","seller":"bionicpainter","symbol":"POB","quantity":"372.72961864","price":"0.02720005","timestamp":1668679248,"volume":"10.13826426","buyTxId":"MM-P-22740731-69737895-3-24-0","sellTxId":"09924409185f1accf419369a92dd116bad9d0749"
{"id":4808414,"type":"sell","buyer":"coffeebuds","seller":"mcbot","symbol":"POB","quantity":"51.0513323","price":"0.02740005","timestamp":1668679467,"volume":"1.39880906","buyTxId":"MM-P-22740831-69737995-3-24-0","sellTxId":"f3823c1d5ad73a0882a345e83347cdf326ea4fad"
{"id":4808420,"type":"sell","buyer":"coffeebuds","seller":"mcbot","symbol":"POB","quantity":"353.7925482","price":"0.02740005","timestamp":1668679518,"volume":"9.69393351","buyTxId":"MM-P-22740831-69737995-3-24-0","sellTxId":"c8e1d5874a84e02691f874c1c43e7f6fe266a6ff"
{"id":4808441,"type":"sell","buyer":"coffeebuds","seller":"mcbot","symbol":"POB","quantity":"50.49012007","price":"0.02760005","timestamp":1668679788,"volume":"1.39352984","buyTxId":"MM-P-22740931-69738095-3-24-0","sellTxId":"d766ce3ee919e87cd84d8f5b1097ede3a4a01784"
{"id":4808443,"type":"sell","buyer":"coffeebuds","seller":"mcbot","symbol":"POB","quantity":"174.12552268","price":"0.02760005","timestamp":1668679839,"volume":"4.80587313","buyTxId":"MM-P-22740931-69738095-3-24-0","sellTxId":"03f8aeb3b09cac5ef8fc919144be0781c7ab1ef1"
{"id":4808445,"type":"sell","buyer":"coffeebuds","seller":"arbys","symbol":"POB","quantity":"149.38083262","price":"0.02760005","timestamp":1668679848,"volume":"4.12291845","buyTxId":"MM-P-22740931-69738095-3-24-0","sellTxId":"8f74ab9b327c40b917238167b382b7152f1d7033-1"
{"id":4808467,"type":"sell","buyer":"mcbot","seller":"lanzjoseg","symbol":"POB","quantity":"30.33491086","price":"0.02500001","timestamp":1668680103,"volume":"0.75837307","buyTxId":"5dedf0ed56d63f4e356397277c03c44e04f68b92","sellTxId":"3a4c3d7759e90d5b257d19f148c4fa74dfd51ec7"
{"id":4808774,"type":"buy","buyer":"hirohurl","seller":"god0","symbol":"POB","quantity":"58.79688206","price":"0.02744799","timestamp":1668683877,"volume":"1.61385623","buyTxId":"630f1a9687a4ef5babd35f41fa6a0ef40042c733","sellTxId":"6e0824e3e350f219317809a088c744bda10ac692-1"
{"id":4808775,"type":"buy","buyer":"hirohurl","seller":"coffeebuds","symbol":"POB","quantity":"0.20613127","price":"0.02744800","timestamp":1668683877,"volume":"0.00565789","buyTxId":"630f1a9687a4ef5babd35f41fa6a0ef40042c733","sellTxId":"MM-P-22742231-69739395-3-24-0"
{"id":4808798,"type":"sell","buyer":"mcbot","seller":"hiveclick","symbol":"POB","quantity":"6.88076100","price":"0.02642014","timestamp":1668684324,"volume":"0.18179067","buyTxId":"f613f273f5c9350e2cd430646f9544e407bab19a-1","sellTxId":"afb8a2e1a861148de65321b32cbef95152b11857"
{"id":4808818,"type":"buy","buyer":"mcbot","seller":"coffeebuds","symbol":"POB","quantity":"154.42916296","price":"0.02704800","timestamp":1668684537,"volume":"4.1770","buyTxId":"59e75d302cbcde4686206106b56bbfe40c7de9ca","sellTxId":"MM-P-22742431-69739595-3-24-0"
{"id":4808845,"type":"buy","buyer":"mcbot","seller":"richardcrill","symbol":"POB","quantity":"116.06056108","price":"0.02694800","timestamp":1668685203,"volume":"3.1276","buyTxId":"7abdc2399f759ee40486998890f44659822d0360","sellTxId":"MM-P-22742531-69739695-3-12-1"
{"id":4809060,"type":"sell","buyer":"coffeebuds","seller":"dswap","symbol":"POB","quantity":"1.12","price":"0.02682014","timestamp":1668687855,"volume":"0.03003856","buyTxId":"MM-P-22742631-69739795-3-24-0","sellTxId":"d24c6e44f1c096cb4fc9c046a69f8aee40556c83"
{"id":4809130,"type":"buy","buyer":"mcbot","seller":"richardcrill","symbol":"POB","quantity":"133.93943891","price":"0.02694800","timestamp":1668688620,"volume":"3.6094","buyTxId":"a7ac428ea2a5482a95e0ce485962643f3011d58a","sellTxId":"MM-P-22742531-69739695-3-12-1"
{"id":4809211,"type":"sell","buyer":"coffeebuds","seller":"mcbot","symbol":"POB","quantity":"38.68336055","price":"0.02742014","timestamp":1668689457,"volume":"1.06070316","buyTxId":"MM-P-22744129-69741294-3-24-0","sellTxId":"059573d606c62c6f9ce13137144571a3e1550f55"
{"id":4809223,"type":"sell","buyer":"coffeebuds","seller":"mcbot","symbol":"POB","quantity":"194.50670163","price":"0.02742014","timestamp":1668689508,"volume":"5.33340099","buyTxId":"MM-P-22744129-69741294-3-24-0","sellTxId":"5b4e5151c6b38803d9acaf6efe579a3ff5b383cd"
{"id":4809224,"type":"sell","buyer":"coffeebuds","seller":"arbys","symbol":"POB","quantity":"71.42615495","price":"0.02742014","timestamp":1668689517,"volume":"1.95851517","buyTxId":"MM-P-22744129-69741294-3-24-0","sellTxId":"a724ab7d7d636a3e00628aafdfc1bca0af510f05-1"
{"id":4809517,"type":"buy","buyer":"steemadi","seller":"coffeebuds","symbol":"POB","quantity":"14.26126640","price":"0.02804800","timestamp":1668692988,"volume":"0.4","buyTxId":"0b96179f8cb37f74a71d1819e6f280c216834eb3","sellTxId":"MM-P-22745329-69742494-3-24-0"
{"id":4809689,"type":"buy","buyer":"mcbot","seller":"coffeebuds","symbol":"POB","quantity":"186.94912747","price":"0.02704800","timestamp":1668694512,"volume":"5.0566","buyTxId":"6ca30fac8b40d5d45a9afdf07477c4c20d8a8edd","sellTxId":"MM-P-22745828-69742994-3-24-0"
{"id":4809721,"type":"buy","buyer":"mcbot","seller":"richardcrill","symbol":"POB","quantity":"154.29716491","price":"0.02694800","timestamp":1668694857,"volume":"4.1580","buyTxId":"9f55ffc80496f851ef0c688dda19ba7ba72cef92","sellTxId":"MM-P-22745928-69743094-3-12-1"
{"id":4809757,"type":"buy","buyer":"mcbot","seller":"richardcrill","symbol":"POB","quantity":"95.70283508","price":"0.02694800","timestamp":1668695100,"volume":"2.5790","buyTxId":"78c1a8f9cbdaecf9c1829cac55af37d46ae1cb94","sellTxId":"MM-P-22745928-69743094-3-12-1"
{"id":4809873,"type":"sell","buyer":"mcbot","seller":"eijibr","symbol":"POB","quantity":"21.09617138","price":"0.02620007","timestamp":1668696291,"volume":"0.55272117","buyTxId":"621a825058e9a7a9ec6fcbd7060df95f236ce341-1","sellTxId":"0e410120441f575acb602e637aae91901a4b9d5d"
{"id":4810034,"type":"sell","buyer":"coffeebuds","seller":"ugochill","symbol":"POB","quantity":"0.03607028","price":"0.02720007","timestamp":1668697962,"volume":"0.00098111","buyTxId":"MM-P-22746928-69744094-3-24-0","sellTxId":"f40e68a895da20cc667dbb06a187c884d4f74eae"
{"id":4810088,"type":"sell","buyer":"coffeebuds","seller":"mcbot","symbol":"POB","quantity":"27.8219238","price":"0.02740007","timestamp":1668698325,"volume":"0.76232266","buyTxId":"MM-P-22747027-69744193-3-24-0","sellTxId":"2ae691d5496b8734b366cc23574b87714ef6496e"
{"id":4810089,"type":"sell","buyer":"coffeebuds","seller":"arbys","symbol":"POB","quantity":"170.04653358","price":"0.02760007","timestamp":1668698352,"volume":"4.69329623","buyTxId":"MM-P-22747127-69744293-3-24-0","sellTxId":"2e1d776d42e6c136787a8f1f300ade06d077aa6d-1"
{"id":4810150,"type":"sell","buyer":"mcbot","seller":"bitcoinflood","symbol":"POB","quantity":"14.98194973","price":"0.02500001","timestamp":1668698886,"volume":"0.37454889","buyTxId":"9f66c086be6354e3bdd2eb7c49613c64a4daf129","sellTxId":"47154706a05515552d499e90ddbcf613c3d1db51"
{"id":4810274,"type":"buy","buyer":"mcbot","seller":"coffeebuds","symbol":"POB","quantity":"84.37823834","price":"0.02702000","timestamp":1668700500,"volume":"2.2799","buyTxId":"6c4f8f4999751be0fd63c2d8a9da748d4299c489","sellTxId":"MM-P-22747826-69744992-3-24-0"
{"id":4810301,"type":"buy","buyer":"mcbot","seller":"richardcrill","symbol":"POB","quantity":"150.31203566","price":"0.02692000","timestamp":1668700836,"volume":"4.0464","buyTxId":"3b115a87111b1bf193852cb8735a7090ed209eb2","sellTxId":"MM-P-22747926-69745092-3-12-1"
{"id":4810438,"type":"sell","buyer":"mcbot","seller":"bearbear613","symbol":"POB","quantity":"0.94605435","price":"0.02640011","timestamp":1668701751,"volume":"0.02497594","buyTxId":"2b822c2787890d96c9dce84d7a5dbfe8ed6bd43a-1","sellTxId":"86969185d65fbb62f5b014a5119f329f74e84eb2"
{"id":4810544,"type":"sell","buyer":"coffeebuds","seller":"trumpman","symbol":"POB","quantity":"25.79673728","price":"0.02680011","timestamp":1668702330,"volume":"0.69135540","buyTxId":"MM-P-22748426-69745592-3-24-0","sellTxId":"425a704c5925049783f1b5aac32a941ff34715b6"
{"id":4810546,"type":"sell","buyer":"coffeebuds","seller":"eolianpariah2","symbol":"POB","quantity":"54.02609919","price":"0.02680011","timestamp":1668702333,"volume":"1.44790540","buyTxId":"MM-P-22748426-69745592-3-24-0","sellTxId":"83d7d9cd9bc80b6145454bc3e0441d987efa5515"
{"id":4810560,"type":"buy","buyer":"mcbot","seller":"richardcrill","symbol":"POB","quantity":"99.68796433","price":"0.02692000","timestamp":1668702444,"volume":"2.6836","buyTxId":"af43d1b44ffb0322f476f4e4df8357119f1ae983","sellTxId":"MM-P-22747926-69745092-3-12-1"
{"id":4811082,"type":"buy","buyer":"mcbot","seller":"richardcrill","symbol":"POB","quantity":"23.71842496","price":"0.02692000","timestamp":1668704937,"volume":"0.6385","buyTxId":"36aa372b5e767c0324bfaf1b3dff7d0058fc4d0c","sellTxId":"MM-P-22749126-69746292-3-12-1"
{"id":4811140,"type":"sell","buyer":"coffeebuds","seller":"automaton","symbol":"POB","quantity":"5.24770988","price":"0.02680011","timestamp":1668705447,"volume":"0.14063920","buyTxId":"MM-P-22748426-69745592-3-24-0","sellTxId":"99515b01bd5824833c6a9e5aa12febf8e3c74799"
{"id":4811141,"type":"buy","buyer":"god0","seller":"automaton","symbol":"POB","quantity":"3.99029012","price":"0.02680011","timestamp":1668705447,"volume":"0.10694021","buyTxId":"85b47f8f8f49aef1b9aa2641aa1a4309fa7320c7-0","sellTxId":"99515b01bd5824833c6a9e5aa12febf8e3c74799"
{"id":4811185,"type":"sell","buyer":"mcbot","seller":"javivisan","symbol":"POB","quantity":"9.64771404","price":"0.02510002","timestamp":1668705723,"volume":"0.24215782","buyTxId":"64c260469ec718e094f53888477b8722e386c25f-1","sellTxId":"dcd73720d2834ea8fda5389dfdfef1d0ee992916"
{"id":4811454,"type":"buy","buyer":"mcbot","seller":"richardcrill","symbol":"POB","quantity":"164.48736998","price":"0.02692000","timestamp":1668707697,"volume":"4.4280","buyTxId":"b5407f13facab1d120c873ec531a37d65ac0b05c","sellTxId":"MM-P-22749126-69746292-3-12-1"
{"id":4811496,"type":"buy","buyer":"mcbot","seller":"richardcrill","symbol":"POB","quantity":"0.37147102","price":"0.02692000","timestamp":1668707964,"volume":"0.0100","buyTxId":"d1b9640bf10babf8debfb97e408555b733c858df","sellTxId":"MM-P-22749126-69746292-3-12-1"
{"id":4811520,"type":"sell","buyer":"mcbot","seller":"ugochill","symbol":"POB","quantity":"0.07046007","price":"0.02600008","timestamp":1668708147,"volume":"0.00183197","buyTxId":"7c349df657c32df4a7f9f11066e5a2deece4a2b0-1","sellTxId":"ceb4b7288cd4149cb535f535af3bc946b67225ae"
{"id":4811739,"type":"sell","buyer":"mcbot","seller":"sunset.curator","symbol":"POB","quantity":"0.59059715","price":"0.02530002","timestamp":1668710007,"volume":"0.01494212","buyTxId":"b90a084d1cc6e843d47c44c873b025d8e7c1ac23-1","sellTxId":"e4b75686e20a95a7c1776a66a30d247366180384"
{"id":4811841,"type":"sell","buyer":"god0","seller":"fiberfrau","symbol":"POB","quantity":"1.45855865","price":"0.02550005","timestamp":1668711462,"volume":"0.03719332","buyTxId":"94f74fbb3c461c9461dad4b08fef1ed590170e0b-0","sellTxId":"bee269ac1afff176b3b13d49086de15c7ec6eb34"
{"id":4811955,"type":"sell","buyer":"god0","seller":"toofasteddie","symbol":"POB","quantity":"18.60133808","price":"0.02580008","timestamp":1668712308,"volume":"0.47991601","buyTxId":"3df77859b928f2bf1e4419620ba7564890dc0db5-0","sellTxId":"c44c60bab53ebbe299cf1ee05d9fbd996c2cca4a"
{"id":4812231,"type":"sell","buyer":"mcbot","seller":"ugochill","symbol":"POB","quantity":"0.07130568","price":"0.02520001","timestamp":1668714309,"volume":"0.00179690","buyTxId":"b8e7f86ef1f669601b88cabd08b774650640dcee","sellTxId":"ad9134d88bdf562e090544551c0728e9d1a02622"
{"id":4812276,"type":"sell","buyer":"mcbot","seller":"funshee","symbol":"POB","quantity":"13.00000000","price":"0.02530002","timestamp":1668714741,"volume":"0.32890026","buyTxId":"c15dfead7bfecaf5bf37b774a8b5d219c4b346ab-1","sellTxId":"c15de1c5785880a0d60dd370cecdf64da470d3e8"
{"id":4812351,"type":"sell","buyer":"mcbot","seller":"misshugo","symbol":"POB","quantity":"0.10161611","price":"0.02560005","timestamp":1668715548,"volume":"0.00260138","buyTxId":"a17b7e181b0c3d1971a0de47f97abeffaef491ac-1","sellTxId":"dc195b2ce454aa44105047bd99804f5224814c56"
{"id":4812696,"type":"sell","buyer":"mcbot","seller":"ricestrela","symbol":"POB","quantity":"124.69531568","price":"0.02520001","timestamp":1668718122,"volume":"3.14232320","buyTxId":"a0d21cf465d091f01b744bb313204515083e35a8","sellTxId":"d7ac5244803ab9df725036aaf1f87114c82baaa3"
{"id":4812828,"type":"sell","buyer":"mcbot","seller":"castri-ja","symbol":"POB","quantity":"5.21663469","price":"0.02570007","timestamp":1668719595,"volume":"0.13406788","buyTxId":"3cc840f1f550809aae7adb1da658add9285d7121-1","sellTxId":"07869dccb9a15dad057722084769e49624519dd3"
{"id":4813073,"type":"sell","buyer":"god0","seller":"helios.token","symbol":"POB","quantity":"15.19793401","price":"0.02540005","timestamp":1668721845,"volume":"0.38602828","buyTxId":"774707c6620c9b432f3ebae1808b6733990d2d6a-0","sellTxId":"a40cdf666d4365871020f5cd662e90eda3feeb05"
{"id":4813083,"type":"sell","buyer":"mcbot","seller":"jeremiahcustis","symbol":"POB","quantity":"38.35240999","price":"0.02540006","timestamp":1668721941,"volume":"0.97415351","buyTxId":"1747c17a252a615665f9b4f818ef007c1397cc0c-1","sellTxId":"1db09cc532eb0fe3e3d231b8d6dc6715cb06a302"
{"id":4813125,"type":"sell","buyer":"mcbot","seller":"maylenasland","symbol":"POB","quantity":"11.22652214","price":"0.02550005","timestamp":1668722337,"volume":"0.28627688","buyTxId":"ba7545e9a223988714bb6f8e52f478d2ddeb69ae-1","sellTxId":"c03045bff5be8b64ff234c5c141b1999d57aa1de"
{"id":4813138,"type":"sell","buyer":"god0","seller":"steemadi","symbol":"POB","quantity":"25.2645062","price":"0.02560008","timestamp":1668722457,"volume":"0.64677338","buyTxId":"0ff4c9bb9ef1529214e258ba0461d75773dd9205","sellTxId":"58d708c2b3663ab376ffef7c1a8496ec67d34a8b"
{"id":4813249,"type":"sell","buyer":"god0","seller":"denmarkguy","symbol":"POB","quantity":"9.55505196","price":"0.02600011","timestamp":1668723807,"volume":"0.24843240","buyTxId":"0c37d4d3dcfaeac412303273bf40dd76e8d37316-0","sellTxId":"8e8c5e57fda002772a1c94305a20c83c9912224b"
{"id":4813330,"type":"sell","buyer":"god0","seller":"whitelightxpress","symbol":"POB","quantity":"1.00672681","price":"0.02540005","timestamp":1668724728,"volume":"0.02557091","buyTxId":"d6a3768b9a5b576e2f64ceca9a524b791a6def9c-0","sellTxId":"f159b065ecab06d6c5cb35d954c32bcb72f2c93d"
{"id":4813391,"type":"buy","buyer":"truth2","seller":"kuhnchun","symbol":"POB","quantity":"1.43213964","price":"0.02691950","timestamp":1668725382,"volume":"0.03855248","buyTxId":"07e2dcc5e11b983089959bfc8b69f1b6e04cf8b5","sellTxId":"b6f5932c4ac942df160003c0c3be124f74ca8cdb"
{"id":4813392,"type":"buy","buyer":"truth2","seller":"richardcrill","symbol":"POB","quantity":"54.28854086","price":"0.02692000","timestamp":1668725382,"volume":"1.46144752","buyTxId":"07e2dcc5e11b983089959bfc8b69f1b6e04cf8b5","sellTxId":"MM-P-22749126-69746292-3-12-1"
{"id":4813415,"type":"sell","buyer":"richardcrill","seller":"curatorcat.pal","symbol":"POB","quantity":"0.34868308","price":"0.02580007","timestamp":1668725649,"volume":"0.00899605","buyTxId":"MM-P-22756217-69753383-3-12-0","sellTxId":"6f83e795d016044e12c6307582e18d6330ee6ddc"
{"id":4813447,"type":"sell","buyer":"richardcrill","seller":"curatorcat.leo","symbol":"POB","quantity":"15.02959807","price":"0.02590008","timestamp":1668725946,"volume":"0.38926779","buyTxId":"MM-P-22756316-69753482-3-12-0","sellTxId":"ca96e6d5f36daa22973e34651b6856562c606a3d"
{"id":4813478,"type":"sell","buyer":"mcbot","seller":"he-index","symbol":"POB","quantity":"0.05100000","price":"0.02590009","timestamp":1668726183,"volume":"0.00132090","buyTxId":"3d5421e99c2e67239bf981caf25f1bc5c9a3c8d7-1","sellTxId":"b02e275a2f208c60fc96b3e5037372171c11803e"
{"id":4813481,"type":"sell","buyer":"god0","seller":"sayago","symbol":"POB","quantity":"14.33374752","price":"0.02590010","timestamp":1668726204,"volume":"0.37124549","buyTxId":"e301a7062758a6d0a4db0f3aee61f8d075981a12-0","sellTxId":"2f83539ebd2135fefc703c0b1f07ce11436a34b9"
{"id":4813483,"type":"sell","buyer":"richardcrill","seller":"ericburgoyne","symbol":"POB","quantity":"0.76715385","price":"0.02600010","timestamp":1668726264,"volume":"0.01994608","buyTxId":"MM-P-22756416-69753582-3-12-0","sellTxId":"3baeb505d0baedb2ab05d3648636fab78f60c94f"
{"id":4813962,"type":"buy","buyer":"truth2","seller":"richardcrill","symbol":"POB","quantity":"1.48308098","price":"0.02692000","timestamp":1668732951,"volume":"0.03992454","buyTxId":"13d0af10b2f16bd172fad004edf5eb90965e1ce5","sellTxId":"MM-P-22749126-69746292-3-12-1"
{"id":4814080,"type":"sell","buyer":"god0","seller":"hive-loto","symbol":"POB","quantity":"19.88812025","price":"0.02590006","timestamp":1668733962,"volume":"0.51510351","buyTxId":"17f0be7a59470b358896ea51460391fc17aaddf7-0","sellTxId":"49b7b13722cefe1aa904de68add55a3820f475dc"
{"id":4814413,"type":"sell","buyer":"richardcrill","seller":"metzli","symbol":"POB","quantity":"1.00000000","price":"0.02600005","timestamp":1668738015,"volume":"0.02600005","buyTxId":"MM-P-22760310-69757477-3-12-0","sellTxId":"fad9a6a9ce8cfa631488be8b6d391cca1bac2565"
{"id":4814521,"type":"sell","buyer":"richardcrill","seller":"mcbot","symbol":"POB","quantity":"758.86452898","price":"0.02590004","timestamp":1668739731,"volume":"19.65462166","buyTxId":"MM-P-22760810-69757977-3-12-0","sellTxId":"0331f5675b60c544fc2c2feb26cdb2c1c35d7f8e"
{"id":4814525,"type":"sell","buyer":"he-index","seller":"god0","symbol":"POB","quantity":"53.58112901","price":"0.02600005","timestamp":1668739809,"volume":"1.39311203","buyTxId":"1b9702c4c3f235d05654e75b996c484fb9198e15","sellTxId":"1937432313d7977f5986e9ad9f55be1f1607c5da"
{"id":4814636,"type":"sell","buyer":"coffeebuds","seller":"arbys","symbol":"POB","quantity":"117.98152672","price":"0.02620000","timestamp":1668740952,"volume":"3.09111600","buyTxId":"MM-P-22761310-69758477-3-24-0","sellTxId":"a15870a41ea12d6b7a9f8827eb44c02484520ef1-1"
{"id":4814720,"type":"sell","buyer":"he-index","seller":"dswap","symbol":"POB","quantity":"0.18787099","price":"0.02600005","timestamp":1668741987,"volume":"0.00488466","buyTxId":"1b9702c4c3f235d05654e75b996c484fb9198e15","sellTxId":"7d418da453d18d87ce09296928762a77f9c2ac3e"
{"id":4814721,"type":"sell","buyer":"flemingfarm","seller":"dswap","symbol":"POB","quantity":"1.75166125","price":"0.02550000","timestamp":1668741987,"volume":"0.04466736","buyTxId":"eb3d1797430dc460413c9a9b0e1347f0191a8851","sellTxId":"7d418da453d18d87ce09296928762a77f9c2ac3e"
{"id":4814814,"type":"sell","buyer":"richardcrill","seller":"teatree","symbol":"POB","quantity":"0.05133799","price":"0.02560000","timestamp":1668742731,"volume":"0.00131425","buyTxId":"MM-P-22761710-69758877-3-12-0","sellTxId":"e6305f780f646cebc4f8fd402ebe102c19b30607"
{"id":4815206,"type":"sell","buyer":"richardcrill","seller":"chekohler","symbol":"POB","quantity":"1.33834835","price":"0.02570000","timestamp":1668749475,"volume":"0.03439555","buyTxId":"MM-P-22762310-69759477-3-12-0","sellTxId":"218187a157e4ee4501ccd1986f2570da81c90e8e"