{"index": {"_index":"pob","_id":"1049447"}}
	{"id":1049447,"type":"sell","buyer":"freebornsociety","seller":"clicmaster","symbol":"POB","quantity":"7.61116025","price":"1.31386013","timestamp":1620874158,"volume":"10.00000000","buyTxId":"MM-P-6922381-53841827-3-1-0","sellTxId":"3f783f0f153f9ac01c65c9cb0b8c0fd44cc339b9"}
{"index": {"_index":"pob","_id":"1049448"}}
	{"id":1049448,"type":"sell","buyer":"ctime","seller":"clicmaster","symbol":"POB","quantity":"0.38883975","price":"1.31385013","timestamp":1620874158,"volume":"0.51087716","buyTxId":"MM-P-6922321-53841759-3-23-0","sellTxId":"3f783f0f153f9ac01c65c9cb0b8c0fd44cc339b9"}
{"index": {"_index":"pob","_id":"1049460"}}
	{"id":1049460,"type":"sell","buyer":"ctime","seller":"clicmaster","symbol":"POB","quantity":"26.63824989","price":"1.31390013","timestamp":1620874611,"volume":"34.99999999","buyTxId":"MM-P-6922498-53841959-3-23-0","sellTxId":"abc6fe21ab16ed0f1b0efccaf372a299e70bfad4"}
{"index": {"_index":"pob","_id":"1049464"}}
	{"id":1049464,"type":"buy","buyer":"richardcrill","seller":"solovey6o2","symbol":"POB","quantity":"91.43642597","price":"1.41376009","timestamp":1620874704,"volume":"129.26916981","buyTxId":"7bd5196bf927e74205bad847e279c2ab15385a26","sellTxId":"9b4244f31958d1202e2bff032bacab1b132a7dc5"}
{"index": {"_index":"pob","_id":"1049465"}}
	{"id":1049465,"type":"buy","buyer":"richardcrill","seller":"mmmmkkkk311","symbol":"POB","quantity":"6.43993588","price":"1.41376010","timestamp":1620874704,"volume":"9.10452439","buyTxId":"7bd5196bf927e74205bad847e279c2ab15385a26","sellTxId":"MM-P-6922498-53841959-3-2-1"}
{"index": {"_index":"pob","_id":"1049471"}}
	{"id":1049471,"type":"buy","buyer":"richardcrill","seller":"failingforwards","symbol":"POB","quantity":"45.00000000","price":"1.41379013","timestamp":1620874779,"volume":"63.62055585","buyTxId":"3057da4a1d3fd6a7a69b045805941532e7fb4ae9","sellTxId":"d0df8fab58bb35a532da9a262ea895dd02fa6fd5"}
{"index": {"_index":"pob","_id":"1049472"}}
	{"id":1049472,"type":"sell","buyer":"solovey6o2","seller":"phusionphil","symbol":"POB","quantity":"5.00000000","price":"1.31390014","timestamp":1620875034,"volume":"6.56950070","buyTxId":"e70ef61d11c551293b8d47c43e284af479f1b6b9","sellTxId":"26e4282ae178dfecc8168d73ab04f8661024c42f"}
{"index": {"_index":"pob","_id":"1049476"}}
	{"id":1049476,"type":"sell","buyer":"solovey6o2","seller":"clicmaster","symbol":"POB","quantity":"10.00000000","price":"1.31393016","timestamp":1620875286,"volume":"13.13930160","buyTxId":"5cc40e0f46464ec97dfa9cd8ff1b2c3deb23bcef","sellTxId":"f3e4f7f7659d40ba0215721b930504d25eb85e1b"}
{"index": {"_index":"pob","_id":"1049477"}}
	{"id":1049477,"type":"buy","buyer":"pastzam","seller":"coininstant","symbol":"POB","quantity":"1.24255459","price":"1.41378000","timestamp":1620875322,"volume":"1.75669883","buyTxId":"4cba8cfc17f686d42e4a54a8842f442ec299a734","sellTxId":"5d300af931b126566c8a61d7abc9307aacd60ce4"}
{"index": {"_index":"pob","_id":"1049480"}}
	{"id":1049480,"type":"buy","buyer":"onealfa.leo","seller":"failingforwards","symbol":"POB","quantity":"0.18381987","price":"1.41379013","timestamp":1620875577,"volume":"0.25988272","buyTxId":"80bf46913a857c1976edafae9ff9fbdf6aa3dbe0","sellTxId":"d0df8fab58bb35a532da9a262ea895dd02fa6fd5"}
{"index": {"_index":"pob","_id":"1049481"}}
	{"id":1049481,"type":"buy","buyer":"onealfa.leo","seller":"solovey6o2","symbol":"POB","quantity":"5.00000000","price":"1.47999999","timestamp":1620875577,"volume":"7.39999995","buyTxId":"80bf46913a857c1976edafae9ff9fbdf6aa3dbe0","sellTxId":"e2ac086393c77436afd63e93a3ac18eb514f3c32"}
{"index": {"_index":"pob","_id":"1049482"}}
	{"id":1049482,"type":"buy","buyer":"onealfa.leo","seller":"solovey6o2","symbol":"POB","quantity":"10.00000001","price":"1.47999999","timestamp":1620875577,"volume":"14.79999991","buyTxId":"80bf46913a857c1976edafae9ff9fbdf6aa3dbe0","sellTxId":"971f5d09729cb54f15f56c0af98ca1c86afde384"}
{"index": {"_index":"pob","_id":"1049483"}}
	{"id":1049483,"type":"buy","buyer":"onealfa.leo","seller":"mk992039","symbol":"POB","quantity":"35.51551883","price":"1.48000000","timestamp":1620875577,"volume":"52.56296787","buyTxId":"80bf46913a857c1976edafae9ff9fbdf6aa3dbe0","sellTxId":"5d50b6087c47c5b8f51a9cf76468088876ce5085"}
{"index": {"_index":"pob","_id":"1049484"}}
	{"id":1049484,"type":"buy","buyer":"onealfa.leo","seller":"gank","symbol":"POB","quantity":"14.68687893","price":"1.50000000","timestamp":1620875577,"volume":"22.03031840","buyTxId":"80bf46913a857c1976edafae9ff9fbdf6aa3dbe0","sellTxId":"fc123b6d907304ad832e45e340d99c80d0fbd00d"}
{"index": {"_index":"pob","_id":"1049485"}}
	{"id":1049485,"type":"buy","buyer":"onealfa.leo","seller":"freebornsociety","symbol":"POB","quantity":"0.63122076","price":"1.50000000","timestamp":1620875577,"volume":"0.94683115","buyTxId":"80bf46913a857c1976edafae9ff9fbdf6aa3dbe0","sellTxId":"MM-P-6920083-53839228-3-1-1"}
{"index": {"_index":"pob","_id":"1049493"}}
	{"id":1049493,"type":"buy","buyer":"onealfa.leo","seller":"freebornsociety","symbol":"POB","quantity":"0.36877924","price":"1.50000000","timestamp":1620875940,"volume":"0.55316886","buyTxId":"278b27042e706216bcdb907ac7631800a961e44b","sellTxId":"MM-P-6920083-53839228-3-1-1"}
{"index": {"_index":"pob","_id":"1049494"}}
	{"id":1049494,"type":"buy","buyer":"onealfa.leo","seller":"idiosyncratic1","symbol":"POB","quantity":"5.79646770","price":"1.64900000","timestamp":1620875940,"volume":"9.55837524","buyTxId":"278b27042e706216bcdb907ac7631800a961e44b","sellTxId":"40e4d07d5396775be22be39cccac5c8ac2f3d728"}
{"index": {"_index":"pob","_id":"1049495"}}
	{"id":1049495,"type":"buy","buyer":"onealfa.leo","seller":"xabi","symbol":"POB","quantity":"7.92734867","price":"1.67999000","timestamp":1620875940,"volume":"13.31786649","buyTxId":"278b27042e706216bcdb907ac7631800a961e44b","sellTxId":"ea4fefc4736e81522e0d2e504326635d74711806"}
{"index": {"_index":"pob","_id":"1049496"}}
	{"id":1049496,"type":"buy","buyer":"onealfa.leo","seller":"jlordc","symbol":"POB","quantity":"6.10085699","price":"1.68000000","timestamp":1620875940,"volume":"10.24943974","buyTxId":"278b27042e706216bcdb907ac7631800a961e44b","sellTxId":"f4b234bd884b0557abefb010392239fc2158301f"}
{"index": {"_index":"pob","_id":"1049497"}}
	{"id":1049497,"type":"buy","buyer":"onealfa.leo","seller":"jlordc","symbol":"POB","quantity":"3.00741388","price":"1.68000000","timestamp":1620875940,"volume":"5.05245532","buyTxId":"278b27042e706216bcdb907ac7631800a961e44b","sellTxId":"39081b07972d945dc0b2387edd47399644fe8cc2"}
{"index": {"_index":"pob","_id":"1049498"}}
	{"id":1049498,"type":"buy","buyer":"onealfa.leo","seller":"mineopoly","symbol":"POB","quantity":"130.12809822","price":"1.68000000","timestamp":1620875940,"volume":"218.61520501","buyTxId":"278b27042e706216bcdb907ac7631800a961e44b","sellTxId":"c5fbde3c6eef0b2675310b3f032cbd2ca1965b7e"}
{"index": {"_index":"pob","_id":"1049499"}}
	{"id":1049499,"type":"buy","buyer":"onealfa.leo","seller":"nickzzz","symbol":"POB","quantity":"11.01020501","price":"1.69420000","timestamp":1620875940,"volume":"18.65348934","buyTxId":"278b27042e706216bcdb907ac7631800a961e44b","sellTxId":"9ae72b9a22b288147a36d418526000fba7acebf0"}
{"index": {"_index":"pob","_id":"1049502"}}
	{"id":1049502,"type":"sell","buyer":"ctime","seller":"logicforce","symbol":"POB","quantity":"1.38530295","price":"1.31405003","timestamp":1620876066,"volume":"1.82035738","buyTxId":"MM-P-6922913-53842459-3-23-0","sellTxId":"1479096f968b9fd55a2c3f758eb6a1bb1ba1b971"}
{"index": {"_index":"pob","_id":"1049510"}}
	{"id":1049510,"type":"sell","buyer":"ctime","seller":"stayten","symbol":"POB","quantity":"3.12860904","price":"1.31411005","timestamp":1620876639,"volume":"4.11133658","buyTxId":"MM-P-6923092-53842658-3-23-0","sellTxId":"82a7750dffcb2c5a4e1c3da0116ca2a1f48b6b83"}
{"index": {"_index":"pob","_id":"1049582"}}
	{"id":1049582,"type":"sell","buyer":"ctime","seller":"josediccus","symbol":"POB","quantity":"3.91660459","price":"1.31521004","timestamp":1620879039,"volume":"5.15115768","buyTxId":"MM-P-6923798-53843457-3-23-0","sellTxId":"c1e2c661300e39b4826273e432f8ad0f9528a84c"}
{"index": {"_index":"pob","_id":"1049612"}}
	{"id":1049612,"type":"sell","buyer":"freebornsociety","seller":"valor2s","symbol":"POB","quantity":"3.80627861","price":"1.31531010","timestamp":1620880143,"volume":"5.00643670","buyTxId":"MM-P-6924111-53843824-3-1-0","sellTxId":"eaf58ecf8e4b5074b701b986ee31c15f339473fb"}
{"index": {"_index":"pob","_id":"1049643"}}
	{"id":1049643,"type":"sell","buyer":"ctime","seller":"thatcryptodave","symbol":"POB","quantity":"0.44707604","price":"1.33003002","timestamp":1620881532,"volume":"0.59462455","buyTxId":"MM-P-6924486-53844254-3-23-0","sellTxId":"aafa91c1dd96b495ceb3338efa8944aeb19a2e60"}
{"index": {"_index":"pob","_id":"1049651"}}
	{"id":1049651,"type":"sell","buyer":"ctime","seller":"he-index","symbol":"POB","quantity":"0.24900000","price":"1.38001001","timestamp":1620882066,"volume":"0.34362249","buyTxId":"MM-P-6924658-53844454-3-23-0","sellTxId":"9f06ad419511d16cb45fae081e149f6738cd4109"}
{"index": {"_index":"pob","_id":"1049656"}}
	{"id":1049656,"type":"sell","buyer":"cookaiss","seller":"rezoanulvibes","symbol":"POB","quantity":"0.17050000","price":"1.41000000","timestamp":1620882387,"volume":"0.24040500","buyTxId":"1d5e032b540da126931103aac1204b75ad7e2320","sellTxId":"9286ef23b12fdb46ccbffe568a1ff92bdc4aee5a"}
{"index": {"_index":"pob","_id":"1049712"}}
	{"id":1049712,"type":"sell","buyer":"solovey6o2","seller":"charcoalbuffet","symbol":"POB","quantity":"4.44000000","price":"1.43000015","timestamp":1620884769,"volume":"6.34920067","buyTxId":"6df966d03b956db09ea840b904cb92de1863e272","sellTxId":"57852b2d2dc6a3adbd19ed47cd7a0f9a615dbc9c"}
{"index": {"_index":"pob","_id":"1049721"}}
	{"id":1049721,"type":"buy","buyer":"solovey6o2","seller":"stayten","symbol":"POB","quantity":"1.86549280","price":"1.43000018","timestamp":1620885294,"volume":"2.66765504","buyTxId":"7c5d9d100d5a2d2327f1f9e3e26c303adde482af","sellTxId":"3a9043496896add7cc69c8a97b176f134c24f104"}
{"index": {"_index":"pob","_id":"1049736"}}
	{"id":1049736,"type":"sell","buyer":"solovey6o2","seller":"tlundy47","symbol":"POB","quantity":"0.00002151","price":"1.43000021","timestamp":1620885576,"volume":"0.00003076","buyTxId":"4728c883ae48b777aceb5a93857514a441761116","sellTxId":"0b403d83283ec101d88e7feba9ec6cc0feae55ac"}
{"index": {"_index":"pob","_id":"1049745"}}
	{"id":1049745,"type":"sell","buyer":"solovey6o2","seller":"hivecoffee","symbol":"POB","quantity":"30.00000000","price":"1.43000025","timestamp":1620886188,"volume":"42.90000750","buyTxId":"f0d1937fc00fe8eb72d399386e159b481624b4d5","sellTxId":"18c227a87d75c868649b89f5e968448a902a19a6"}
{"index": {"_index":"pob","_id":"1049758"}}
	{"id":1049758,"type":"sell","buyer":"solovey6o2","seller":"lunaticpandora","symbol":"POB","quantity":"47.59346132","price":"1.43000028","timestamp":1620886614,"volume":"68.05866301","buyTxId":"27e6e2b90e9d596fd84cb1133da7158e8d849487","sellTxId":"66751d6dd64ce57d0719df37a507f3448037ef46"}
{"index": {"_index":"pob","_id":"1049815"}}
	{"id":1049815,"type":"sell","buyer":"cookaiss","seller":"mawit07","symbol":"POB","quantity":"0.50000000","price":"1.43000000","timestamp":1620890364,"volume":"0.71500000","buyTxId":"9b503544bebafc7895077874dfb4495587ead717","sellTxId":"0482df928dcd0daf5e483cb9eb1b3c08a03bf340"}
{"index": {"_index":"pob","_id":"1049816"}}
	{"id":1049816,"type":"sell","buyer":"ctime","seller":"mawit07","symbol":"POB","quantity":"2.43144224","price":"1.42051001","timestamp":1620890364,"volume":"3.45388804","buyTxId":"MM-P-6926972-53847148-3-23-0","sellTxId":"0482df928dcd0daf5e483cb9eb1b3c08a03bf340"}
{"index": {"_index":"pob","_id":"1049838"}}
	{"id":1049838,"type":"sell","buyer":"ctime","seller":"hive-143869","symbol":"POB","quantity":"0.00685000","price":"1.42057001","timestamp":1620891060,"volume":"0.00973090","buyTxId":"MM-P-6927237-53847448-3-23-0","sellTxId":"f38a8dc3d1b357772e386cc5bc34a0f27301533d"}
{"index": {"_index":"pob","_id":"1049907"}}
	{"id":1049907,"type":"sell","buyer":"ctime","seller":"jlordc","symbol":"POB","quantity":"3.90176623","price":"1.42061001","timestamp":1620891816,"volume":"5.54288816","buyTxId":"MM-P-6927417-53847648-3-23-0","sellTxId":"55e45d3db291b84aba12d60af78a7f9c39d68812"}
{"index": {"_index":"pob","_id":"1049933"}}
	{"id":1049933,"type":"buy","buyer":"onealfa.leo","seller":"anadolu","symbol":"POB","quantity":"1.91000000","price":"1.65000000","timestamp":1620892365,"volume":"3.15150000","buyTxId":"74c76ea969081b9dd3a342b44336a1aa5fdabd2d","sellTxId":"c0111f0c903d4db2eb8d7f50131363d1f542db7b"}
{"index": {"_index":"pob","_id":"1049934"}}
	{"id":1049934,"type":"buy","buyer":"onealfa.leo","seller":"juanvegetarian","symbol":"POB","quantity":"0.30272221","price":"1.67800000","timestamp":1620892365,"volume":"0.50796787","buyTxId":"74c76ea969081b9dd3a342b44336a1aa5fdabd2d","sellTxId":"26b74fc7b5c7001a8039747ef85fdb5276bf0d38"}
{"index": {"_index":"pob","_id":"1049935"}}
	{"id":1049935,"type":"buy","buyer":"onealfa.leo","seller":"yintercept","symbol":"POB","quantity":"2.15416429","price":"1.67800000","timestamp":1620892365,"volume":"3.61468768","buyTxId":"74c76ea969081b9dd3a342b44336a1aa5fdabd2d","sellTxId":"6523633b095bd719dcbe9191b02823df859f43b7"}
{"index": {"_index":"pob","_id":"1049936"}}
	{"id":1049936,"type":"buy","buyer":"onealfa.leo","seller":"freebornsociety","symbol":"POB","quantity":"1.00000000","price":"1.67898999","timestamp":1620892365,"volume":"1.67898999","buyTxId":"74c76ea969081b9dd3a342b44336a1aa5fdabd2d","sellTxId":"MM-P-6925951-53845918-3-1-0"}
{"index": {"_index":"pob","_id":"1049937"}}
	{"id":1049937,"type":"buy","buyer":"onealfa.leo","seller":"solovey6o2","symbol":"POB","quantity":"4.44000000","price":"1.67899999","timestamp":1620892365,"volume":"7.45475996","buyTxId":"74c76ea969081b9dd3a342b44336a1aa5fdabd2d","sellTxId":"5e058941042c379f05dcfb93f186e0db9aba35f1"}
{"index": {"_index":"pob","_id":"1049938"}}
	{"id":1049938,"type":"buy","buyer":"onealfa.leo","seller":"solovey6o2","symbol":"POB","quantity":"31.86551430","price":"1.67899999","timestamp":1620892365,"volume":"53.50219819","buyTxId":"74c76ea969081b9dd3a342b44336a1aa5fdabd2d","sellTxId":"a887cedc5be05bb02550653915b757121dbdaec2"}
{"index": {"_index":"pob","_id":"1049939"}}
	{"id":1049939,"type":"buy","buyer":"onealfa.leo","seller":"solovey6o2","symbol":"POB","quantity":"47.59346132","price":"1.67899999","timestamp":1620892365,"volume":"79.90942108","buyTxId":"74c76ea969081b9dd3a342b44336a1aa5fdabd2d","sellTxId":"f7017b3dffdf857e0d832e195095c4a0a0b0e945"}
{"index": {"_index":"pob","_id":"1049940"}}
	{"id":1049940,"type":"buy","buyer":"onealfa.leo","seller":"honusurf","symbol":"POB","quantity":"2.97904937","price":"1.67900000","timestamp":1620892365,"volume":"5.00182389","buyTxId":"74c76ea969081b9dd3a342b44336a1aa5fdabd2d","sellTxId":"c45ea57f08933e1692572deeb1127c5844dfd8bc"}
{"index": {"_index":"pob","_id":"1049941"}}
	{"id":1049941,"type":"buy","buyer":"onealfa.leo","seller":"trumpman","symbol":"POB","quantity":"11.39124943","price":"1.67999000","timestamp":1620892365,"volume":"19.13718513","buyTxId":"74c76ea969081b9dd3a342b44336a1aa5fdabd2d","sellTxId":"fec9532c3aa8b20b78afdb6c21bdc8b40cba21bc"}
{"index": {"_index":"pob","_id":"1049942"}}
	{"id":1049942,"type":"buy","buyer":"onealfa.leo","seller":"nickzzz","symbol":"POB","quantity":"0.78448936","price":"1.69420000","timestamp":1620892365,"volume":"1.32908187","buyTxId":"74c76ea969081b9dd3a342b44336a1aa5fdabd2d","sellTxId":"9ae72b9a22b288147a36d418526000fba7acebf0"}
{"index": {"_index":"pob","_id":"1049943"}}
	{"id":1049943,"type":"buy","buyer":"onealfa.leo","seller":"funnel","symbol":"POB","quantity":"10.00000000","price":"1.70000000","timestamp":1620892365,"volume":"17.00000000","buyTxId":"74c76ea969081b9dd3a342b44336a1aa5fdabd2d","sellTxId":"c8d1cd3aad0273f3469dc45a82edde42f84f8ac7"}
{"index": {"_index":"pob","_id":"1049944"}}
	{"id":1049944,"type":"buy","buyer":"onealfa.leo","seller":"tgd-links","symbol":"POB","quantity":"10.00000000","price":"1.72000000","timestamp":1620892365,"volume":"17.20000000","buyTxId":"74c76ea969081b9dd3a342b44336a1aa5fdabd2d","sellTxId":"7f706b195d8c4ddc110e3afb4be03397feb81029"}
{"index": {"_index":"pob","_id":"1049945"}}
	{"id":1049945,"type":"buy","buyer":"onealfa.leo","seller":"cookaiss","symbol":"POB","quantity":"0.17050000","price":"1.73000000","timestamp":1620892365,"volume":"0.29496500","buyTxId":"74c76ea969081b9dd3a342b44336a1aa5fdabd2d","sellTxId":"0db64a9f22d652cf7d2693568eb64d247bb9f8c8"}
{"index": {"_index":"pob","_id":"1049946"}}
	{"id":1049946,"type":"buy","buyer":"onealfa.leo","seller":"priyanarc","symbol":"POB","quantity":"3.00000000","price":"1.74000000","timestamp":1620892365,"volume":"5.22000000","buyTxId":"74c76ea969081b9dd3a342b44336a1aa5fdabd2d","sellTxId":"c38f8c74ef9960f77c09c2e7cb842d10186210b8"}
{"index": {"_index":"pob","_id":"1049947"}}
	{"id":1049947,"type":"buy","buyer":"onealfa.leo","seller":"junkfeathers","symbol":"POB","quantity":"19.99852533","price":"1.75000000","timestamp":1620892365,"volume":"34.99741934","buyTxId":"74c76ea969081b9dd3a342b44336a1aa5fdabd2d","sellTxId":"e5a74d46193e673038fccf72def5f2a3137a9f9e"}
{"index": {"_index":"pob","_id":"1049950"}}
	{"id":1049950,"type":"buy","buyer":"onealfa.leo","seller":"junkfeathers","symbol":"POB","quantity":"0.00147467","price":"1.75000000","timestamp":1620892419,"volume":"0.00258067","buyTxId":"b7120eaf364cff99670aa7ce3c6a2e82b2337966","sellTxId":"e5a74d46193e673038fccf72def5f2a3137a9f9e"}
{"index": {"_index":"pob","_id":"1049951"}}
	{"id":1049951,"type":"buy","buyer":"onealfa.leo","seller":"liotes.voter","symbol":"POB","quantity":"0.16387174","price":"1.76668501","timestamp":1620892419,"volume":"0.28950975","buyTxId":"b7120eaf364cff99670aa7ce3c6a2e82b2337966","sellTxId":"8c1350a1c3aa306a444b6f58e3869b8077e7c5e7"}
{"index": {"_index":"pob","_id":"1049952"}}
	{"id":1049952,"type":"buy","buyer":"onealfa.leo","seller":"cookaiss","symbol":"POB","quantity":"2.01000000","price":"1.80000000","timestamp":1620892419,"volume":"3.61800000","buyTxId":"b7120eaf364cff99670aa7ce3c6a2e82b2337966","sellTxId":"7de3a3f3df9b4412426c198426e46ae9e3f5c81c"}
{"index": {"_index":"pob","_id":"1049953"}}
	{"id":1049953,"type":"buy","buyer":"onealfa.leo","seller":"skylinebuds","symbol":"POB","quantity":"30.00000000","price":"1.80000000","timestamp":1620892419,"volume":"54.00000000","buyTxId":"b7120eaf364cff99670aa7ce3c6a2e82b2337966","sellTxId":"2d363429b92cfdcc6dbe15a99a58f797cb131b8c"}
{"index": {"_index":"pob","_id":"1049954"}}
	{"id":1049954,"type":"buy","buyer":"onealfa.leo","seller":"faireye","symbol":"POB","quantity":"82.88648646","price":"1.80000000","timestamp":1620892419,"volume":"149.19567563","buyTxId":"b7120eaf364cff99670aa7ce3c6a2e82b2337966","sellTxId":"942600a9f75a75a1e3c9337a744005ef541c17dc"}
{"index": {"_index":"pob","_id":"1049955"}}
	{"id":1049955,"type":"buy","buyer":"onealfa.leo","seller":"thatgermandude","symbol":"POB","quantity":"20.00000000","price":"1.80000000","timestamp":1620892419,"volume":"36.00000000","buyTxId":"b7120eaf364cff99670aa7ce3c6a2e82b2337966","sellTxId":"71ae8476458a53d6c4577aad406f7e7840e0979e"}
{"index": {"_index":"pob","_id":"1049956"}}
	{"id":1049956,"type":"buy","buyer":"onealfa.leo","seller":"cookaiss","symbol":"POB","quantity":"1.30703020","price":"1.84000000","timestamp":1620892419,"volume":"2.40493557","buyTxId":"b7120eaf364cff99670aa7ce3c6a2e82b2337966","sellTxId":"147244721da5a0f3e20c11f8b555fb6af3fd571d"}
{"index": {"_index":"pob","_id":"1049957"}}
	{"id":1049957,"type":"buy","buyer":"onealfa.leo","seller":"cookaiss","symbol":"POB","quantity":"4.00000000","price":"1.87000000","timestamp":1620892419,"volume":"7.48000000","buyTxId":"b7120eaf364cff99670aa7ce3c6a2e82b2337966","sellTxId":"97bb2c9295efbc3745577e80dee22f7526dcf2d0"}
{"index": {"_index":"pob","_id":"1049958"}}
	{"id":1049958,"type":"buy","buyer":"onealfa.leo","seller":"cookaiss","symbol":"POB","quantity":"1.00000000","price":"1.89000000","timestamp":1620892419,"volume":"1.89000000","buyTxId":"b7120eaf364cff99670aa7ce3c6a2e82b2337966","sellTxId":"001ae74940d4ef75a36952e5cfbf1f037808f046"}
{"index": {"_index":"pob","_id":"1049959"}}
	{"id":1049959,"type":"buy","buyer":"onealfa.leo","seller":"cookaiss","symbol":"POB","quantity":"1.96763435","price":"1.90000000","timestamp":1620892419,"volume":"3.73850527","buyTxId":"b7120eaf364cff99670aa7ce3c6a2e82b2337966","sellTxId":"106aeb67659fab04f8609a815deed77e11f8f569"}
{"index": {"_index":"pob","_id":"1049960"}}
	{"id":1049960,"type":"buy","buyer":"onealfa.leo","seller":"funnel","symbol":"POB","quantity":"10.00000000","price":"1.90000000","timestamp":1620892419,"volume":"19.00000000","buyTxId":"b7120eaf364cff99670aa7ce3c6a2e82b2337966","sellTxId":"ac30416357f11c0fd47b1854e153cb98f6c10609"}
{"index": {"_index":"pob","_id":"1049961"}}
	{"id":1049961,"type":"buy","buyer":"onealfa.leo","seller":"honusurf","symbol":"POB","quantity":"0.38580426","price":"1.90000000","timestamp":1620892419,"volume":"0.73302809","buyTxId":"b7120eaf364cff99670aa7ce3c6a2e82b2337966","sellTxId":"d145960a8cca524d0901be15c6ec7b6dd56f04b2"}
{"index": {"_index":"pob","_id":"1049962"}}
	{"id":1049962,"type":"buy","buyer":"onealfa.leo","seller":"trincowski","symbol":"POB","quantity":"0.40303278","price":"1.90000000","timestamp":1620892419,"volume":"0.76576228","buyTxId":"b7120eaf364cff99670aa7ce3c6a2e82b2337966","sellTxId":"d54096e68cd49b8f7c471585104d5cda31aac919"}
{"index": {"_index":"pob","_id":"1049963"}}
	{"id":1049963,"type":"buy","buyer":"onealfa.leo","seller":"hansvonkatte","symbol":"POB","quantity":"1.16772147","price":"1.91000000","timestamp":1620892419,"volume":"2.23034801","buyTxId":"b7120eaf364cff99670aa7ce3c6a2e82b2337966","sellTxId":"af439cb0b7dc50302cf4a3a101d59a955f06d240"}
{"index": {"_index":"pob","_id":"1049964"}}
	{"id":1049964,"type":"buy","buyer":"onealfa.leo","seller":"phusionphil","symbol":"POB","quantity":"5.00000000","price":"1.93800000","timestamp":1620892419,"volume":"9.69000000","buyTxId":"b7120eaf364cff99670aa7ce3c6a2e82b2337966","sellTxId":"2f5aa13ee11a5ce8eae3aa8a3d2a90831e7a9159"}
{"index": {"_index":"pob","_id":"1049965"}}
	{"id":1049965,"type":"buy","buyer":"onealfa.leo","seller":"eirik","symbol":"POB","quantity":"2.00000000","price":"1.95000000","timestamp":1620892419,"volume":"3.90000000","buyTxId":"b7120eaf364cff99670aa7ce3c6a2e82b2337966","sellTxId":"f9033ae9f7e5349409451893f68caaa2174cffbb"}
{"index": {"_index":"pob","_id":"1049966"}}
	{"id":1049966,"type":"buy","buyer":"onealfa.leo","seller":"vempromundo","symbol":"POB","quantity":"50.00000000","price":"1.95000000","timestamp":1620892419,"volume":"97.50000000","buyTxId":"b7120eaf364cff99670aa7ce3c6a2e82b2337966","sellTxId":"75a01393cb7f47dcc5ce2e980626d45ab52bd2d5"}
{"index": {"_index":"pob","_id":"1049967"}}
	{"id":1049967,"type":"buy","buyer":"onealfa.leo","seller":"phusionphil","symbol":"POB","quantity":"5.00000000","price":"1.95700000","timestamp":1620892419,"volume":"9.78500000","buyTxId":"b7120eaf364cff99670aa7ce3c6a2e82b2337966","sellTxId":"96234d6e46fe291065954c230b121a816ec623e1"}
{"index": {"_index":"pob","_id":"1049968"}}
	{"id":1049968,"type":"buy","buyer":"onealfa.leo","seller":"phusionphil","symbol":"POB","quantity":"5.00000000","price":"1.97600000","timestamp":1620892419,"volume":"9.88000000","buyTxId":"b7120eaf364cff99670aa7ce3c6a2e82b2337966","sellTxId":"77743f56a098b9bb5b87fe5da1fa61f6eff73171"}
{"index": {"_index":"pob","_id":"1049969"}}
	{"id":1049969,"type":"buy","buyer":"onealfa.leo","seller":"vempromundo","symbol":"POB","quantity":"40.00000000","price":"1.98000000","timestamp":1620892419,"volume":"79.20000000","buyTxId":"b7120eaf364cff99670aa7ce3c6a2e82b2337966","sellTxId":"e6a1dc889d966ad11ab4deeb61900f1285b3d2c4"}
{"index": {"_index":"pob","_id":"1049970"}}
	{"id":1049970,"type":"buy","buyer":"onealfa.leo","seller":"phusionphil","symbol":"POB","quantity":"5.00000000","price":"1.99500000","timestamp":1620892419,"volume":"9.97500000","buyTxId":"b7120eaf364cff99670aa7ce3c6a2e82b2337966","sellTxId":"6730ea091e9e163ed0618397dc65cf76057b2c6d"}
{"index": {"_index":"pob","_id":"1049971"}}
	{"id":1049971,"type":"buy","buyer":"onealfa.leo","seller":"cookaiss","symbol":"POB","quantity":"0.36082844","price":"1.99999400","timestamp":1620892419,"volume":"0.72165473","buyTxId":"b7120eaf364cff99670aa7ce3c6a2e82b2337966","sellTxId":"642863faaf2b73ff99829fad53fbf3d045c8880e"}
{"index": {"_index":"pob","_id":"1050008"}}
	{"id":1050008,"type":"sell","buyer":"solovey6o2","seller":"brofi-market","symbol":"POB","quantity":"22.33585476","price":"1.42067003","timestamp":1620892761,"volume":"31.73187945","buyTxId":"999cd5b29adb550679703a46c7944273be407bd3","sellTxId":"f99a367d38db03d7451048b77184b22b0ef1b894"}
{"index": {"_index":"pob","_id":"1050123"}}
	{"id":1050123,"type":"sell","buyer":"solovey6o2","seller":"victoriabsb","symbol":"POB","quantity":"7.15568391","price":"1.43011005","timestamp":1620894576,"volume":"10.23341547","buyTxId":"9362fc55909b831cc649a52ae04e638b4f271b58","sellTxId":"c0a873ed6bd6c73cbedf67888095d405827c7d79"}
{"index": {"_index":"pob","_id":"1050128"}}
	{"id":1050128,"type":"sell","buyer":"solovey6o2","seller":"nathen007","symbol":"POB","quantity":"2.64525995","price":"1.43012009","timestamp":1620894915,"volume":"3.78303940","buyTxId":"a0cda47d827f8975e48d06893abf76690bd7d924","sellTxId":"ef481e4fd67deb8a8cae5c6425ace6796a387e11"}
{"index": {"_index":"pob","_id":"1050157"}}
	{"id":1050157,"type":"sell","buyer":"solovey6o2","seller":"ftfund","symbol":"POB","quantity":"3.42909547","price":"1.60000003","timestamp":1620895953,"volume":"5.48655285","buyTxId":"e3e397b526cc07ae98e83935f6a5eee142bef59d","sellTxId":"c6c0788ec6cf1ced71c4fed54d944134fdb5049e"}
{"index": {"_index":"pob","_id":"1050171"}}
	{"id":1050171,"type":"sell","buyer":"solovey6o2","seller":"ruth-girl","symbol":"POB","quantity":"3.26483891","price":"1.90001005","timestamp":1620896379,"volume":"6.20322674","buyTxId":"9cd472a25c15f3d57337882d5c50884101fb26d7","sellTxId":"563ad64372afd39a26e1f3e9591b0f8880cdb7a0"}
{"index": {"_index":"pob","_id":"1050172"}}
	{"id":1050172,"type":"sell","buyer":"solovey6o2","seller":"daniky","symbol":"POB","quantity":"9.03422325","price":"1.90001005","timestamp":1620896418,"volume":"17.16511497","buyTxId":"9cd472a25c15f3d57337882d5c50884101fb26d7","sellTxId":"11dd8b514ac78a02c6ef3e73b197e8c0e482d8ca"}
{"index": {"_index":"pob","_id":"1050173"}}
	{"id":1050173,"type":"sell","buyer":"mmmmkkkk311","seller":"daniky","symbol":"POB","quantity":"10.96577675","price":"1.90001001","timestamp":1620896418,"volume":"20.83508559","buyTxId":"MM-P-6928621-53849146-3-2-0","sellTxId":"11dd8b514ac78a02c6ef3e73b197e8c0e482d8ca"}
{"index": {"_index":"pob","_id":"1050193"}}
	{"id":1050193,"type":"sell","buyer":"ctime","seller":"antonym","symbol":"POB","quantity":"10.43676111","price":"1.90002001","timestamp":1620897534,"volume":"19.83005495","buyTxId":"MM-P-6928855-53849446-3-23-0","sellTxId":"1454518569ecfc9f3c03c2710019a93b07ab4580"}
{"index": {"_index":"pob","_id":"1050246"}}
	{"id":1050246,"type":"sell","buyer":"solovey6o2","seller":"brutalmonkey","symbol":"POB","quantity":"0.57000000","price":"1.90012002","timestamp":1620898947,"volume":"1.08306841","buyTxId":"36cf2d20197fae0ce6410b30c9d8c8aa176084ed","sellTxId":"97d0a57e28a3e1a51de5f46e590472d6ae968c2a"}
{"index": {"_index":"pob","_id":"1050249"}}
	{"id":1050249,"type":"sell","buyer":"ctime","seller":"kenechukwu97","symbol":"POB","quantity":"3.24370995","price":"1.90012001","timestamp":1620899031,"volume":"6.16343818","buyTxId":"MM-P-6929410-53850046-3-23-0","sellTxId":"f4600d2cbfb152ea60d7c870fee146ab1fe06552"}
{"index": {"_index":"pob","_id":"1050250"}}
	{"id":1050250,"type":"sell","buyer":"mmmmkkkk311","seller":"kenechukwu97","symbol":"POB","quantity":"11.19355230","price":"1.90011001","timestamp":1620899031,"volume":"21.26898077","buyTxId":"MM-P-6929410-53850046-3-2-0","sellTxId":"f4600d2cbfb152ea60d7c870fee146ab1fe06552"}
{"index": {"_index":"pob","_id":"1050265"}}
	{"id":1050265,"type":"sell","buyer":"solovey6o2","seller":"stayten","symbol":"POB","quantity":"2.92870236","price":"1.50000004","timestamp":1620899628,"volume":"4.39305366","buyTxId":"718fe8810a803fa4598dcd0d92ddc0b18e0b0d51","sellTxId":"11776c632a8ff11234bf0e11fd52d4d087e743ae"}
{"index": {"_index":"pob","_id":"1050266"}}
	{"id":1050266,"type":"sell","buyer":"solovey6o2","seller":"liaminit1","symbol":"POB","quantity":"1.11319526","price":"1.50000005","timestamp":1620899760,"volume":"1.66979295","buyTxId":"ab08e75acb06046f2f670e4407374317bd76cf87","sellTxId":"7659d948bbae1916d80d4500beca6de7e888e7fd"}
{"index": {"_index":"pob","_id":"1050267"}}
	{"id":1050267,"type":"buy","buyer":"onealfa.leo","seller":"freebornsociety","symbol":"POB","quantity":"1.00000000","price":"1.87997998","timestamp":1620899763,"volume":"1.87997998","buyTxId":"6e9d0c866e1f76e318f8cfaed7256be98768dd83","sellTxId":"MM-P-6929625-53850313-3-1-0"}
{"index": {"_index":"pob","_id":"1050268"}}
	{"id":1050268,"type":"buy","buyer":"onealfa.leo","seller":"mmmmkkkk311","symbol":"POB","quantity":"15.00000000","price":"1.87997998","timestamp":1620899763,"volume":"28.19969970","buyTxId":"6e9d0c866e1f76e318f8cfaed7256be98768dd83","sellTxId":"MM-P-6929650-53850345-3-2-0"}
{"index": {"_index":"pob","_id":"1050269"}}
	{"id":1050269,"type":"buy","buyer":"onealfa.leo","seller":"solovey6o2","symbol":"POB","quantity":"48.43495625","price":"1.87998998","timestamp":1620899763,"volume":"91.05723243","buyTxId":"6e9d0c866e1f76e318f8cfaed7256be98768dd83","sellTxId":"3c0cfa7a9b33e1fdd29f20b6b11b5e360c851d25"}
{"index": {"_index":"pob","_id":"1050270"}}
	{"id":1050270,"type":"buy","buyer":"onealfa.leo","seller":"solovey6o2","symbol":"POB","quantity":"2.92870236","price":"1.87998998","timestamp":1620899763,"volume":"5.50593109","buyTxId":"6e9d0c866e1f76e318f8cfaed7256be98768dd83","sellTxId":"63f318eef0e680825e70d030a3adf8acb2a83673"}
{"index": {"_index":"pob","_id":"1050271"}}
	{"id":1050271,"type":"buy","buyer":"onealfa.leo","seller":"kenechukwu97","symbol":"POB","quantity":"9.23253021","price":"1.88000000","timestamp":1620899763,"volume":"17.35715680","buyTxId":"6e9d0c866e1f76e318f8cfaed7256be98768dd83","sellTxId":"f4600d2cbfb152ea60d7c870fee146ab1fe06552"}
{"index": {"_index":"pob","_id":"1050282"}}
	{"id":1050282,"type":"sell","buyer":"solovey6o2","seller":"clixmoney","symbol":"POB","quantity":"0.00707114","price":"1.50000009","timestamp":1620900213,"volume":"0.01060671","buyTxId":"5fdc0b6fc5cef9726ec3a555ba48d4f69d38a880","sellTxId":"99678fcf603b96bd955f0473927f0d2416339c9b"}
{"index": {"_index":"pob","_id":"1050288"}}
	{"id":1050288,"type":"buy","buyer":"onealfa.leo","seller":"kenechukwu97","symbol":"POB","quantity":"0.03020754","price":"1.88000000","timestamp":1620900537,"volume":"0.05679018","buyTxId":"7dfb81e5ae1396990b17bf312a4dd166e16f6d6a","sellTxId":"f4600d2cbfb152ea60d7c870fee146ab1fe06552"}
{"index": {"_index":"pob","_id":"1050289"}}
	{"id":1050289,"type":"buy","buyer":"onealfa.leo","seller":"rentmoney","symbol":"POB","quantity":"0.56265435","price":"1.96900000","timestamp":1620900537,"volume":"1.10786642","buyTxId":"7dfb81e5ae1396990b17bf312a4dd166e16f6d6a","sellTxId":"76e2e184acb33ed0ce0d40e0d8dd0cff55da0840"}
{"index": {"_index":"pob","_id":"1050290"}}
	{"id":1050290,"type":"buy","buyer":"onealfa.leo","seller":"anadolu","symbol":"POB","quantity":"1.12100000","price":"1.97000000","timestamp":1620900537,"volume":"2.20837000","buyTxId":"7dfb81e5ae1396990b17bf312a4dd166e16f6d6a","sellTxId":"be32d77955884639b22ce75b6986df97006902e5"}
{"index": {"_index":"pob","_id":"1050291"}}
	{"id":1050291,"type":"buy","buyer":"onealfa.leo","seller":"accelerator","symbol":"POB","quantity":"0.01362294","price":"1.97999800","timestamp":1620900537,"volume":"0.02697340","buyTxId":"7dfb81e5ae1396990b17bf312a4dd166e16f6d6a","sellTxId":"413178baf412f8d95e96cb4061caae64cf8e256b"}
{"index": {"_index":"pob","_id":"1050294"}}
	{"id":1050294,"type":"buy","buyer":"solovey6o2","seller":"tonytrillions","symbol":"POB","quantity":"0.00203236","price":"1.66666601","timestamp":1620900675,"volume":"0.00338727","buyTxId":"966a2931088bfe4479a79b0de017cb48ded22de9","sellTxId":"52f70e01345d90293b7fbb70207c58f042705740"}
{"index": {"_index":"pob","_id":"1050298"}}
	{"id":1050298,"type":"sell","buyer":"solovey6o2","seller":"stayten","symbol":"POB","quantity":"0.87220042","price":"1.66666602","timestamp":1620900774,"volume":"1.45366680","buyTxId":"966a2931088bfe4479a79b0de017cb48ded22de9","sellTxId":"53080c8e98f019db5b84b92a4de231dbfb05d2d6"}
{"index": {"_index":"pob","_id":"1050307"}}
	{"id":1050307,"type":"sell","buyer":"onealfa.leo","seller":"saachi","symbol":"POB","quantity":"19.63337647","price":"1.66666600","timestamp":1620901107,"volume":"32.72228103","buyTxId":"f40f8d917545938e76bf65897279a4bff8237446","sellTxId":"1e3837fa2d37a329a68e6ed1039360bb1b465222"}
{"index": {"_index":"pob","_id":"1050315"}}
	{"id":1050315,"type":"buy","buyer":"cookaiss","seller":"barks","symbol":"POB","quantity":"0.02796468","price":"1.66666606","timestamp":1620901575,"volume":"0.04660778","buyTxId":"a76dad235f622f4ff2b709fe5678bb3cdb5af829","sellTxId":"0186439bb0e47b1d85ec7ea29aed5c0758111701"}
{"index": {"_index":"pob","_id":"1050316"}}
	{"id":1050316,"type":"buy","buyer":"cookaiss","seller":"hivehold","symbol":"POB","quantity":"0.56674939","price":"1.66667000","timestamp":1620901575,"volume":"0.94458421","buyTxId":"a76dad235f622f4ff2b709fe5678bb3cdb5af829","sellTxId":"1fbf5da80e179d8bbf7cc159bce3d21d808e82e2"}
{"index": {"_index":"pob","_id":"1050326"}}
	{"id":1050326,"type":"sell","buyer":"onealfa.leo","seller":"d-vine","symbol":"POB","quantity":"47.03328953","price":"1.66666600","timestamp":1620901860,"volume":"78.38878453","buyTxId":"f40f8d917545938e76bf65897279a4bff8237446","sellTxId":"5356dc2aedd45fb8ea5c9b96ad71be146d4ce9e2"}
{"index": {"_index":"pob","_id":"1050412"}}
	{"id":1050412,"type":"buy","buyer":"cookaiss","seller":"clixmoney","symbol":"POB","quantity":"1.44911732","price":"1.66667000","timestamp":1620903618,"volume":"2.41520036","buyTxId":"2ba6a42eb5c4135d101f192159afdf677c094d61","sellTxId":"e7291c0a0a4577071b56735c4f9b9021af131064"}
{"index": {"_index":"pob","_id":"1050460"}}
	{"id":1050460,"type":"sell","buyer":"onealfa.leo","seller":"x9ed1732b","symbol":"POB","quantity":"0.066","price":"1.66666600","timestamp":1620904815,"volume":"0.10999996","buyTxId":"0fa54889d6fc86c47c1c2a4d5779f3183b008e13","sellTxId":"7e66937433961660e8dc2def6c2df5699ad4f997"}
{"index": {"_index":"pob","_id":"1050498"}}
	{"id":1050498,"type":"sell","buyer":"onealfa.leo","seller":"marvinix","symbol":"POB","quantity":"9","price":"1.66666600","timestamp":1620906174,"volume":"14.99999400","buyTxId":"0fa54889d6fc86c47c1c2a4d5779f3183b008e13","sellTxId":"dd55dc5a5969a6dbda9d098b321aec0149e3a768"}
{"index": {"_index":"pob","_id":"1050517"}}
	{"id":1050517,"type":"buy","buyer":"onealfa.leo","seller":"libertycrypto27","symbol":"POB","quantity":"2.77799444","price":"1.66667000","timestamp":1620906855,"volume":"4.63","buyTxId":"5445993ca10b80a7ecfcd16ee7e78f6c7aa67350","sellTxId":"2536a7f588f0d0873c2871ffabffb5e5813b13ef"}
{"index": {"_index":"pob","_id":"1050521"}}
	{"id":1050521,"type":"sell","buyer":"solovey6o2","seller":"flaxz","symbol":"POB","quantity":"1.16","price":"1.66666601","timestamp":1620907110,"volume":"1.93333257","buyTxId":"a8f3e817a73fc5004287053cb3a3d3ea83c88649","sellTxId":"3d7d95fcb74e7d3fb4788e55f27ea107268ab30f"}
{"index": {"_index":"pob","_id":"1050522"}}
	{"id":1050522,"type":"sell","buyer":"onealfa.leo","seller":"flaxz","symbol":"POB","quantity":"0.5","price":"1.66666600","timestamp":1620907143,"volume":"0.83333300","buyTxId":"0fa54889d6fc86c47c1c2a4d5779f3183b008e13","sellTxId":"0c4cec51e99fad29ccbe9125c140d1fe4708caa5"}
{"index": {"_index":"pob","_id":"1050566"}}
	{"id":1050566,"type":"buy","buyer":"onealfa.leo","seller":"libertycrypto27","symbol":"POB","quantity":"0.00200556","price":"1.66667000","timestamp":1620908154,"volume":"0.00334261","buyTxId":"1bd125b1e457ace3d11131c85e00b2d017123c9d","sellTxId":"2536a7f588f0d0873c2871ffabffb5e5813b13ef"}
{"index": {"_index":"pob","_id":"1050601"}}
	{"id":1050601,"type":"sell","buyer":"solovey6o2","seller":"wearealive","symbol":"POB","quantity":"0.54272566","price":"1.86666661","timestamp":1620909072,"volume":"1.01308787","buyTxId":"5a28a02afb174e71b8479210acfe704fae089a29","sellTxId":"628738197369aebd089a29f733c78bea373e5595"}
{"index": {"_index":"pob","_id":"1050620"}}
	{"id":1050620,"type":"sell","buyer":"solovey6o2","seller":"iamalivechalleng","symbol":"POB","quantity":"0.9","price":"1.86666661","timestamp":1620909498,"volume":"1.67999995","buyTxId":"3c1149d1906300db50ececfac918e00f6751d34d","sellTxId":"eeea87dc5d2aea0b1f305bb9df7b8e81eb49768e"}
{"index": {"_index":"pob","_id":"1050634"}}
	{"id":1050634,"type":"sell","buyer":"solovey6o2","seller":"liaminit1","symbol":"POB","quantity":"0.71300036","price":"1.86666661","timestamp":1620910020,"volume":"1.33093396","buyTxId":"c8a28b356eaec65d2df2b6a3a7a3ebf7154464c5","sellTxId":"ce421cb45b45f076b05adfd1be252ae7119043a5"}
{"index": {"_index":"pob","_id":"1050652"}}
	{"id":1050652,"type":"sell","buyer":"solovey6o2","seller":"fieryfootprints","symbol":"POB","quantity":"6.40000000","price":"1.86666661","timestamp":1620910185,"volume":"11.94666630","buyTxId":"c8a28b356eaec65d2df2b6a3a7a3ebf7154464c5","sellTxId":"7c87e83813892948630bedc6f81cda1216f717e0"}
{"index": {"_index":"pob","_id":"1050680"}}
	{"id":1050680,"type":"sell","buyer":"solovey6o2","seller":"liaminit1","symbol":"POB","quantity":"1.17977824","price":"1.86666661","timestamp":1620911001,"volume":"2.20225265","buyTxId":"c8a28b356eaec65d2df2b6a3a7a3ebf7154464c5","sellTxId":"b93354558b1b7c0918af0819e0d1fd5453dfffa2"}
{"index": {"_index":"pob","_id":"1050686"}}
	{"id":1050686,"type":"sell","buyer":"solovey6o2","seller":"melbourneswest","symbol":"POB","quantity":"8.00000000","price":"1.86666661","timestamp":1620911169,"volume":"14.93333288","buyTxId":"c8a28b356eaec65d2df2b6a3a7a3ebf7154464c5","sellTxId":"7dafa79ae1e89148a23c679acfbe3107ba9315be"}
{"index": {"_index":"pob","_id":"1050691"}}
	{"id":1050691,"type":"sell","buyer":"solovey6o2","seller":"oswvin01","symbol":"POB","quantity":"1.15569061","price":"1.86666661","timestamp":1620911592,"volume":"2.15728907","buyTxId":"c8a28b356eaec65d2df2b6a3a7a3ebf7154464c5","sellTxId":"3bbc9557d3a999d1d67c45fb641dc11d5e7d95eb"}
{"index": {"_index":"pob","_id":"1050698"}}
	{"id":1050698,"type":"sell","buyer":"solovey6o2","seller":"hranhuk","symbol":"POB","quantity":"27.43454057","price":"1.86666661","timestamp":1620911817,"volume":"51.21114084","buyTxId":"c8a28b356eaec65d2df2b6a3a7a3ebf7154464c5","sellTxId":"0d85886bea5b0822d5ca55556b2a5ac4d24d385f"}
{"index": {"_index":"pob","_id":"1050699"}}
	{"id":1050699,"type":"sell","buyer":"onealfa.leo","seller":"hranhuk","symbol":"POB","quantity":"66.66666660","price":"1.86666660","timestamp":1620911817,"volume":"124.44443988","buyTxId":"d624f6d8b46d7c59836ab48c36984c175f51881b","sellTxId":"0d85886bea5b0822d5ca55556b2a5ac4d24d385f"}
{"index": {"_index":"pob","_id":"1050700"}}
	{"id":1050700,"type":"sell","buyer":"onealfa.leo","seller":"hranhuk","symbol":"POB","quantity":"17.89879283","price":"1.56666660","timestamp":1620911817,"volume":"28.04144091","buyTxId":"d38f49a0f3fd2151dfb4b99d35924cdc0781aa46","sellTxId":"0d85886bea5b0822d5ca55556b2a5ac4d24d385f"}
{"index": {"_index":"pob","_id":"1050728"}}
	{"id":1050728,"type":"sell","buyer":"solovey6o2","seller":"acesontop","symbol":"POB","quantity":"8.28320929","price":"1.56666661","timestamp":1620913116,"volume":"12.97702742","buyTxId":"a696e8c4b397a120fce9d060448c68aa541b6323","sellTxId":"d62ed3daec98fc2a3369f1523068f8e345042d88"}
{"index": {"_index":"pob","_id":"1050732"}}
	{"id":1050732,"type":"buy","buyer":"cookaiss","seller":"acesontop","symbol":"POB","quantity":"2.23104885","price":"1.56666661","timestamp":1620913458,"volume":"3.49530974","buyTxId":"9434ab76509c5585fa8c62264832199c69b69913","sellTxId":"d62ed3daec98fc2a3369f1523068f8e345042d88"}
{"index": {"_index":"pob","_id":"1050752"}}
	{"id":1050752,"type":"buy","buyer":"cookaiss","seller":"waraira777","symbol":"POB","quantity":"1.26915824","price":"1.56666661","timestamp":1620913956,"volume":"1.98834784","buyTxId":"21a3e0bcc39af8540eff03c3df46611c36dc4358","sellTxId":"ed5f2162269fee2736748a9488fea0d05735372f"}
{"index": {"_index":"pob","_id":"1050775"}}
	{"id":1050775,"type":"buy","buyer":"jeffjagoe","seller":"antonym","symbol":"POB","quantity":"0.94920629","price":"1.86667000","timestamp":1620914217,"volume":"1.77185491","buyTxId":"750f166044f328a7c16be4b452bdf8a4e2d8ae2b","sellTxId":"ef373d589a0cef5027c116c57b7b104429a6a735"}
{"index": {"_index":"pob","_id":"1050780"}}
	{"id":1050780,"type":"sell","buyer":"jeffjagoe","seller":"cookaiss","symbol":"POB","quantity":"1.00000000","price":"1.86667000","timestamp":1620914406,"volume":"1.86667000","buyTxId":"750f166044f328a7c16be4b452bdf8a4e2d8ae2b","sellTxId":"5206a5aa0a760de96cb1f65dfec01e9722ec3d88"}
{"index": {"_index":"pob","_id":"1050784"}}
	{"id":1050784,"type":"sell","buyer":"jeffjagoe","seller":"cookaiss","symbol":"POB","quantity":"4.54403848","price":"1.86667000","timestamp":1620914619,"volume":"8.48222031","buyTxId":"750f166044f328a7c16be4b452bdf8a4e2d8ae2b","sellTxId":"b50f9d9a09c99208acc17d5440663caf6c4d640c"}
{"index": {"_index":"pob","_id":"1050810"}}
	{"id":1050810,"type":"sell","buyer":"jeffjagoe","seller":"shadonchandra","symbol":"POB","quantity":"0.93730789","price":"1.86667000","timestamp":1620915927,"volume":"1.74964452","buyTxId":"750f166044f328a7c16be4b452bdf8a4e2d8ae2b","sellTxId":"ec04ac98ffbb32f0449a663a557fdae967f0dca5"}
{"index": {"_index":"pob","_id":"1050816"}}
	{"id":1050816,"type":"buy","buyer":"onealfa.leo","seller":"freebornsociety","symbol":"POB","quantity":"1.00000000","price":"1.87998999","timestamp":1620915981,"volume":"1.87998999","buyTxId":"5e7088f443d08200473789d8acfdf1a23c7f7c92","sellTxId":"MM-P-6932950-53853911-3-1-0"}
{"index": {"_index":"pob","_id":"1050817"}}
	{"id":1050817,"type":"buy","buyer":"onealfa.leo","seller":"amigareaction","symbol":"POB","quantity":"0.50000000","price":"1.88000000","timestamp":1620915981,"volume":"0.94000000","buyTxId":"5e7088f443d08200473789d8acfdf1a23c7f7c92","sellTxId":"6ffdac2dd340a928b62ec93fcf01b022d6716caf"}
{"index": {"_index":"pob","_id":"1050818"}}
	{"id":1050818,"type":"buy","buyer":"onealfa.leo","seller":"pardinus","symbol":"POB","quantity":"2.00000000","price":"1.89000000","timestamp":1620915981,"volume":"3.78000000","buyTxId":"5e7088f443d08200473789d8acfdf1a23c7f7c92","sellTxId":"8e0f1764f70437dedfb076a769e73f2bde0af163"}
{"index": {"_index":"pob","_id":"1050819"}}
	{"id":1050819,"type":"buy","buyer":"onealfa.leo","seller":"solovey6o2","symbol":"POB","quantity":"7.10579257","price":"1.89985985","timestamp":1620915981,"volume":"13.50001001","buyTxId":"5e7088f443d08200473789d8acfdf1a23c7f7c92","sellTxId":"f09881450a0b6ed731e695a217be942c0d3d8361"}
{"index": {"_index":"pob","_id":"1050820"}}
	{"id":1050820,"type":"sell","buyer":"jeffjagoe","seller":"jsantana","symbol":"POB","quantity":"1.87611800","price":"1.86667000","timestamp":1620915996,"volume":"3.50209319","buyTxId":"750f166044f328a7c16be4b452bdf8a4e2d8ae2b","sellTxId":"158762795cc0103221a918edf2e18b220ec9324c"}
{"index": {"_index":"pob","_id":"1050823"}}
	{"id":1050823,"type":"sell","buyer":"jeffjagoe","seller":"jersteemit","symbol":"POB","quantity":"5.40000000","price":"1.86667000","timestamp":1620916074,"volume":"10.08001800","buyTxId":"750f166044f328a7c16be4b452bdf8a4e2d8ae2b","sellTxId":"8bfc2f14ba0b362228aea78982de59de737d803a"}
{"index": {"_index":"pob","_id":"1050825"}}
	{"id":1050825,"type":"sell","buyer":"jeffjagoe","seller":"thelogicaldude","symbol":"POB","quantity":"12.10635467","price":"1.86667000","timestamp":1620916116,"volume":"22.59856907","buyTxId":"750f166044f328a7c16be4b452bdf8a4e2d8ae2b","sellTxId":"2273abae312f4a0aceda895bda23227b8cff1abb"}
{"index": {"_index":"pob","_id":"1050826"}}
	{"id":1050826,"type":"sell","buyer":"mmmmkkkk311","seller":"thelogicaldude","symbol":"POB","quantity":"17.99957930","price":"1.56668660","timestamp":1620916116,"volume":"28.19969969","buyTxId":"MM-P-6934481-53855741-3-2-0","sellTxId":"2273abae312f4a0aceda895bda23227b8cff1abb"}
{"index": {"_index":"pob","_id":"1050827"}}
	{"id":1050827,"type":"sell","buyer":"onealfa.leo","seller":"thelogicaldude","symbol":"POB","quantity":"10.47974788","price":"1.56666660","timestamp":1620916116,"volume":"16.41827098","buyTxId":"d38f49a0f3fd2151dfb4b99d35924cdc0781aa46","sellTxId":"2273abae312f4a0aceda895bda23227b8cff1abb"}
{"index": {"_index":"pob","_id":"1050832"}}
	{"id":1050832,"type":"sell","buyer":"solovey6o2","seller":"stayten","symbol":"POB","quantity":"0.77361516","price":"1.56666661","timestamp":1620916296,"volume":"1.21199704","buyTxId":"76b88d9ee33745644bcda6a1c0c8d232357748c5","sellTxId":"e8988a23e6cb1d1a14c286938532ad076344a5f0"}
{"index": {"_index":"pob","_id":"1050841"}}
	{"id":1050841,"type":"sell","buyer":"solovey6o2","seller":"liaminit1","symbol":"POB","quantity":"1.22492308","price":"1.56666661","timestamp":1620916830,"volume":"1.91904609","buyTxId":"76b88d9ee33745644bcda6a1c0c8d232357748c5","sellTxId":"e968acff7ce1f7a3c41b057a8ac62069f62c655e"}
{"index": {"_index":"pob","_id":"1050842"}}
	{"id":1050842,"type":"sell","buyer":"solovey6o2","seller":"riandeuk","symbol":"POB","quantity":"0.10143618","price":"1.56666661","timestamp":1620916836,"volume":"0.15891668","buyTxId":"76b88d9ee33745644bcda6a1c0c8d232357748c5","sellTxId":"9faf7ada518994fe39e24a90d8be7dde35337f56"}
{"index": {"_index":"pob","_id":"1050843"}}
	{"id":1050843,"type":"sell","buyer":"solovey6o2","seller":"drunksamurai","symbol":"POB","quantity":"3.00000000","price":"1.56666661","timestamp":1620916881,"volume":"4.69999983","buyTxId":"76b88d9ee33745644bcda6a1c0c8d232357748c5","sellTxId":"500603f3889f4d25974a6017b55bb96c193aa9e6"}
{"index": {"_index":"pob","_id":"1050859"}}
	{"id":1050859,"type":"buy","buyer":"onealfa.leo","seller":"mmmmkkkk311","symbol":"POB","quantity":"15.00000000","price":"1.88982000","timestamp":1620917334,"volume":"28.34730000","buyTxId":"9978f0d4029193b30973ad8fb751376f606bda72","sellTxId":"MM-P-6934818-53856141-3-2-0"}
{"index": {"_index":"pob","_id":"1050860"}}
	{"id":1050860,"type":"buy","buyer":"onealfa.leo","seller":"freebornsociety","symbol":"POB","quantity":"0.98035273","price":"1.88982999","timestamp":1620917334,"volume":"1.85270000","buyTxId":"9978f0d4029193b30973ad8fb751376f606bda72","sellTxId":"MM-P-6934797-53856109-3-1-0"}
{"index": {"_index":"pob","_id":"1050873"}}
	{"id":1050873,"type":"buy","buyer":"cookaiss","seller":"themarkymark","symbol":"POB","quantity":"6.65176621","price":"1.66667000","timestamp":1620917736,"volume":"11.08629919","buyTxId":"4a77c1cd75ae4dc7db6bbc181fc2fc7c3b3d4baa","sellTxId":"e9851caa3f1e7e7c51590da0460309511535588e"}
{"index": {"_index":"pob","_id":"1050881"}}
	{"id":1050881,"type":"buy","buyer":"mmmmkkkk311","seller":"freebornsociety","symbol":"POB","quantity":"1.00000000","price":"1.88981000","timestamp":1620918156,"volume":"1.88981000","buyTxId":"e65dbf21bdeabdb9ae77a7b670a3f4d241c17d68","sellTxId":"MM-P-6934952-53856309-3-1-0"}
{"index": {"_index":"pob","_id":"1050882"}}
	{"id":1050882,"type":"buy","buyer":"mmmmkkkk311","seller":"mmmmkkkk311","symbol":"POB","quantity":"10.15890835","price":"1.88982000","timestamp":1620918156,"volume":"19.19850818","buyTxId":"e65dbf21bdeabdb9ae77a7b670a3f4d241c17d68","sellTxId":"MM-P-6934894-53856241-3-2-1"}
{"index": {"_index":"pob","_id":"1050883"}}
	{"id":1050883,"type":"buy","buyer":"mmmmkkkk311","seller":"gurseerat","symbol":"POB","quantity":"62.37428649","price":"1.88983000","timestamp":1620918156,"volume":"117.87679784","buyTxId":"e65dbf21bdeabdb9ae77a7b670a3f4d241c17d68","sellTxId":"2c4d238d6020001ce73879422c3d20bf2111f973"}
{"index": {"_index":"pob","_id":"1050884"}}
	{"id":1050884,"type":"buy","buyer":"mmmmkkkk311","seller":"maylenasland","symbol":"POB","quantity":"20.00000000","price":"1.88985000","timestamp":1620918156,"volume":"37.79700000","buyTxId":"e65dbf21bdeabdb9ae77a7b670a3f4d241c17d68","sellTxId":"f09ec9f344313b1574cdd10ea00270d3ce670138"}
{"index": {"_index":"pob","_id":"1050885"}}
	{"id":1050885,"type":"buy","buyer":"mmmmkkkk311","seller":"primersion","symbol":"POB","quantity":"5.07561643","price":"1.90000000","timestamp":1620918156,"volume":"9.64367122","buyTxId":"e65dbf21bdeabdb9ae77a7b670a3f4d241c17d68","sellTxId":"8c04067f658b87f45df35c5f1891b1b9efda198b"}
{"index": {"_index":"pob","_id":"1050886"}}
	{"id":1050886,"type":"buy","buyer":"mmmmkkkk311","seller":"paulo.sar","symbol":"POB","quantity":"114.50400678","price":"1.90000000","timestamp":1620918156,"volume":"217.55761288","buyTxId":"e65dbf21bdeabdb9ae77a7b670a3f4d241c17d68","sellTxId":"2535cfb8a3cb80fd07b552ea31b94b8e4d6c102c"}
{"index": {"_index":"pob","_id":"1050911"}}
	{"id":1050911,"type":"buy","buyer":"evernoticethat","seller":"freebornsociety","symbol":"POB","quantity":"0.11146249","price":"1.89998999","timestamp":1620918474,"volume":"0.21177762","buyTxId":"4bc5da4ef79c728be5968582f914980425aceb9e","sellTxId":"MM-P-6935115-53856509-3-1-0"}
{"index": {"_index":"pob","_id":"1050947"}}
	{"id":1050947,"type":"sell","buyer":"onealfa.leo","seller":"liaminit1","symbol":"POB","quantity":"1.17654641","price":"1.66666660","timestamp":1620918714,"volume":"1.96091060","buyTxId":"067aa16d87ca41ad209a25bce282e9fb7b9f7977","sellTxId":"afd8a88bccf634ae7ab365550d588da17194f40d"}
{"index": {"_index":"pob","_id":"1050966"}}
	{"id":1050966,"type":"sell","buyer":"cookaiss","seller":"gungunkrishu","symbol":"POB","quantity":"3.40000000","price":"1.66667000","timestamp":1620919494,"volume":"5.66667800","buyTxId":"6d7cb89242bd3c9872f3cae32eaed30a897d28a3","sellTxId":"1b3793f363f0b4ff16a7dd6c01dcfb360df31387"}
{"index": {"_index":"pob","_id":"1050987"}}
	{"id":1050987,"type":"buy","buyer":"cookaiss","seller":"liaminit1","symbol":"POB","quantity":"0.18102493","price":"1.66667000","timestamp":1620920172,"volume":"0.30170882","buyTxId":"c6fa41ed30c80d455014a4d48fbb0a5615d15822","sellTxId":"f29635a960a754cd0c919d95c81e4462efeac981"}
{"index": {"_index":"pob","_id":"1050988"}}
	{"id":1050988,"type":"buy","buyer":"cookaiss","seller":"jocieprosza","symbol":"POB","quantity":"0.78299251","price":"1.66667000","timestamp":1620920172,"volume":"1.30499013","buyTxId":"c6fa41ed30c80d455014a4d48fbb0a5615d15822","sellTxId":"110d0bdb135525369e5dccf0991e8d8d184b2287"}
{"index": {"_index":"pob","_id":"1051003"}}
	{"id":1051003,"type":"sell","buyer":"onealfa.leo","seller":"coininstant","symbol":"POB","quantity":"0.36298224","price":"1.66666660","timestamp":1620921120,"volume":"0.60497038","buyTxId":"067aa16d87ca41ad209a25bce282e9fb7b9f7977","sellTxId":"81fa5806515fd896dd7b1c915b5ce240d1e1ebba"}
{"index": {"_index":"pob","_id":"1051016"}}
	{"id":1051016,"type":"sell","buyer":"onealfa.leo","seller":"liaminit1","symbol":"POB","quantity":"0.47205695","price":"1.66666660","timestamp":1620921273,"volume":"0.78676155","buyTxId":"067aa16d87ca41ad209a25bce282e9fb7b9f7977","sellTxId":"34191e0ca837aef44b521eedd173213726767827"}
{"index": {"_index":"pob","_id":"1051033"}}
	{"id":1051033,"type":"buy","buyer":"cookaiss","seller":"coininstant","symbol":"POB","quantity":"3.00000000","price":"1.66667000","timestamp":1620921570,"volume":"5.00001000","buyTxId":"debc54a3fa378adcfcd2e50d93a8096e8da7ef77","sellTxId":"d842655697f6d509863609836c2ad7b96585da55"}
{"index": {"_index":"pob","_id":"1051034"}}
	{"id":1051034,"type":"sell","buyer":"onealfa.leo","seller":"slobberchops","symbol":"POB","quantity":"7.00127004","price":"1.66666660","timestamp":1620921642,"volume":"11.66878293","buyTxId":"067aa16d87ca41ad209a25bce282e9fb7b9f7977","sellTxId":"e22955550d61ff1795e293a118a890830973b0af"}
{"index": {"_index":"pob","_id":"1051041"}}
	{"id":1051041,"type":"sell","buyer":"onealfa.leo","seller":"heyimsnuffles","symbol":"POB","quantity":"33.00000000","price":"1.66666660","timestamp":1620921933,"volume":"54.99999780","buyTxId":"067aa16d87ca41ad209a25bce282e9fb7b9f7977","sellTxId":"e4daf23db4fc3455b72bc031436b35af79a28710"}
{"index": {"_index":"pob","_id":"1051053"}}
	{"id":1051053,"type":"sell","buyer":"onealfa.leo","seller":"liaminit1","symbol":"POB","quantity":"0.59329562","price":"1.66666660","timestamp":1620922131,"volume":"0.98882599","buyTxId":"067aa16d87ca41ad209a25bce282e9fb7b9f7977","sellTxId":"95c9cb00a48263011adcc91b289c3106c3ac3cbe"}
{"index": {"_index":"pob","_id":"1051070"}}
	{"id":1051070,"type":"sell","buyer":"onealfa.leo","seller":"kevinnag58","symbol":"POB","quantity":"24.06051474","price":"1.66666660","timestamp":1620922737,"volume":"40.10085630","buyTxId":"067aa16d87ca41ad209a25bce282e9fb7b9f7977","sellTxId":"65a8ffc74fc38266ff79cb5b54a29dbf1b030728"}
{"index": {"_index":"pob","_id":"1051071"}}
	{"id":1051071,"type":"sell","buyer":"ctime","seller":"kevinnag58","symbol":"POB","quantity":"10.68101885","price":"1.56697661","timestamp":1620922737,"volume":"16.73690671","buyTxId":"MM-P-6936329-53857937-3-23-0","sellTxId":"65a8ffc74fc38266ff79cb5b54a29dbf1b030728"}
{"index": {"_index":"pob","_id":"1051078"}}
	{"id":1051078,"type":"buy","buyer":"dera123","seller":"coininstant","symbol":"POB","quantity":"1.00000000","price":"1.66667000","timestamp":1620923076,"volume":"1.66667000","buyTxId":"272f32dfcf69069a62a62844eefe090c8670692f","sellTxId":"d842655697f6d509863609836c2ad7b96585da55"}
{"index": {"_index":"pob","_id":"1051086"}}
	{"id":1051086,"type":"sell","buyer":"dera123","seller":"gubbatv","symbol":"POB","quantity":"6.09374899","price":"1.75000000","timestamp":1620923268,"volume":"10.66406073","buyTxId":"d2a24a0ebd824aeabb921176cf0516c2818922c6","sellTxId":"7e25f6bf38bb5b148b5d469dfd52cba1bc30c804"}
{"index": {"_index":"pob","_id":"1051148"}}
	{"id":1051148,"type":"sell","buyer":"solovey6o2","seller":"dalz","symbol":"POB","quantity":"4.13275034","price":"1.60002002","timestamp":1620924579,"volume":"6.61248328","buyTxId":"a19d15f80dea79857e76b75947e05c9aef92136d","sellTxId":"8af63704f5893fb6f142cfefd8a32529dc7b3ada"}
{"index": {"_index":"pob","_id":"1051149"}}
	{"id":1051149,"type":"sell","buyer":"ctime","seller":"dalz","symbol":"POB","quantity":"21.87472643","price":"1.60002001","timestamp":1620924579,"volume":"35.00000000","buyTxId":"MM-P-6936865-53858536-3-23-0","sellTxId":"8af63704f5893fb6f142cfefd8a32529dc7b3ada"}
{"index": {"_index":"pob","_id":"1051150"}}
	{"id":1051150,"type":"sell","buyer":"mmmmkkkk311","seller":"dalz","symbol":"POB","quantity":"20.62487097","price":"1.60001001","timestamp":1620924579,"volume":"33.00000001","buyTxId":"MM-P-6936865-53858536-3-2-0","sellTxId":"8af63704f5893fb6f142cfefd8a32529dc7b3ada"}
{"index": {"_index":"pob","_id":"1051151"}}
	{"id":1051151,"type":"sell","buyer":"dera123","seller":"dalz","symbol":"POB","quantity":"29.36765226","price":"1.60000000","timestamp":1620924579,"volume":"46.98824362","buyTxId":"ff8ebc62a1bbd7fafaeb4d5fe1dc575e36ce5706","sellTxId":"8af63704f5893fb6f142cfefd8a32529dc7b3ada"}
{"index": {"_index":"pob","_id":"1051183"}}
	{"id":1051183,"type":"buy","buyer":"dera123","seller":"freebornsociety","symbol":"POB","quantity":"1.00000000","price":"1.79996998","timestamp":1620924984,"volume":"1.79996998","buyTxId":"703eb50a9b1d317186c7a55ed156ca5e158e0c87","sellTxId":"MM-P-6937033-53858704-3-1-0"}
{"index": {"_index":"pob","_id":"1051184"}}
	{"id":1051184,"type":"buy","buyer":"dera123","seller":"mmmmkkkk311","symbol":"POB","quantity":"15.00000000","price":"1.79996998","timestamp":1620924984,"volume":"26.99954970","buyTxId":"703eb50a9b1d317186c7a55ed156ca5e158e0c87","sellTxId":"MM-P-6937065-53858736-3-2-1"}
{"index": {"_index":"pob","_id":"1051185"}}
	{"id":1051185,"type":"buy","buyer":"dera123","seller":"risingstargame","symbol":"POB","quantity":"5.00000000","price":"1.79999000","timestamp":1620924984,"volume":"8.99995000","buyTxId":"703eb50a9b1d317186c7a55ed156ca5e158e0c87","sellTxId":"9b717e80db004ec24bbafaa360e316f9a08d3ba3"}
{"index": {"_index":"pob","_id":"1051194"}}
	{"id":1051194,"type":"sell","buyer":"dera123","seller":"solovey6o2","symbol":"POB","quantity":"59.89037610","price":"1.80000000","timestamp":1620924993,"volume":"107.80267698","buyTxId":"703eb50a9b1d317186c7a55ed156ca5e158e0c87","sellTxId":"4c28d0fc69de959f55442391b6cbe795834d5c13"}
{"index": {"_index":"pob","_id":"1051198"}}
	{"id":1051198,"type":"sell","buyer":"solovey6o2","seller":"romirspc.tribe","symbol":"POB","quantity":"10","price":"1.80000001","timestamp":1620925041,"volume":"18.00000010","buyTxId":"07e8ba10c04ec823c416bc7af27ec5119ab487a3","sellTxId":"5e961ea2c79b5fc889084ed81cdb7dbbffb7a062"}
{"index": {"_index":"pob","_id":"1051220"}}
	{"id":1051220,"type":"sell","buyer":"solovey6o2","seller":"cookaiss","symbol":"POB","quantity":"6.65000000","price":"1.70000001","timestamp":1620925200,"volume":"11.30500007","buyTxId":"f7205c5e752d8a8b7dcc032dc80bf287f6b417ee","sellTxId":"03d10328ce2c93f1334a2caf06674fc7af2fd497"}
{"index": {"_index":"pob","_id":"1051243"}}
	{"id":1051243,"type":"sell","buyer":"ctime","seller":"justinparke","symbol":"POB","quantity":"3.01819780","price":"1.66668667","timestamp":1620926145,"volume":"5.03039004","buyTxId":"MM-P-6937462-53859136-3-23-0","sellTxId":"fa068783f529ef23cebc663fa0c0380c6b7efa2b"}
{"index": {"_index":"pob","_id":"1051244"}}
	{"id":1051244,"type":"sell","buyer":"ctime","seller":"cliffagreen","symbol":"POB","quantity":"1.01758098","price":"1.66668667","timestamp":1620926160,"volume":"1.69598866","buyTxId":"MM-P-6937462-53859136-3-23-0","sellTxId":"d640c56bc061c0373e33061f39867190154faeda"}
{"index": {"_index":"pob","_id":"1051248"}}
	{"id":1051248,"type":"sell","buyer":"solovey6o2","seller":"liaminit1","symbol":"POB","quantity":"0.56076750","price":"1.66668668","timestamp":1620926268,"volume":"0.93462372","buyTxId":"d9aac6075ac3eb74bc0d5b35ad23a0097fe15279","sellTxId":"30175540da944f4bd60e12f7e2b7c30aa0e99dde"}
{"index": {"_index":"pob","_id":"1051252"}}
	{"id":1051252,"type":"sell","buyer":"solovey6o2","seller":"whitelightxpress","symbol":"POB","quantity":"0.62866239","price":"1.66668668","timestamp":1620926421,"volume":"1.04778323","buyTxId":"d9aac6075ac3eb74bc0d5b35ad23a0097fe15279","sellTxId":"ced7be513500cc47b37e758d025822b53bc14585"}
{"index": {"_index":"pob","_id":"1051259"}}
	{"id":1051259,"type":"sell","buyer":"solovey6o2","seller":"mapac","symbol":"POB","quantity":"0.07940000","price":"1.66670669","timestamp":1620926664,"volume":"0.13233651","buyTxId":"1e8e432b2d40c4b8400fa4eec3b310d9f99ae06d","sellTxId":"986a1502b5c5cc7a4dc5395b33c7c500de7653da"}
{"index": {"_index":"pob","_id":"1051267"}}
	{"id":1051267,"type":"sell","buyer":"solovey6o2","seller":"hive-189742","symbol":"POB","quantity":"0.50753604","price":"1.66672670","timestamp":1620926904,"volume":"0.84592387","buyTxId":"454194479ff44e6683608d8288db6fe7b36c219d","sellTxId":"fca170273f995026a71cad738113d8b2983453ed"}
{"index": {"_index":"pob","_id":"1051281"}}
	{"id":1051281,"type":"sell","buyer":"solovey6o2","seller":"jersteemit","symbol":"POB","quantity":"2.94991299","price":"1.66674671","timestamp":1620927330,"volume":"4.91675777","buyTxId":"24c870f279193d70a2a8ac7c1ec75c6d0767710a","sellTxId":"84b03239b5c439b0f388a09dc9ef4b273b63b7c7"}
{"index": {"_index":"pob","_id":"1051284"}}
	{"id":1051284,"type":"buy","buyer":"mmmmkkkk311","seller":"yameen","symbol":"POB","quantity":"0.55821507","price":"1.87000000","timestamp":1620927396,"volume":"1.04386218","buyTxId":"7119ae219cd698d04d2e81fdb3867869ef886cee","sellTxId":"df43b9c3baa6c1fdc40953ae5181d443c4d30fe1"}
{"index": {"_index":"pob","_id":"1051285"}}
	{"id":1051285,"type":"buy","buyer":"mmmmkkkk311","seller":"freebornsociety","symbol":"POB","quantity":"1.00000000","price":"1.88887500","timestamp":1620927396,"volume":"1.88887500","buyTxId":"7119ae219cd698d04d2e81fdb3867869ef886cee","sellTxId":"MM-P-6937133-53858804-3-1-0"}
{"index": {"_index":"pob","_id":"1051286"}}
	{"id":1051286,"type":"buy","buyer":"mmmmkkkk311","seller":"solovey6o2","symbol":"POB","quantity":"10.00000001","price":"1.88888500","timestamp":1620927396,"volume":"18.88885002","buyTxId":"7119ae219cd698d04d2e81fdb3867869ef886cee","sellTxId":"4b4c5d22a2be118a9655c2e46b0436a3ce10ea5c"}
{"index": {"_index":"pob","_id":"1051287"}}
	{"id":1051287,"type":"buy","buyer":"mmmmkkkk311","seller":"solovey6o2","symbol":"POB","quantity":"6.65000000","price":"1.88888500","timestamp":1620927396,"volume":"12.56108525","buyTxId":"7119ae219cd698d04d2e81fdb3867869ef886cee","sellTxId":"b377b95d3803e4d5476d07e8cec20310a1e2d3d5"}
{"index": {"_index":"pob","_id":"1051288"}}
	{"id":1051288,"type":"buy","buyer":"mmmmkkkk311","seller":"solovey6o2","symbol":"POB","quantity":"4.72627892","price":"1.88888500","timestamp":1620927396,"volume":"8.92739736","buyTxId":"7119ae219cd698d04d2e81fdb3867869ef886cee","sellTxId":"f98bcc8bc426415df0ab03f89aff123c9cd32e03"}
{"index": {"_index":"pob","_id":"1051289"}}
	{"id":1051289,"type":"buy","buyer":"mmmmkkkk311","seller":"liotes.voter","symbol":"POB","quantity":"7.33563879","price":"1.88888501","timestamp":1620927396,"volume":"13.85617815","buyTxId":"7119ae219cd698d04d2e81fdb3867869ef886cee","sellTxId":"21815b7d1de559868dfcd34c926a2786787ad2ff"}
{"index": {"_index":"pob","_id":"1051290"}}
	{"id":1051290,"type":"buy","buyer":"mmmmkkkk311","seller":"idiosyncratic1","symbol":"POB","quantity":"3.06614380","price":"1.88900000","timestamp":1620927396,"volume":"5.79194564","buyTxId":"7119ae219cd698d04d2e81fdb3867869ef886cee","sellTxId":"e6a9042fc22b77df5a20d87b8744441763d80821"}
{"index": {"_index":"pob","_id":"1051291"}}
	{"id":1051291,"type":"buy","buyer":"mmmmkkkk311","seller":"cookaiss","symbol":"POB","quantity":"3.40000000","price":"1.89000000","timestamp":1620927396,"volume":"6.42600000","buyTxId":"7119ae219cd698d04d2e81fdb3867869ef886cee","sellTxId":"6729927fc83e8513890a51671f31540ae54c8f25"}
{"index": {"_index":"pob","_id":"1051292"}}
	{"id":1051292,"type":"buy","buyer":"mmmmkkkk311","seller":"anadolu","symbol":"POB","quantity":"9.50000000","price":"1.89900000","timestamp":1620927396,"volume":"18.04050000","buyTxId":"7119ae219cd698d04d2e81fdb3867869ef886cee","sellTxId":"8654cc5688c166825a966cccdf8e5c06a0cc87b2"}
{"index": {"_index":"pob","_id":"1051293"}}
	{"id":1051293,"type":"buy","buyer":"mmmmkkkk311","seller":"paulo.sar","symbol":"POB","quantity":"65.49599322","price":"1.90000000","timestamp":1620927396,"volume":"124.44238712","buyTxId":"7119ae219cd698d04d2e81fdb3867869ef886cee","sellTxId":"2535cfb8a3cb80fd07b552ea31b94b8e4d6c102c"}
{"index": {"_index":"pob","_id":"1051308"}}
	{"id":1051308,"type":"sell","buyer":"onealfa.leo","seller":"cryptofiloz","symbol":"POB","quantity":"7.74988992","price":"1.96666660","timestamp":1620927978,"volume":"15.24144966","buyTxId":"0fc55975ebef032e895686b81a1c8054f2ffece7","sellTxId":"5d67a76ed484cb2b7e50a98d298a65f20d709936"}
{"index": {"_index":"pob","_id":"1051313"}}
	{"id":1051313,"type":"sell","buyer":"onealfa.leo","seller":"cookaiss","symbol":"POB","quantity":"1.28678442","price":"1.96666660","timestamp":1620928137,"volume":"2.53067594","buyTxId":"0fc55975ebef032e895686b81a1c8054f2ffece7","sellTxId":"deae4e7a1d91e69f7848f2cd719d80c9fef553d5"}
{"index": {"_index":"pob","_id":"1051324"}}
	{"id":1051324,"type":"sell","buyer":"onealfa.leo","seller":"jsantana","symbol":"POB","quantity":"32.80898900","price":"1.96666660","timestamp":1620928344,"volume":"64.52434285","buyTxId":"0fc55975ebef032e895686b81a1c8054f2ffece7","sellTxId":"cb8fabef1cf250581cb9042cd984120a75c0c586"}
{"index": {"_index":"pob","_id":"1051339"}}
	{"id":1051339,"type":"sell","buyer":"onealfa.leo","seller":"liaminit1","symbol":"POB","quantity":"0.53764478","price":"1.96666660","timestamp":1620928692,"volume":"1.05736803","buyTxId":"0fc55975ebef032e895686b81a1c8054f2ffece7","sellTxId":"4b450c18a2ddbfbcf5f488213482d2fcbf97dee3"}
{"index": {"_index":"pob","_id":"1051357"}}
	{"id":1051357,"type":"sell","buyer":"solovey6o2","seller":"mamolya","symbol":"POB","quantity":"0.48839803","price":"1.90010006","timestamp":1620929088,"volume":"0.92800513","buyTxId":"e675886d2026c70fcae1bc847390764958a852f5","sellTxId":"8a2fcb36afb51c25df57ecd330269e1ed9a2be49"}
{"index": {"_index":"pob","_id":"1051367"}}
	{"id":1051367,"type":"sell","buyer":"solovey6o2","seller":"aiovo","symbol":"POB","quantity":"5.93566316","price":"1.90012007","timestamp":1620929262,"volume":"11.27847270","buyTxId":"b2d3293d0c358dce51c3b7ee439066b0b2348f44","sellTxId":"0769a0c0c6ce27dbf82d71954faec8cfa7139694"}
{"index": {"_index":"pob","_id":"1051369"}}
	{"id":1051369,"type":"sell","buyer":"solovey6o2","seller":"celi130","symbol":"POB","quantity":"43.88117198","price":"1.90012007","timestamp":1620929277,"volume":"83.37949557","buyTxId":"b2d3293d0c358dce51c3b7ee439066b0b2348f44","sellTxId":"adaf33b5e9d30321f12105daf49ac7296f303e98"}
{"index": {"_index":"pob","_id":"1051370"}}
	{"id":1051370,"type":"sell","buyer":"ctime","seller":"celi130","symbol":"POB","quantity":"18.41988868","price":"1.90012006","timestamp":1620929277,"volume":"34.99999998","buyTxId":"MM-P-6938435-53860134-3-23-0","sellTxId":"adaf33b5e9d30321f12105daf49ac7296f303e98"}
{"index": {"_index":"pob","_id":"1051371"}}
	{"id":1051371,"type":"sell","buyer":"mmmmkkkk311","seller":"celi130","symbol":"POB","quantity":"17.36741502","price":"1.90011006","timestamp":1620929277,"volume":"33.00000000","buyTxId":"MM-P-6938435-53860134-3-2-0","sellTxId":"adaf33b5e9d30321f12105daf49ac7296f303e98"}
{"index": {"_index":"pob","_id":"1051372"}}
	{"id":1051372,"type":"sell","buyer":"dera123","seller":"celi130","symbol":"POB","quantity":"26.33152432","price":"1.60000000","timestamp":1620929277,"volume":"42.13043891","buyTxId":"ff8ebc62a1bbd7fafaeb4d5fe1dc575e36ce5706","sellTxId":"adaf33b5e9d30321f12105daf49ac7296f303e98"}
{"index": {"_index":"pob","_id":"1051380"}}
	{"id":1051380,"type":"sell","buyer":"dera123","seller":"liaminit1","symbol":"POB","quantity":"0.25442956","price":"1.60001003","timestamp":1620929529,"volume":"0.40708985","buyTxId":"2bd69db70f1a1cbdf2918192a35a99500332aabf","sellTxId":"caa35c4197474f37a2fd4269d56e790084e4ad6d"}
{"index": {"_index":"pob","_id":"1051388"}}
	{"id":1051388,"type":"sell","buyer":"solovey6o2","seller":"silvergoldhunter","symbol":"POB","quantity":"0.84653898","price":"1.60001004","timestamp":1620929709,"volume":"1.35447087","buyTxId":"04369fecd28b75bdc1f9e35916992dc935739a3e","sellTxId":"c7726227e6d2612a72f77e281084eebd1494b53d"}
{"index": {"_index":"pob","_id":"1051399"}}
	{"id":1051399,"type":"sell","buyer":"richardcrill","seller":"thomashnblum","symbol":"POB","quantity":"26.24819494","price":"1.60011003","timestamp":1620929832,"volume":"41.99999999","buyTxId":"MM-P-6938629-53860360-3-10-0","sellTxId":"9f43f104aeb728879074fa15eafc4fd508996a5f"}
{"index": {"_index":"pob","_id":"1051400"}}
	{"id":1051400,"type":"sell","buyer":"solovey6o2","seller":"thomashnblum","symbol":"POB","quantity":"7.41747468","price":"1.60002005","timestamp":1620929832,"volume":"11.86810821","buyTxId":"e59a5008d5953315cd598fb90ff35169a22265f9","sellTxId":"9f43f104aeb728879074fa15eafc4fd508996a5f"}
{"index": {"_index":"pob","_id":"1051401"}}
	{"id":1051401,"type":"sell","buyer":"mmmmkkkk311","seller":"thomashnblum","symbol":"POB","quantity":"7.62042300","price":"1.60002004","timestamp":1620929832,"volume":"12.19282951","buyTxId":"MM-P-6938603-53860334-3-2-0","sellTxId":"9f43f104aeb728879074fa15eafc4fd508996a5f"}
{"index": {"_index":"pob","_id":"1051450"}}
	{"id":1051450,"type":"sell","buyer":"ctime","seller":"babytarazkp","symbol":"POB","quantity":"1.40785168","price":"1.66005001","timestamp":1620930642,"volume":"2.33710420","buyTxId":"MM-P-6938885-53860633-3-23-0","sellTxId":"6804f8f08e53c56d6b531db75bff503f90660019"}
{"index": {"_index":"pob","_id":"1051473"}}
	{"id":1051473,"type":"sell","buyer":"ctime","seller":"prize.hoard","symbol":"POB","quantity":"0.90000000","price":"1.66007001","timestamp":1620930975,"volume":"1.49406301","buyTxId":"MM-P-6938973-53860732-3-23-0","sellTxId":"556d259dea60579dc3aac706392d58cb8d066836"}
{"index": {"_index":"pob","_id":"1051492"}}
	{"id":1051492,"type":"sell","buyer":"ctime","seller":"ecoinstats","symbol":"POB","quantity":"1.12000000","price":"1.66007001","timestamp":1620931227,"volume":"1.85927841","buyTxId":"MM-P-6938973-53860732-3-23-0","sellTxId":"b021a828bbf761423cd0e5b69597581658d8353c"}
{"index": {"_index":"pob","_id":"1051493"}}
	{"id":1051493,"type":"sell","buyer":"ctime","seller":"liaminit1","symbol":"POB","quantity":"0.33358976","price":"1.66009001","timestamp":1620931260,"volume":"0.55378903","buyTxId":"MM-P-6939063-53860832-3-23-0","sellTxId":"6d39b4102df3f26f7a17de8f50ad5acdf39476a3"}
{"index": {"_index":"pob","_id":"1051494"}}
	{"id":1051494,"type":"sell","buyer":"ctime","seller":"espandorr","symbol":"POB","quantity":"17.32181098","price":"1.66009001","timestamp":1620931290,"volume":"28.75576536","buyTxId":"MM-P-6939063-53860832-3-23-0","sellTxId":"76ce712a840d3abeab26d999bc8c03ffb7bed173"}
{"index": {"_index":"pob","_id":"1051495"}}
	{"id":1051495,"type":"sell","buyer":"mmmmkkkk311","seller":"espandorr","symbol":"POB","quantity":"1.45380246","price":"1.66008001","timestamp":1620931290,"volume":"2.41342840","buyTxId":"MM-P-6939063-53860832-3-2-0","sellTxId":"76ce712a840d3abeab26d999bc8c03ffb7bed173"}
{"index": {"_index":"pob","_id":"1051497"}}
	{"id":1051497,"type":"sell","buyer":"mmmmkkkk311","seller":"espandorr","symbol":"POB","quantity":"18.42475749","price":"1.66008001","timestamp":1620931338,"volume":"30.58657160","buyTxId":"MM-P-6939063-53860832-3-2-0","sellTxId":"ab8fe9992d224c308a905359df5ee9cc8e7158ef"}
{"index": {"_index":"pob","_id":"1051501"}}
	{"id":1051501,"type":"sell","buyer":"richardcrill","seller":"espandorr","symbol":"POB","quantity":"8.75666471","price":"1.60011003","timestamp":1620931383,"volume":"14.01162703","buyTxId":"MM-P-6938998-53860758-3-10-0","sellTxId":"c216a49c1fb04da76c99c16466eb9caa5191c207"}
{"index": {"_index":"pob","_id":"1051512"}}
	{"id":1051512,"type":"sell","buyer":"mmmmkkkk311","seller":"ecoinstant","symbol":"POB","quantity":"13.39748000","price":"1.60012003","timestamp":1620931683,"volume":"21.43757610","buyTxId":"MM-P-6939154-53860932-3-2-0","sellTxId":"dd3479c5cae851fed6640ed9359489342c3d30bc"}
{"index": {"_index":"pob","_id":"1051596"}}
	{"id":1051596,"type":"sell","buyer":"raulmz","seller":"dwinblood","symbol":"POB","quantity":"5.00000000","price":"1.70030000","timestamp":1620934041,"volume":"8.50150000","buyTxId":"4e1cbe91ee6f132fa2dba3a8225578ab14b90e93","sellTxId":"148d76f9638064aa7e98a10fb32ddaae80a5c4a5"}
{"index": {"_index":"pob","_id":"1051599"}}
	{"id":1051599,"type":"sell","buyer":"richardcrill","seller":"dwinblood","symbol":"POB","quantity":"26.23588182","price":"1.60086100","timestamp":1620934065,"volume":"42.00000001","buyTxId":"MM-P-6939958-53861757-3-10-0","sellTxId":"f2cb8c90bb1bbcf6b274b91d8721b55332730093"}
{"index": {"_index":"pob","_id":"1051602"}}
	{"id":1051602,"type":"sell","buyer":"ctime","seller":"dwinblood","symbol":"POB","quantity":"21.86460065","price":"1.60076100","timestamp":1620934119,"volume":"35.00000000","buyTxId":"MM-P-6939932-53861731-3-23-0","sellTxId":"36e726f414925c98c4ef8ffdd62cde1beef52987"}
{"index": {"_index":"pob","_id":"1051603"}}
	{"id":1051603,"type":"sell","buyer":"mmmmkkkk311","seller":"ahmetay","symbol":"POB","quantity":"0.56773632","price":"1.60075100","timestamp":1620934146,"volume":"0.90880448","buyTxId":"MM-P-6939932-53861731-3-2-0","sellTxId":"da3956505b5e9f1e7a9c2c24001dc53b0402b0a8"}
{"index": {"_index":"pob","_id":"1051604"}}
	{"id":1051604,"type":"sell","buyer":"mmmmkkkk311","seller":"dwinblood","symbol":"POB","quantity":"3.57401765","price":"1.60075100","timestamp":1620934149,"volume":"5.72111233","buyTxId":"MM-P-6939932-53861731-3-2-0","sellTxId":"94fa5c0bc53ad29e364e8bb7a79fb6560d761be0"}
{"index": {"_index":"pob","_id":"1051605"}}
	{"id":1051605,"type":"sell","buyer":"mmmmkkkk311","seller":"bitcoinflood","symbol":"POB","quantity":"16.47356971","price":"1.60075100","timestamp":1620934230,"volume":"26.37008319","buyTxId":"MM-P-6939932-53861731-3-2-0","sellTxId":"9f7af0a3ab4a429389d878940de4b539be03e9e6"}
{"index": {"_index":"pob","_id":"1051606"}}
	{"id":1051606,"type":"sell","buyer":"dera123","seller":"bitcoinflood","symbol":"POB","quantity":"33.78629025","price":"1.60001003","timestamp":1620934230,"volume":"54.05840328","buyTxId":"2bd69db70f1a1cbdf2918192a35a99500332aabf","sellTxId":"9f7af0a3ab4a429389d878940de4b539be03e9e6"}
{"index": {"_index":"pob","_id":"1051609"}}
	{"id":1051609,"type":"sell","buyer":"richardcrill","seller":"liaminit1","symbol":"POB","quantity":"0.50236494","price":"1.60011003","timestamp":1620934323,"volume":"0.80383918","buyTxId":"MM-P-6940058-53861857-3-10-0","sellTxId":"e3149c52494ab6c2e90e00536470d16e92cade62"}
{"index": {"_index":"pob","_id":"1051614"}}
	{"id":1051614,"type":"sell","buyer":"richardcrill","seller":"cibersk8","symbol":"POB","quantity":"0.02020207","price":"1.60011003","timestamp":1620934446,"volume":"0.03232553","buyTxId":"MM-P-6940058-53861857-3-10-0","sellTxId":"d8cedb3b27861cf0a151447eb91082b24dfb47ff"}
{"index": {"_index":"pob","_id":"1051720"}}
	{"id":1051720,"type":"buy","buyer":"hansvonkatte","seller":"dwinblood","symbol":"POB","quantity":"1.39390000","price":"1.60086100","timestamp":1620935478,"volume":"2.23144015","buyTxId":"0275bf02681f63cc8561c001156a35d4a78275fb","sellTxId":"56e321c72f5047fbff0b795e0c2641ba649b5b28"}
{"index": {"_index":"pob","_id":"1051722"}}
	{"id":1051722,"type":"sell","buyer":"mmmmkkkk311","seller":"handtalk5","symbol":"POB","quantity":"0.59678444","price":"1.60012003","timestamp":1620935490,"volume":"0.95492674","buyTxId":"MM-P-6940132-53861931-3-2-0","sellTxId":"22865b7a4f32c9fd3658971075502a18c56bd86e"}
{"index": {"_index":"pob","_id":"1051749"}}
	{"id":1051749,"type":"sell","buyer":"mmmmkkkk311","seller":"handtalk5","symbol":"POB","quantity":"0.42957366","price":"1.60012003","timestamp":1620935949,"volume":"0.68736942","buyTxId":"MM-P-6940132-53861931-3-2-0","sellTxId":"cd362bb7a4743491c094d61dc42cb06019e2a227"}
{"index": {"_index":"pob","_id":"1051754"}}
	{"id":1051754,"type":"sell","buyer":"mmmmkkkk311","seller":"hitmeasap","symbol":"POB","quantity":"13.57210284","price":"1.60012003","timestamp":1620936075,"volume":"21.71699360","buyTxId":"MM-P-6940132-53861931-3-2-0","sellTxId":"6affe2475b2c97fc11bf0743f5e11050f6a5fc38"}
{"index": {"_index":"pob","_id":"1051767"}}
	{"id":1051767,"type":"sell","buyer":"mmmmkkkk311","seller":"hitmeasap","symbol":"POB","quantity":"6.02499191","price":"1.60012003","timestamp":1620936336,"volume":"9.64071023","buyTxId":"MM-P-6940132-53861931-3-2-0","sellTxId":"f0d3d626613672ab080462f36ad9a39e4f8a12df"}
{"index": {"_index":"pob","_id":"1051769"}}
	{"id":1051769,"type":"sell","buyer":"richardcrill","seller":"hitmeasap","symbol":"POB","quantity":"25.72562793","price":"1.60011003","timestamp":1620936378,"volume":"41.16383528","buyTxId":"MM-P-6940058-53861857-3-10-0","sellTxId":"09952c34148dd647d1489bce8f1c53d8616dff6f"}
{"index": {"_index":"pob","_id":"1051771"}}
	{"id":1051771,"type":"buy","buyer":"richardcrill","seller":"hitmeasap","symbol":"POB","quantity":"23.21831491","price":"1.60011003","timestamp":1620936411,"volume":"37.15185857","buyTxId":"MM-P-6940757-53862557-3-10-0","sellTxId":"09952c34148dd647d1489bce8f1c53d8616dff6f"}
{"index": {"_index":"pob","_id":"1051777"}}
	{"id":1051777,"type":"sell","buyer":"richardcrill","seller":"mawit07","symbol":"POB","quantity":"3.02988003","price":"1.60011003","timestamp":1620936618,"volume":"4.84814142","buyTxId":"MM-P-6940757-53862557-3-10-0","sellTxId":"6d4f9c1837d4a63808e8123c6a3d5570f8403fe6"}
{"index": {"_index":"pob","_id":"1051778"}}
	{"id":1051778,"type":"sell","buyer":"dera123","seller":"mawit07","symbol":"POB","quantity":"2.63046907","price":"1.60001003","timestamp":1620936618,"volume":"4.20877690","buyTxId":"2bd69db70f1a1cbdf2918192a35a99500332aabf","sellTxId":"6d4f9c1837d4a63808e8123c6a3d5570f8403fe6"}
{"index": {"_index":"pob","_id":"1051781"}}
	{"id":1051781,"type":"sell","buyer":"richardcrill","seller":"toofasteddie","symbol":"POB","quantity":"1.66000000","price":"1.60011003","timestamp":1620936735,"volume":"2.65618265","buyTxId":"MM-P-6940857-53862657-3-10-0","sellTxId":"b21297a1c4e12f57178e9dfb9ed0548fc38874e2"}
{"index": {"_index":"pob","_id":"1051784"}}
	{"id":1051784,"type":"buy","buyer":"dera123","seller":"dwinblood","symbol":"POB","quantity":"24.84198182","price":"1.60086100","timestamp":1620936840,"volume":"39.76855986","buyTxId":"d5272134467a9fc198f90ccbfce7365d0343d220","sellTxId":"56e321c72f5047fbff0b795e0c2641ba649b5b28"}
{"index": {"_index":"pob","_id":"1051785"}}
	{"id":1051785,"type":"sell","buyer":"dera123","seller":"trumpman","symbol":"POB","quantity":"0.15801818","price":"1.60086100","timestamp":1620936864,"volume":"0.25296514","buyTxId":"d5272134467a9fc198f90ccbfce7365d0343d220","sellTxId":"2a1e8aada15ff45d1a231f5d4ee486852671ec37"}
{"index": {"_index":"pob","_id":"1051786"}}
	{"id":1051786,"type":"sell","buyer":"richardcrill","seller":"trumpman","symbol":"POB","quantity":"19.84198182","price":"1.60011003","timestamp":1620936864,"volume":"31.74935413","buyTxId":"MM-P-6940857-53862657-3-10-0","sellTxId":"2a1e8aada15ff45d1a231f5d4ee486852671ec37"}
{"index": {"_index":"pob","_id":"1051800"}}
	{"id":1051800,"type":"sell","buyer":"mmmmkkkk311","seller":"paulmoon410","symbol":"POB","quantity":"1.30773157","price":"1.60012003","timestamp":1620937227,"volume":"2.09252748","buyTxId":"MM-P-6940931-53862731-3-2-0","sellTxId":"8af5951ff636b14c1edeb24a5b9a27657c90772f"}
{"index": {"_index":"pob","_id":"1051807"}}
	{"id":1051807,"type":"sell","buyer":"ctime","seller":"justinparke","symbol":"POB","quantity":"1.12919265","price":"1.60013003","timestamp":1620937428,"volume":"1.80685507","buyTxId":"MM-P-6941030-53862831-3-23-0","sellTxId":"919671c05ab5263b3782ff36bd0903480ac7d4b3"}
{"index": {"_index":"pob","_id":"1051823"}}
	{"id":1051823,"type":"sell","buyer":"ctime","seller":"racemlaadhar","symbol":"POB","quantity":"7.38016965","price":"1.60017003","timestamp":1620937899,"volume":"11.80952629","buyTxId":"MM-P-6941230-53863031-3-23-0","sellTxId":"e08e2f79bdc89c73f9a74f95d5ebbae8366435a5"}
{"index": {"_index":"pob","_id":"1051824"}}
	{"id":1051824,"type":"sell","buyer":"mmmmkkkk311","seller":"racemlaadhar","symbol":"POB","quantity":"20.62293732","price":"1.60016003","timestamp":1620937899,"volume":"33.00000000","buyTxId":"MM-P-6941230-53863031-3-2-0","sellTxId":"e08e2f79bdc89c73f9a74f95d5ebbae8366435a5"}
{"index": {"_index":"pob","_id":"1051856"}}
	{"id":1051856,"type":"buy","buyer":"meesterboom","seller":"racemlaadhar","symbol":"POB","quantity":"38.53677646","price":"1.60015003","timestamp":1620938850,"volume":"61.66462401","buyTxId":"48057c370b88a5c79a4cca8aa5d53224742c5eab","sellTxId":"e08e2f79bdc89c73f9a74f95d5ebbae8366435a5"}
{"index": {"_index":"pob","_id":"1051857"}}
	{"id":1051857,"type":"sell","buyer":"meesterboom","seller":"automaton","symbol":"POB","quantity":"21.42743426","price":"1.60015003","timestamp":1620938997,"volume":"34.28710957","buyTxId":"48057c370b88a5c79a4cca8aa5d53224742c5eab","sellTxId":"97fc70e366383ec879c035e849f5552361b0ac12"}
{"index": {"_index":"pob","_id":"1051858"}}
	{"id":1051858,"type":"sell","buyer":"mmmmkkkk311","seller":"liaminit1","symbol":"POB","quantity":"0.18460503","price":"1.60016003","timestamp":1620939039,"volume":"0.29539759","buyTxId":"MM-P-6941629-53863431-3-2-0","sellTxId":"15a95ec1bfdcc9d84ca9712c029df57b33e72c95"}
{"index": {"_index":"pob","_id":"1051860"}}
	{"id":1051860,"type":"sell","buyer":"mmmmkkkk311","seller":"lordneroo","symbol":"POB","quantity":"20.43833229","price":"1.60016003","timestamp":1620939279,"volume":"32.70460241","buyTxId":"MM-P-6941629-53863431-3-2-0","sellTxId":"c1d8c4b81cc019f7bb2f8ad2c0ab0b52c472a85c"}
{"index": {"_index":"pob","_id":"1051870"}}
	{"id":1051870,"type":"sell","buyer":"meesterboom","seller":"deathwing","symbol":"POB","quantity":"0.00032839","price":"1.60015003","timestamp":1620939306,"volume":"0.00052547","buyTxId":"48057c370b88a5c79a4cca8aa5d53224742c5eab","sellTxId":"e4d1f289fbd818a459cf254e913d895483e9ef6b-6"}
{"index": {"_index":"pob","_id":"1051873"}}
	{"id":1051873,"type":"buy","buyer":"mmmmkkkk311","seller":"lordneroo","symbol":"POB","quantity":"8.23476074","price":"1.60016003","timestamp":1620939333,"volume":"13.17693499","buyTxId":"MM-P-6941729-53863531-3-2-0","sellTxId":"c1d8c4b81cc019f7bb2f8ad2c0ab0b52c472a85c"}
{"index": {"_index":"pob","_id":"1051881"}}
	{"id":1051881,"type":"sell","buyer":"mmmmkkkk311","seller":"gank","symbol":"POB","quantity":"6.19441261","price":"1.60016003","timestamp":1620939585,"volume":"9.91205147","buyTxId":"MM-P-6941729-53863531-3-2-0","sellTxId":"1ada8694f8b7b91dbddf4b905666c583f4e5f04d"}
{"index": {"_index":"pob","_id":"1051892"}}
	{"id":1051892,"type":"sell","buyer":"mmmmkkkk311","seller":"honusurf","symbol":"POB","quantity":"4.16459396","price":"1.60016003","timestamp":1620940188,"volume":"6.66401680","buyTxId":"MM-P-6941729-53863531-3-2-0","sellTxId":"9bfca71321f12828cebd09e3ff1cdf6d0cfd7aae"}
{"index": {"_index":"pob","_id":"1051919"}}
	{"id":1051919,"type":"sell","buyer":"mmmmkkkk311","seller":"stefen","symbol":"POB","quantity":"2.02917001","price":"1.60016003","timestamp":1620940872,"volume":"3.24699674","buyTxId":"MM-P-6941729-53863531-3-2-0","sellTxId":"330bd16ccf469abdde4543a2f3fd9aef3950fe0a"}
{"index": {"_index":"pob","_id":"1051920"}}
	{"id":1051920,"type":"sell","buyer":"meesterboom","seller":"stefen","symbol":"POB","quantity":"0.81998972","price":"1.60015003","timestamp":1620940872,"volume":"1.31210658","buyTxId":"48057c370b88a5c79a4cca8aa5d53224742c5eab","sellTxId":"330bd16ccf469abdde4543a2f3fd9aef3950fe0a"}
{"index": {"_index":"pob","_id":"1051931"}}
	{"id":1051931,"type":"sell","buyer":"mmmmkkkk311","seller":"elricmoonslayer","symbol":"POB","quantity":"20.62293732","price":"1.60016003","timestamp":1620941658,"volume":"33.00000000","buyTxId":"MM-P-6942304-53864129-3-2-0","sellTxId":"fd541903b2f396cbf9e9d0de5600ed64d3e98ef2"}
{"index": {"_index":"pob","_id":"1051933"}}
	{"id":1051933,"type":"sell","buyer":"mmmmkkkk311","seller":"elricmoonslayer","symbol":"POB","quantity":"3.73000000","price":"1.60016003","timestamp":1620941736,"volume":"5.96859691","buyTxId":"MM-P-6942468-53864329-3-2-0","sellTxId":"0a0c7b14b403a158798f75bbde6f05803d38b5fd"}
{"index": {"_index":"pob","_id":"1051951"}}
	{"id":1051951,"type":"sell","buyer":"mmmmkkkk311","seller":"rob23","symbol":"POB","quantity":"4.16593930","price":"1.60016003","timestamp":1620941949,"volume":"6.66616956","buyTxId":"MM-P-6942468-53864329-3-2-0","sellTxId":"e90df484b14d8f35323318ddfa434a9787194767"}
{"index": {"_index":"pob","_id":"1051974"}}
	{"id":1051974,"type":"sell","buyer":"mmmmkkkk311","seller":"urun","symbol":"POB","quantity":"12.58659862","price":"1.60017005","timestamp":1620943083,"volume":"20.14069814","buyTxId":"MM-P-6942731-53864629-3-2-0","sellTxId":"0ab4357e7c905dfccc853963a4858a1e659729ce"}
{"index": {"_index":"pob","_id":"1051980"}}
	{"id":1051980,"type":"sell","buyer":"sbi-tokens","seller":"finguru","symbol":"POB","quantity":"20.00000000","price":"1.61000000","timestamp":1620943572,"volume":"32.20000000","buyTxId":"eb673528b64054a4ddb08997daeaa52c9ce0dec6","sellTxId":"1f3cc58bb6dacc247dab4bfb61669471c1060d51"}
{"index": {"_index":"pob","_id":"1052031"}}
	{"id":1052031,"type":"sell","buyer":"sbi-tokens","seller":"jlordc","symbol":"POB","quantity":"3.46027083","price":"1.61000000","timestamp":1620944664,"volume":"5.57103604","buyTxId":"eb673528b64054a4ddb08997daeaa52c9ce0dec6","sellTxId":"43b4fbd91efc58cbb213e022142dfaba68318b37"}
{"index": {"_index":"pob","_id":"1052066"}}
	{"id":1052066,"type":"sell","buyer":"sbi-tokens","seller":"chubb149","symbol":"POB","quantity":"5.00000000","price":"1.61000000","timestamp":1620946056,"volume":"8.05000000","buyTxId":"eb673528b64054a4ddb08997daeaa52c9ce0dec6","sellTxId":"e61b76e56b6520becbf4b82cf74cac352aaadeaa"}
{"index": {"_index":"pob","_id":"1052137"}}
	{"id":1052137,"type":"sell","buyer":"mmmmkkkk311","seller":"kdtkaren","symbol":"POB","quantity":"0.35253404","price":"1.61014001","timestamp":1620948156,"volume":"0.56762916","buyTxId":"MM-P-6944234-53866427-3-2-0","sellTxId":"495eb2ca11800872cf831c1ffe86ac29cac2fa1a"}
{"index": {"_index":"pob","_id":"1052159"}}
	{"id":1052159,"type":"sell","buyer":"freebornsociety","seller":"coininstant","symbol":"POB","quantity":"1.30190636","price":"1.61015001","timestamp":1620948282,"volume":"2.09626454","buyTxId":"MM-P-6944293-53866495-3-1-0","sellTxId":"f142823caded343a3c30aaba86a1b705a61c076e"}
{"index": {"_index":"pob","_id":"1052198"}}
	{"id":1052198,"type":"sell","buyer":"ctime","seller":"hitmeasap","symbol":"POB","quantity":"1.21046974","price":"1.61021001","timestamp":1620949047,"volume":"1.94911049","buyTxId":"MM-P-6944498-53866727-3-23-0","sellTxId":"c7ddbf500663c947ca369a6481be2bb5126e16d1"}
{"index": {"_index":"pob","_id":"1052199"}}
	{"id":1052199,"type":"sell","buyer":"mmmmkkkk311","seller":"hitmeasap","symbol":"POB","quantity":"20.49434840","price":"1.61020001","timestamp":1620949101,"volume":"33.00000000","buyTxId":"MM-P-6944498-53866727-3-2-0","sellTxId":"69a9fef52dd8f9e0c300a9454cd0a4fa0d1915f5"}
{"index": {"_index":"pob","_id":"1052200"}}
	{"id":1052200,"type":"sell","buyer":"freebornsociety","seller":"hitmeasap","symbol":"POB","quantity":"6.21044718","price":"1.61019001","timestamp":1620949152,"volume":"10.00000001","buyTxId":"MM-P-6944471-53866695-3-1-0","sellTxId":"85d4c94c3010624a0c04d2d724a2e59f45d7058f"}
{"index": {"_index":"pob","_id":"1052202"}}
	{"id":1052202,"type":"sell","buyer":"sbi-tokens","seller":"hitmeasap","symbol":"POB","quantity":"16.24235069","price":"1.61000000","timestamp":1620949182,"volume":"26.15018461","buyTxId":"eb673528b64054a4ddb08997daeaa52c9ce0dec6","sellTxId":"55f67c904c88dc6e253687470fcbf9cff19bd3eb"}
{"index": {"_index":"pob","_id":"1052219"}}
	{"id":1052219,"type":"sell","buyer":"solovey6o2","seller":"charcoalbuffet","symbol":"POB","quantity":"3.20281400","price":"1.61003002","timestamp":1620949653,"volume":"5.15662669","buyTxId":"5ec180cec5cc5d00bcf293f322a59b0da91bf309","sellTxId":"3a1261b0dc66d2ae98891666362e398ada197fc6"}
{"index": {"_index":"pob","_id":"1052220"}}
	{"id":1052220,"type":"sell","buyer":"mmmmkkkk311","seller":"doitvoluntarily","symbol":"POB","quantity":"1.56000000","price":"1.61003001","timestamp":1620949662,"volume":"2.51164682","buyTxId":"MM-P-6944649-53866926-3-2-0","sellTxId":"d2c5601206a3be175628009489894365e5162449"}
{"index": {"_index":"pob","_id":"1052223"}}
	{"id":1052223,"type":"sell","buyer":"mmmmkkkk311","seller":"ftfund","symbol":"POB","quantity":"16.68113826","price":"1.61003001","timestamp":1620949686,"volume":"26.85713320","buyTxId":"MM-P-6944649-53866926-3-2-0","sellTxId":"517e551cef78a2350b6a4e012ef783d0fb5eb772"}
{"index": {"_index":"pob","_id":"1052232"}}
	{"id":1052232,"type":"sell","buyer":"mmmmkkkk311","seller":"coininstant","symbol":"POB","quantity":"2.25537410","price":"1.61003001","timestamp":1620950046,"volume":"3.63121998","buyTxId":"MM-P-6944649-53866926-3-2-0","sellTxId":"755ae084921140a3dd7ee57d2a3dfabd1210177d"}
{"index": {"_index":"pob","_id":"1052233"}}
	{"id":1052233,"type":"sell","buyer":"freebornsociety","seller":"coininstant","symbol":"POB","quantity":"6.21110293","price":"1.61002001","timestamp":1620950064,"volume":"10.00000000","buyTxId":"MM-P-6944628-53866894-3-1-0","sellTxId":"68c02ca1ef0d3f70762b37ffda59c7a2a42a189c"}
{"index": {"_index":"pob","_id":"1052234"}}
	{"id":1052234,"type":"sell","buyer":"sbi-tokens","seller":"coininstant","symbol":"POB","quantity":"7.65842101","price":"1.61000000","timestamp":1620950088,"volume":"12.33005783","buyTxId":"eb673528b64054a4ddb08997daeaa52c9ce0dec6","sellTxId":"a8c7820cd6658ee1b98f23aa6a28edfe13671c4b"}
{"index": {"_index":"pob","_id":"1052248"}}
	{"id":1052248,"type":"buy","buyer":"freebornsociety","seller":"coininstant","symbol":"POB","quantity":"0.78889707","price":"1.61002000","timestamp":1620950937,"volume":"1.27014006","buyTxId":"MM-P-6945063-53867394-3-1-0","sellTxId":"68c02ca1ef0d3f70762b37ffda59c7a2a42a189c"}
{"index": {"_index":"pob","_id":"1052250"}}
	{"id":1052250,"type":"sell","buyer":"freebornsociety","seller":"rob23","symbol":"POB","quantity":"5.37934505","price":"1.61002001","timestamp":1620950976,"volume":"8.66085317","buyTxId":"MM-P-6945063-53867394-3-1-0","sellTxId":"c0bb1946fb5de49e0b278664e5d720484e94e4e2"}
{"index": {"_index":"pob","_id":"1052251"}}
	{"id":1052251,"type":"sell","buyer":"freebornsociety","seller":"jlordc","symbol":"POB","quantity":"0.04286081","price":"1.61002001","timestamp":1620950988,"volume":"0.06900676","buyTxId":"MM-P-6945063-53867394-3-1-0","sellTxId":"a1fb5c68ae1ac2047bf858d593b49fed1e5082b3"}
{"index": {"_index":"pob","_id":"1052252"}}
	{"id":1052252,"type":"sell","buyer":"mmmmkkkk311","seller":"steemstreems","symbol":"POB","quantity":"0.03291216","price":"1.61001001","timestamp":1620951084,"volume":"0.05298891","buyTxId":"MM-P-6944995-53867326-3-2-0","sellTxId":"4fd971f1a3177f3c5b59d544e6e339ed34e98b0a"}
{"index": {"_index":"pob","_id":"1052256"}}
	{"id":1052256,"type":"buy","buyer":"freebornsociety","seller":"jlordc","symbol":"POB","quantity":"1.79323548","price":"1.61002001","timestamp":1620951237,"volume":"2.88714501","buyTxId":"MM-P-6945163-53867494-3-1-0","sellTxId":"a1fb5c68ae1ac2047bf858d593b49fed1e5082b3"}
{"index": {"_index":"pob","_id":"1052258"}}
	{"id":1052258,"type":"sell","buyer":"freebornsociety","seller":"pixelfan","symbol":"POB","quantity":"4.41786745","price":"1.61002001","timestamp":1620951327,"volume":"7.11285499","buyTxId":"MM-P-6945163-53867494-3-1-0","sellTxId":"2a17a7db3a934632c76fff0f213326281cf8b235"}
{"index": {"_index":"pob","_id":"1052264"}}
	{"id":1052264,"type":"buy","buyer":"freebornsociety","seller":"pixelfan","symbol":"POB","quantity":"1.17808219","price":"1.61002001","timestamp":1620951537,"volume":"1.89673590","buyTxId":"MM-P-6945262-53867594-3-1-0","sellTxId":"2a17a7db3a934632c76fff0f213326281cf8b235"}
{"index": {"_index":"pob","_id":"1052265"}}
	{"id":1052265,"type":"buy","buyer":"freebornsociety","seller":"enforcer48","symbol":"POB","quantity":"3.86600000","price":"1.61002001","timestamp":1620951537,"volume":"6.22433736","buyTxId":"MM-P-6945262-53867594-3-1-0","sellTxId":"da5d45b272a50bbd3128af280612cab8e2971351"}
{"index": {"_index":"pob","_id":"1052276"}}
	{"id":1052276,"type":"buy","buyer":"freebornsociety","seller":"charcoalbuffet","symbol":"POB","quantity":"1.63145020","price":"1.61003002","timestamp":1620951837,"volume":"2.62668380","buyTxId":"MM-P-6945349-53867694-3-1-0","sellTxId":"3a1261b0dc66d2ae98891666362e398ada197fc6"}
{"index": {"_index":"pob","_id":"1052307"}}
	{"id":1052307,"type":"sell","buyer":"freebornsociety","seller":"xmauron3","symbol":"POB","quantity":"0.11512032","price":"1.61010001","timestamp":1620952800,"volume":"0.18535523","buyTxId":"MM-P-6945620-53867994-3-1-0","sellTxId":"2bc7edebfffc72eb813f813e00beaa4f668b1b68"}
{"index": {"_index":"pob","_id":"1052325"}}
	{"id":1052325,"type":"sell","buyer":"mmmmkkkk311","seller":"gubbatv","symbol":"POB","quantity":"8.76591113","price":"1.61013001","timestamp":1620953241,"volume":"14.11425658","buyTxId":"MM-P-6945742-53868125-3-2-0","sellTxId":"a2ade93599e0f51d6cd8f2dfd4bc03fbd1d25dad"}
{"index": {"_index":"pob","_id":"1052335"}}
	{"id":1052335,"type":"sell","buyer":"mmmmkkkk311","seller":"tcpaikano","symbol":"POB","quantity":"0.17055060","price":"1.61015001","timestamp":1620953637,"volume":"0.27461205","buyTxId":"MM-P-6945825-53868225-3-2-0","sellTxId":"b809b17b4a5d42b10d50af729a67a299cb0db588"}
{"index": {"_index":"pob","_id":"1052389"}}
	{"id":1052389,"type":"buy","buyer":"georgeknowsall","seller":"freebornsociety","symbol":"POB","quantity":"0.10000000","price":"1.70956957","timestamp":1620955767,"volume":"0.17095696","buyTxId":"8f6396ad9b4362b845e449d940ea7fed0242a1fd","sellTxId":"MM-P-6946491-53868992-3-1-1"}
{"index": {"_index":"pob","_id":"1052402"}}
	{"id":1052402,"type":"sell","buyer":"freebornsociety","seller":"chireerocks","symbol":"POB","quantity":"0.89456077","price":"1.61030001","timestamp":1620955812,"volume":"1.44051122","buyTxId":"MM-P-6946491-53868992-3-1-0","sellTxId":"7c305f7fa4f1497eef0ed92b7eb466d2422e1271"}
{"index": {"_index":"pob","_id":"1052411"}}
	{"id":1052411,"type":"sell","buyer":"freebornsociety","seller":"melbourneswest","symbol":"POB","quantity":"6.20994581","price":"1.61032001","timestamp":1620956085,"volume":"10.00000000","buyTxId":"MM-P-6946570-53869092-3-1-0","sellTxId":"c2662df81ce461cdaa3bdd41c7ff39d5e98181c3"}
{"index": {"_index":"pob","_id":"1052412"}}
	{"id":1052412,"type":"sell","buyer":"mmmmkkkk311","seller":"melbourneswest","symbol":"POB","quantity":"0.79005419","price":"1.61031001","timestamp":1620956085,"volume":"1.27223217","buyTxId":"MM-P-6946522-53869024-3-2-0","sellTxId":"c2662df81ce461cdaa3bdd41c7ff39d5e98181c3"}
{"index": {"_index":"pob","_id":"1052480"}}
	{"id":1052480,"type":"sell","buyer":"sbi-tokens","seller":"romirspc","symbol":"POB","quantity":"6.6","price":"1.61000000","timestamp":1620960468,"volume":"10.62600000","buyTxId":"eb673528b64054a4ddb08997daeaa52c9ce0dec6","sellTxId":"db65130973c002d0e8cb836472758158f267d82d"}
