{"index": {"_index":"pob","_id":"4127591"}}
	{"id":4127591,"type":"buy","buyer":"god0","seller":"helios.voter","symbol":"POB","quantity":"7.24373417","price":"0.01739999","timestamp":1660443858,"volume":"0.12604090","buyTxId":"f06a27cfd7c3926d05f860af513631298e4cc492-0","sellTxId":"f716cb5f2b376ebe6c28f8d3a91e88d50af5738a"}
{"index": {"_index":"pob","_id":"4127888"}}
	{"id":4127888,"type":"sell","buyer":"faireye","seller":"steem82868","symbol":"POB","quantity":"8.06844711","price":"0.01275000","timestamp":1660448460,"volume":"0.10287270","buyTxId":"8f178caf0b55b89a94bdcaf019e63796303609b3","sellTxId":"f0b366fa6ac800819d6315de1e42ece07f98c62a"}
{"index": {"_index":"pob","_id":"4128056"}}
	{"id":4128056,"type":"sell","buyer":"faireye","seller":"dswap","symbol":"POB","quantity":"1.13538994","price":"0.01275000","timestamp":1660452456,"volume":"0.01447622","buyTxId":"8f178caf0b55b89a94bdcaf019e63796303609b3","sellTxId":"17a0909b3194522469d76013fdc42784adb1e03e"}
{"index": {"_index":"pob","_id":"4128381"}}
	{"id":4128381,"type":"sell","buyer":"faireye","seller":"josediccus","symbol":"POB","quantity":"58.00000000","price":"0.01275000","timestamp":1660459473,"volume":"0.73950000","buyTxId":"8f178caf0b55b89a94bdcaf019e63796303609b3","sellTxId":"aebb6a41a3a031e9250c1a21a4a79b43f2c3496e"}
{"index": {"_index":"pob","_id":"4128869"}}
	{"id":4128869,"type":"sell","buyer":"faireye","seller":"ugochill","symbol":"POB","quantity":"0.29935549","price":"0.01275000","timestamp":1660464984,"volume":"0.00381678","buyTxId":"8f178caf0b55b89a94bdcaf019e63796303609b3","sellTxId":"869f92c23d9a9604c4a49387eabb81c714a35277"}
{"index": {"_index":"pob","_id":"4129097"}}
	{"id":4129097,"type":"sell","buyer":"faireye","seller":"dswap","symbol":"POB","quantity":"0.32239539","price":"0.01275000","timestamp":1660468026,"volume":"0.00411054","buyTxId":"8f178caf0b55b89a94bdcaf019e63796303609b3","sellTxId":"9280e5e8c61472f097f2ba3e5334215994fe3174"}
{"index": {"_index":"pob","_id":"4129163"}}
	{"id":4129163,"type":"sell","buyer":"faireye","seller":"steem82868","symbol":"POB","quantity":"0.20011858","price":"0.01275000","timestamp":1660468626,"volume":"0.00255151","buyTxId":"8f178caf0b55b89a94bdcaf019e63796303609b3","sellTxId":"c9657a785cd4ac5d960303744ea921949e1e132f"}
{"index": {"_index":"pob","_id":"4129171"}}
	{"id":4129171,"type":"sell","buyer":"faireye","seller":"phortun","symbol":"POB","quantity":"1.98716795","price":"0.01275000","timestamp":1660468683,"volume":"0.02533639","buyTxId":"8f178caf0b55b89a94bdcaf019e63796303609b3","sellTxId":"45f0ecf247bafc21584ab643c46784d30cb7b349"}
{"index": {"_index":"pob","_id":"4129457"}}
	{"id":4129457,"type":"sell","buyer":"faireye","seller":"finguru","symbol":"POB","quantity":"10.90296475","price":"0.01275000","timestamp":1660473129,"volume":"0.13901280","buyTxId":"8f178caf0b55b89a94bdcaf019e63796303609b3","sellTxId":"20a935dd8356a7f183cf147733a6103b0f474b81"}
{"index": {"_index":"pob","_id":"4129486"}}
	{"id":4129486,"type":"sell","buyer":"faireye","seller":"kuhnchun","symbol":"POB","quantity":"0.57280520","price":"0.01275000","timestamp":1660473480,"volume":"0.00730327","buyTxId":"8f178caf0b55b89a94bdcaf019e63796303609b3","sellTxId":"89b61c28fa3611823262bd926c2f68f957f0e4d9"}
{"index": {"_index":"pob","_id":"4129514"}}
	{"id":4129514,"type":"sell","buyer":"faireye","seller":"noblebright","symbol":"POB","quantity":"0.00146065","price":"0.01275000","timestamp":1660473936,"volume":"0.00001862","buyTxId":"8f178caf0b55b89a94bdcaf019e63796303609b3","sellTxId":"28b7cfcc9e190363df6d94bbff155bd76a6a6410"}
{"index": {"_index":"pob","_id":"4129994"}}
	{"id":4129994,"type":"sell","buyer":"faireye","seller":"xplosive","symbol":"POB","quantity":"1.37295263","price":"0.01275000","timestamp":1660480443,"volume":"0.01750515","buyTxId":"8f178caf0b55b89a94bdcaf019e63796303609b3","sellTxId":"fb46ef7c332629fcb17c1e8b873fcb961029e127"}
{"index": {"_index":"pob","_id":"4130199"}}
	{"id":4130199,"type":"sell","buyer":"faireye","seller":"dswap","symbol":"POB","quantity":"0.41814169","price":"0.01275000","timestamp":1660482873,"volume":"0.00533131","buyTxId":"8f178caf0b55b89a94bdcaf019e63796303609b3","sellTxId":"fdc26142f16f183038ed440350336fc781c5e204"}
{"index": {"_index":"pob","_id":"4130219"}}
	{"id":4130219,"type":"sell","buyer":"faireye","seller":"hankanon","symbol":"POB","quantity":"2.55069790","price":"0.01275000","timestamp":1660483107,"volume":"0.03252140","buyTxId":"8f178caf0b55b89a94bdcaf019e63796303609b3","sellTxId":"4d793fe3d47ee9d1e6938bb05599c53c6b87cc7a"}
{"index": {"_index":"pob","_id":"4130273"}}
	{"id":4130273,"type":"sell","buyer":"faireye","seller":"bilpcoinbpc","symbol":"POB","quantity":"1.30084397","price":"0.01275000","timestamp":1660483581,"volume":"0.01658576","buyTxId":"8f178caf0b55b89a94bdcaf019e63796303609b3","sellTxId":"fdfd7245d2b39ffc512483bbe0b1597e9b43c5f8"}
{"index": {"_index":"pob","_id":"4130396"}}
	{"id":4130396,"type":"buy","buyer":"god0","seller":"richardcrill","symbol":"POB","quantity":"141.20927660","price":"0.01741900","timestamp":1660484826,"volume":"2.45972439","buyTxId":"2b211ca56620f49d8b770cac541ac3b1ad06714b-0","sellTxId":"MM-P-20017944-67012283-3-12-0"}
{"index": {"_index":"pob","_id":"4130424"}}
	{"id":4130424,"type":"buy","buyer":"god0","seller":"andy4475","symbol":"POB","quantity":"53.81386114","price":"0.01700000","timestamp":1660485255,"volume":"0.91483564","buyTxId":"e29cdd6e6fd1bd153c2b7d93955f613a15f2ae3e-0","sellTxId":"c521b6dc714233b2518c466738ec13a0eca68dc4"}
{"index": {"_index":"pob","_id":"4130458"}}
	{"id":4130458,"type":"sell","buyer":"faireye","seller":"dswap","symbol":"POB","quantity":"0.42368728","price":"0.01275000","timestamp":1660485669,"volume":"0.00540201","buyTxId":"8f178caf0b55b89a94bdcaf019e63796303609b3","sellTxId":"5bb88c9f85c87553b82f4512c9defeadd6f44ba5"}
{"index": {"_index":"pob","_id":"4130494"}}
	{"id":4130494,"type":"sell","buyer":"faireye","seller":"edgy-ed-morrison","symbol":"POB","quantity":"1.18652510","price":"0.01275000","timestamp":1660486170,"volume":"0.01512820","buyTxId":"8f178caf0b55b89a94bdcaf019e63796303609b3","sellTxId":"6ff8c13870e2faea2e973df3bb83e1df1f91f762"}
{"index": {"_index":"pob","_id":"4130738"}}
	{"id":4130738,"type":"sell","buyer":"faireye","seller":"tengolotodo","symbol":"POB","quantity":"48.99007849","price":"0.01275000","timestamp":1660489425,"volume":"0.62462350","buyTxId":"8f178caf0b55b89a94bdcaf019e63796303609b3","sellTxId":"f33807cb3e0d006aedd9218f391f6938042ef160"}
{"index": {"_index":"pob","_id":"4130739"}}
	{"id":4130739,"type":"sell","buyer":"faireye","seller":"tengolotodo","symbol":"POB","quantity":"42.48158269","price":"0.01274190","timestamp":1660489425,"volume":"0.54129608","buyTxId":"b15412fd23213e9e0929dfd976f363c0dc4c378c","sellTxId":"f33807cb3e0d006aedd9218f391f6938042ef160"}
{"index": {"_index":"pob","_id":"4130838"}}
	{"id":4130838,"type":"sell","buyer":"faireye","seller":"trostnandia.pob","symbol":"POB","quantity":"209.42476801","price":"0.01274190","timestamp":1660490151,"volume":"2.66846945","buyTxId":"b15412fd23213e9e0929dfd976f363c0dc4c378c","sellTxId":"a1d4ff558169c876357e070ff80bb952f5796109"}
{"index": {"_index":"pob","_id":"4130839"}}
	{"id":4130839,"type":"buy","buyer":"god0","seller":"trostnandia.pob","symbol":"POB","quantity":"237.57523199","price":"0.01274190","timestamp":1660490151,"volume":"3.02715985","buyTxId":"0f024a8b0a830acdca2775f54f895857117b3345-0","sellTxId":"a1d4ff558169c876357e070ff80bb952f5796109"}
{"index": {"_index":"pob","_id":"4130978"}}
	{"id":4130978,"type":"sell","buyer":"faireye","seller":"rollingbones","symbol":"POB","quantity":"2.07141052","price":"0.01252000","timestamp":1660491567,"volume":"0.02593406","buyTxId":"2e7cce159e9b2d062103604d1c9af1babc303a03","sellTxId":"75cef91bb20ba058f51fbc8e66e1cee30759daad"}
{"index": {"_index":"pob","_id":"4131026"}}
	{"id":4131026,"type":"sell","buyer":"faireye","seller":"quinnertronics","symbol":"POB","quantity":"2.06549789","price":"0.01252000","timestamp":1660491924,"volume":"0.02586003","buyTxId":"2e7cce159e9b2d062103604d1c9af1babc303a03","sellTxId":"95f7edd27c35b49f92d35ecdac172a8c52d714f0"}
{"index": {"_index":"pob","_id":"4131067"}}
	{"id":4131067,"type":"sell","buyer":"faireye","seller":"myfreebtc","symbol":"POB","quantity":"58.18435987","price":"0.01252000","timestamp":1660492434,"volume":"0.72846819","buyTxId":"2e7cce159e9b2d062103604d1c9af1babc303a03","sellTxId":"274a0791fe63095725eb5005a4bbed466ba28e9e"}
{"index": {"_index":"pob","_id":"4131074"}}
	{"id":4131074,"type":"buy","buyer":"brutalmonkey","seller":"richardcrill","symbol":"POB","quantity":"3.34035500","price":"0.01740800","timestamp":1660492503,"volume":"0.05814890","buyTxId":"991174848d3f9cc4061409c588937852d9bde035","sellTxId":"MM-P-20019341-67013680-3-12-0"}
{"index": {"_index":"pob","_id":"4131534"}}
	{"id":4131534,"type":"sell","buyer":"vagabondspirit","seller":"hungryhustle","symbol":"POB","quantity":"0.66559483","price":"0.01260000","timestamp":1660499343,"volume":"0.00838649","buyTxId":"28c10902812a3a534ec3784a5d833bdc7bb4759f","sellTxId":"76cc2a878ac7c39e88d5127c9b8175c65d2929fb"}
{"index": {"_index":"pob","_id":"4131579"}}
	{"id":4131579,"type":"sell","buyer":"vagabondspirit","seller":"denmarkguy","symbol":"POB","quantity":"0.54115533","price":"0.01260000","timestamp":1660499772,"volume":"0.00681856","buyTxId":"28c10902812a3a534ec3784a5d833bdc7bb4759f","sellTxId":"eda6041b7bfde6d45312f7632f8ca08c365510ee"}
{"index": {"_index":"pob","_id":"4131671"}}
	{"id":4131671,"type":"buy","buyer":"pjansen","seller":"yintercept","symbol":"POB","quantity":"3.18198468","price":"0.01730000","timestamp":1660500567,"volume":"0.05504833","buyTxId":"b0945e0490a0ef98b25df38640914d7d665adfb9","sellTxId":"2a6c84cae9de73a1b7abd4f4fe1c54a89ed541b2"}
{"index": {"_index":"pob","_id":"4131672"}}
	{"id":4131672,"type":"buy","buyer":"pjansen","seller":"kryptofire","symbol":"POB","quantity":"3.04863002","price":"0.01730000","timestamp":1660500567,"volume":"0.05274130","buyTxId":"b0945e0490a0ef98b25df38640914d7d665adfb9","sellTxId":"2c5a13d7a6a42c364fab3d7e8a2009fd02df0998"}
{"index": {"_index":"pob","_id":"4131673"}}
	{"id":4131673,"type":"buy","buyer":"pjansen","seller":"richardcrill","symbol":"POB","quantity":"0.00059645","price":"0.01738600","timestamp":1660500567,"volume":"0.00001037","buyTxId":"b0945e0490a0ef98b25df38640914d7d665adfb9","sellTxId":"MM-P-20022628-67016973-3-12-0"}
{"index": {"_index":"pob","_id":"4131686"}}
	{"id":4131686,"type":"buy","buyer":"pjansen","seller":"richardcrill","symbol":"POB","quantity":"94.63936500","price":"0.01738600","timestamp":1660500636,"volume":"1.6454","buyTxId":"56eb66b9c62c40830904798f3000cacb848b390e-0","sellTxId":"MM-P-20022628-67016973-3-12-0"}
{"index": {"_index":"pob","_id":"4131719"}}
	{"id":4131719,"type":"buy","buyer":"pjansen","seller":"pob.curator","symbol":"POB","quantity":"0.87431693","price":"0.01738500","timestamp":1660500996,"volume":"0.0152","buyTxId":"b641a62893dd87964cda496a20527f1c196103df-0","sellTxId":"d03cc6333abe3933e4487cebacd20f8034c27522"}
{"index": {"_index":"pob","_id":"4131735"}}
	{"id":4131735,"type":"sell","buyer":"vagabondspirit","seller":"curatorcat.pal","symbol":"POB","quantity":"0.51043450","price":"0.01260000","timestamp":1660501089,"volume":"0.00643147","buyTxId":"28c10902812a3a534ec3784a5d833bdc7bb4759f","sellTxId":"4b77bed21572aed4f01c750171db4b71271aa465"}
{"index": {"_index":"pob","_id":"4131780"}}
	{"id":4131780,"type":"sell","buyer":"vagabondspirit","seller":"curatorcat.leo","symbol":"POB","quantity":"2.47872204","price":"0.01260000","timestamp":1660501524,"volume":"0.03123190","buyTxId":"28c10902812a3a534ec3784a5d833bdc7bb4759f","sellTxId":"c1827b0148884971f7fb34a69a8a7be8a11d020b"}
{"index": {"_index":"pob","_id":"4131838"}}
	{"id":4131838,"type":"sell","buyer":"vagabondspirit","seller":"eijibr","symbol":"POB","quantity":"15.80409330","price":"0.01260000","timestamp":1660502307,"volume":"0.19913158","buyTxId":"28c10902812a3a534ec3784a5d833bdc7bb4759f","sellTxId":"8704b9b290b19d7850e778f4b1da47b8d0168c45"}
{"index": {"_index":"pob","_id":"4131839"}}
	{"id":4131839,"type":"buy","buyer":"god0","seller":"eijibr","symbol":"POB","quantity":"63.92478170","price":"0.01253585","timestamp":1660502307,"volume":"0.80135147","buyTxId":"86882b9099461b96c7e1f2afb939b3f203aaef54-0","sellTxId":"8704b9b290b19d7850e778f4b1da47b8d0168c45"}
{"index": {"_index":"pob","_id":"4131856"}}
	{"id":4131856,"type":"buy","buyer":"god0","seller":"kaunglay2","symbol":"POB","quantity":"29.16900000","price":"0.01700000","timestamp":1660502445,"volume":"0.49587300","buyTxId":"04a37b261eaf334aafadbad0ab20d35669d486d1-0","sellTxId":"02dab62c827ce78409d6b693e948dc6a1bafbeb4"}
{"index": {"_index":"pob","_id":"4132660"}}
	{"id":4132660,"type":"buy","buyer":"god0","seller":"andy4475","symbol":"POB","quantity":"34.10275814","price":"0.01600000","timestamp":1660513431,"volume":"0.54564413","buyTxId":"00dc785645dd6147f589cdc90b9f17710b443a09-0","sellTxId":"ec461c88026f9f7139cd1a14129f9612117f6d47"}
{"index": {"_index":"pob","_id":"4132695"}}
	{"id":4132695,"type":"buy","buyer":"pjansen","seller":"richardcrill","symbol":"POB","quantity":"1.27215972","price":"0.01697900","timestamp":1660514145,"volume":"0.0216","buyTxId":"f3858b3041520e4dad9a559d7fea49867b9e0ec3-0","sellTxId":"MM-P-20027594-67021958-3-12-0"}
{"index": {"_index":"pob","_id":"4132716"}}
	{"id":4132716,"type":"sell","buyer":"faireye","seller":"ugochill","symbol":"POB","quantity":"0.09366461","price":"0.01272900","timestamp":1660514520,"volume":"0.00119226","buyTxId":"ec56aa1562b2fe9ede938ac2656588bd50d2f92f","sellTxId":"526daf82384bd736d68ee5759c6c334ed69d2b94"}
{"index": {"_index":"pob","_id":"4132751"}}
	{"id":4132751,"type":"sell","buyer":"faireye","seller":"dswap","symbol":"POB","quantity":"0.9","price":"0.01272900","timestamp":1660514910,"volume":"0.01145610","buyTxId":"ec56aa1562b2fe9ede938ac2656588bd50d2f92f","sellTxId":"2122ef7bd4583906dd097b643e3cf70db59f1359"}
{"index": {"_index":"pob","_id":"4132980"}}
	{"id":4132980,"type":"buy","buyer":"pjansen","seller":"richardcrill","symbol":"POB","quantity":"104.36089339","price":"0.01696900","timestamp":1660517970,"volume":"1.7709","buyTxId":"ba7de5fd0e311a8731e41137091b1578e69a1181","sellTxId":"MM-P-20027894-67022258-3-12-0"}
{"index": {"_index":"pob","_id":"4133239"}}
	{"id":4133239,"type":"sell","buyer":"faireye","seller":"splinterlandshq","symbol":"POB","quantity":"13.89800510","price":"0.01272900","timestamp":1660520358,"volume":"0.17690771","buyTxId":"ec56aa1562b2fe9ede938ac2656588bd50d2f92f","sellTxId":"2c8aa8948bad7ab08dc54f32f0dda672601d3a50"}
{"index": {"_index":"pob","_id":"4133537"}}
	{"id":4133537,"type":"sell","buyer":"faireye","seller":"steem82868","symbol":"POB","quantity":"0.10031799","price":"0.01272900","timestamp":1660523028,"volume":"0.00127695","buyTxId":"ec56aa1562b2fe9ede938ac2656588bd50d2f92f","sellTxId":"d791c78ea6bff4ea131001efcbcf7cd2fbefb9de"}
{"index": {"_index":"pob","_id":"4133869"}}
	{"id":4133869,"type":"sell","buyer":"faireye","seller":"steem82868","symbol":"POB","quantity":"2.68828941","price":"0.01272900","timestamp":1660527120,"volume":"0.03421924","buyTxId":"ec56aa1562b2fe9ede938ac2656588bd50d2f92f","sellTxId":"1a12a4e2d5171ec66f25848e2028256dc698f1e6"}
{"index": {"_index":"pob","_id":"4133905"}}
	{"id":4133905,"type":"sell","buyer":"faireye","seller":"dswap","symbol":"POB","quantity":"2.22274272","price":"0.01272900","timestamp":1660527561,"volume":"0.02829329","buyTxId":"ec56aa1562b2fe9ede938ac2656588bd50d2f92f","sellTxId":"eb1e5ee5739620b74cfb3084e2b269f187dd096c"}
{"index": {"_index":"pob","_id":"4133948"}}
	{"id":4133948,"type":"sell","buyer":"faireye","seller":"alyssasanders","symbol":"POB","quantity":"0.11968406","price":"0.01272900","timestamp":1660528125,"volume":"0.00152346","buyTxId":"ec56aa1562b2fe9ede938ac2656588bd50d2f92f","sellTxId":"b55700668662932768c4bc72b07b12010acc2d4b"}
{"index": {"_index":"pob","_id":"4134072"}}
	{"id":4134072,"type":"sell","buyer":"faireye","seller":"iyanpol12","symbol":"POB","quantity":"6.94142224","price":"0.01272900","timestamp":1660530060,"volume":"0.08835736","buyTxId":"ec56aa1562b2fe9ede938ac2656588bd50d2f92f","sellTxId":"ca10ca9310ad924728ff2c868864e3ce293c5186"}
